3844 6200
378 359 494 423 947

1164 352 1497 413 APPEND.
1546 352 1649 411 AD
1695 348 1883 411 S/EC.
1931 347 2007 407 Χ.
2040 379 2116 390 -
2145 343 2642 408 MONUMENTA
2686 347 3001 412 LITURG.

3684 342 3772 405 918

382 510 517 550 cum
560 493 761 547 sancto
812 487 1053 561 Spiritu,
1087 502 1242 542 nunc
1272 490 1330 540 et
1359 500 1606 556 semper,
1641 487 1697 538 et
1727 483 1783 536 in
1817 479 2030 536 saecula
2057 480 2112 545 Α
2144 477 2380 535 homine
2423 480 2522 551 qui
2572 480 2881 536 innovatur
2928 481 2989 536 in
3021 477 3490 536 similitudinem
3523 478 3773 534 Creatoxis

381 580 727 638 szeculorum
763 595 775 632 :
807 579 1011 633 Amen.

453 668 664 727 Deinde
693 667 827 723 dicit
856 684 874 721 :
908 666 1178 728 Sanctus,
1213 667 1472 727 sanctus,
1509 665 1748 715 sanctus
1779 658 2032 729 es,Deus

378 756 760 814 exercituum.
794 754 1044 809 Perfecto
1096 751 1331 824 plenum
1393 753 1479 805 est
1532 748 1739 803 ccelum
1795 752 1852 803 et
1879 752 2033 802 terra

378 845 688 903 sanctitate
719 842 913 917 gloriae
944 846 1077 896 tuas.

448 938 513 990 Et
541 932 929 1003 dicitpopulus
958 948 976 984 :
1024 930 1295 991 Sanctus,
1344 931 1604 989 sanctus,
1659 928 1896 981 sanctus
1945 941 2028 990 es,

377 1024 532 1079 Deus
563 1022 920 1077 exercituum
978 1016 1231 1071 Perfecte
1291 1014 1527 1088 plenum
1580 1018 1669 1069 est
1716 1012 1924 1068 coelum
1973 1017 2031 1067 et

377 1116 531 1168 terra
560 1109 868 1166 sanctitate
900 1104 1095 1179 gloriae
1126 1109 1259 1159 tuac.

448 1198 702 1255 Sacerdos
731 1204 913 1251 autem
942 1196 1075 1249 dicit
1104 1213 1121 1248 :
1150 1194 1233 1248 Ad
1268 1196 1321 1247 te
1352 1191 1732 1263 suspicimus,
1754 1196 1810 1246 et
1840 1191 2029 1244 inten-

375 1290 572 1344 dimus
603 1284 800 1341 oculos
832 1283 1023 1337 cordis
1056 1282 1240 1336 nostri
1276 1281 1333 1334 in
1361 1278 1607 1347 cmlum;
1642 1296 1919 1350 rogamus
1952 1283 2027 1341 te,

374 1377 639 1443 Domine,
665 1374 818 1429 Deus
842 1376 1060 1436 noster,
1088 1370 1316 1425 custodi
1354 1387 1459 1423 nos
1491 1386 1714 1423 omnes.
1742 1369 1894 1423 Deus
1928 1382 2029 1421 no-

374 1472 512 1530 ster,
539 1464 693 1519 Deus
716 1466 948 1534 patrum
973 1463 1330 1525 nostrorum,
1356 1456 1456 1529 qui
1489 1457 1697 1511 creasti
1732 1456 1943 1511 coelum
1976 1462 2033 1512 et

372 1558 611 1616 terram,
636 1556 692 1607 et
724 1549 922 1605 omnia
951 1551 1297 1602 ornamenta
1323 1562 1561 1611 eorum;
1589 1549 1815 1600 creator
1845 1562 2031 1615 aqua-

372 1660 526 1707 rum,
560 1658 687 1712 quae
723 1655 902 1710 supra
933 1635 1107 1691 ccelos
1141 1638 1316 1701 sunt;
1352 1631 1453 1705 qui
1508 1633 1767 1688 fundasti
1814 1639 2030 1689 terram

373 1746 551 1801 super
572 1744 787 1800 aquas;
817 1724 913 1798 qui
946 1722 1311 1794 congregasti
1337 1738 1519 1793 aquas
1553 1721 1609 1775 in
1642 1719 1835 1777 alveos
1867 1739 2027 1790 suos;

2144 567 2257 623 sui.
2292 567 2565 624 Illumina
2594 586 2692 625 eos
2724 568 2944 625 lumine
2966 569 3243 641 justitiaa,
3277 568 3384 640 qui
3419 573 3511 624 est
3562 568 3777 640 Spiritus

2141 660 2401 712 sanctus.
2425 658 2629 712 Amen.
2652 659 2721 713 Et
2744 658 3040 713 inveniant
3060 658 3242 712 vitam
3273 662 3585 712 aeternam.
3607 660 3777 711 Amen.

2140 743 2333 799 Firma
2364 761 2566 800 eorum
2601 763 2790 818 spem.
2822 748 3027 801 Amen.
3060 747 3130 801 Et
3160 750 3323 801 stent
3352 751 3495 801 ante
3535 745 3780 801 thronum

2140 832 2353 888 Christi
2387 834 2492 888 tui.
2525 836 2730 890 Amen.
2768 836 3072 889 lnveniant
3103 834 3527 889 remissionem
3564 842 3781 906 peccata

2140 938 2269 976 rum
2285 939 2552 977 suorum.
2569 928 2775 978 Amen.
2792 923 2858 977 Et
2871 922 3160 995 accipiant
3182 939 3467 977 coronam
3491 922 3784 977 cmlestem.

2136 1012 2341 1066 Amen.
2379 1012 2531 1074 Sint,
2566 1028 2720 1084 aqua
2750 1010 2891 1078 hinc,
2926 1018 2982 1066 et
3011 1011 3121 1066 hoc
3151 1010 3349 1067 oleum
3394 1012 3717 1071 benedicta,
3745 1018 3785 1064 et

2138 1098 2310 1170 plena
2346 1099 2559 1170 gloria,
2588 1104 2645 1154 et
2691 1100 2809 1154 sint
2855 1104 3079 1165 sancta,
3114 1100 3173 1154 in
3224 1099 3469 1155 nomine
3519 1100 3719 1161 Patris,
3747 1114 3787 1152 et

2141 1186 2289 1252 Filii,
2315 1194 2368 1242 et
2400 1187 2655 1259 Spiritus
2687 1188 2897 1255 sancti,
2926 1189 2982 1242 in
3014 1188 3342 1259 gratiarum
3378 1188 3675 1243 actionem
3702 1207 3784 1259 pe-

2139 1276 2261 1347 puli
2296 1275 2401 1342 tui,
2436 1281 2493 1331 et
2523 1277 2788 1331 omnium
2825 1276 2931 1348 qui
2966 1276 3307 1332 obtulerunt
3346 1277 3453 1331 tibi
3487 1276 3643 1331 ﬁlios
3673 1295 3785 1330 suns

2141 1364 2390 1419 famulos
2422 1369 2580 1431 tuos,
2615 1364 2670 1418 in
2703 1364 2947 1436 gloriam
2981 1371 3038 1419 et
3070 1365 3353 1420 honorem
3388 1365 3525 1419 Filii
3561 1366 3644 1419 tui
3676 1384 3785 1419 san-

2140 1453 2235 1509 cti.
2270 1453 2516 1523 Suscipe
2547 1471 2645 1508 eos
2693 1454 2750 1508 in
2801 1454 3153 1509 sacrificium
3209 1460 3380 1508 tuum
3446 1460 3713 1509 sanctum
3742 1463 3784 1506 at

2144 1542 2398 1607 caeleste,
2422 1547 2703 1613 tanquam
2727 1542 2963 1597 odorem
2996 1559 3232 1597 suavem
3268 1542 3670 1615 magnitudini
3694 1548 3779 1595 tu:

2141 1630 2379 1697 ccelesti,
2403 1631 2693 1702 precibus,
2713 1630 3053 1703 angelorum
3077 1637 3133 1686 et
3153 1631 3659 1703 archangelorum
3683 1637 3782 1685 tue-

2139 1736 2270 1775 rum
2305 1723 2662 1775 sanctorum.
2699 1720 2960 1786 Domine,
2994 1718 3178 1775 libera
3210 1719 3511 1792 populi'm
3543 1726 3782 1781 tnumm:

373 1818 475 1891 qui
507 1815 759 1883 cinxisti,
793 1819 851 1870 et
879 1810 1183 1868 cocrcuisti
1217 1827 1396 1879 mare,
1421 1815 1485 1908 .et
1514 1811 1644 1908 ejus
1672 1809 2028 1908 profundita-
2060 1843 2106 1908 Β
2140 1808 2725 1908 βθηθάὶορίετοᾲἰῐειί
2750 1813 2882 1908 tuin,
2904 1808 3225 1875 custodi,et
3247 1807 3441 1908 exalta
3463 1826 3600 1864 eum
3626 1826 3782 1881 usque

372 1912 489 1963 tem
520 1902 841 1977 obsignasti
877 1917 1088 1972 magno
1124 1899 1357 1954 nomine
1389 1897 1560 1970 signi,
1595 1898 1748 1969 quod
1783 1896 2022 1969 plenum

370 2000 460 2053 est
487 1994 690 2069 gloria,
724 1996 782 2047 et
812 1991 967 2063 quod
1019 1988 1217 2044 omnia
1264 1987 1469 2043 timent
1516 1991 1575 2043 et
1612 1991 2019 2061 expavescunt,

371 2088 631 2158 aspectu,
656 2080 919 2146 Domine,
943 2076 1305 2134 fortitudinis
1323 2081 1381 2131 et
1399 2075 1627 2131 virtutis
1648 2080 1779 2131 tuae.
1795 2076 1877 2130 Tu
1899 2077 2020 2131 fun-

370 2173 524 2231 dasti
559 2188 717 2227 mare
746 2168 958 2225 virtute
991 2173 1110 2231 tua,
1143 2170 1204 2221 tu
1238 2164 1573 2237 confregisti
1600 2164 1793 2236 capita
1818 2165 2021 2220 draco-

371 2262 463 2318 nis
491 2261 550 2315 in
586 2277 790 2332 aquas,
824 2262 886 2312 tu
939 2255 1163 2310 scidisti
1215 2254 1607 2326 scaturigines
1638 2259 1693 2307 et
1727 2253 1935 2319 fontes,
1967 2256 2024 2307 et

368 2350 580 2407 dedisti
630 2348 783 2404 viam
825 2344 1013 2417 aquis.
1046 2343 1332 2397 Viderunt
1362 2348 1415 2397 te
1457 2359 1642 2412 aquas,
1672 2341 1933 2407 Domine,
1967 2345 2023 2396 et

369 2442 654 2512 paverunt
685 2433 1110 2508 profunditates
1140 2449 1253 2502 prce
1299 2430 1677 2485 multitudine
1708 2447 2018 2501 aquarum.

369 2528 457 2582 Tu
481 2543 563 2593 es,
589 2540 763 2596 quem
794 2538 954 2576 mare
978 2520 1242 2575 Rubrum
1266 2517 1428 2581 vidit,
1453 2522 1509 2571 et
1538 2518 1746 2572 timore
1770 2518 1851 2572 tui
1885 2535 2020 2573 con-

370 2615 541 2671 stitit.
575 2614 659 2668 Tu
694 2608 977 2681 trajecisti
1009 2607 1279 2673 Israel,et
1311 2623 1411 2678 per
1444 2606 1679 2678 Moysen
1712 2606 2021 2677 baptizasti

370 2720 505 2759 eum
533 2719 547 2769 ;
581 2706 643 2755 tu
676 2696 997 2771 praecepisti
1033 2696 1160 2768 rupi
1195 2696 1447 2759 durae,et
1467 2694 1671 2750 etl‘udit
1693 2711 1905 2765 aquam
1929 2712 2023 2767 po-

370 2789 515 2864 pulo,
531 2794 629 2843 tuo
655 2806 668 2855 ;
700 2791 763 2842 tu
797 2784 1035 2841 mutasti
1060 2800 1273 2855 aquam
1302 2798 1584 2848 amaram,
1609 2785 1665 2836 et
1688 2780 1869 2835 fecisti
1892 2798 2020 2836 eam

373 2878 623 2934 dulcem.
658 2877 768 2942 Tu,
803 2873 1063 2939 Domine,
1098 2877 1357 2942 tempore
1386 2870 1525 2925 Jesu
1559 2869 1662 2924 ﬁlii
1694 2869 2022 2934 Nave,abs-

380 2966 589 3031 tulisti,
622 2971 680 3020 et
712 2963 913 3020 reverti
950 2960 1134 3018 fecisti
1167 2959 1433 3025 ﬂumina,
1466 2976 1589 3031 quae
1623 2958 1879 3013 fluebant
1906 2962 2024 3014 ter-

378 3054 743 3112 ribiliter.Tu
768 3052 922 3125 (quis
951 3051 1105 3107 enim
1140 3049 1425 3105 sustineat
1452 3052 1755 3120 aspectum
1787 3048 2024 3116 tuum?)

375 3144 728 3202 sacrificium
753 3158 985 3214 quoque
1001 3139 1133 3194 Elia:
1153 3138 1210 3193 in
1233 3155 1384 3210 aqua
1406 3135 1715 3209 suscepisti
1739 3152 1839 3207 per
1863 3135 2023 3191 ﬂam-

2141 1897 2200 1951 in
2234 1896 2534 1952 saaeulum.
2568 1898 2769 1951 Amen.
2806 1896 3095 1953 Conserva
3152 1914 3284 1952 eum
3348 1896 3406 1952 in
3456 1899 3782 1953 rectitudine

2136 1985 2293 2053 fidei,
2326 1986 2485 2040 omni
2538 1990 2796 2057 tempore
2844 1986 2970 2041 vita:
3018 2004 3155 2051 suae,
3181 1992 3240 2042 ct
3282 1986 3362 2041 sit
3401 1987 3463 2041 in
3496 1987 3779 2042 cbaritate.

2134 2092 2265 2146 quin
2297 2079 2538 2146 superat
2567 2091 2798 2129 omnem
2834 2075 3348 2146 pacem,precibus
3369 2076 3636 2131 omnium
3659 2094 3777 2131 san-

2130 2169 2383 2230 ctorum,
2408 2168 2465 2217 et
2498 2162 2913 2218 intercessione
2938 2162 3118 2235 plena:
3142 2164 3332 2235 gratia
3356 2163 3616 2236 Virginis
3637 2164 3778 2236 geni-

2130 2252 2294 2307 tricis
2327 2252 2425 2306 Dei
2459 2252 2671 2315 Marize,
2708 2269 2833 2323 quae
2885 2251 2943 2306 in
2993 2253 3269 2307 omnibus
3328 2258 3414 2308 est
3476 2260 3695 2318 sancta,
3728 2260 3775 2309 et

2132 2340 2316 2394 sancti
2365 2339 2609 2394 Joannis
2660 2341 2953 2413 martyris,
2986 2346 3045 2395 et
3075 2340 3371 2412 Baptistae,
3409 2343 3775 2413 praecursoris

2130 2434 2188 2483 et
2210 2429 2377 2483 ducis
2398 2428 2546 2495 vitae,
2571 2433 2627 2483 et
2647 2429 2913 2485 omnium
2938 2434 3276 2486 sanctorum
3307 2448 3455 2502 quos
3474 2448 3505 2485 a
3525 2432 3771 2502 primor-

2131 2517 2226 2571 dio
2248 2516 2494 2587 elegisti,
2524 2534 2623 2589 per
2641 2518 2889 2589 gratiam
2914 2519 3069 2573 unici
3095 2519 3220 2574 Filii
3248 2520 3354 2587 tui,
3380 2537 3511 2575 cum
3532 2538 3648 2592 quo
3674 2521 3766 2574 tibi

2132 2623 2248 2660 una
2278 2622 2411 2660 cum
2444 2610 2644 2660 sancto
2676 2606 3019 2677 Spiritu,est
3047 2607 3237 2680 gloria
3267 2609 3324 2663 in
3358 2608 3565 2665 saecula
3597 2627 3768 2664 saecu-

2130 2694 2343 2749 lorum.
2379 2698 2581 2749 Amen.

2200 2783 2403 2839 Deinde
2431 2784 2677 2839 sacerdos
2704 2785 2838 2840 dicit
2868 2787 3172 2841 oralionem
3216 2787 3519 2855 Evangelii,
3548 2790 3766 2842 scilicet.

2204 2872 2370 2927 Pater
2403 2880 2616 2937 noster,
2637 2874 2735 2945 qui
2767 2890 2829 2928 es
2860 2874 2917 2929 in
2948 2874 3539 2945 ccelis,sanctiticetur
3562 2893 3761 2930 nomen

2130 2965 2297 3015 tuum
2333 2978 2345 3016 :
2379 2961 2649 3017 adveniat
2681 2979 2926 3034 regnum
2966 2968 3134 3018 tuum
3170 2980 3182 3017 :
3220 2964 3322 3019 ﬁat
3369 2963 3634 3019 voluntas
3677 2970 3764 3019 tua

2133 3049 2283 3105 sicut
2305 3050 2361 3103 in
2386 3049 2549 3117 ccelo,
2574 3051 2655 3105 ita
2683 3056 2740 3107 et
2772 3050 2828 3105 in
2865 3057 3035 3107 terra.
3068 3054 3147 3108 Da
3176 3054 3350 3109 nobis
3382 3052 3545 3108 hodie
3576 3053 3760 3107 cibum

2132 3142 2399 3195 nostrum
2431 3139 2837 3211 quotidianum
2875 3158 2887 3196 :
2922 3141 3152 3196 dimitte
3210 3142 3382 3197 nobis
3430 3141 3759 3197 otl‘ensionvs

373 3250 530 3290 mam
563 3236 618 3288 et
651 3232 844 3303 ignem
877 3229 947 3285 de
974 3227 1137 3283 coelo.
1172 3227 1256 3281 Tu
1289 3244 1370 3292 es,
1404 3225 1797 3295 Domine,-qui
1831 3229 2020 3280 osten-
2051 3207 2093 3273 Ο
2132 3232 2383 3293 nostras,
2407 3233 2463 3281 et
2483 3244 2707 3284 errores
2739 3233 2990 3297 nostros,
3016 3235 3074 3284 et
3094 3234 3158 3284 ut
3179 3247 3287 3285 nos
3319 3246 3546 3303 quoque
3575 3230 3759 3284 dimit-

370 3322 506 3379 disti
532 3339 633 3393 per
652 3320 923 3376 Elisaaum
946 3333 1160 3388 aquam
1192 3314 1585 3387 generationis
1608 3313 1762 3381 _vita-,
1796 3318 1851 3368 et
1872 3313 2017 3369 Naa-

369 3428 505 3467 man
530 3412 737 3483 Syrum
763 3406 1034 3463 mundari
1059 3405 1246 3461 fecisti
1269 3422 1370 3475 per
1391 3420 1603 3475 aquam
1625 3401 2015 3458 Jordanis.Tu

363 3499 564 3557 omnia
594 3502 779 3571 potes,
809 3501 867 3551 et
896 3493 1037 3550 nihil
1070 3497 1160 3549 est
1189 3493 1343 3565 quod
1377 3492 1481 3546 tibi
1514 3491 1590 3545 sit
1629 3489 2011 3561 impossibile.

433 3590 703 3645 Diaconus
732 3586 869 3641 dicit
897 3603 915 3639 :
945 3583 1136 3639 Orate.

432 3677 688 3735 Sacerdos
719 3682 900 3731 autem
930 3673 1069 3728 dicit
1096 3690 1113 3726 :

432 3764 696 3829 Domine,
729 3780 762 3818 o
792 3759 1057 3823 Domine,
1094 3760 1260 3814 Pater
1291 3759 1459 3823 bone,
1492 3758 1645 3814 Deus
1678 3761 1893 3824 noster,
1914 3774 2012 3813 rex

359 3852 632 3910 ordinum
657 3849 979 3906 cielestium
1004 3852 1060 3902 et
1082 3847 1467 3915 terrestrium,
1484 3846 1698 3918 aspice,
1716 3845 1814 3919 qui
1841 3846 2010 3901 sedes

359 3956 536 4011 super
556 3937 890 4003 Cherubim,
916 3934 1149 3989 intende
1172 3933 1372 3989 oculos
1392 3934 1492 4006 qui
1514 3935 1744 3990 habitas
1760 3933 1816 3989 in
1841 3932 2004 3991 caelo.

355 4026 655 4100 Aspice,et
683 4024 853 4080 visita
881 4027 1208 4079 creaturam
1240 4027 1421 4078 tuam.
1448 4023 1530 4078 Da
1562 4023 1697 4079 huic
1725 4042 1889 4096 aqua:
1912 4024 2009 4079 do-

356 4133 499 4173 num
530 4114 804 4172 Jordanis
852 4128 1156 4185 magnum,
1190 4116 1415 4182 potens,
1449 4116 1505 4166 et
1534 4110 1784 4179 cmleste,
1818 4117 1876 4169 et
1907 4113 2005 4168 de-

355 4205 594 4263 scendat
619 4202 873 4275 Spiritus
898 4206 1139 4257 sanctus
1163 4217 1338 4272 super
1360 4217 1510 4255 eam.
1537 4201 1741 4255 Amen.
1771 4201 1931 4256 Dona
1953 4202 2004 4255 ei

351 4292 815 4352 benedictionem
846 4289 1233 4355 Jordanis,da
1261 4288 1311 4343 ei
1343 4287 1638 4353 virtutem,
1665 4293 1727 4344 ut
1747 4288 1822 4344 sit
1852 4304 2005 4362 aqua

347 4383 498 4439 vitae.
533 4386 736 4437 Amen.
771 4382 937 4453 Aqua
984 4377 1332 4434 sanctitatis.
1374 4379 1577 4432 Amen.
1611 4380 1777 4450 Aqua
1827 4395 1967 4432 mun
1992 4408 2006 4419 -

345 4472 598 4530 dationis
631 4473 1023 4543 peccatorum.
1057 4469 1257 4522 Anien.
1281 4469 1446 4539 Aqua
1476 4465 1711 4522 lotionis
1734 4468 1803 4521 ad
1840 4483 2000 4538 rege-

2129 3321 2325 3370 tamus
2356 3316 2728 3383 oll‘cnsiones,
2762 3334 2887 3389 quae
2939 3319 2997 3373 in
3048 3336 3157 3374 nos
3201 3322 3344 3374 sunt
3375 3336 3388 3372 :
3423 3325 3478 3374 et
3504 3336 3569 3373 ne
3602 3319 3757 3373 indu-

2127 3421 2223 3459 cas
2268 3422 2394 3465 nos.
2430 3404 2691 3473 Domine,
2727 3406 2782 3460 in
2835 3406 3235 3475 teutationem,
3291 3409 3393 3463 sed
3449 3407 3678 3471 redime,
3706 3413 3756 3461 et

2125 3490 2305 3547 libera
2337 3510 2439 3548 nos
2473 3493 2543 3548 ab
2578 3493 2737 3548 omni
2769 3495 2941 3550 malo.
2967 3495 3255 3562 Quoniam
3278 3496 3387 3551 hoc
3413 3502 3501 3551 est
3530 3512 3751 3569 regnum

2122 3584 2313 3649 tuum,
2341 3581 2524 3636 honor
2544 3587 2601 3637 et
2622 3582 2804 3653 gloria
2828 3602 3001 3649 nunc,
3026 3588 3084 3640 et
3112 3602 3367 3657 semper,
3391 3590 3447 3641 ct
3478 3584 3533 3639 in
3562 3584 3751 3640 szecula

2124 3669 2491 3726 saeculorum.
2526 3672 2730 3726 Amen.
2786 3712 2799 3725 ι

2191 3761 2383 3814 Postea
2412 3760 2547 3815 dicit
2585 3764 2882 3817 orationem
2916 3764 3283 3834 impositionis
3313 3780 3572 3818 manuum
3600 3777 3747 3833 super

2119 3863 2206 3903 eos
2238 3850 2336 3919 qui
2366 3848 2683 3920 baptizandi
2707 3860 2856 3907 sunt.

2189 3937 2397 4007 Accipit
2431 3938 2773 4007 postmodum
2820 3956 3052 4007 crucem,
3085 3949 3137 3995 et
3167 3949 3251 3995 ter
3278 3957 3343 3996 ca
3371 3958 3566 4013 aquam
3591 3940 3749 3993 sulcat

2119 4026 2179 4079 in
2208 4024 2426 4080 modum
2456 4028 2634 4081 crucis
2665 4036 2747 4083 ter
2774 4030 3041 4084 clamans.

2188 4113 2458 4180 Sanctus,
2506 4120 2769 4183 sanctus,
2825 4122 3088 4185 sanctus,
3137 4118 3332 4184 Pater,
3385 4123 3443 4173 et
3488 4118 3671 4181 Filius,
3699 4122 3745 4168 et

2116 4201 2367 4273 Spiritus
2396 4208 2656 4271 sanctus,
2694 4223 2846 4260 nunc
2877 4212 2933 4260 et
2965 4192 3216 4278 semper,
3251 4213 3310 4262 ct
3346 4209 3405 4262 in
3436 4206 3639 4263 saecula
3661 4221 3743 4259 sa:-

2114 4290 2402 4345 culorum.
2437 4294 2638 4347 Amen.

2183 4379 2464 4435 Descendit
2506 4390 2692 4452 postea
2725 4385 2780 4439 in
2811 4386 3034 4455 fontem,
3066 4394 3117 4440 et
3167 4386 3419 4458 infundit
3466 4386 3739 4440 balsamum

2114 4469 2173 4521 in
2200 4469 2438 4539 ﬁguram
2466 4472 2616 4541 signi
2644 4475 2827 4528 cruris
2855 4474 3041 4529 dicens
3070 4495 3089 4528 .·

344 4561 729 4617 nerationem.
762 4559 967 4612 Amen.
1001 4556 1164 4610 Dona
1195 4554 1266 4621 ei,
1303 4560 1367 4609 ut
1416 4554 1463 4610 si
1516 4554 1647 4626 quis
1691 4559 1780 4609 est
1813 4554 1999 4610 latens
2034 4574 2077 4637 D
2181 4556 2526 4613 Benedictus
2558 4565 2646 4614 est
2677 4561 2829 4618 Deus
2860 4562 3029 4618 Pater
3062 4581 3074 4618 :
3110 4565 3317 4619 Arnen.
3354 4570 3381 4629 τι

338 4654 501 4707 extra
521 4665 648 4704 eam
678 4646 972 4719 malignus
990 4643 1252 4715 spiritus,
1271 4660 1381 4698 non
1409 4647 1729 4698 revertatur
1745 4642 1999 4714 amplius

2165 4644 2509 4701 Benedictus
2523 4653 2607 4702 est
2623 4649 2802 4704 Filius
2817 4651 3028 4706 unicus
3040 4653 3213 4708 Jesus
3227 4651 3304 4707 Ch
3316 4652 3741 4708 ristus.Amen.i

337 4739 409 4795 ad
446 4753 565 4803 eos,
598 4735 699 4807 qui
739 4734 1128 4806 baptizantur.
1163 4734 1366 4786 Amen.
1403 4731 1517 4786 Nec
1566 4731 1810 4802 spiritus
1860 4731 1993 4787 diei.

339 4828 546 4881 Amen.
580 4824 694 4878 Nec
744 4821 989 4894 spiritus
1035 4819 1319 4877 meridiei.
1351 4822 1556 4874 Amen.
1598 4819 1712 4874 Nec
1753 4819 1997 4891 spiritus

333 4911 580 4985 vesperi.
604 4914 809 4966 Amen.
834 4912 946 4965 Nec
980 4909 1223 4982 spiritus
1256 4908 1465 4963 noctis.
1494 4910 1701 4963 Amen.
1726 4908 1841 4963 Nec
1873 4909 1996 4981 spi-

330 5000 485 5058 ritus
518 4999 688 5054 aeris.
723 5001 925 5053 Amen.
960 4999 1072 5053 Nec
1103 4998 1349 5071 spiritus
1379 4997 1688 5070 superbiae,
1718 5014 1845 5071 qua
1879 4999 1990 5053 sub

328 5094 485 5145 terra
514 5091 622 5142 est.
656 5088 859 5141 Amen.
890 5088 962 5139 At
988 5104 1117 5140 arce
1150 5103 1353 5140 omnes
1403 5085 1648 5158 spiritus
1696 5085 1987 5158 malignos

324 5177 561 5245 virtute,
599 5180 656 5229 et
705 5174 1061 5246 benignitate
1111 5179 1233 5239 tua,
1276 5178 1332 5229 et
1382 5174 1733 5247 frangantur
1789 5191 1985 5231 coram

330 5267 498 5341 signo
531 5263 722 5319 crucis
750 5262 872 5317 Filii
905 5262 1010 5317 tui.
1042 5265 1244 5318 Amen.
1272 5264 1333 5317 ln
1361 5264 1596 5319 nomine
1626 5269 1828 5319 sancto
1859 5268 1981 5329 tuo,

320 5356 476 5431 quod
503 5369 836 5428 precamur,
863 5351 1016 5424 quod
1042 5351 1278 5423 plenum
1305 5357 1395 5407 est
1417 5351 1621 5424 gloria,
1647 5357 1704 5407 et
1723 5351 1983 5408 terribile

315 5447 603 5504 adversus
635 5460 702 5497 ea
733 5458 859 5514 qua:
907 5440 1074 5495 nobis
1126 5440 1530 5506 adversantur,
1567 5446 1629 5496 ut
1657 5440 1849 5496 omnis
1879 5441 1979 5511 qui

315 5536 647 5609 baPliZiI-‘UP
671 5531 727 5587 in
751 5549 838 5599 ea,
862 5528 1114 5601 expellat
1132 5545 1165 5583 a
1183 5545 1243 5584 sc
1264 5527 1562 5584 hominem
1583 5534 1855 5595 veterem,
1877 5530 1976 5601 qui

307 5636 338 5675 c
354 5598 738 5695 oinﬂuinatus
760 5624 850 5677 est
873 5618 1167 5691 voluptate
1191 5616 1435 5683 erroris;
1459 5621 1517 5673 et
1537 5616 1816 5673 induatur
1831 5635 1977 5673 novo

2165 4732 2509 4789 Benedictus
2524 4741 2611 4791 est
2624 4737 2719 4809 Spi
2732 4738 2877 4795 ritus
2891 4740 3479 4813 sanctusparacletus
3494 4758 3507 4794 :
3522 4742 3743 4799 Ament

2187 4822 2317 4875 Tum
2373 4822 2511 4879 dicit
2563 4843 2767 4895 magna
2828 4843 2969 4893 voce,
3027 4827 3295 4894 Alleluia,
3356 4829 3487 4883 dum
3541 4829 3750 4882 miscens

2106 4926 2310 4983 ayuam
2365 4929 2489 4965 cum
2569 4915 2829 4983 balsamo,
2891 4934 3061 4973 manu
3134 4934 3237 4972 sua
3311 4918 3538 4973 dedere
3609 4916 3745 4970 dicit.

2105 4997 2514 5056 Psalm.cmx1.
2539 5001 2823 5065 Quoniam
2856 5003 3029 5079 elegit
3050 5005 3340 5061 Dominus
3366 5006 3506 5062 Sion
3530 5006 3587 5060 in
3609 5001 3749 5058 habi-

2103 5087 2408 5144 tationem.

2174 5176 2238 5230 Εἰ
2264 5179 2462 5247 psalm.
2496 5198 2690 5249 xxvm,
2725 5182 2844 5238 Vox
2874 5183 3103 5238 Domini
3139 5201 3320 5256 super
3368 5201 3575 5257 aquas,
3610 5182 3747 5237 Deus

2102 5262 2297 5336 gloria:
2319 5266 2592 5325 intonuit.
2620 5271 2681 5325 Et
2699 5273 2897 5344 psalm.
2924 5290 3117 5335 χχχιιι,
3140 5273 3411 5329 Accedite
3432 5273 3501 5327 ad
3526 5287 3675 5331 eum.
3701 5274 3743 5317 rt

2102 5351 2463 5410 illuminabit
2495 5375 2614 5414 vos.
2651 5360 2713 5415 Et
2729 5361 3449 5431 psalm.u:v.Trausmisit
3482 5378 3587 5415 nos
3613 5360 3745 5412 inter

2091 5440 2292 5512 ignem
2323 5450 2378 5498 et
2401 5462 2637 5516 aquam.
2664 5450 2725 5503 Et
2743 5450 2938 5520 psulm.
2968 5467 3014 5516 L,
3040 5453 3333 5521 Asperges
3354 5465 3468 5514 me,
3493 5446 3738 5503 Domine.

2091 5534 2298 5602 myrto,
2333 5538 2389 5588 et
2422 5536 2770 5604 mundabor,
2796 5554 2970 5609 usque
2998 5538 3068 5592 ad
3096 5539 3426 5594 versiculum
3454 5557 3474 5593 :
3504 5537 3586 5592 Ne
3624 5550 3737 5606 pr“-

2080 5618 2254 5688 jicias
2286 5638 2377 5677 me
2407 5639 2441 5678 a
2472 5624 2616 5680 facie
2651 5630 2768 5681 tua.
2804 5625 3002 5681 Deinde
3036 5625 3169 5681 dicit
3197 5644 3215 5680 :
3250 5625 3446 5683 Gloria
3475 5624 3648 5682 Patri.
3677 5628 3727 5675 et
