3844 6200
370 324 483 386 951

1156 334 1488 396 ΑΡΡΕΝῙ).
1536 335 1635 396 AD
1680 336 1865 396 S/EC.
1912 335 1985 395 Χ.

2194 338 2632 402 ONUMENTA
2672 343 2986 407 LITURG.

3670 345 3755 406 932

369 463 538 521 laetus
569 482 817 540 agnosce
850 482 862 520 :
894 464 1165 523 horresee
1211 467 1382 536 idola,
1417 485 1625 539 respue
1674 468 2013 537 simulacra,
2042 469 2100 537 Α
2129 475 2343 527 sanctze
2374 473 2565 529 crucis
2594 474 2765 530 fronti
2801 477 2930 547 ejus
2960 477 3116 549 quod
3150 495 3261 534 nos
3281 477 3597 546 damus,tu
3622 479 3755 536 male

369 552 491 610 cole
518 554 703 612 Deum
737 554 962 611 Patrem
994 556 1452 629 omnipotentem
1486 562 1543 613 et
1571 558 1774 614 Jesum
1817 558 2016 614 Chris-

367 647 494 700 tum
528 643 740 701 Filium
770 646 919 716 ejus,
953 646 1052 717 qui
1092 662 1226 702 cum
1276 646 1496 719 Spiritu
1547 652 1745 703 sancto
1794 647 1931 703 vivit
1961 654 2019 704 et

369 740 575 809 regnat.
599 735 656 791 in
691 735 903 792 saecula
933 736 1300 792 saeculorum.
1332 740 1535 793 Amen.

1127 826 1269 881 Alia.

440 916 521 972 Te
546 915 841 988 deprecor,
873 915 1135 982 Domine,
1184 919 1382 971 sancte
1432 917 1603 972 Pater
1646 918 2017 991 omnipotens

370 1004 785 1071 aterneDeus,
817 1009 881 1060 ut
911 1003 1048 1059 huic
1081 1004 1299 1060 famulo
1326 1009 1447 1069 tuo,
1470 1005 1571 1077 qui
1596 1005 1651 1059 in
1686 1005 1883 1061 seaculi
1915 1005 2020 1061 hu-

360 1095 464 1171 ‘jus
497 1098 660 1151 nocte
690 1099 859 1168 vagat
888 1094 1146 1149 incertus
1183 1098 1240 1148 et
1287 1094 1525 1158 dubius,
1558 1094 1709 1149 viam
1759 1095 2019 1151 veritatis

369 1188 425 1239 et
455 1182 771 1256 agnitionis
802 1187 913 1237 tute
939 1183 1151 1254 jubeas
1183 1182 1902 1255 demonstrare.quatinus
1934 1201 2018 1239 rc~

369 1273 578 1330 seratis
608 1272 791 1329 oculis
822 1270 1013 1328 cordis
1044 1272 1133 1327 sui
1168 1278 1221 1327 te
1253 1289 1436 1327 unum
1478 1271 1662 1327 Deum
1696 1272 1924 1328 Patrem
1958 1273 2015 1328 in

366 1361 513 1421 Filio
543 1366 601 1418 et
633 1361 841 1418 Filium
877 1362 933 1416 in
969 1362 1131 1417 Patre
1163 1378 1297 1415 cum
1340 1365 1539 1417 sancto
1590 1360 1808 1433 Spiritu
1860 1379 2018 1417 reco-

352 1456 811 1527 _gnoscat,atque
841 1451 1016 1507 istius
1046 1449 1433 1506 confessionis
1462 1450 1715 1506 fructum
1740 1450 1832 1505 hic
1854 1450 1913 1506 in
1934 1452 2018 1509 fu-

358 1548 498 1603 ,turo
532 1540 741 1599 saeculo
773 1541 1068 1613 percipere
1100 1542 1411 1594 mereatur.
1445 1537 1568 1594 Per.

1119 1629 1263 1684 Alia.

441 1729 643 1784 Preces
676 1727 928 1787 nostras,
951 1717 1781 1793 quaesumus,Dne,clementer
1808 1720 2015 1776 exaudi

2126 558 2279 615 dicte
2310 560 2539 617 diabolo
2571 580 2876 638 nunquam
2907 566 3128 623 audeas
3159 566 3400 623 violare.

2622 654 2754 709 Item
2782 671 2947 726 super
2987 658 3279 712 masculos.

2145 796 2149 800 ,
2197 737 2464 795 Oremus.
2497 741 2667 805 Audi,
2701 742 3008 799 maledicta
3039 745 3310 811 Satanas,
3340 747 3655 817 adjuratus
3682 768 3759 820 per

2128 845 2336 883 nomen
2363 830 2558 886 interni
2583 830 2768 898 Dei,et
2789 831 3106 890 Salvatoris
3122 834 3313 890 nostri
3341 836 3481 891 Filii
3502 838 3635 909 ejus
3654 855 3757 893 cum

2126 921 2228 972 tua
2285 918 2472 973 victus
2531 918 2751 976 invidia
2808 925 3067 978 tromens
3116 940 3488 997 gemensque
3535 926 3757 983 discede.

2127 1005 2283 1062 Nihil
2314 1006 2416 1062 tibi
2449 1008 2527 1063 sit
2557 1025 2868 1066 commune
2897 1027 3030 1068 cum
3060 1029 3228 1069 servo
3248 1012 3359 1069 Dei
3377 1015 3513 1085 jam
3534 1016 3761 1072 scelestis

2127 1095 2437 1167 cogitante,
2470 1098 2872 1154 renuntiaturo
2904 1098 3006 1154 tibi
3040 1118 3076 1155 a
3104 1100 3317 1158 saeculo
3350 1107 3481 1172 tuo,
3513 1110 3574 1159 et
3611 1106 3761 1161 beata

2126 1184 2555 1240 immortalitati
2583 1186 2736 1241 victu
2748 1188 2919 1243 ro.Da
2949 1188 3126 1262 igitur
3147 1189 3435 1246 honorem
3460 1192 3760 1249 advenienti

2128 1272 2367 1345 Spiritui
2397 1275 2724 1347 sancto,qui
2756 1292 2823 1330 ex
2855 1292 3088 1331 summa
3108 1277 3236 1333 σαξιί
3259 1295 3395 1335 arce
3419 1280 3760 1337 descendens

2128 1361 2483 1433 perturbatis
2518 1362 2820 1420 fraudibus
2851 1364 2968 1420 tuis
3005 1365 3201 1423 divino
3252 1368 3413 1425 fonte
3468 1377 3759 1442 purgatum

2128 1455 2331 1522 pectus
2355 1449 2510 1506 idem
2535 1453 2966 1509 sanctiﬁcatum
2988 1459 3099 1510 Deo
3121 1455 3409 1528 templum
3435 1463 3497 1513 et
3517 1457 3759 1515 habitam

2128 1538 2408 1611 perficiat,
2442 1544 2500 1595 et
2524 1540 2597 1595 ab
2626 1541 2902 1598 omnibus
2933 1543 3166 1615 penitus
3217 1545 3409 1600 noxiis
3465 1548 3762 1617 printer-ito-

2128 1645 2258 1683 rum
2290 1628 2605 1685 criminum
2637 1628 2912 1685 liberatas
2942 1647 3144 1687 servus
3173 1631 3273 1688 Dei
3297 1634 3527 1706 gratias
3548 1639 3759 1707 perenni

2126 1717 2243 1773 Deo
2261 1718 2472 1774 referat
2488 1735 2607 1774 sem
2618 1736 2718 1792 per
2734 1723 2792 1774 et
2810 1717 3112 1776 benedicat
3128 1738 3340 1777 nomen
3359 1724 3494 1793 ejus
3515 1730 3759 1781 sanctum

368 1823 426 1875 et
456 1818 611 1872 hunc
642 1813 890 1870 electum
924 1814 1094 1865 tuum
1127 1808 1318 1863 crucis
1348 1807 1660 1864 Dominicis
1711 1811 1881 1880 cujus
1911 1810 2019 1865 im-
2046 1842 2093 1906 Β
2128 1807 2186 1861 in
2213 1806 2424 1862 saecula
2455 1806 2823 1864 saeculorum.
2856 1811 3238 1881 AmenErgo,
3274 1810 3611 1880 maledicta,
3635 1819 3728 1870 etc.

369 1907 666 1981 pressione
691 1918 826 1958 eum
858 1900 1164 1972 signamus
1194 1897 1404 1952 virtute
1424 1898 1675 1965 custodi,
1696 1903 1771 1953 ut
1788 1900 2017 1972 magni-

365 1994 591 2054 tudinis
620 1998 732 2048 tum
760 1989 1094 2046 rudimenta
1123 2003 1361 2043 servans
1384 2003 1487 2058 per
1506 1987 1831 2044 custodiam
1858 2006 2018 2044 man-

367 2087 637 2142 datorum
668 2087 904 2138 tuorum
936 2078 1007 2133 ad
1038 2076 1493 2151 regenerationis
1521 2076 1766 2148 gloriam
1816 2094 2014 2150 perve-

367 2175 490 2231 nire
523 2175 832 2229 mereatur.
860 2168 980 2224 Per.

480 2272 489 2275 '
1122 2257 1265 2311 Alia.

435 2353 643 2424 Accipe
673 2346 1041 2423 signaculum
1072 2345 1171 2400 Dei
1202 2344 1391 2399 Patris
1420 2348 1477 2400 et
1508 2343 1631 2399 Filii
1664 2350 1723 2401 et
1762 2346 2014 2418 Spiritus

365 2441 571 2500 sancti.
605 2441 726 2495 Mos:
752 2443 939 2493 autem
968 2435 1039 2489 ad
1065 2433 1297 2489 eundem
1334 2434 1631 2504 parvulum
1680 2437 2013 2492 catechume-

363 2549 517 2597 num,
552 2529 608 2584 id
636 2535 714 2583 est
741 2525 954 2581 doctum
1000 2522 1332 2595 faciendum,
1366 2524 1472 2577 ista
1519 2525 1766 2594 sequitur
1815 2528 2011 2582 oratio.

365 2621 633 2677 Oremus.
666 2614 1047 2686 Omnipotens
1086 2609 1439 2682 sempiterne
1491 2611 1661 2675 Deus,
1693 2616 1861 2669 Pater
1908 2614 2013 2670 Dni

366 2709 455 2765 nri
485 2707 602 2764 Jhu
628 2703 735 2777 Xpi
768 2700 1052 2774 respicere
1083 2699 1342 2772 dignare,
1370 2703 1478 2754 etc.

436 2797 702 2853 Oremus.
736 2790 1006 2849 Exorcizo
1039 2793 1116 2855 te,
1157 2791 1424 2843 creatura
1472 2788 1636 2855 salis,
1667 2789 1727 2846 in
1776 2793 2012 2849 nomine

363 2886 461 2945 Dei
495 2882 681 2941 Patris
709 2878 1149 2952 omnipotentis,
1182 2878 1520 2949 etc.Expleta
1550 2885 1730 2934 autem
1760 2882 1864 2936 ista
1893 2897 2012 2938 ora-

308 2959 318 2967 .
361 2979 508 3033 tione
538 2975 830 3040 interroget
860 2970 1090 3024 nomina
1119 2967 1469 3036 singulorum
1514 2975 1566 3022 et
1606 2977 1775 3039 ponat
1800 2969 1864 3025 de
1894 2973 2011 3043 ipso

357 3066 471 3123 sale
501 3066 560 3120 in
588 3078 680 3119 ore
710 3060 1012 3132 infantium
1041 3059 1119 3113 ita
1146 3056 1370 3112 dicendo
1401 3075 1419 3111 :
1449 3057 1656 3129 Accipe
1705 3057 1886 3115 salem
1920 3078 2010 3116 sa-

358 3153 587 3227 pientis:
619 3148 969 3223 propitiatus
1000 3146 1059 3202 in
1090 3145 1267 3201 vitam
1300 3150 1597 3202 aeternam.
1625 3147 1740 3203 Pax
1770 3147 1892 3205 tibi.

2610 1896 2801 1954 Oratio
2826 1915 2993 1969 super
3025 1901 3285 1970 faninas.

2194 1984 2943 2053 Oremus.DeusAbraham,
2954 1993 3101 2043 Deus
3115 1988 3296 2053 Isaac,
3308 1989 3754 2057 DeusJacob,etc.

2505 2080 2646 2133 Item
2673 2078 2847 2132 oratio
2875 2093 3037 2148 super
3064 2079 3393 2134 masculum.

2195 2164 2462 2223 Oremus.
2498 2164 2766 2221 Exoreizo
2795 2168 2873 2231 te,
2907 2166 3212 2222 immunde
3243 2166 3512 2239 spiritus,
3546 2174 3653 2225 etc.

2544 2256 2668 2311 Haec
2698 2257 2873 2311 oratio
2908 2273 3072 2328 super
3097 2259 3355 2328 feminas.

2195 2344 2462 2400 Oremus.
2494 2344 2765 2400 Exorcizo
2795 2349 2872 2412 te,
2908 2345 3212 2402 immunde
3243 2348 3620 2420 spiritus,per
3639 2350 3759 2413 Pat-

2124 2436 2268 2488 trem
2297 2437 2353 2488 et
2386 2433 2634 2499 Fi’rlium
2665 2438 2723 2489 et
2750 2433 3023 2506 spiritum
3058 2438 3087 2500 τι
3123 2440 3418 2499 sanctum,
3452 2442 3560 2494 etc.

2352 2525 2484 2577 Item
2512 2524 2685 2578 oratio
2715 2523 2859 2579 unde
2884 2539 3056 2593 supra
3082 2525 3271 2579 statim
3297 2524 3547 2581 dicenda.

2195 2610 2461 2667 Oremus.
2488 2612 2780 2667 {Eternam
2806 2628 2871 2667 ac
2890 2612 3287 2685 justissimam
3314 2615 3585 2687 pietatem
3609 2620 3755 2671 tuam

2123 2700 2419 2771 deprecor,
2456 2700 2719 2767 Domine,
2754 2705 2863 2756 etc.

2193 2790 2290 2845 Hic
2315 2798 2435 2861 post
2460 2791 2569 2845 ista
2596 2790 2861 2847 diaconus
2894 2791 3041 2860 legat
3078 2792 3429 2860 evangelium
3472 2811 3635 2866 super
3680 2799 3753 2850 ἰηρ

2118 2880 2294 2950 fontes
2326 2898 2345 2934 :
2377 2878 2660 2935 Dominus
2688 2879 3351 2952 vobiscum.Seq.sancti
3384 2883 3659 2957 evangelii
3682 2901 3753 2939 ss-

2120 2968 2377 3025 oundum
2411 2967 2842 3025 MatthaeumJn
2863 2968 2961 3024 illo
2990 2974 3250 3041 tempore
3272 2969 3451 3026 oblati
3474 2977 3609 3027 sunt
3627 2973 3746 3029 Jesu

2119 3056 2362 3129 parvuli,
2398 3062 2465 3112 ut
2493 3075 2705 3113 manus
2735 3056 2819 3113 eis
2840 3056 3166 3130 imponeret
3189 3064 3247 3114 et
3268 3060 3747 3134 oraret.DiseipuIi

2117 3151 2310 3202 autem
2342 3145 2723 3217 increpabant
2749 3163 2866 3202 eos.
2898 3146 3070 3203 Jesus
3100 3164 3233 3203 vero
3263 3148 3347 3203 ait
3390 3149 3509 3205 illis
3540 3167 3553 3205 :
3584 3149 3747 3206 Sinite

357 3209 665 3317 benedictio
690 3264 811 3330 post
835 3255 1022 3311 datm
1050 3254 1190 3330 satis
1217 3261 1327 3330 tam
1356 3269 1521 3325 super
1546 3256 1815 3311 masculos
1843 3273 1992 3329 quan

2197 3234 2411 3301 rvulos,
2444 3240 2503 3291 et
2560 3234 2738 3291 nolite
2785 3252 2884 3291 eos
2928 3235 3239 3308 prohibere
3284 3237 3362 3293 ad
3409 3255 3505 3294 me
3551 3239 3744 3294 venire.

953 3341 1117 3398 super
1150 3324 1410 3400 feminas.

426 3420 698 3476 Oremus.
722 3417 876 3473 Deus
904 3415 1142 3471 Patrum
1174 3414 1691 3480 nostrorum,Deus
1724 3415 2005 3473 universa

356 3508 625 3565 conditor
668 3505 949 3572 veritatis,
981 3508 1091 3559 etc.
1122 3504 1221 3558 Hic
1266 3504 1465 3559 iterum
1509 3505 1751 3561 sacerdos
1794 3508 2005 3577 faciens

354 3614 571 3653 erucem
600 3598 661 3651 in
703 3597 885 3666 fronte
913 3595 1195 3665 infantum
1223 3593 1321 3646 has
1347 3600 1625 3664 sequentes
1649 3598 1834 3650 statim
1860 3595 2009 3652 dicat

352 3688 644 3741 emtiones.
679 3686 816 3739 Ecce
840 3684 1001 3738 istam
1029 3681 1331 3736 orationem
1355 3696 1520 3752 super
1546 3684 1839 3739 masulnm.
1875 3684 2006 3741 Ore-

353 3791 510 3831 mus.
540 3777 697 3827 Deus
725 3769 1039 3835 Abraham,
1072 3768 1226 3824 Deus
1256 3768 1438 3832 Isaac.
1471 3769 1625 3825 Deus
1644 3770 2003 3841 Jacob,Deus

353 3862 454 3935 qui
487 3859 668 3928 Moysi
702 3857 922 3915 famulo
954 3861 1076 3921 tuo,
1104 3860 1215 3912 etc.
1250 3857 1399 3928 Ergo
1432 3856 1593 3926 mal.,
1620 3864 1731 3915 etc.

354 3969 538 4027 Oratio
562 3981 726 4037 super
753 3965 989 4038 feminas
1014 3963 1195 4038 simili
1239 3962 1394 4019 modo
1440 3980 1651 4020 crucem
1691 3970 1900 4038 faciens
1941 3972 2001 4025 in

912 4034 1191 4109 frontibus
1227 4049 1438 4088 earum.

421 4126 689 4183 Onemus.
723 4123 877 4180 Deus
906 4121 1056 4188 ouili,
1081 4121 1235 4177 Deus
1266 4122 1612 4189 terrae,Deus
1634 4127 1998 4198 angelorum,

350 4217 506 4273 Deus
536 4211 1046 4285 archangelorum,
1079 4214 1189 4266 etc.

456 4322 686 4396 Repulso
713 4320 928 4376 diabolo
956 4319 1021 4375 de
1049 4319 1294 4396 utrisque
1334 4320 1592 4375 masculis
1634 4324 1894 4379 similiter

1015 4396 1070 4448 et
1093 4391 1334 4463 feminis.

414 4482 589 4555 Ergo,
623 4479 929 4537 maledicta
968 4479 1216 4545 diabole,
1250 4496 1597 4552 recognosce
1646 4485 1997 4543 sententiam

2116 3327 2299 3380 Amen
2321 3325 2461 3379 dico
2485 3324 2670 3392 vobis,
2705 3324 2909 3381 talium
2942 3330 3031 3381 est
3069 3342 3318 3399 regnum
3366 3326 3660 3383 caelorum.
3690 3328 3742 3383 Et

2115 3430 2249 3469 cum
2280 3412 2663 3485 imposuisset
2690 3411 2773 3468 eis
2796 3431 3028 3481 manus,
3055 3414 3170 3469 abii
3182 3414 3514 3472 tinde.Post
3533 3416 3742 3474 luteam

2113 3510 2221 3558 tem
2249 3502 2498 3558 sacerdos
2528 3511 2714 3558 tenens
2742 3519 2969 3558 manum
3004 3519 3168 3575 super
3210 3512 3379 3576 caput
3426 3508 3653 3577 infantis
3675 3509 3738 3561 si-

2114 3593 2288 3649 lenter
2314 3600 2492 3648 cantet
2521 3593 2847 3663 symbolum,
2878 3592 3022 3664 quod
3067 3601 3146 3649 est
3173 3592 3357 3649 Credo
3391 3594 3452 3650 in
3481 3595 3673 3651 Deum.
3696 3602 3739 3649 et

2110 3684 2414 3739 orationem
2440 3682 2803 3747 Dominicam,
2830 3669 2952 3753 ante
2979 3689 3056 3737 est
3088 3681 3257 3737 Pater
3285 3688 3508 3739 noster.
3540 3684 3629 3740 His
3654 3701 3737 3738 as-

2111 3778 2217 3837 tem
2247 3772 2325 3827 ita
2350 3771 2621 3843 perlectis,
2654 3770 2773 3827 hac
2798 3786 3026 3842 sequens
3063 3774 3239 3826 oratio
3281 3772 3504 3842 publice
3550 3774 3741 3828 dicatur

2109 3860 2181 3916 ad
2208 3859 2617 3916 catechizandos
2648 3860 2884 3930 infantes
2908 3877 2928 3913 :
2959 3858 3349 3915 Oremus.Noc
3382 3863 3438 3916 te
3468 3860 3743 3927 lateat,Sa-

2110 3948 2613 4015 tanas,imminere
2640 3948 2743 4002 tibi
2776 3951 3112 4019 pmnas,etc.
3145 3949 3244 4003 Hic
3271 3952 3492 4005 remitte
3532 3952 3743 4006 salitus:

2108 4038 2174 4094 de
2204 4054 2297 4094 ore
2325 4045 2416 4093 tuo
2447 4039 2505 4092 in
2532 4038 2739 4109 primos
2785 4036 2982 4103 digitos
3021 4035 3174 4102 duos,
3209 4035 3266 4091 id
3314 4044 3395 4092 est
3437 4039 3744 4110 pollicemet

2110 4128 2364 4194 indicem,
2397 4135 2448 4182 et
2475 4127 2556 4181 sic
2583 4124 2987 4196 apprehendens
3012 4126 3309 4196 pinnatam
3356 4125 3572 4185 deum
3605 4128 3742 4183 tum}

2093 4218 2197 4298 'dic
2222 4237 2240 4273 :
2271 4218 2471 4283 Effeta,
2504 4215 2658 4287 quod
2687 4219 2777 4269 est
2806 4213 3051 4285 aperire.
3085 4215 3149 4270 Et
3170 4215 3515 4285 postmodum
3544 4220 3741 4288 capita:

2107 4324 2268 4363 nares
2312 4307 2592 4377 infantum
2636 4303 2770 4358 dic:
2800 4302 2861 4358 In
2910 4302 3148 4358 odorem
3197 4305 3529 4361 suavitatis.
3562 4305 3741 4362 Deinde

2109 4399 2349 4453 retinens
2375 4394 2671 4467 pinnatam
2697 4393 2944 4449 sinistrae
2971 4393 3127 4446 auris
3156 4391 3277 4448 haec
3297 4391 3391 4448 dic
3412 4412 3432 4448 :
3455 4395 3544 4449 Tu
3564 4398 3738 4449 autem

2107 4487 2382 4558 etfugare,
2415 4480 2662 4543 diabole,
2694 4479 3235 4553 approquinquabit
3275 4480 3437 4536 enim
3464 4483 3736 4553 judicium

342 4575 529 4637 tuam,
562 4576 622 4628 et
650 4571 727 4626 da
753 4570 1035 4625 honorem
1067 4568 1185 4624 Deo
1216 4568 1341 4624 vivo
1372 4572 1428 4623 et
1476 4586 1610 4625 vero
1643 4587 1656 4625 :
1689 4572 1765 4627 da
1812 4573 1993 4631 hono-
2026 4577 2072 4642 Β
2104 4574 2227 4632 Dei.
2259 4574 2380 4629 Istis
2409 4572 2659 4626 omnibus
2692 4572 2770 4625 ita
2800 4570 3032 4641 peractis
3079 4577 3209 4624 ante
3252 4571 3542 4628 ecclesiam
3569 4573 3740 4643 jam

343 4676 466 4716 rem
496 4660 612 4716 Jhu
642 4659 765 4733 Xpo
798 4659 940 4715 Filio
968 4659 1096 4729 ejus
1122 4660 1178 4713 et
1203 4656 1444 4728 Spiritui
1476 4663 1763 4726 sancto,et
1791 4665 1992 4720 recede

340 4749 414 4805 ab
444 4747 553 4805 hoc
573 4748 727 4819 (hac)
749 4746 968 4804 famulo
993 4746 1258 4819 (famula)
1282 4745 1546 4817 Dei,quia
1565 4747 1744 4803 istum
1771 4750 1991 4821 (istam)

340 4837 455 4894 sibi
477 4842 625 4892 Deus
640 4841 699 4893 et
714 4836 999 4893 Dominus
1021 4841 1223 4891 noster
1243 4835 1415 4891 Jesus
1437 4834 1704 4892 Christus
1726 4838 1796 4893 ad
1820 4856 1990 4897 suam

340 4929 605 4981 sanctam
635 4926 881 4999 gratiam
913 4930 969 4980 et
999 4923 1832 4999 benedictionem,fontemque
1853 4929 1991 5002 bap~

336 5011 596 5069 tismatis
627 5013 778 5071 dono
807 5030 1012 5069 vocare
1042 5011 1318 5085 dignatus
1349 5016 1438 5067 est
1468 5029 1571 5085 per
1598 5012 1707 5069 hoc
1750 5016 1986 5088 signum

408 5139 489 5205 (2)
519 5136 895 5193 Ostendimus
920 5153 1100 5209 supra
1130 5153 1343 5209 aquam
1377 5142 1774 5209 consecratam
1797 5158 1831 5196 a
1851 5142 1986 5198 fide-

338 5209 494 5265 libus
519 5209 761 5280 domum
793 5208 1149 5280 asportatam
1173 5208 1571 5265 tuisse.Habes
1592 5208 1649 5264 id
1674 5210 1729 5264 in
1755 5213 1988 5269 rubrica

336 5280 516 5354 hujus
545 5278 769 5335 ordinis
798 5278 1458 5354 baptismsejuscemodi
1489 5296 1503 5334 :
1539 5281 1634 5336 llic
1661 5300 1804 5354 aqua
1836 5286 1988 5340 bene-

332 5352 479 5408 dicta
507 5359 831 5425 aspergatur
857 5367 1021 5426 super
1045 5352 1472 5426 circumstantes,
1495 5360 1548 5406 et
1576 5352 1885 5426 quicunque
1905 5372 1987 5412 ve~

333 5426 458 5492 lint,
490 5421 712 5478 sumant
759 5421 1015 5477 extraad
1060 5421 1443 5492 spargendum,
1478 5421 1597 5493 quo‘
1636 5421 1824 5480 velint.
1860 5428 1984 5482 Post

331 5497 450 5554 haec
470 5497 660 5567 accipe
686 5495 923 5549 chrisma
954 5510 1078 5547 cum
1106 5494 1323 5547 vasculo
1357 5501 1407 5567 et
1455 5494 1686 5567 infunde
1735 5498 1874 5552 illud
1922 5501 1983 5553 in

330 5569 549 5622 modum
578 5564 757 5623 crucis
776 5582 939 5638 super
960 5567 1136 5638 ipsum
1156 5580 1356 5638 aquam
1373 5564 1724 5638 Διιαιρζίιςνηαιιζς
1749 5569 1981 5624 invicem

327 5641 721 5715 misgcns_,_c_tc.
755 5633 1160 5715 Nempeut
1191 5633 1439 5715 disquis.
1461 5634 1660 5715 liturg.
1686 5656 1817 5712 pag.
1853 5642 1978 5707 436,

329 5724 397 5765 ex
427 5710 498 5765 de
546 5709 772 5766 Moleon
822 5707 1018 5765 itinere
1067 5707 1322 5773 liturgico
1378 5707 1729 5772 notavimus,
1763 5707 1978 5781 aquam

2094 4665 2376 4736 presbyter
2399 4666 2656 4733 parvulos
2680 4659 2806 4729 ﬁeri
2830 4659 2894 4713 in
2917 4658 3220 4714 ecclesiam.

2604 4747 2912 4803 Benedictio
2938 4747 3113 4819 fontis
3141 4749 3241 4814 (2).

2100 4839 2268 4914 Kyrie
2299 4838 2536 4895 eleison.
2570 4836 2797 4893 Christe
2825 4834 3067 4892 eleison.
3102 4834 3335 4892 Christe
3364 4837 3505 4893 audi
3541 4854 3656 4893 nos.
3734 4848 3739 4853 '

2099 4929 2364 4986 Salvator
2394 4926 2620 4991 mundi,
2654 4925 2867 4995 adjuva
2898 4941 3024 4981 nos.

2096 5018 2309 5074 Sancta
2339 5016 2498 5088 virgo
2524 5015 2839 5087 virginum.
3291 5031 3397 5071 ora
3422 5033 3526 5088 pro
3558 5014 3730 5070 nobis.

2095 5137 3117 5218 consecratamalidelibushaustam
3146 5142 3467 5218 antequam
3492 5138 3728 5218 S.oleul_n

2096 5214 2458 5277 misceretur,
2491 5211 2591 5283 qui
2623 5209 3107 5283 mosﬂetiamnum
3143 5210 3202 5264 in
3228 5209 3505 5283 partibus
3536 5209 3731 5264 nostris

2094 5284 2265 5356 viget.
2300 5279 2653 5354 Neque-vero
2700 5279 2838 5336 olim
2891 5287 2957 5337 ut
3001 5284 3199 5353 postea
3229 5279 3313 5336 'ac
3363 5281 3543 5360 etiam
3592 5295 3731 5360 nunc

2093 5353 2306 5427 aquam
2328 5353 2568 5427 semper
2595 5360 2994 5427 conservatam
3021 5369 3122 5425 per
3162 5353 3497 5427 annum_ad
3522 5353 3729 5424 baptis-

2094 5423 2257 5481 mum
2289 5423 2419 5481 aliis
2450 5423 2626 5496 quam
2660 5424 2831 5496 statis
2859 5423 3068 5496 diebus
3098 5423 3545 5496 conferendum,
3572 5423 3729 5494 argu-

2092 5503 2289 5553 mento
2316 5503 2406 5551 est
2438 5493 2692 5567 praesens
2723 5493 2817 5549 hic
2844 5495 2998 5567 ordo
3022 5494 3351 5567 baptizandi
3386 5493 3730 5567 extragrstata

2093 5564 2660 5639 tempora,ut'tamen
2685 5565 3040 5622 consecratio
3060 5564 3222 5636 aquae
3243 5564 3622 5637 baptismalis
3638 5565 3732 5619 im-

2091 5640 2340 5696 mediate
2372 5639 2677 5711 pracedat.
