3844 6200
41 372 120 433 l53

41 505 209 562 iancta
236 498 328 556 Dei
358 492 625 571 genitrix,

41 598 115 652 ica
137 588 330 653 Maria,

41 688 114 741 Sce
138 674 435 743 Michahel,

1180 591 1282 630 ora
1313 588 1415 646 pro
1446 569 1637 626 nobis.

1189 680 1290 719 ora
1316 678 1419 735 pro
1450 658 1640 715 nobis.

41 778 107 828 tce
132 764 412 830 Gabrihel,
1186 769 1287 809 ora
1317 767 1420 825 pro
1453 747 1641 804 nobis.

41 865 113 918 See
141 851 449 928 Raphahel,
478 886 485 893 -
1186 858 1288 897 ora
1319 856 1421 914 pro
1455 836 1643 928 nobis.

41 925 423 1006 )mnessancti
449 938 641 1013 angeli
664 940 722 992 et
742 930 1097 1008 archangeli,
1130 935 1289 987 orate
1320 945 1422 1002 pro
1455 925 1645 982 nobis.

41 1040 214 1095 )mnes
239 1030 424 1089 sancti
459 1026 805 1102 patriarchae
836 1029 893 1081 et
923 1021 1240 1097 prophetae,
1468 1018 1646 1097 orate.

41 1132 112 1183 ice
139 1124 427 1181 Johanncs
459 1116 746 1190 Baptista,
1199 1126 1299 1165 ora
1328 1123 1431 1180 pro
1458 1103 1648 1161 nobis.

41 1219 114 1273 Sce
142 1215 318 1273 Petre,
1194 1215 1296 1254 ora
1325 1213 1429 1268 pro
1459 1192 1650 1249 nobis.

41 1309 114 1359 ice
143 1298 330 1365 Paule,
1200 1303 1302 1341 ora
1329 1301 1432 1358 pro
1464 1281 1651 1338 nobis.

41 1397 117 1450 ice
143 1389 388 1453 Andrea,
1195 1392 1295 1431 ora
1326 1389 1430 1447 pro
1463 1371 1650 1427 nobis.

41 1485 113 1537 tce
133 1477 365 1541 Jacobe,
1194 1481 1296 1519 ora
1327 1479 1431 1536 pro
1465 1458 1654 1516 nobis.

1200 1570 1304 1609 ora
1333 1567 1435 1624 pro
1466 1549 1656 1605 nobis.

1477 1642 1658 1695 orate.

41 1575 116 1625 ice
143 1565 457 1629 Johannes,

41 1664 217 1714 )mnes
246 1650 435 1710 sancti
466 1646 713 1723 apostoli
747 1650 806 1702 et
836 1642 1223 1717 evangelista,

41 1752 113 1803 Sce
140 1742 450 1817 Stepbane,
1205 1747 1307 1786 ora
1338 1746 1440 1802 pro
1470 1726 1658 1817 nobis.

41 1839 115 1890 Sce
142 1813 305 1901 Lin—e,
1208 1836 1309 1875 ora
1337 1835 1438 1891 pro
1474 1813 1659 1873 nobis.

41 1928 113 1979 See
142 1921 318 1987 Clete,

1207 2014 1309 2054 ora
1337 2013 1440 2069 pro
1471 1994 1661 2050 nobis.

1204 2103 1305 2142 ora
1336 2103 1440 2159 pro
1473 2082 1661 2138 nobis.

1206 2193 1307 2231 ora
1338 2191 1441 2248 pro
1476 2173 1663 2229 nobis.

1211 2282 1313 2320 ora
1342 2280 1445 2336 pro
1476 2262 1665 2320 nobis.

1211 2371 1314 2410 ora
1342 2370 1446 2427 pro
1478 2352 1666 2408 nobis.

1154 2448 1313 2500 orate
1335 2459 1447 2516 .pro
1481 2441 1668 2498 nobis.

1216 2550 1318 2589 ora
1343 2548 1447 2606 pro
1479 2531 1668 2587 nobis.

1217 2638 1319 2678 ora
1345 2638 1450 2694 pro
1482 2619 1670 2675 nobis.

1216 2728 1316 2766 ora
1347 2728 1450 2783 pro
1481 2709 1672 2765 nobis.

1215 2816 1318 2855 ora
1348 2815 1449 2871 pro
1481 2798 1673 2854 nobis.

41 2905 124 2959 ice
154 2896 488 2964 Benedicto,
1223 2904 1325 2945 ora
1354 2905 1457 2963 pro
1483 2887 1673 2943 nobis.

41 2991 236 3047 )mnes
268 2984 459 3043 sancti
485 2982 873 3046 confessores,
1163 2982 1323 3033 orate
1353 2994 1455 3050 pro
1486 2976 1674 3032 nobis.

41 3081 235 3136 )mnes
266 3074 455 3134 sancti
476 3069 751 3130 monachi
774 3072 832 3125 et
852 3064 1127 3135 eremitai,
1160 3071 1322 3123 orate
1353 3083 1455 3139 pro
1488 3065 1675 3122 nobis.

41 3172 128 3225 ica
156 3164 454 3233 Felicitas,
1221 3174 1322 3213 ora
1354 3172 1456 3229 pro
1486 3154 1675 3211 nobis.

41 3262 127 3315 ica
154 3258 469 3329 Perpetua,

41 3351 125 3403 ica
156 3343 414 3420 Agathe,

41 3440 127 3492 ica
156 3431 414 3499 Caecilia,

41 3528 128 3582 ica
157 3518 547 3587 Scholastlca,

41 3620 127 3671 ica
156 3609 559 3685 Margaretha,

41 3705 239 3759 )mnes
276 3703 493 3756 sancta:
523 3694 805 3770 virgines,

41 3796 242 3848 )mnes
278 3787 492 3855 sancti,

42 3880 329 3954 ’ropitius
354 3881 499 3944 esto,

41 3969 329 4042 ’mpitius
353 3968 499 4033 esto,

41 4062 105 4116 η)
135 4058 316 4116 omni
346 4053 501 4110 malo

41 4150 104 4205 ιι)
137 4148 236 4203 ira
269 4150 378 4202 tua

41 4244 64 4294 ι
96 4239 307 4293 morte
341 4233 620 4306 perpetua

41 2017 117 2069 ice
143 2009 432 2073 Clemens,

41 2106 114 2159 Sco
144 2096 432 2161 Pancrati,

41 2195 119 2247 See
146 2185 390 2252 Ciriace,

41 2284 116 2335 Sce
146 2274 405 2341 Ferruci,

41 2371 115 2423 ice
146 2365 370 2421 Albane
402 2361 472 2427 II,

41 2458 226 2514 )mnes
258 2449 446 2509 sancti
479 2451 790 2522 martyres,

41 2550 118 2602 ice
146 2544 445 2609 Silvester,

41 2639 118 2691 ice
148 2629 412 2704 Gregori,

41 2727 122 2781 Sce
151 2718 425 2787 Martine,

41 2816 121 2869 ice
153 2806 407 2882 Remigi,

1223 3353 1326 3391 ora
1356 3352 1460 3408 pro
1490 3333 1678 3389 nobis.

1225 3442 1326 3481 ora
1354 3441 1458 3497 pro
1492 3422 1680 3479 nobis.

1227 3531 1328 3570 ora
1357 3530 1461 3586 pro
1491 3512 1683 3568 nobis.

1228 3621 1332 3659 ora
1356 3620 1460 3676 pro
1492 3601 1681 3657 nobis.

1170 3698 1329 3748 orate
1356 3708 1459 3764 pro
1493 3690 1687 3747 nobis.

1169 3785 1330 3838 orate
1361 3797 1464 3854 pro
1494 3779 1685 3835 nobis.

994 3887 1166 3943 parce
1196 3870 1386 3939 nobis,
1419 3868 1687 3926 Domine.

1053 3959 1237 4017 libera
1266 3976 1393 4029 nos,
1424 3957 1688 4016 Domine.

1050 4047 1239 4105 libera
1266 4065 1393 4117 nos,
1425 4048 1690 4105 Domine.

1052 4137 1237 4194 libera
1265 4154 1392 4204 nos,
1424 4137 1691 4193 Domine.

1059 4225 1242 4283 libera
1267 4244 1396 4298 nos,
1429 4225 1693 4282 Domine.

41 4330 65 4384 ι
92 4326 281 4383 clade
312 4326 369 4379 et
401 4323 562 4392 peste
599 4367 603 4375 .
1054 4315 1239 4374 libera
1268 4333 1396 4384 nos,
1428 4314 1694 4372 Domine.

41 4418 132 4472 >er
165 4412 545 4470 nativitatem
575 4410 741 4463 tuam
1057 4404 1243 4461 libera
1269 4421 1399 4474 nos,
1431 4404 1697 4462 Domine.

41 4506 131 4562 ’er
152 4516 408 4559 crucem
430 4502 488 4554 et
507 4494 844 4570 passionem
866 4496 1026 4549 tuam
1050 4493 1241 4549 libera
1270 4511 1399 4562 nos,
1434 4495 1697 4551 Domine.

41 4596 131 4649 ’er
165 4586 673 4648 resurrectionem
706 4587 765 4640 et
793 4582 1197 4639 ascensionem
1227 4587 1392 4638 tuam
1494 4582 1694 4639 libera.

41 4685 133 4739 ’er
165 4680 504 4737 adventum
534 4673 790 4748 Spiritus
821 4672 1009 4728 sancti
1042 4671 1307 4744 paracliti
1494 4671 1698 4730 libera.

46 4790 86 4827 n
117 4770 227 4826 die
252 4765 494 4840 judicii,
1068 4760 1253 4818 libera
1280 4778 1408 4826 nos,
1440 4760 1701 4818 Domine.

41 4860 407 4920 ’eccatores,
990 4853 1048 4906 te
1075 4866 1375 4922 rogamus,
1407 4850 1544 4905 audi
1572 4866 1701 4906 nos.

42 4949 92 5004 It
125 4959 357 5019 pacem
390 4939 559 4997 nobis
588 4941 793 5008 dones,
986 4943 1043 4994 te
1074 4954 1372 5012 rogamus,
1405 4938 1542 4994 audi
1575 4955 1701 4995 nos.

41 5037 94 5094 3t
128 5032 470 5091 sanitatem
504 5029 672 5085 nobis
704 5028 907 5094 dones,
983 5032 1040 5084 te
1070 5042 1371 5100 rogamus,
1401 5022 1541 5083 audi
1576 5045 1702 5084 nos.

42 5127 61 5181 Ι
72 5132 96 5181 t
117 5126 403 5183 fructum
417 5124 584 5175 terrae
604 5117 772 5174 nobis
790 5118 991 5183 dones,
1016 5121 1071 5172 te
1092 5132 1390 5189 rogamus,
1412 5117 1552 5172 audi
1576 5133 1704 5175 nos.

42 5214 93 5270 Jt
115 5211 300 5269 aeris
326 5208 665 5281 temperiem
687 5207 903 5263 bonam
921 5205 1092 5262 nobis
1115 5206 1387 5273 dones,te
1408 5223 1704 5280 rogamus.

42 5305 93 5359 lt
128 5285 467 5358 ecclesiam
496 5300 658 5352 tuam
690 5311 1033 5351 conservare
1065 5293 1347 5367 digneris,
1492 5299 1547 5350 te
1581 5312 1705 5369 rog.

41 5393 95 5448 It
128 5403 359 5463 regem
406 5389 672 5441 nostrum
725 5401 860 5440 cum
911 5382 1077 5456 plebe
1122 5399 1463 5440 conservare
1508 5383 1710 5457 digne-

94 5481 217 5547 ris,
1320 5476 1376 5527 te
1404 5488 1707 5545 rogamus.

41 5570 94 5626 It
118 5568 222 5625 eis
246 5561 440 5619 vitam
464 5568 522 5618 et
537 5560 845 5618 sanitatem
867 5565 1043 5633 atque
1062 5558 1363 5616 victoriam
1398 5560 1598 5629 dones,
1632 5565 1706 5616 te.

96 5677 211 5747 (3)_
228 5668 665 5747 Desiderantur
682 5667 778 5747 hic
802 5665 1076 5739 praemitti
1098 5664 1531 5747 semper’solitae
1553 5666 1711 5747 abre-

41 5736 470 5804 m‘ntiationes
489 5739 735 5807 Satanae,
756 5736 1000 5810 ipsaque
1024 5736 1306 5808 professio
1331 5737 1486 5803 ﬁdei,
1513 5744 1576 5792 ut
1596 5736 1714 5809 ple-

1285 348 1497 412 ORDO
1542 341 2093 408 BAPTISMATIS.

1181 501 1283 541 ora
1312 499 1415 556 pro
1450 477 1636 537 nobis.
1671 483 1724 549 Α
1751 476 1825 535 Ut
1853 475 2131 534 exercitui
2180 474 2632 534 christianorum
2680 439 2931 536 salutem
2981 481 3039 535 et
3083 479 3395 537 sanitatem

3275 330 3393 403 954

1822 572 1997 640 atque
2025 565 2326 623 victoriam
2357 567 2558 633 dones,
2706 569 2763 624 te
2794 567 3243 640 rogamus,audi
3264 583 3394 623 nos.

1752 657 1825 714 Ut
1850 657 2068 713 fontem
2100 656 2281 713 istum
2313 655 2653 712 benedicere
2698 660 2760 711 et
2796 672 3147 713 consecrare
3198 656 3398 729 digne-

1826 747 1928 817 ris,
2706 749 2762 801 te
2784 762 3081 818 regamus,
3101 745 3240 802 audi
3270 761 3396 801 nos.

1755 838 1956 910 Agnus
1987 835 2225 908 Dei,qui
2255 834 2412 891 tollis
2443 838 2675 907 peccata
2697 836 3104 908 mundi,parce
3128 834 3401 902 nobis,D.

1756 928 1957 999 Agnus
1987 924 2229 997 Dei,qui
2254 923 2417 980 tollis
2448 929 2683 997 peccata
2710 924 3158 991 mundi,exaudi
3193 924 3402 990 nos,D.

1756 1016 1959 1088 Agnus
1980 1012 2211 1087 Dei,qui
2231 1012 2389 1069 tollis
2420 1017 2655 1086 peccata
2684 1013 3193 1083 mundi,miserere
3217 1013 3404 1077 nobis.

1830 1103 2056 1159 Christe
2087 1102 2224 1158 audi
2255 1120 2381 1159 nos.
2416 1102 2589 1176 Kyrie
2617 1102 2856 1159 eleison.
2892 1102 3119 1159 Christe
3165 1102 3406 1161 eleison.

1836 1197 1968 1249 Mox
2021 1192 2268 1249 sacerdos
2314 1193 2496 1249 dicens
2552 1192 2839 1249 Dominus
2892 1192 3217 1259 vobiscum,
3269 1192 3412 1264 quod

1758 1284 1917 1355 prius
1938 1299 2224 1354 nunquam
2239 1281 2417 1338 dicere
2439 1282 2609 1350 debet,
2628 1284 2769 1338 hanc
2784 1291 3093 1355 sequentem
3112 1284 3413 1339 arationem

1767 1373 1910 1442 legat
1935 1387 2100 1443 super
2124 1374 2346 1443 fontem.
2364 1371 2629 1427 Oremus.
2655 1371 3035 1445 Omnipotens
3058 1371 3413 1443 sempiterne

1766 1459 1940 1526 Deus,
1973 1461 2174 1517 adesto
2231 1477 2456 1534 magnae
2505 1461 2742 1534 pietatis
2786 1466 2897 1517 tuae
2956 1461 3276 1536 mysteriis,
3300 1464 3409 1517 etc.

1768 1552 1920 1606 Hanc
1948 1549 2199 1622 deinceps
2243 1550 2668 1607 benedictionem
2710 1550 2955 1608 sacerdos
3001 1551 3241 1608 canendo
3286 1567 3413 1623 pro-

1767 1643 1911 1712 ferat
1930 1639 2099 1711 juxta
2128 1640 2452 1695 canonicam
2479 1640 2878 1696 auctoritatem.
2905 1640 3185 1696 Dominus
3232 1639 3418 1696 vobis-

1772 1745 1928 1784 cum.
1960 1728 2029 1783 Et
2060 1744 2193 1784 cum
2227 1726 2447 1799 Spiritu
2476 1732 2596 1785 tuo.
2630 1730 2879 1786 Sursum
2911 1731 3085 1787 corda
3130 1730 3419 1787 habemus

1700 1853 1747 1918 Β
1774 1815 1848 1872 ad
1876 1814 2211 1873 Dominum.
2237 1816 2465 1873 Gratias
2495 1833 2741 1889 agamus
2760 1818 3019 1876 Domino
3051 1820 3166 1877 Deo
3198 1822 3416 1875 nostro.

1200 1925 1302 1965 ora
1332 1925 1435 1980 pro
1470 1905 1663 1960 nobis-
1706 1904 1746 1918 “’
1778 1904 2028 1979 Dignum
2061 1905 2360 1977 etjustum
2384 1909 2491 1962 est.
2516 1906 2663 1963 Vere
2691 1906 2935 1981 dignum
2967 1914 3023 1964 et
3045 1909 3276 1981 justum
3307 1913 3419 1977 est,

1773 2010 2006 2065 tequum
2040 1998 2096 2049 et
2126 1993 2533 2051 salutare.Nos
2559 1994 2665 2051 tibi
2691 2012 2924 2070 semper
2956 2001 3014 2053 et
3052 1997 3267 2070 ubique
3287 2014 3422 2071 gra-

1774 2082 1887 2139 tias
1918 2097 2108 2156 agere,
2129 2082 2368 2139 Domine
2386 2089 2587 2140 sancte
2608 2085 2775 2141 Pater
2804 2086 3178 2160 omnipotens
3210 2090 3423 2143 aeterne

1775 2172 1949 2227 Deus.
1966 2170 2071 2238 Qui
2094 2170 2371 2227 invisibili
2394 2173 2650 2245 potentia
2663 2180 3162 2232 sacramentorum
3182 2180 3421 2234 tuorum

1778 2259 2127 2316 mirabiliter
2137 2260 2396 2332 operaria
2417 2262 2771 2331 eﬁ‘ectum,et
2796 2264 2929 2321 licet
2950 2282 3056 2321 nos
3076 2266 3255 2322 tantis
3272 2282 3426 2338 mys-

1778 2349 1942 2406 teriis
1955 2349 2344 2421 exsequendis
2356 2351 2544 2407 simus
2556 2350 2873 2426 indigni,tu
2892 2358 3088 2410 tamen
3101 2354 3301 2428 gratia:
3314 2359 3425 2411 tuae

1779 2439 1935 2494 dona
1953 2455 2067 2494 non
2081 2439 2356 2495 deserens
2367 2439 2542 2495 etiam
2569 2442 2640 2496 ad
2665 2446 2899 2499 nostras
2909 2460 3110 2517 preces
3122 2461 3293 2501 aures
3312 2448 3427 2501 tua:

1781 2525 2013 2599 pietatis
2046 2527 2311 2584 inclines.
2342 2529 2501 2586 Deus
2533 2530 2703 2601 cujus
2734 2531 2989 2604 Spiritus
3014 2549 3198 2605 super
3243 2550 3429 2606 aquas

1782 2615 1933 2672 inter
1950 2616 2078 2690 ipsa
2094 2616 2297 2673 mundi
2313 2618 2636 2690 primordia
2656 2619 2966 2688 ferebatur,
2978 2628 3091 2679 etc.
3107 2624 3215 2678 Hic
3231 2639 3434 2695 aquam

1780 2723 1953 2762 manu
2001 2713 2193 2779 tangat
2237 2709 2298 2763 in
2323 2708 2545 2765 modum
2567 2711 2888 2777 crucis.Qui
2920 2709 3073 2767 hanc
3090 2729 3311 2785 aquam
3345 2729 3433 2769 re-

1783 2794 2155 2868 generandis,
2179 2800 2287 2852 etc.
2316 2795 2418 2853 Hic
2452 2814 2625 2855 manu
2650 2806 2841 2872 tangat
2868 2809 2930 2857 ut
2956 2817 3144 2874 supra.
3172 2801 3268 2857 Sit
3311 2801 3434 2858 haec

1786 2888 1991 2940 sancta
2020 2888 2077 2941 et
2100 2882 2381 2942 innocens
2411 2891 2679 2944 creatura
2708 2888 2889 2945 libera
2916 2890 2992 2946 ab
3031 2889 3193 2947 omni
3239 2891 3434 2964 impu-

1788 2968 2047 3046 gnatoris
2061 2973 2385 3041 incursu,et
2404 2975 2585 3032 totius
2600 2976 2871 3050 nequitia;
2886 2978 3432 3053 pungatadiscessu.

1789 3059 1877 3117 Sit
1900 3059 2029 3118 fons
2052 3060 2235 3130 vivus,
2258 3078 2413 3134 aqua
2440 3079 2808 3137 regenerans,
2833 3068 2992 3124 unda
3012 3067 3349 3141 puriﬁcans,
3373 3071 3440 3123 nt

1791 3165 1996 3206 omnes
2025 3148 2135 3207 hoc
2162 3149 2388 3208 lavacro
2418 3151 2721 3211 salutifero
2750 3155 3035 3223 diluendi,
3068 3160 3347 3230 operante
3377 3155 3437 3212 in

1220 3263 1322 3303 ora
1485 3244 1674 3301 nobis.
1710 3215 1751 3283 C
1788 3238 1871 3295 eis
1884 3237 2105 3311 Spiritu
2121 3241 2613 3313 sancto,peri‘ectaa
2627 3243 2990 3317 purgationis
3010 3215 3440 3319 indulgentiam

1790 3329 2416 3400 consequantur.Unde
2428 3332 2573 3387 bene
2593 3336 2621 3398 ῒ
2636 3332 2767 3389 dico
2784 3338 3133 3402 tacreatura
3148 3350 3444 3407 aquanper

1791 3415 1976 3473 Deum
1996 3415 2212 3483 vivum,
2232 3435 2336 3491 per
2357 3419 2542 3476 Deum
2565 3426 2857 3488 sanctum,
2873 3423 2974 3496 qui
2995 3427 3051 3479 te
3072 3423 3133 3479 in
3153 3422 3441 3497 principio

1791 3505 1966 3560 verbo
1989 3507 2280 3577 separavit
2300 3509 2372 3563 ab
2390 3509 2584 3565 arida:
2606 3510 2706 3583 qui
2728 3514 2782 3566 te
2799 3512 2870 3568 de
2891 3512 3162 3585 paradiso
3182 3528 3441 3579 manare,

1795 3593 1891 3648 Hic
1910 3610 2116 3666 aquam
2148 3596 2206 3650 in
2237 3605 2474 3668 quatuor
2501 3615 2671 3655 manu
2717 3598 2900 3657 divide
2930 3603 3007 3657 ita
3034 3606 3061 3668 ’r
3098 3605 3155 3657 et
3201 3599 3260 3656 in
3306 3616 3447 3673 qua-

1795 3688 1930 3738 tuor
1954 3682 2318 3749 ﬂuminibus,
2353 3690 2461 3743 etc.
2490 3688 2588 3743 Hic
2616 3696 2764 3745 muta
2810 3691 3015 3747 cantici
3056 3706 3257 3758 vocem,
3287 3706 3449 3763 quasi

1798 3772 2048 3829 lectionei
2088 3773 2263 3845 tegas.
2296 3775 2427 3831 Haec
2476 3775 2646 3834 nobis
2689 3783 2998 3852 praecepta,
3029 3782 3138 3835 etc.
3170 3779 3270 3836 Hic
3309 3795 3451 3852 pone

1797 3878 2011 3918 cereum
2039 3861 2320 3919 ardentem
2348 3867 2410 3920 in
2437 3883 2658 3938 aquam,
2681 3876 2732 3924 et
2763 3869 3029 3925 inclinato
3057 3885 3222 3941 super
3247 3875 3453 3941 fontem

1799 3951 1888 4007 dic
1915 3953 2083 4007 istum
2113 3954 2357 4023 verbum,
2388 3955 2710 4015 Desoendat
2738 3957 2796 4014 in
2830 3958 2983 4016 hanc
3026 3958 3452 4031 plenitudinem

1798 4039 1977 4098 fontis
1987 4044 2173 4100 virtus
2187 4043 2439 4117 Spiritus
2451 4045 2793 4105 sancti.Post
2800 4048 2918 4107 haec
2931 4053 3160 4125 insufﬂa
3167 4066 3332 4125 super
3338 4053 3456 4124 fon-

1803 4138 1910 4187 tem
1938 4132 2115 4187 tribus
2145 4135 2356 4190 vicibus
2382 4137 2439 4191 in
2468 4137 2615 4194 hunc
2640 4137 2865 4195 modum
2896 4144 2953 4189 Ψ
2980 4144 3037 4195 et
3063 4144 3244 4196 totam
3270 4140 3455 4212 hujus

1806 4236 1969 4292 aquae
2003 4221 2397 4279 substantiam
2439 4227 2819 4299 regenerandi
2864 4227 3177 4286 fecundcnt
3223 4230 3452 4285 eﬂ‘ectu.

1806 4309 1904 4365 Hic
1930 4326 2082 4366 sume
2107 4327 2323 4368 cereum
2350 4321 2508 4369 extra
2527 4331 2747 4386 aquam,
2779 4324 2830 4372 et
2856 4317 2959 4372 ista
2977 4332 3105 4389 quae
3130 4326 3454 4389 sequuntur,

1806 4400 1999 4455 statim
2014 4399 2284 4471 subin/‘er.
2301 4401 2404 4458 Hic
2425 4402 2690 4458 omnium
2713 4408 3080 4475 peccatorum
3099 4406 3340 4462 maculae
3363 4408 3459 4463 de-

1809 4488 2059 4555 leantur,
2078 4493 2185 4545 etc.
2210 4490 2307 4546 Hic
2335 4506 2480 4563 aqua
2509 4491 2787 4549 benedicta
2814 4502 3133 4566 aspergatur
3153 4512 3318 4568 super
3345 4498 3457 4552 cir-

1730 4581 1775 4647 D
1805 4586 2130 4635 cumstantes
2158 4586 2209 4635 et
2238 4582 2547 4654 quicunque
2593 4582 2764 4639 velint
2805 4592 3029 4640 sumant
3072 4593 3231 4641 extra
3278 4602 3460 4658 asper-

1810 4668 2047 4740 gendum
2076 4685 2178 4741 quo
2207 4671 2396 4726 velint.
2421 4672 2549 4729 Post
2574 4673 2694 4730 hmo
2719 4673 2903 4745 accipe
2930 4674 3171 4730 chrisma
3196 4691 3322 4731 cum
3345 4691 3461 4731 vas-

1812 4759 1955 4825 culo,
1986 4766 2039 4814 et
2081 4759 2254 4831 funde
2297 4760 2440 4815 illud
2486 4777 2549 4816 in
2593 4760 2815 4816 modum
2854 4763 3032 4817 crucis
3076 4777 3242 4833 super
3282 4764 3460 4834 ipsam

1813 4864 2014 4920 aquam
2044 4849 2379 4921 baptismatis
2400 4851 2630 4905 invicem
2660 4852 2892 4906 miscens
2916 4852 2994 4907 ita
3021 4851 3243 4908 dicendo
3266 4871 3283 4907 :
3307 4845 3464 4908 Iniué

1815 4937 1901 4993 sio
1932 4938 2268 4995 chrismatis
2298 4938 2528 4995 Domini
2560 4939 2739 4995 nostri
2772 4939 2908 4997 Jesu
2930 4937 3143 4997 Christi
3170 4940 3459 5012 Paracliti,

1816 5026 1875 5082 in
1908 5026 2145 5083 nomine
2191 5032 2406 5084 sancta:
2434 5027 2756 5085 Trinitatis.
2789 5030 2993 5085 Amen.
3025 5032 3090 5087 Et
3117 5032 3229 5087 alio
3257 5032 3413 5089 modo
3444 5050 3463 5090 :

1816 5115 1880 5171 In
1913 5115 2149 5171 nomine
2181 5115 2368 5172 Patris
2391 5121 2454 5172 et
2482 5116 2610 5172 Filii
2641 5121 2699 5173 et
2727 5117 2980 5190 Spiritus
2994 5120 3186 5177 sancti
3211 5123 3464 5178 sanctiﬁ-

1817 5208 1980 5260 cetur
2009 5208 2065 5259 et
2096 5204 2441 5261 fecundetur
2471 5205 2600 5262 fons
2630 5206 2758 5263 iste.
2781 5209 3114 5266 Amen.Hoc
3141 5219 3322 5267 autem
3341 5213 3467 5283 ﬁni-

1817 5298 1868 5350 to
1891 5299 2299 5365 praesen/eatur
2326 5296 2564 5365 infantes
2594 5297 2892 5353 secundum
2938 5300 3185 5357 ordinem
3224 5308 3348 5356 ante
3375 5316 3463 5355 sa-

1816 5382 2100 5447 cerdotem,
2133 5383 2219 5438 his
2244 5400 2482 5455 namque
2511 5386 2571 5440 in
2601 5387 2845 5444 brachiis
2877 5390 3203 5455 tenentibus,
3236 5389 3334 5459 qui
3379 5403 3466 5443 eos

1817 5473 1886 5527 de
1942 5472 2210 5542 baptism
2265 5477 2572 5544 suscepturi
2624 5484 2770 5532 sunt.
2822 5477 2887 5532 Et
2945 5486 3062 5531 tum
3115 5477 3331 5531 demum
3378 5490 3468 5530 sa-

1819 5559 1999 5615 cerdos
2032 5561 2281 5629 singulos
2326 5564 2634 5632 specialiter
2666 5565 2744 5636 (3)
2769 5565 3184 5637 prsenominans
3231 5567 3466 5620 interro-

1820 5682 2070 5748 rnmque
2085 5665 2145 5748 in
2157 5666 2504 5748 hujusm‘odi
2525 5670 2839 5748 ordinibus
2853 5668 3473 5748 baptisandiantiqnis

1820 5737 2023 5811 lingua
2047 5737 2254 5794 Latina
2280 5738 2512 5809 legitur.
2543 5737 2990 5798 Abrenuntiatio
3016 5738 3140 5795 hanc
3171 5737 3389 5799 diaboIi
3418 5744 3476 5799 et
