3844 6200
366 294 486 361 955

1149 296 1484 360 APPEND.
1531 295 1632 358 AD
1678 296 1865 360 SEO.
1911 295 1985 358 X.
2016 330 2095 342 —
2124 296 2625 363 MONUMEN'I‘A
2668 302 2984 365 1.1TURG.
3681 300 3769 363 θῶ

365 429 563 502 get,sic
591 428 825 501 ﬁrmiter
849 428 1162 503 symbolum
1191 447 1251 485 in
1282 430 1446 485 Deum
1471 430 1705 486 habeant
1732 428 1816 485 his
1836 429 2011 486 verbis
2045 431 2091 496 Α
2121 432 2325 489 Amen.
2364 434 2509 489 Tunc
2535 432 2749 489 demum
2778 436 3105 491 extrahatur
3151 435 3349 507 infans
3398 429 3565 505 foras
3610 435 3767 489 cubat-

365 521 431 577 de
458 520 799 577 credulitate.
834 521 912 577 Ita
937 538 956 575 :
987 519 1187 575 Credis
1220 519 1278 575 in
1327 519 1509 574 Deum
1544 519 1769 575 Patrem
1819 518 2010 575 omni-

364 612 661 684 potentem
694 613 1012 665 creatorem
1044 607 1171 664 cmli
1203 612 1259 663 et
1289 612 1452 662 terrae
1471 607 1498 662 ‘t
1526 609 1591 663 Et
1619 616 1892 680 compater
1922 611 2008 664 in-

362 701 454 773 fra
482 700 564 754 sic
590 698 891 770 respondet.
924 697 1125 753 Credo.
1159 696 1289 753 Item
1311 696 1573 752 sacerdos.
1607 696 1806 752 Credis
1853 700 1911 752 et
1947 696 2007 752 in

362 788 564 844 Jesum
595 787 888 843 Christum
918 785 1125 842 Filium
1149 787 1276 857 ejus
1308 785 1545 841 unicum
1574 786 1881 840 Dominum
1906 803 2006 841 no-

363 881 575 942 strum,
610 880 813 932 natum
845 880 901 930 et
929 892 1191 947 passum.
1214 880 1265 940 Ii.
1289 875 1489 930 Credo.
1513 874 2009 931 Sacerdos.Credis

362 971 420 1023 et
446 966 506 1021 in
537 965 816 1037 Spiritum
850 968 1138 1032 sanctum,
1172 968 1435 1018 sanctam
1469 962 1784 1020 Ecclesiam
1817 964 2009 1019 catho-

361 1055 909 1123 licam,Sanctorum
938 1052 1433 1119 communionem,
1455 1052 1858 1107 remissionem
1884 1070 2010 1125 pec-

360 1150 644 1213 catorum,
679 1144 871 1199 carnis
928 1141 1437 1207 resurrectionem,
1468 1140 1645 1196 vitam
1707 1148 2002 1197 aeternam.

357 1240 390 1300 Ii
418 1235 617 1291 Credo.
653 1234 778 1289 Post
820 1234 979 1289 talem
1030 1249 1152 1287 vero
1196 1232 1557 1302 parvulorum
1604 1232 2007 1301 responsionem

352 1324 634 1395 presbyter
660 1324 867 1393 faciens
896 1338 1107 1375 crucem
1138 1337 1263 1375 cum
1291 1321 1601 1375 exorcz’zato
1627 1320 1741 1374 oleo
1774 1322 1828 1374 in
1876 1337 2004 1391 pec-

357 1420 489 1475 tore,
522 1420 572 1466 et
605 1413 746 1465 inter
783 1411 1032 1479 δίγηιιςΙης
1085 1410 1378 1479 infantum,
1405 1423 1492 1462 eos
1540 1408 1892 1476 nominando,
1928 1411 2006 1464 ita

355 1500 548 1556 dicat:
582 1500 649 1554 Et
679 1517 783 1571 ego
814 1504 867 1553 te
900 1498 1038 1553 linio
1071 1496 1194 1552 oleo
1227 1495 1436 1551 salutis
1487 1496 1543 1549 in
1594 1496 1715 1569 Χρο
1744 1496 1848 1552 Ihu
1884 1502 2003 1553 Dno

358 1606 464 1645 nro
497 1589 556 1644 in
587 1587 763 1643 vitam
793 1592 1089 1641 aeternam.
1122 1588 1325 1640 Amen.
1358 1586 1431 1641 Eo
1470 1594 1652 1641 autem
1690 1586 1879 1642 ordine
1925 1588 2005 1642 sic

352 1686 570 1751 peracto
599 1677 878 1749 presbyter
904 1677 1176 1746 accipiens
1209 1676 1444 1746 infantes
1475 1692 1509 1729 a
1551 1675 1870 1746 parentibus
1914 1692 2001 1732 eo-

355 1784 475 1823 ruw
503 1768 641 1823 sicut
660 1767 871 1838 justum
893 1772 989 1830 est,
1024 1772 1075 1821 et
1102 1764 1169 1819 ab
1196 1764 1276 1820 eis
1296 1772 1518 1835 rogatus
1546 1765 1644 1819 sub
1676 1766 1824 1820 trina
1852 1783 2001 1821 mer-

354 1857 506 1912 sione
528 1857 775 1928 primum
802 1854 1070 1909 masculos
1099 1860 1149 1909 et
1173 1853 1513 1925 postmodum
1553 1851 1794 1925 feminas
1832 1857 2006 1910 nomi-

354 1945 537 2001 nando
568 1946 799 2016 baptizaet
827 1944 911 1999 his
952 1944 1151 1997 verhis.
1184 1942 1251 1997 N.
1284 1941 1386 1998 Vis
1416 1941 1718 2014 baptizari.
1752 1947 1803 2009 ﬁ.
1837 1943 1998 2000 Volo.

353 2034 588 2106 Baptizo
619 2038 673 2088 te
704 2033 761 2087 in
795 2031 1029 2087 nomine
1062 2031 1268 2087 Patris.
1302 2031 1366 2087 Et
1412 2032 1684 2100 intingnit
1717 2034 1902 2089 semel.
1936 2037 2003 2089 Et

353 2122 502 2191 Filii,
536 2123 601 2178 Et
627 2123 831 2194 inferat
849 2119 1099 2176 secundo.
1133 2119 1201 2174 Et
1229 2118 1470 2192 spiritus
1510 2119 1719 2175 sancti.
1748 2121 1812 2176 Et
1860 2138 2000 2177 mer-

352 2219 445 2283 gat
470 2214 647 2267 tertio.
679 2210 781 2267 Sed
808 2218 860 2266 et
888 2209 987 2265 hoc
1015 2211 1077 2265 in
1099 2208 1319 2265 modum
1348 2210 1527 2264 crucis
1554 2210 1735 2280 facere
1762 2226 2002 2266 memen-

352 2308 422 2357 to.
456 2302 707 2355 Primum
736 2314 860 2354 vero
891 2299 946 2353 in
979 2297 1297 2353 orientalem
1336 2297 1564 2368 plagam
1599 2300 1685 2368 fer
1731 2300 1998 2370 infantem

346 2388 576 2461 pedibus
604 2388 841 2444 extensis
872 2388 932 2440 in
958 2384 1341 2440 occidentalem
1378 2386 1616 2457 plagam.
1647 2387 1889 2443 Secundo
1939 2390 1999 2443 in

348 2477 648 2543 dexteram,
681 2474 823 2547 quod
850 2482 930 2530 cst
970 2475 1029 2528 in
1077 2474 1372 2528 australem
1426 2474 1668 2545 plagam.
1705 2477 1895 2543 Tertio,
1939 2479 1999 2534 in

347 2565 767 2632 sinistram,hoc
792 2572 869 2618 est
898 2564 957 2617 in
987 2562 1369 2633 aquilonarem
1394 2570 1624 2634 partem.
1660 2565 1795 2619 Cum
1814 2575 1994 2622 autem

348 2654 586 2725 infantes
615 2652 811 2707 etevati
837 2652 1048 2723 fuerint
1075 2667 1110 2705 a
1135 2652 1305 2720 fonte,
1337 2659 1608 2723 compater
1645 2654 1995 2722 singulorum

348 2743 620 2813 accipiens
665 2756 752 2797 eos
792 2740 987 2795 habeat
1030 2739 1182 2794 intra
1238 2738 1451 2808 cubem,
1483 2740 1710 2811 pedibus
1757 2744 1994 2814 infantis

346 2830 523 2886 adhuc
552 2832 608 2885 in
636 2846 780 2902 aqua
809 2829 1229 2885 consistentibus
1258 2828 1423 2884 donec
1438 2830 1720 2902 presbyter
1738 2831 1995 2904 chrysma

344 2921 628 2993 requirens
654 2921 930 2991 praeferat,
954 2919 1179 2974 interim
1203 2934 1404 2989 qvoque
1433 2920 1541 2974 ista
1568 2918 1781 2976 dicente
1799 2939 1817 2976 :
1841 2920 1993 2976 Deus

344 3009 715 3082 omnipotens
747 3007 914 3062 Pater
942 3005 1050 3062 Dni
1074 3006 1163 3061 nri
1195 3007 1303 3061 Ihu
1334 3006 1578 3080 Xpi,qui
1609 3012 1663 3064 te
1694 3025 1993 3083 regenera-

341 3097 425 3153 vit
466 3114 534 3154 ex
588 3113 743 3170 aqua
786 3099 843 3152 et
893 3094 1112 3168 Spiritu
1163 3099 1383 3162 sancto,
1418 3097 1636 3169 quique
1685 3098 1844 3154 dedit
1884 3098 1989 3154 tibi

2120 523 2232 577 lam
2260 529 2311 578 et
2336 525 2524 578 statim
2556 525 2616 579 in
2646 524 2748 579 illa
2773 524 2862 580 die
2886 541 3052 597 usque
3081 525 3216 580 dum
3244 526 3429 579 missa
3458 524 3768 595 percelebra-

2118 619 2210 666 tur
2238 614 2436 683 quanti
2461 614 2575 668 sint
2608 615 2663 668 in
2694 614 2920 669 ecclesia
2947 621 3229 669 maneant.
3265 614 3404 669 Post
3430 615 3671 667 missam
3692 630 3769 666 es-

2117 707 2221 756 tem
2249 709 2542 773 antequam
2587 711 2809 757 sumant
2856 718 3049 774 corpus
3092 710 3142 757 et
3194 703 3551 772 sanguinem
3584 703 3773 757 Domini

2116 791 2205 846 ha?
2233 792 2504 846 orationes
2527 790 2784 846 dicantur
2809 808 2974 863 super
3004 793 3244 863 infantes
3273 792 3503 847 nouiter
3542 791 3776 845 christia-
3842 792 3844 863 ξ

2114 896 2231 935 nos.
2265 879 2531 935 Oremus.
2551 880 2933 953 Omnipotens
2965 878 3320 951 sempiterna
3350 879 3547 944 Deus,
3582 879 3683 951 qui
3710 896 3775 934 τε-

2116 967 2409 1041 generasti
2442 969 2729 1024 famulum
2754 974 2919 1024 tuum
2956 985 3024 1024 ex
3045 985 3199 1041 aqua
3219 973 3281 1023 et
3302 967 3545 1040 Spiritu
3570 975 3772 1027 sancto.
3842 962 3844 987 ⁵

2116 1056 2306 1113 tribue
2354 1058 2404 1114 ei
2456 1058 2797 1113 continuam
2849 1058 3180 1126 sanitatem,
3216 1057 3290 1111 ad
3337 1058 3771 1130 agnoscendam
3842 1046 3844 1111 ξ

2116 1147 2343 1202 utitatis
2372 1150 2485 1202 tua:
2518 1146 2843 1203 veritatem.
2876 1148 3002 1202 Per.

2878 1237 3020 1291 Alia.

2185 1326 2566 1397 Omnipotens
2597 1325 2951 1397 sempiterne
2980 1325 3155 1392 Deus,
3189 1325 3582 1395 majestatem
3627 1330 3773 1379 tuam

2113 1414 2406 1486 supplices
2427 1415 2832 1487 deprecamur,
2867 1418 2932 1469 ut
2962 1414 3119 1469 hunc
3149 1413 3445 1468 famulum
3482 1418 3666 1469 tuum
3697 1415 3769 1469 di-

2112 1502 2308 1577 gneris
2328 1502 2549 1558 serenis
2570 1503 2907 1575 aspectibus
2944 1506 3316 1575 praesentare,
3341 1506 3401 1557 et
3425 1503 3525 1557 cui
3553 1503 3771 1558 donasti

2112 1591 2393 1665 baptismi
2445 1596 2878 1647 sacramentum
2929 1591 3247 1664 longaevam
3280 1590 3522 1647 tribuas
3564 1591 3770 1647 sanita-

2111 1687 2249 1738 tem.
2266 1683 2391 1737 Post
2418 1682 2518 1736 has
2544 1690 2725 1737 autem
2749 1682 3018 1737 orationes
3046 1681 3203 1735 detur
3221 1683 3302 1736 eis
3332 1680 3687 1737 eueharistia
3706 1686 3769 1736 ita

2110 1771 2592 1844 dicendo.Corpus
2619 1775 2675 1826 et
2696 1770 2941 1843 sanguis
2967 1769 3070 1824 Dni
3099 1769 3189 1824 nri
3213 1769 3318 1824 Ihu
3345 1769 3461 1842 Xpi
3486 1772 3771 1826 custodiat

2114 1864 2170 1916 te
2200 1861 2259 1915 in
2284 1860 2463 1915 vitam
2493 1863 2791 1915 aeternam.
2814 1861 3019 1914 Amen.
3047 1862 3165 1914 Hoc
3199 1867 3387 1914 autem
3417 1860 3667 1931 expleto,
3696 1877 3768 1914 re-

2112 1958 2397 2007 vertantur
2438 1952 2498 2005 in
2544 1965 2676 2022 pace
2718 1949 2957 2016 domum,
2990 1956 3040 2004 et
3081 1947 3302 2004 cottidie
3341 1949 3415 2002 ab
3461 1948 3656 2004 eodem
3692 1950 3769 2003 die

2110 2040 2277 2096 donec
2304 2040 2629 2111 expleantur
2646 2046 2844 2110 septem
2861 2037 2975 2094 dies
3005 2045 3241 2110 tempore
3258 2039 3433 2093 etiam
3450 2046 3693 2110 sperata
3704 2040 3763 2104 {it

2112 2131 2295 2185 missae
2323 2130 2558 2184 revisent
2586 2128 2886 2183 ecclesiam.

2428 2216 2676 2289 Explicit
2703 2215 2850 2272 sacri
2883 2216 3023 2271 ordo
3054 2214 3453 2288 baptismatis.

2179 2307 2242 2363 Si
2268 2314 2451 2363 autem.
2482 2306 2737 2376 inﬁrmus
2769 2307 2956 2376 infans
2986 2306 3193 2361 venerit
3230 2305 3303 2359 ad
3346 2304 3760 2375 baptizandam,

2106 2398 2276 2467 faciat
2303 2412 2468 2470 super
2494 2397 2756 2468 scriptum
2784 2394 3033 2450 ordinem
3061 2398 3120 2450 et
3147 2398 3430 2449 aeternam
3463 2410 3533 2449 ac
3557 2394 3762 2465 justis-

2109 2486 2320 2541 simam
2337 2484 2489 2540 addit
2508 2485 2827 2541 orationem.
2849 2482 3138 2539 Medelam
3161 2487 3326 2538 tuam
3351 2482 3761 2555 deprecor,Do-

2108 2572 2264 2629 mine
2279 2577 2477 2629 sancte
2490 2573 2791 2652 Pater,et9.
2806 2573 2949 2628 Dicit
2962 2572 3271 2645 symbotum
3287 2579 3341 2627 et
3355 2573 3665 2627 orationem
3675 2572 3763 2627 Do-

2102 2664 2362 2719 minicam
2383 2670 2433 2717 et
2453 2662 2751 2717 catechizat
2769 2678 2913 2717 eum.
2929 2661 3044 2717 Nec
3065 2665 3122 2717 te
3144 2660 3344 2727 lateat,
3358 2654 3640 2727 Satanas,
3658 2660 3761 2715 im-

2106 2751 2325 2807 minere
2342 2749 2446 2805 tibi
2464 2749 3003 2824 pmnas,imminere
3016 2749 3121 2805 tibi
3136 2748 3761 2823 gehennamﬁmmine;

2103 2857 2163 2896 re
2181 2840 2288 2896 tibi
2305 2839 2460 2895 diem
2466 2838 2859 2912 judicii,diem
2879 2837 3339 2911 supplicii,diem
3362 2838 3465 2909 qui
3479 2841 3756 2894 venturus

2102 2936 2192 2987 est
2213 2929 2368 2986 velut
2385 2928 2657 2985 clibanus
2680 2927 2831 3002 ignis
2856 2946 2869 2984 :
2893 2928 2952 2983 in
2975 2945 3090 3001 quo
3113 2927 3217 2983 tibi
3251 2931 3433 3000 atque
3474 2925 3756 2982 universis

2100 3018 2324 3093 angelis
2345 3018 2462 3075 tuis
2473 3018 2664 3075 veniet
2675 3021 2927 3073 aeternus
2948 3015 3248 3072 interitus:
3265 3014 3750 3088 quapropterdia-

2101 3107 2333 3175 bole,da
2352 3107 2632 3163 honorem
2656 3111 2767 3163 Deo
2787 3106 2914 3162 vivo
2935 3110 2992 3162 et
3015 3122 3149 3161 vero
3171 3110 3232 3161 et
3260 3104 3402 3161 Jesu
3426 3103 3659 3161 Christo
3678 3104 3751 3158 F1-

343 3185 747 3244 remissionem
804 3184 1068 3241 omnium
1128 3189 1515 3257 peccatorum.
1561 3186 1658 3241 Hic
1708 3189 1976 3259 presbyter

2209 3198 2337 3270 ejus
2368 3195 2467 3269 qui
2498 3200 2782 3252 venturus
2810 3199 2899 3251 est
2918 3194 3188 3267 judicare
3218 3193 3379 3250 vivos
3404 3197 3465 3249 et
3493 3197 3747 3248 mortuos

339 3277 549 3346 faciens
603 3277 824 3344 signum
879 3275 1058 3329 crucis
1113 3290 1239 3328 cum
1294 3275 1600 3353 chrysmate
1654 3278 1715 3331 in
1790 3279 1986 3333 vertice

342 3365 595 3436 infantis,
627 3371 678 3419 ct
729 3380 852 3419 eum
906 3364 1196 3419 nominans
1244 3364 1321 3418 ita
1368 3362 1515 3418 dicat
1546 3383 1564 3419 :
1593 3363 1720 3436 Ipse
1771 3370 1825 3421 te
1855 3365 1986 3421 linit

341 3442 658 3509 chrismate
690 3451 897 3508 salutis
923 3451 979 3506 in
1015 3452 1134 3523 Xpo
1168 3452 1274 3506 Ihu
1307 3451 1431 3507 Dno
1471 3458 1668 3508 nostro
1716 3452 1775 3509 in
1806 3455 1982 3510 vitam

338 3547 638 3599 aeternam.
654 3544 857 3597 Amen.
876 3547 998 3597 Post
1018 3541 1136 3597 hazc
1161 3557 1366 3612 ponens
1394 3558 1621 3612 cappam
1640 3560 1806 3615 super
1824 3553 1986 3616 caput

336 3631 455 3703 ejus
512 3640 563 3686 et
618 3647 747 3686 eum
803 3632 1101 3685 nominans
1155 3631 1234 3684 sic
1282 3630 1447 3685 dicat.
1496 3631 1705 3703 Accipe
1762 3637 1983 3688 vestem

339 3718 650 3775 candidam
672 3723 935 3774 sanctam
967 3722 1023 3773 et
1044 3716 1485 3774 immaculatum
1509 3735 1685 3791 quam
1713 3722 1985 3793 praeferas

338 3811 474 3863 ante
502 3806 761 3861 tribunal
793 3805 1005 3863 Christi
1037 3806 1094 3860 in
1128 3805 1363 3862 nomine
1394 3811 1606 3863 sancta:
1655 3809 1981 3867 Trinitatis.

338 3973 474 4046 fidei
506 3972 787 4046 professio
817 3990 947 4029 saec.
973 3990 1100 4046 _v1u,
1127 3972 1335 4046 lingua
1374 3974 1683 4033 Theotisca
1720 3980 1985 4037 adhibita

381 4043 597 4099 rimam
630 4061 665 4098 a
696 4045 851 4099 Luca
880 4043 1177 4100 Holstenio
1207 4043 1275 4100 εἰς
1305 4046 1433 4101 cod.
1482 4049 1736 4105 Palatino
1785 4056 1874 4107 est
1922 4052 1981 4108 in

337 4118 529 4171 lucem
562 4119 1187 4189 protracta,exstatque
1205 4121 1246 4171 t.
1274 4118 1316 4183 Ι,
1339 4134 1501 4172 conc.
1538 4119 1789 4177 German.
1816 4141 1870 4195 p.
1889 4125 1981 4189 5|,

337 4188 397 4268 in
424 4187 544 4268 haec
574 4187 750 4268 νεὶ-[ρετ
771 4204 784 4241 :
814 4210 841 4268 ξ(
867 4186 1237 4268 Ὲοξεᾶορὶειυ
1259 4187 1550 4268 Dioboles?
1570 4196 1984 4268 _etAresponsk.Ec

338 4258 604 4336 lorsacho
625 4257 906 4336 Diobolce.
931 4259 1006 4336 En
1032 4257 1434 4336 _all_umdiob_ol
1457 4260 1661 4336 gelde?
1682 4257 1833 4336 Resp.
1861 4266 1980 4322 End

336 4346 401 4385 ec
432 4329 700 4401 forsacho
721 4328 903 4385 altum
931 4329 1124 4386 diobol
1146 4329 1333 4401 galde.
1360 4328 1486 4386 End
1506 4331 1687 4388 allum
1712 4328 1982 4393 Dioboles

334 4400 637 4456 wercum?
659 4403 812 4472 Resp.
838 4402 962 4456 End
980 4418 1043 4456 ec
1068 4400 1332 4457 forsacho
1353 4402 1534 4458 allum
1558 4404 1828 4462 Dioboles
1840 4425 1987 4463 wer-

334 4489 491 4540 cum,
526 4473 645 4527 und
677 4473 949 4528 wordum
982 4473 1166 4528 thuna
1190 4490 1323 4528 eren
1356 4474 1427 4529 de
1456 4476 1666 4530 woden
1683 4479 1830 4533 ende
1848 4480 1984 4534 Sax-

334 4547 488 4609 note,
512 4544 658 4599 ende
686 4543 879 4599 albam
912 4543 1070 4599 them
1105 4542 1563 4611 unboldum,the
1593 4546 1721 4601 hira
1740 4556 1983 4611 genotas
2017 4542 2061 4603 D

332 4614 478 4691 sint.
500 4614 883 4691 Gelobistujn
916 4616 1044 4691 Got.
1078 4613 1437 4691 almehtigan
1462 4617 1699 4691 Eadaer.
1724 4613 1878 4691 Resp.
1905 4623 1980 4677 Ec

333 4685 539 4759 gelobo
552 4686 618 4759 in
638 4686 748 4759 Got
767 4684 1131 4759 almahtigan
1154 4684 1693 4759 Fadaer.Gelobistu
1718 4690 1773 4744 in
1790 4684 1983 4748 Christ

334 4756 741 4829 GodesSuno?
764 4758 912 4829 Resp.
941 4756 1248 4829 Ec'gelobo
1279 4757 1340 4811 in
1370 4757 1565 4829 Christ
1593 4762 1767 4817 Getes
1798 4765 1977 4820 Suno.

334 4825 634 4901 Gelobistu
668 4828 725 4882 in
758 4825 1387 4901 haloganAGastftResp.
1425 4828 1497 4883 Ec
1522 4829 1726 4901 gelobo
1773 4833 1831 4887 in
1876 4834 1978 4890 ha-

330 4896 505 4972 logon
537 4898 700 4972 Gast.
736 4922 759 4947 ››
793 4896 965 4955 Plura
997 4899 1282 4972 Eccardus
1333 4896 1670 4972 suppeditat
1722 4902 1780 4958 in
1821 4906 1976 4961 Cate-

335 4968 483 5043 chesi
509 4984 611 5043 sua
647 4970 973 5043 Theotisca§
1004 4971 1090 5038 43,
1127 4970 1346 5043 praefat.

406 5037 481 5113 (tr)
508 5037 599 5113 ita
627 5040 805 5113 etiam
837 5037 1011 5097 habet
1051 5037 1206 5113 apud
1258 5040 1609 5097 Martenium
1642 5048 1684 5097 t.
1723 5043 1742 5098 Ι
1776 5050 1852 5100 De
1884 5048 1976 5102 rit.

334 5125 391 5181 p.
417 5110 522 5162 203
551 5110 693 5164 ordo
723 5128 817 5167 xw
847 5110 1183 5168 monasterii
1205 5113 1592 5168 Gladhacensis
1611 5133 1628 5178 ;
1650 5114 1879 5172 videtur
1898 5122 1981 5173 ta-

335 5180 468 5235 men
496 5180 1105 5256 mcndumirrepsisse
1126 5201 1192 5238 ac
1221 5184 1529 5256 legendum
1554 5192 1789 5256 tempore
1817 5192 1982 5245 etiam

335 5200 468 5235 men
496 5200 773 5262 mpnuum
803 5200 1105 5254 ιιτθρειεεϐ
1126 5201 1192 5238 ac
1222 5200 1529 5310 legendum
1554 5200 1789 5256 tempore
1817 5200 1981 5245 etiam

332 5258 660 5323 vespertinae
699 5254 1116 5327 Δθηίδδίιεηιεόινιςε
1160 5256 1271 5309 scri
1319 5273 1363 5327 aa
1408 5256 1698 5327 sequioris
1746 5260 1847 5313 aevi
1898 5261 1981 5316 ita

332 5328 556 5379 textum
586 5324 1375 5402 mutaruntignarinotioris
1406 5324 1601 5402 missa:
1632 5329 1978 5402 antiquioris

332 5412 436 5466 pro
454 5393 788 5468 synaxi,aut
804 5393 1133 5468 collebta,u_t
1150 5397 1228 5451 t.l
1253 5397 1507 5468 Disquis.
1523 5414 1600 5464 Iv,
1617 5393 1981 5463 0.1,ostendi-

332 5465 464 5541 _mus
489 5465 841 5541 auctoritate
876 5466 1026 5520 inter
1054 5465 1168 5541 alia
1199 5465 1712 5541 concCAgathensis
1732 5490 1826 5528 an.
1848 5476 1974 5541 506,

333 5536 388 5592 in
422 5556 537 5608 quo
568 5554 695 5593 can.
730 5540 799 5592 3U
830 5538 909 5593 ita
954 5537 1234 5594 statuitur
1265 5554 1278 5591 :
1311 5540 1373 5594 In
1403 5536 1747 5598 conclusione
1793 5536 1975 5600 metu;

329 5610 576 5686 tinarum
623 5610 706 5686 vel
768 5610 1200 5686 vespertinarum
1255 5611 1564 5686 missurum
1593 5620 1710 5681 post
1751 5615 1979 5686 hymnos

329 5680 585 5751 capitella
612 5681 675 5737 de
702 5680 929 5752 psalmis
957 5680 1091 5748 dici,
1122 5688 1173 5737 et
1204 5680 1417 5751 plebem
1460 5680 1682 5738 collecta
1732 5680 1979 5745 oratione

2092 3291 2150 3342 et
2173 3284 2454 3341 saeculum
2488 3302 2590 3357 per
2638 3284 2853 3358 ignem.
2890 3284 2949 3339 In
2978 3284 3148 3355 cujus
3179 3282 3419 3338 nomine
3446 3286 3503 3337 et
3537 3282 3743 3337 virtute

2093 3376 2297 3447 adjuro
2324 3375 2766 3448 te,quicumque
2799 3391 2861 3429 es
2889 3372 3234 3428 immundus
3278 3371 3525 3444 spiritus
3549 3369 3613 3427 in
3644 3370 3739 3425 hoc

2084 3465 2336 3537 jacentis
2367 3480 2607 3536 corpore
2638 3461 3010 3529 constitutus,
3029 3465 3094 3516 ut
3122 3477 3292 3517 exeas
3314 3464 3372 3516 et
3392 3460 3633 3515 recedas
3663 3460 3728 3513 ab

2092 3570 2158 3610 eo
2183 3554 2248 3608 lia
2261 3557 2398 3626 tque
2418 3570 2518 3609 vas
2541 3551 2828 3606 mundum
2852 3551 2925 3605 ad
2943 3550 3350 3606 advenientem
3365 3550 3491 3621 jam
3515 3548 3735 3603 nuncin

2094 3660 2155 3698 se
2186 3642 2482 3716 spiritum,
2516 3640 2712 3713 sitque
2740 3639 2915 3695 etiam
2948 3638 3232 3711 templum
3258 3638 3361 3693 Dei
3402 3636 3536 3704 vivi,
3568 3652 3735 3708 quem

2093 3731 2246 3787 Deus
2277 3735 2334 3786 et
2363 3730 2648 3787 Dominus
2681 3733 2881 3785 noster
2898 3729 2969 3784 ad
2991 3744 3162 3784 suam
3194 3731 3465 3783 sanctam
3495 3725 3735 3799 gratiam

2090 3837 2294 3876 vocare
2320 3820 2597 3893 dignatus
2618 3822 2726 3873 est.
2742 3818 2868 3873 Per.
2882 3819 2945 3873 Et
2973 3818 3190 3889 reliqua
3207 3818 3386 3887 faciat
3403 3818 3542 3871 sicut
3564 3817 3623 3869 in
3646 3815 3738 3868 ista

2093 3986 2163 4040 ad
2210 4001 2485 4057 vesperam
2533 4003 2659 4041 cum
2703 3985 3067 4057 benedictione
3095 3986 3323 4057 dimitti.
3362 3985 3594 4057 Integra
3638 3982 3738 4057 hac

2094 4053 2464 4133 hebdomade
2486 4056 2747 4133 paschali
2770 4058 3159 4133 vespertinam
3185 4053 3538 4133 celebratam
3568 4053 3737 4133 fuisse

2093 4127 2338 4201 synaxin
2371 4143 2437 4201 ex
2470 4126 2632 4183 conc.
2653 4126 3059 4201 _Mutisc6nensi_
3085 4128 3322 4201 an._585
3352 4126 3735 4201 discimqsxin

2136 4194 2208 4255 uo
2238 4216 2368 4265 can,
2406 4200 2465 4254 11
2504 4199 2798 4255 sancitum
2829 4206 2916 4255 est
2948 4200 3018 4256 de
3048 4198 3423 4255 hebdomade
3450 4194 3731 4269 paschali:

2138 4273 2157 4325 t
2188 4270 2304 4325 illis
2333 4272 2695 4327 sanctissimis
2725 4287 2822 4326 seat
2848 4271 3035 4326 diebus
3066 4271 3257 4325 nullus
3275 4269 3475 4325 servile
3496 4284 3626 4340 opus
3643 4282 3733 4320 aa-

2090 4342 2211 4397 deat
2237 4344 2439 4413 facere,
2468 4342 2560 4397 sed
2587 4358 2772 4398 omnes
2799 4343 2967 4397 simul
3014 4342 3314 4397 coadunati
3362 4341 3577 4411 hymnis
3617 4354 3735 4413 pas-

2089 4411 2339 4468 chalibus
2369 4413 3197 4485 indulgentes,perseverationis
3220 4422 3422 4485 nostrae
3439 4411 3733 4482 praesertim

2091 4485 2427 4556 quotidiani:
2456 4483 2758 4554 sacrificiis
2795 4484 3158 4551 ostendamus,
3210 4483 3499 4539 laudantes
3539 4488 3729 4537 creato-

2094 4572 2227 4621 rem,
2260 4564 2311 4611 et
2330 4563 2766 4626 regeneratorem
2786 4564 3031 4611 nostrum
3058 4571 3297 4626 vespere,
3334 4570 3515 4616 mane,
3544 4568 3592 4608 6!
3632 4566 3733 4605 πιε-

2092 4626 2252 4707 ιζίάίθ.
2284 4625 2851 4707 Nicaeenses???
2870 4625 3731 4707 βρεπίιῖυίὲιτξυενίξκὶ,θξηθίν

2090 4697 2220 4753 dem
2254 4693 2753 4753 concilio'notavit
2774 4696 3148 4754 Mabillonius
3172 4703 3249 4753 De
3271 4693 3383 4751 litt.
3414 4695 3553 4752 Gali.
3574 4693 3676 4748 lib.
3697 4709 3731 4757 ι,

2089 4769 2225 4850 9-5,
2263 4786 2401 4850 (ιιιεεςΔ
2422 4784 2549 4824 can.
2568 4768 2622 4849 ξ),
2643 4768 3144 4850 dicuntur_ordine
3167 4765 3642 4850 quadrgggsimali
3658 4779 3737 4850 of

2088 4835 2325 4921 lebrari,
2353 4835 2636 4921 atquein
2696 4856 2875 4921 conc._
2916 4842 3144 4921 Vasensi
3176 4835 3297 4921 'an:
3346 4838 3476 4902 529,
3538 4835 3732 4898 can.3,

2089 4909 2631 4983 quadragesimales
2677 4916 2974 4978 vocantur,
3009 4912 3227 4983 quibus
3278 4910 3487 4965 horam
3545 4921 3735 4983 nonat}!

2085 4977 2175 5036 vel
2206 4977 2494 5054 decimant
2519 4982 2784 5054 assignat
2830 4977 2991 5038 conc.
3026 4977 3075 5039 Ιῐ
3125 4985 3480 5054 Bracarense,
3514 4996 3640 5054 can.

2087 5057 2153 5126 In
2186 5052 2430 5109 concilio
2460 5048 2836 5109 Aureliacensi
2863 5054 2959 5121 III,
2989 5071 3040 5111 c.
3071 5055 3142 5109 29
3179 5053 3447 5126 sancitur
3479 5068 3493 5105 :
3528 5048 3737 5126 Sacriﬁ-

2086 5125 2176 5179 cia
2204 5141 2329 5180 vero
2355 5127 2639 5180 matutina
2666 5128 2984 5191 missarum,
3014 5128 3127 5182 sive
3156 5125 3484 5196 vespertina,
3527 5138 3597 5175 ne
3624 5125 3733 5191 quis

2086 5211 2211 5249 cum
2240 5197 2413 5268 armis
2460 5197 2861 5268 pertinentibus
2906 5196 2977 5252 ad
3020 5197 3287 5252 bellorum
3337 5210 3505 5250 usum
3530 5198 3732 5265 spectet.

2088 5268 2232 5348 Quae
2255 5265 2688 5348 qualiacunque
2718 5267 2857 5348 sint,
2892 5269 2963 5323 ad
2995 5268 3246 5341 priorem
3292 5270 3451 5348 certe
3500 5276 3730 5348 capsum

2088 5333 2357 5409 pertinet,
2393 5338 2548 5409 quod
2592 5333 2658 5409 in
2712 5333 2915 5394 eodem
2965 5333 3126 5395 conc.
3176 5355 3315 5409 can._
3343 5338 3432 5402 14,
3466 5333 3735 5409 statuitur

2086 5405 2158 5482 de
2191 5405 2509 5482 missarum
2543 5408 2877 5464 celebritate
2928 5410 2985 5464 in
3042 5407 3361 5482 praecipuis
3403 5405 3731 5482 solemnita-

2086 5478 2266 5545 tibus,
2299 5488 2360 5534 ut
2385 5479 2521 5535 hora
2551 5482 2713 5535 tertia
2759 5477 3061 5537 missarum
3099 5477 3395 5536 celebratio
3439 5477 3727 5545 inchoatur.

2086 5567 2190 5622 quo
2252 5541 2478 5620 facilius
2530 5553 2699 5623 intra
2762 5552 2931 5623 horas
2992 5559 3345 5623 competentes
3404 5550 3613 5621 possint
3670 5541 3731 5597 ad

2085 5625 2393 5706 vespertina
2447 5622 2655 5693 ofﬁcia,
2715 5622 2773 5678 id
2826 5631 2902 5680 est
2954 5622 3251 5696 vespcrtino
3320 5629 3559 5692 tempore
3608 5630 3728 5672 ωηο

2084 5710 2183 5750 ven
2192 5711 2293 5750 ινο.
