3844 6200
361 315 481 379 959

1137 309 1472 373 APPEND.
1518 311 1622 373 AD
1668 311 1854 373 διες.
1900 309 1976 373 Χ.

2154 308 2619 385 [ONUMENTA
2660 325 2950 392 LITURG
2965 376 2979 390 .
3691 331 3773 394 960

362 460 487 514 tum
504 454 772 512 sanctum
789 447 848 507 in
865 445 1055 521 igneis
1069 444 1287 518 linguis
1298 444 1465 539 dedit
1485 444 2004 539 discipulis,ipsius
2029 442 2090 514 Α
2118 451 2401 524 templum
2421 455 2603 530 gloria
2624 477 2727 517 sue
2747 461 3061 536 dignanter
3078 462 3482 523 inhabitando
3508 465 3774 539 perﬁciat

359 543 752 604 illustrations
777 538 951 595 corda
980 539 1171 593 vestra
1196 534 1524 607 perlustret,
1539 539 1716 607 atque
1738 535 1796 589 in
1828 551 2003 590 suum

342 650 619 693 ,ιωοι-θεῃ
672 628 894 702 jugiter
934 626 1231 683 accendat.
1278 627 1482 680 Amen.
1531 623 1817 687 Quatinus
1876 624 2001 695 ejus

358 727 513 783 dono
540 739 576 778 a
606 717 834 776 cunctis
860 715 1018 771 vitiis
1048 713 1370 780 emundati,
1400 711 1705 785 ipsiusque
1752 712 2003 785 opitula-

359 814 517 870 tione
572 810 645 868 ab
705 806 982 864 omnibus
1052 801 1503 858 adversitatibus
1555 800 1801 865 defensi,
1856 805 2002 857 tem-

348 903 522 978 plum
553 901 680 972 eius
708 894 857 955 efﬁci
890 906 1241 950 mereamUs.
1274 891 1435 954 Quod
1467 890 1591 963 ipse
1620 894 1893 963 praestare
1921 891 2005 947 di-

359 995 591 1067 gnetur.
650 978 657 985 ’

744 1076 827 1131 Ex
860 1073 992 1130 Cod.
1023 1070 1325 1127 .San-Blas.
1357 1085 1486 1127 saec.
1518 1072 1606 1124 1X.

426 1170 503 1227 Ad
558 1164 992 1236 conﬁrmandum
1048 1176 1273 1233 pueros;
1319 1161 1607 1231 Episcopus
1662 1158 1808 1214 dicat
1851 1176 1870 1213 :
1915 1158 2003 1214 Sit

355 1274 567 1316 nomen
616 1254 730 1312 ‘Dni
775 1250 1167 1309 benedictum.
1204 1249 1515 1304 Assistentes
1546 1266 1565 1303 :
1596 1248 1676 1302 Ex
1704 1246 1813 1302 hoc
1844 1264 2000 1303 nunc

340 1353 410 1406 et
436 1363 624 1419 usque
668 1344 728 1400 in
779 1340 1079 1397 saeculum.
1113 1340 1288 1410 Episc.
1322 1336 1693 1407 Adjutorium
1732 1340 1996 1392 nostrum

351 1439 413 1494 in
471 1436 707 1494 nom'ne
755 1431 881 1487 Dni.
939 1430 1262 1485 .—lssistcntes
1294 1445 1312 1483 :
1343 1426 1445 1503 qui
1494 1424 1629 1482 fecit
1671 1424 1883 1481 coelum
1943 1428 2000 1480 et

351 1532 588 1585 terram.
618 1524 887 1579 Oremus.
912 1517 1295 1588 Omnipotens
1327 1515 1682 1587 sempiterne
1708 1512 1996 1586 Deus,qui

338 1628 692 1690 ‘-regenerase
712 1610 988 1683 dignatus
1016 1609 1106 1663 est
1135 1604 1291 1661 hunc
1312 1603 1598 1660 famulum
1628 1607 1686 1659 et
1714 1602 1995 1659 famulam

349 1709 513 1761 tuam
544 1719 614 1759 ex
642 1713 798 1772 aqua
818 1703 878 1754 et
905 1695 1126 1768 Spiritu
1175 1697 1413 1749 sancto:
1438 1692 1663 1764 Quique
1701 1690 1912 1748 dedisti
1944 1691 1994 1747 ei

342 1791 754 1851 remissionem
781 1785 1047 1844 omnium
1080 1786 1469 1856 peccatorum,
1502 1780 1754 1838 immitte
1802 1780 1861 1836 in
1909 1779 1995 1836 eis
2024 1814 2072 1880 Β

342 1882 748 1955 septiformem
761 1876 1045 1949 Spiritum
1068 1876 1235 1928 tuum
1258 1874 1527 1927 sanctum
1552 1869 1903 1927 Paraclitum
1924 1870 1994 1925 de

347 1971 722 2030 celis.Amen.
737 1964 1019 2039 Spiritum
1042 1960 1331 2034 sapiencie
1350 1964 1410 2016 et
1430 1957 1990 2016 intellectus.Amen.

340 2060 629 2134 Spiritum
679 2053 906 2114 consilii
949 2056 1008 2109 et.
1057 2049 1436 2108 fortitudinis.
1469 2051 1672 2106 Amen.
1708 2048 1992 2120 Spiritum

345 2149 594 2208 sciencie
623 2149 681 2203 et
710 2142 940 2218 pietatis
983 2142 1188 2197 Amen.
1221 2138 1491 2211 Adimple
1519 2154 1617 2194 eos
1647 2136 1865 2210 Spiritu
1916 2136 1994 2192 ti-

346 2238 528 2297 moris
558 2236 665 2302 tui,
696 2238 753 2292 et
798 2231 1080 2303 consigna
1127 2227 1180 2285 ei
1231 2228 1399 2301 signo
1429 2226 1622 2282 crucis
1670 2224 1883 2282 Christi
1932 2224 1990 2279 in

350 2326 522 2383 vitam
580 2321 940 2397 propiciatus
990 2322 1270 2377 sternam.
1322 2320 1430 2371 Per
1487 2314 1784 2371 Christum
1843 2319 1992 2369 Dum

346 2428 499 2469 nrm.
538 2414 682 2467 Tunc
700 2408 972 2480 inquisito
1002 2405 1432 2476 uniuscujusque
1457 2405 1700 2471 nomine,
1727 2411 1779 2459 et
1826 2405 1994 2459 intin-

344 2510 425 2559 cto
455 2500 648 2573 pollice
672 2515 733 2554 in
760 2494 1254 2565 chrismate,faciat
1281 2508 1495 2548 crucem
1521 2493 1583 2547 in
1609 2494 1790 2563 fronte
1818 2492 1995 2562 cujus-

345 2590 475 2647 libet
526 2603 717 2645 eorum
766 2585 1003 2641 dicens:
1032 2581 1325 2653 Consigno
1373 2584 1429 2636 te
1475 2579 1643 2653 signo
1693 2579 1902 2647 crucis,
1936 2585 1994 2637 et

343 2678 627 2735 contlrmo
655 2679 711 2732 te
740 2672 1059 2731 chrismate
1089 2668 1320 2728 salutis.
1353 2671 1419 2726 In
1450 2667 1686 2725 nomine
1716 2668 1905 2725 Patris
1935 2672 1993 2726 et

342 2765 473 2824 Filii
504 2768 562 2823 et
582 2762 841 2837 Spiritus
872 2760 1079 2818 sancti.
1112 2760 1315 2815 Amen.

415 2856 678 2913 Omnibus
698 2854 880 2925 itaque
898 2866 1023 2907 cum
1040 2856 1224 2906 sancto
1243 2849 1538 2905 chrismate
1556 2848 1787 2920 signatis
1805 2848 1951 2904 dicat
1969 2868 1989 2905 :

344 2946 459 3005 Pax
488 2948 703 3005 tecum.
737 2943 809 2997 Et
836 2956 971 2997 cum
1002 2937 1213 3012 spiritu
1247 2941 1366 2994 tuo.
1391 2937 1535 2995 Ecce
1571 2936 1655 2994 sic
1686 2936 1988 2994 benedice-

338 3038 439 3091 tur
466 3033 665 3097 homo,
695 3029 796 3103 qui
825 3029 994 3084 timet
1022 3026 1355 3084 Dominum.
1389 3025 1704 3083 Benedicat
1744 3044 1846 3083 vos
1876 3026 1988 3083 Do-

341 3123 541 3179 minus
586 3137 656 3177 ex
701 3116 883 3191 Syon!
919 3119 977 3173 et
1029 3114 1273 3171 videatis
1330 3115 1482 3171 bona
1530 3114 1591 3170 in
1634 3114 1984 3181 Jerusalem,

2116 540 2222 597 Per
2260 543 2410 600 Dnm
2460 552 2748 606 nostrum.
2782 552 2938 608 Circa
2990 555 3137 611 istud
3183 558 3442 628 ofﬁcium
3492 557 3773 612 notandus

2111 638 2209 698 est,
2243 633 2384 703 quod
2439 638 2491 691 si
2528 640 2809 712 episcopus
2852 651 3074 714 propter
3113 647 3324 716 passim
3379 654 3437 701 et
3494 650 3777 701 successit:

2111 721 2404 790 venientes,
2458 726 2706 784 collectas
2773 730 3066 801 praedictas
3149 736 3363 789 iaciens
3441 750 3570 790 non
3638 741 3777 805 possit

2112 808 2309 878 dicere,
2393 816 2661 884 quocieng
2732 821 3002 891 contingit
3080 821 3329 878 homines
3416 822 3778 891 singulariter

2111 900 2586 971 conﬁrmacionem
2660 909 2959 978 requirere,
3037 910 3235 966 saltem
3322 914 3386 966 in
3454 912 3589 981 ﬁne
3661 912 3771 975 diti.

2112 988 2169 1043 id
2222 998 2302 1046 est
2350 1000 2472 1063 post
2526 996 2940 1068 completorium
3000 1014 3091 1055 eas
3143 999 3321 1056 dicere
3399 1016 3529 1056 non
3592 1002 3775 1057 obnat-

2110 1085 2208 1134 tat.

2253 1169 2354 1238 (E'x
2382 1170 2511 1227 cod.
2542 1171 2715 1228 Vind.
2747 1174 2852 1230 Th.
2884 1178 3009 1242 277,
3044 1194 3174 1243 sae,
3207 1193 3308 1233 xu.
3341 1177 3439 1233 vel
3474 1182 3647 1244 xm.)

2449 1261 2852 1319 Benedictiones
2878 1282 3042 1337 super
3065 1268 3438 1337 conﬁrmatos.

2177 1345 2430 1417 Spiritus
2462 1354 2700 1407 sanctus
2731 1353 3103 1425 superveniat
3133 1354 3190 1409 in
3224 1372 3347 1421 vos,
3375 1360 3440 1411 et
3468 1355 3771 1412 virtusAl-

2107 1432 2319 1490 tissimi
2350 1436 2475 1493 sine
2509 1443 2742 1509 peccato
2773 1442 3067 1497 custodiat
3096 1444 3630 1501 vos.Amen.AIia.
3656 1445 3770 1501 Om-

2106 1523 2376 1596 nipotens
2405 1526 2760 1598 sempiterne
2789 1529 2963 1597 Deus,
2996 1532 3095 1602 qui
3119 1548 3366 1605 regnare
3398 1536 3523 1589 etc.
3552 1534 3627 1588 Et
3658 1533 3772 1593 duit

2104 1613 2385 1683 episcopus
2423 1613 2717 1671 Conﬁrmo
2765 1622 2819 1673 te
2872 1618 2931 1672 in
2975 1620 3209 1675 nomine
3240 1620 3435 1676 Patris
3467 1626 3535 1677 et
3568 1622 3700 1678 Filii
3726 1630 3769 1678 et

2106 1700 2361 1773 Spiritus
2389 1703 2597 1759 sancti.
2631 1707 2835 1761 Amen.
2871 1707 2983 1763 Pax
3034 1712 3229 1765 tecum
3284 1712 3520 1765 etcum
3560 1712 3765 1783 Spiritu

2104 1790 2225 1845 tuo.
2259 1790 2508 1863 Signum
2555 1793 2660 1865 Xpi
2712 1794 2770 1849 in
2816 1794 2995 1852 vitam
3044 1800 3347 1853 aeternam.
3383 1799 3611 1855 Amen.
3666 1802 3762 1858 Pa:
3842 1834 3844 1839 -

2105 1882 2319 1935 tecum.
2356 1880 2421 1934 Et
2446 1898 2579 1936 cum
2612 1882 2829 1954 Spiritu
2861 1888 2982 1940 tuo.
3008 1885 3160 1942 Deus
3192 1887 3294 1959 qui
3325 1888 3631 1961 apostolis
3655 1892 3757 1945 tuis

2102 1971 2210 2023 etc.
2251 1972 2404 2024 Tunc
2425 1962 2758 2042 pronunciat
2802 1973 2945 2030 diae.
2978 1973 3296 2030 Humiliate
3337 1993 3444 2031 vos
3476 1979 3556 2032 ad
3594 1978 3761 2035 bene-
3842 1988 3844 2051 ί

2102 2055 2435 2113 dictionem.
2455 2058 2573 2114 Deo
2602 2060 2840 2133 gratias.
2868 2064 2933 2117 Et
2969 2064 3255 2136 episcopus
3300 2065 3388 2121 det
3421 2067 3759 2122 benedidie-

2099 2146 2642 2220 nem.0mnipotens
2668 2149 2836 2217 Deus,
2858 2151 2959 2223 qui
2981 2168 3083 2207 vos
3105 2151 3241 2207 fecit
3266 2169 3427 2226 aqua
3446 2154 3761 2227 baptisma-

2099 2234 2178 2289 tis
2208 2234 2453 2303 renasci,
2469 2235 2595 2307 ipse
2616 2254 2717 2293 vos
2738 2239 3072 2295 corroboret
3091 2240 3246 2296 dono
3272 2242 3618 2313 septiformi
3637 2245 3760 2317 Spi-

2102 2321 2250 2379 ritus
2280 2323 2558 2397 paraclyti
2586 2342 2598 2379 :
2624 2326 2766 2398 quia
2796 2327 2880 2383 sic
2910 2327 3291 2385 benedicatur
3320 2332 3521 2387 omnis
3568 2331 3756 2399 homo,

2101 2412 2202 2484 qui
2234 2412 2402 2468 timet
2431 2413 2747 2470 Dominum
2779 2420 2843 2471 ut
2862 2416 3084 2473 habeat
3114 2419 3279 2492 regni
3301 2418 3568 2477 caelestis
3592 2422 3747 2477 intro

2102 2501 2271 2557 itum.
2304 2503 2509 2557 Amen.
2544 2503 2687 2559 Alia.
2722 2504 3037 2562 Benedicat
3063 2507 3226 2563 vobis
3257 2524 3327 2564 ex
3362 2508 3527 2577 Sion,
3571 2516 3638 2566 ut
3680 2509 3755 2566 vi-
3842 2514 3844 2525 '

2100 2589 2289 2646 deatis
2309 2590 2464 2647 bona
2483 2588 2810 2650 Jerusalem
2833 2596 3111 2652 omnibus
3134 2595 3345 2654 diebus
3365 2597 3502 2654 vita:
3525 2604 3750 2665 nostra,

2100 2682 2156 2733 et
2180 2677 2238 2733 in
2266 2678 2542 2735 omnibus
2573 2682 2823 2737 sumatis
2854 2688 3091 2740 scutum
3123 2685 3281 2757 fidei,
3314 2692 3381 2741 ut
3412 2689 3748 2744 mereamini
3842 2742 3844 2767 ε

2099 2766 2158 2823 in
2191 2767 2400 2823 castris
2431 2769 2627 2825 aeterni
2664 2771 2818 2843 regis
2867 2772 3103 2830 ascribi.
3138 2775 3299 2829 Alia.
3332 2773 3745 2849 Custodiatque
3842 2786 3844 2789 '

2097 2871 2198 2911 vos
2228 2855 2437 2912 timore
2472 2856 2849 2914 sanctissimo
2880 2859 2993 2928 sui,
3027 2866 3084 2917 et
3110 2862 3336 2918 tribuat
3375 2863 3549 2919 vobis
3601 2866 3746 2937 pacis

2097 2942 2403 3016 unitatem,
2433 2948 2489 3000 et
2519 2950 2721 3001 contra
2747 2963 2953 3003 omnes
2983 2948 3183 3005 hostes
3215 2949 3519 3006 victoriam
3558 2953 3748 3008 trium-

2096 3030 2353 3104 phalem,
2388 3037 2454 3087 ut
2483 3032 2852 3107 signaculum
2905 3036 3060 3101 ﬁdei,
3093 3038 3251 3109 quod
3303 3039 3538 3105 tenetis,
3573 3058 3743 3114 usque

2095 3119 2161 3176 in
2190 3120 2365 3176 tinem
2400 3121 2773 3194 impollutum
2806 3126 3174 3181 custodiatis.
3204 3132 3413 3183 Amen.
3449 3129 3613 3194 Quod
3634 3128 3741 3202 ipse

339 3211 616 3269 omnibus
648 3181 856 3265 diebus
886 3206 1000 3262 vite
1040 3208 1247 3260 vestro.
1282 3202 1474 3262 Gloria
1523 3204 1677 3260 Patri
1730 3207 1840 3259 etc.
1876 3204 1988 3260 Pax
2017 3181 2059 3247 (ἶ
2097 3212 2372 3282 praestare
2403 3181 2815 3284 dignetur,qui
2849 3230 2983 3269 cum
3015 3214 3184 3270 Patre
3214 3221 3271 3270 et
3301 3181 3532 3288 Spirilu
3545 3181 3742 3273 vsa—13s

341 3305 556 3358 tecum.
580 3300 651 3355 Et
680 3313 813 3355 cum
845 3293 1056 3369 spiritu
1086 3297 1208 3349 tuo.
1232 3294 1497 3360 Oremus,
1524 3292 1697 3360 Deus,
1723 3293 1823 3364 qui
1848 3309 1984 3364 apo-

339 3384 533 3448 stolis'
566 3386 683 3443 tuis
731 3388 1000 3445 sanctum
1050 3381 1262 3439 dedisti
1311 3380 1620 3453 Spiritum,
1653 3389 1709 3437 et
1736 3398 1840 3454 per
1885 3398 1985 3437 eos

338 3491 661 3548 eorumque
685 3488 1052 3530 successores
1080 3469 1401 3542 ceterisque
1435 3467 1704 3525 fidelibus
1750 3470 1984 3525 traden-

338 3567 479 3623 dum
509 3581 639 3621 esse
667 3561 897 3618 voluisii
933 3578 945 3617 :
982 3559 1202 3631 respice
1223 3557 1519 3631 prepicius
1544 3558 1614 3613 ad
1634 3557 1986 3615 humilitatis

338 3658 534 3711 nostre
582 3650 952 3714 famulatum,
981 3652 1039 3704 et
1084 3651 1391 3719 presta,ut
1439 3646 1618 3718 hujus
1665 3663 1783 3712 cor,
1816 3648 1986 3719 cujus

337 3724 587 3798 frontem
619 3756 783 3795 sacro
805 3737 1118 3794 chrismate
1149 3734 1544 3799 delinivimus,
1577 3739 1635 3791 et
1654 3735 1823 3808 signo
1853 3753 1985 3790 cru-

337 3829 423 3886 cis
450 3827 907 3901 designavimus.
933 3825 1075 3881 Item
1108 3823 1363 3896 Spiritus
1394 3827 1635 3880 sanctus
1667 3824 1983 3880 adveniens

2094 3296 2233 3352 vivit
2261 3301 2318 3353 et
2346 3296 2633 3370 gloriatur
2661 3300 2815 3357 Deus
2848 3319 2955 3374 per
3002 3302 3204 3359 omnia
3247 3303 3469 3361 saecula
3518 3306 3739 3362 saculo-

2094 3386 2808 3445 rum.Amcn.Benedictio
2838 3389 2938 3445 Dei
2972 3389 3159 3446 Patris
3190 3396 3249 3448 et
3270 3392 3403 3448 Filii
3425 3399 3485 3450 et
3506 3394 3740 3467 Spiritus

2094 3473 2280 3529 sancti
2325 3473 2596 3531 descend.
2634 3478 2944 3533 Benedictio
2998 3480 3127 3535 item
3171 3498 3339 3553 super
3385 3484 3734 3552 conﬁrmatos.

2094 3562 2407 3619 Benedicat
2452 3581 2554 3619 vos
2603 3570 2708 3621 etc.
2755 3575 2816 3622 ut
2855 3583 3045 3639 supra.
3088 3569 3233 3624 Alia.
3268 3569 3608 3627 Benedictio
3649 3572 3732 3627 Dei

2094 3650 2281 3707 Patris
2309 3656 2365 3707 et
2395 3650 2521 3706 Filii
2552 3658 2608 3709 et
2636 3653 2891 3727 Spiritus
2922 3656 3132 3712 sancti.
3161 3658 3233 3712 Et
3271 3676 3388 3730 pax
3416 3660 3644 3716 Domini
3670 3660 3733 3716 sit

2093 3757 2324 3813 semper
2352 3740 2677 3799 vobiscum.
2710 3744 2781 3799 Et
2809 3761 2943 3801 cum
2975 3745 3185 3818 spiritu
3222 3750 3347 3803 tuo.
3386 3748 3470 3804 Ile
3502 3750 3559 3805 in
3590 3766 3727 3822 pace.

2093 3827 2209 3884 Deo
2239 3828 2480 3902 gratias.
2601 3824 2604 3826 ⁷

1376 4120 1931 4209 JUDIClUM
1987 4119 2704 4234 PQENITEN'I‘IS

644 4280 679 4311 ο
930 4272 1033 4344 (Ex
1063 4269 1476 4342 antiquissimo
1505 4270 1859 4328 Alemannis:
1889 4272 2342 4329 sacramentario
2374 4274 2675 4349 Rhenaug.
2710 4294 2847 4333 ann.
2880 4276 2958 4333 M.
2992 4277 3153 4347 circ.)

1832 4420 2258 4434 *—

405 4554 775 4612 Diversarum
799 4553 875 4625 (8)
896 4551 1201 4623 culparum
1232 4547 1624 4605 diversitatem
1659 4548 1796 4605 facit
1824 4548 1982 4621 peni-
2010 4549 2057 4613 D
2092 4566 2193 4605 nes
2245 4551 2323 4622 (9)
2372 4555 2598 4608 curant.
2641 4555 2729 4607 Ita
2785 4552 2965 4626 igitur
3010 4559 3078 4611 ‘et
3134 4554 3487 4628 spirituales
3548 4553 3731 4612 medici

333 4643 683 4712 tentiarum;
719 4658 854 4698 nam
886 4645 945 4697 et
973 4654 1282 4711 corporum
1316 4636 1523 4693 medici
1576 4637 1805 4693 diversa
1852 4655 1980 4693 me-

335 4734 668 4805 dicamenta
694 4730 1011 4804 generibus
1040 4730 1430 4799 componunt;
1464 4724 1632 4783 aliter
1660 4726 1816 4782 enim
1858 4725 1985 4782 vul-

336 4836 495 4887 nera,
522 4819 691 4877 aliter
721 4820 1015 4885 morbum,
1039 4815 1206 4873 aliter
1236 4818 1517 4881 tumores,
1534 4813 1701 4871 aliter
1730 4816 1988 4887 putredi-

409 4941 486 5013 (7)
516 4942 617 5021 Sic
633 4942 985 5021 inscribitur
1013 4940 1155 5021 ordo
1185 4937 1646 5021 confirmationis
1696 4954 1830 5021 cum
1881 4937 1987 4994 ho-

338 5009 688 5092 dierno_ritu
737 5014 857 5070 fere
903 5012 1274 5092 conveniens,
1306 5010 1380 5092 iis
1431 5009 1828 5092 conforrniter,
1860 5026 1987 5092 qua:

340 5082 795 5154 antiquissimus
825 5100 896 5138 ex
926 5084 1150 5139 Latinis
1181 5081 1450 5137 Patribus
1482 5080 1893 5154 Tertullianus’
1925 5082 1987 5136 in

340 5150 504 5210 libro'
518 5154 589 5209 de
620 5154 832 5222 baptis.
866 5171 916 5210 c.
948 5156 1001 5222 8,
1035 5154 1107 5209 de
1137 5154 1244 5208 hoc
1275 5156 1642 5208 sacramento
1664 5150 1989 5208 luculenter

338 5224 607 5306 explicat.
780 5225 1101 5306 Martenius
1123 5241 1295 5305 porro
1324 5223 1502 5306 lib.,_1.
1531 5223 1809 5306 Deﬂauct.
1845 5223 1984 5306 sccl.

341 5295 434 5353 rit:
468 5312 518 5351 c.
552 5298 607 5361 2,
639 5300 746 5350 art.
796 5297 849 5360 4,
882 5295 1036 5351 inter
1079 5295 1272 5350 varios
1319 5295 1788 5350 confirmationis
1839 5295 1988 5351 ritus

339 5385 475 5429 cum
505 5366 683 5423 etiam
716 5365 817 5429 qui
848 5365 943 5421 hic
972 5365 1221 5421 habetur
1248 5364 1599 5421 humiliandi
1624 5382 1686 5420 se
1715 5366 1787 5421 ad
1820 5366 1989 5422 bene-

337 5440 653 5497 dictionem
684 5435 850 5493 atl'ert
878 5454 947 5492 ex
984 5435 1434 5507 sacramentario
1483 5439 1842 5507 Moysacensi,
1874 5441 1986 5493 etc.

338 5512 400 5568 In
436 5508 755 5566 Pontificali
810 5509 1047 5564 Romano
1097 5505 1384 5577 hodieque
1431 5505 1889 5577 praescribitur§
1928 5508 1983 5563 9.

337 5582 540 5639 Nullus
568 5583 919 5652 conﬁrmatus
946 5578 1321 5658 discedetmisi
1351 5579 1721 5658 bepedictione
1748 5589 1984 5658 accepta,

370 5670 504 5724 nam
552 5649 799 5724 ponti/ea:
842 5658 960 5724 post
985 5650 1248 5724 omnium
1291 5649 1763 5716 confirmationem
1810 5649 1982 5707 dabit.

370 5670 504 5707 nam
552 5670 799 5724 ponit/8.13
842 5670 960 5722 post
998 5670 1120 5706 omn

337 5670 503 5788 διιοά
530 5722 750 5793 passim
782 5719 1120 5792 negligitur.

2092 4637 2336 4698 diversis
2366 4641 2738 4698 curationum
2769 4644 3084 4715 generibus
3112 4645 3459 4702 animarum
3494 4645 3733 4709 vulnera,

2096 4729 2367 4785 morbum
2410 4728 2633 4803 culpas,
2667 4729 2919 4800 dolores,
2952 4731 3342 4804 egritudines,
3384 4733 3734 4789 inﬁrmitates

2095 4835 2304 4874 sanare
2333 4818 2544 4874 debent
2562 4819 2695 4889 (l0).
2710 4819 2820 4875 Sed
2850 4820 2991 4891 quia
3020 4819 3126 4876 hec
3153 4838 3487 4894 paucorum
3516 4820 3733 4889 sunt,ad

2167 4937 2244 5007 (8)
2278 4934 2540 4990 Praefatio
2570 4934 2692 4990 haec
2738 4935 2967 5007 integra
3015 4933 3269 5007 habetur
3316 4936 3378 4991 in
3410 4936 3739 4993 collectione

2096 5006 2341 5077 antiqua
2359 5021 2650 5079 canonum
2671 5006 3060 5079 pmnit.’(apud
3088 5006 3447 5079 Menenium
3469 5009 3733 5064 Thesaur.

2094 5095 2226 5160 nov.
2242 5076 2465 5160 finesid.
2498 5082 2541 5160 ιε
2576 5076 2813 5160 Ινίςρι
2844 5076 3105 5160 53)'.cum
3134 5077 3529 5160 inscriptione
3560 5096 3575 5134 :
3607 5079 3736 5160 1ιᾴ-
3842 5140 3844 5159 Ι

2091 5151 2175 5222 pit
2224 5148 2288 5222 de
2331 5148 2564 5222 diuersis
2612 5149 2826 5222 malis;
2855 5149 3009 5204 unde
3052 5148 3273 5222 codicis
3309 5148 3515 5222 nostri
3562 5154 3739 5222 errata

2097 5218 2385 5295 corrigere
2412 5218 2564 5295 licet.
2586 5221 2659 5275 Ac
2689 5220 2928 5292 quidem
2959 5220 3157 5276 statim
3192 5220 3361 5276 initio
3382 5220 3695 5295 legendum
3723 5236 3735 5270 :

2094 5292 2386 5371 Diaei-sitas
2412 5292 2720 5371 culparum.
3277 5363 3316 5371 __
3446 5292 3466 5295 '
3548 5364 3568 5371 Δ
3686 5365 3696 5371 _
3842 5292 3844 5335 ῖ

2167 5364 2245 5432 (9)
2271 5362 2313 5418 ι.
2348 5378 2398 5417 c.
2428 5361 2668 5417 additur
2697 5379 2712 5417 :
2745 5364 2909 5419 aliter
2931 5363 3219 5432 caligines,
3232 5363 3402 5418 aliter
3428 5364 3741 5432 confractis-

2095 5451 2211 5499 nes,
2246 5435 2410 5488 aliter
2434 5435 2847 5490 combustiones.

2166 5505 2280 5572 (10)
2313 5505 2376 5559 ln
2407 5502 2508 5558 lib.
2542 5504 2743 5576 pcenit.
2776 5522 2847 5561 ex
2875 5503 3049 5561 scrin.
3082 5503 3233 5577 Eccl.
3264 5507 3416 5577 Rom,
3446 5503 3607 5577 apud
3640 5503 3739 5558 Ca-

2097 5577 2400 5656 n_isiu_m_‘t._
2424 5578 2494 5642 II,
2531 5592 2584 5647 p.
2615 5577 2745 5656 129,
2768 5577 2871 5656 ed.
2902 5577 3148 5656 Basnag.
3172 5577 3256 5656 ita
3284 5577 3542 5648 legimus
3564 5591 3583 5630 :
3610 5599 3635 5656 cf

2095 5653 2153 5705 et
2178 5644 2470 5727 spiritales
2501 5644 2999 5727 medici,diversis
3027 5644 3401 5727 curationum
3434 5645 3746 5727 generibus
3842 5690 3844 5693 .

2096 5717 2432 5776 animarum
2477 5717 2719 5777 vulnera
2763 5734 2969 5777 curare
3015 5717 3247 5776 debent.
3290 5719 3403 5776 Sed
3443 5717 3593 5789 'quia
3630 5717 3747 5774 hac

2531 5575 2584 5647 p.
2616 5577 2745 5649 1,29,
2779 5577 2871 5649 ed.
2902 5577 3148 5649 Basnag.
3172 5576 3256 5649 ita
3284 5575 3542 5648 legimus
3564 5591 3583 5630 :
3610 5579 3741 5649 («ita
3842 5610 3844 5633 ;
