3844 6200
25 282 119 340 961

1184 252 1200 263 ’
1242 280 1610 345 JUDICIUM
1658 283 2184 347 possumus.

3301 298 3441 361 962v

25 430 231 487 purum
261 411 485 468 scilicet
516 416 724 468 cuncta
752 428 1120 485 cognoscere,
1153 418 1209 469 et
1240 431 1465 483 curare,
1488 418 1665 487 atque
1692 419 1746 485 Α
1778 417 2136 473 adtostantc:
2175 419 2282 487 Qui
2308 422 2548 477 converti
2572 424 2759 492 fcccrit
2790 433 3121 495 peccatorcm
3153 430 3220 484 ab
3241 446 3425 486 errore

25 504 88 559 ad
113 502 223 573 (11)
257 502 548 575 integrum
581 501 788 558 salutis
839 506 1060 559 statum
1110 504 1323 560 debent
1353 520 1659 573 revocare;

25 591 259 661 ideoque
290 589 374 647 vel
406 607 590 664 pauca
614 592 784 663 juxta
814 592 1115 649 seniorum
1146 592 1493 649 traditiones
1527 596 1658 665 (12),

25 682 177 752 iuxta
222 683 482 737 nostram
530 695 598 735 ex
646 685 809 753 parte
857 679 1351 753 intelligentiam:
1388 698 1455 737 ex
1499 686 1663 754 parte

25 785 268 840 namque
307 768 743 841 prophetamus,
777 772 834 824 et
871 785 941 826 ex
993 774 1157 847 parte
1209 769 1659 843 cognoscimus;

25 857 209 930 aliqua
231 873 646 932 proponamus,
671 856 827 930 quod
854 858 927 914 ab
960 857 1285 915 remedium
1310 858 1504 915 anime
1533 874 1662 932 per-

25 946 176 1012 tinet,
202 950 259 1002 et
284 947 354 1001 de
384 945 658 1003 remediis
703 946 1012 1003 vulnerum
1041 948 1367 1004 secundum
1400 948 1662 1020 priorum

25 1036 248 1091 Patrum
270 1034 647 1091 difﬁnitiones
678 1034 926 1104 dicturi;
951 1036 1099 1091 sacri
1124 1036 1230 1091 tibi
1252 1036 1490 1109 eloquii,
1516 1036 1663 1092 fide-

25 1124 235 1180 lissime
268 1124 461 1192 frater,
486 1127 657 1180 antea
678 1123 1072 1181 medicamina
1102 1125 1410 1198 conpendii
1442 1124 1685 1182 ratione

25 1213 351 1268 intimemus
381 1212 512 1283 (13).
1580 1224 1583 1229 '

88 1301 273 1357 Prima
297 1304 383 1358 est
421 1302 619 1375 itaque
666 1301 956 1368 remissio,
988 1320 1105 1375 qua
1134 1304 1501 1377 baptizamus
1530 1303 1661 1374 (14),

25 1391 73 1445 in
96 1407 267 1463 aqua,
289 1392 614 1447 secundum
641 1390 784 1447 illud
811 1408 826 1447 :
851 1392 971 1448 Nisi
999 1395 1121 1466 quis
1154 1402 1374 1449 renatus
1396 1395 1567 1466 fuerit
1598 1409 1668 1448 ea:

25 1498 154 1551 aqua
180 1488 232 1535 et
259 1480 473 1552 Spiritu
500 1490 708 1550 sancto,
736 1497 843 1538 non
896 1490 1074 1555 potest
1100 1482 1281 1539 videre
1310 1499 1542 1553 regnum
1569 1483 1669 1539 Dei

25 1570 189 1640 (Joan.
222 1585 305 1637 ιιι,
336 1569 414 1639 5).

86 1657 368 1723 Secunda,
402 1660 615 1715 caritas
640 1661 758 1728 (15)
787 1660 1052 1726 eti'ectus,
1077 1665 1141 1716 ut
1170 1665 1260 1717 est
1288 1660 1429 1717 illud
1465 1678 1478 1716 :
1515 1665 1664 1733 φυο-

26 1748 167 1801 niam
193 1747 393 1803 dilexit
420 1748 689 1804 mundum
719 1748 871 1819 (Luc.
904 1766 1001 1816 vu,
1037 1751 1113 1819 4).

87 1834 299 1899 Tertia.
337 1835 780 1893 elimosiaarum
827 1837 1075 1904 fructus,
1129 1839 1453 1894 secundum
1505 1838 1615 1894 hoc
1649 1855 1662 1893 :
1695 1803 1743 1868 Β

26 1926 167 1980 Sicut
211 1942 358 1997 aqua
404 1926 681 1996 extinguit
731 1928 933 1998 ignem,
965 1928 1045 1983 ita
1071 1928 1362 1983 elimosina
1396 1929 1670 1999 extinguit

25 2021 302 2085 peccatum.
337 2015 468 2087 (16).

85 2103 320 2169 Quarta,
355 2104 614 2177 perfusio
660 2103 1059 2174 lacrimarum,
1092 2105 1339 2161 Domino
1387 2106 1613 2161 dicente
1646 2122 1659 2159 :

25 2195 157 2264 Quia
184 2194 339 2263 ﬂevit
366 2194 427 2248 in
455 2201 735 2265 conspectu
765 2210 880 2250 meo
897 2202 948 2249 et
964 2194 1269 2250 ambulavit
1291 2197 1460 2251 tristis
1479 2212 1664 2250 coram

25 2298 112 2346 me,
143 2299 251 2338 non
278 2282 483 2338 ducam
512 2284 723 2338 malum
752 2285 814 2338 in
842 2282 1032 2338 diebus
1059 2283 1177 2354 ejus
1208 2283 1340 2355 (17).

82 2371 307 2438 Quinta,
325 2370 640 2427 criminum
658 2371 1288 2435 confessio,Psalmista
1301 2372 1667 2427 testantezDi-

25 2462 79 2515 xi
95 2462 395 2532 Conﬁtebor
413 2460 702 2516 adversum
722 2478 809 2517 me
837 2462 1143 2533 injustitias
1164 2477 1314 2517 meas
1344 2462 1590 2528 Domino,
1617 2467 1666 2517 et

25 2560 72 2604 tu
100 2551 357 2605 remisisti
386 2551 722 2622 impietatem
750 2551 958 2622 peccati
986 2552 1096 2606 mei
1127 2550 1298 2622 (Psal.
1330 2567 1483 2617 xxxi,
1512 2552 1587 2618 5).

83 2637 265 2702 Sexta,
299 2637 559 2693 adflictio
609 2636 802 2692 cordis
832 2641 889 2693 et
919 2637 1201 2708 corporis,
1233 2636 1495 2709 apostolo
1526 2653 1662 2691 cou-

25 2726 227 2781 solante
260 2742 274 2781 :
309 2725 447 2781 Dedi
472 2725 747 2798 ejusmdi
773 2726 1049 2782 hominem
1083 2728 1144 2780 in
1169 2728 1451 2782 interitum
1478 2728 1666 2781 carnis

25 2816 227 2881 Satane,
253 2823 319 2871 ut
346 2816 576 2887 spiritus
621 2815 804 2870 salvus
849 2815 947 2886 ﬁat
994 2817 1051 2870 in
1098 2814 1191 2871 die
1236 2816 1462 2871 Domini
1490 2816 1665 2871 nostri

25 2904 168 2958 Jbesu
196 2905 407 2960 Christi
432 2903 481 2973 (Ι
510 2904 640 2960 Cor.
666 2921 723 2970 ν,
753 2905 832 2973 5).

85 2992 360 3064 Septima,
383 2992 714 3048 emendatio
747 3008 1000 3059 morum,
1026 2992 1133 3047 hoc
1166 2996 1255 3048 est
1285 2992 1661 3048 abrenuncia-

25 3081 91 3135 tio
117 3081 411 3147 vitiorum,
436 3080 810 3153 Evangelista
836 3085 1199 3137 contestante
1226 3099 1238 3137 :
1264 3083 1393 3138 Ecce
1420 3082 1541 3153 jam
1568 3099 1660 3137 sa-

1774 508 1903 576 viae,
1934 508 2105 562 salvet
2132 510 2381 565 animam
2420 526 2576 566 suam
2607 530 2637 566 a
2668 522 2858 581 morte,
2890 523 2939 570 et
2969 519 3139 588 operit
3168 520 3423 575 multitu-

1770 592 1954 650 dinem
1979 603 2323 666 peccatorum
2352 599 2490 667 (Jac.
2525 617 2580 669 ν,
2612 603 2745 668 20);
2780 602 2879 658 sed
2932 603 3143 660 melius
3191 610 3277 661 est
3318 607 3421 663 tibi

1772 685 1882 751 (18)
1914 683 2187 741 infirmus
2219 686 2303 742 sis
2331 691 2389 743 et
2418 688 2596 745 vitam
2629 689 2954 747 solitariam
2988 694 3218 764 ducere,
3244 712 3422 767 quam

1770 770 1960 844 perire
1988 788 2123 828 cum
2156 773 2430 846 plurimis
2461 777 2593 849 (19).

1847 860 2181 930 Undecima,
2198 862 2564 938 indulgentia
2584 870 2639 922 et
2661 868 2928 927 remissio
2947 870 3424 938 nostra,Veritate

1772 949 2146 1021 promittente
2173 956 2231 1008 et
2261 952 2486 1010 dicente
2521 971 2535 1010 :
2586 958 2806 1012 Dimitte
2847 964 2901 1013 et
2939 956 3248 1015 dimittetur
3278 960 3424 1016 vobis

1775 1038 1924 1110 (Luc.
1954 1056 2033 1105 v1,
2070 1040 2180 1102 37).

1845 1127 2217 1196 Duodecimn,
2251 1130 2447 1201 passio
2475 1131 2735 1205 martyrii
2768 1150 2870 1206 spe
2902 1134 3075 1191 unica
3103 1135 3311 1193 salutis
3341 1137 3426 1192 in-

1775 1215 2052 1288 dulgente
2100 1222 2156 1272 et
2210 1217 2419 1274 latroni
2478 1221 2753 1277 cruciﬁxo
2809 1223 2924 1279 Deo
2984 1225 3418 1296 respondente:

1774 1308 1944 1361 Amen
1973 1304 2091 1361 dico
2123 1308 2244 1374 tibi,
2279 1310 2412 1379 quia
2461 1308 2618 1365 hodie
2662 1328 2871 1367 mecum
2921 1315 3032 1368 eris
3079 1315 3137 1368 in
3162 1313 3424 1385 paradiso

1777 1395 1925 1464 (Luc.
1959 1412 2156 1460 xxxm,
2185 1396 2290 1458 43).
2325 1396 2426 1452 His
2469 1414 2605 1470 ergo
2655 1400 2727 1454 de
2782 1401 3023 1456 canonis
3076 1403 3422 1459 auctoritate

1775 1481 2042 1555 prolatis,
2076 1484 2310 1540 Patrum
2345 1485 2714 1543 difﬁnitionis
2737 1488 2911 1544 etiam
2943 1494 3163 1546 statuta
3191 1492 3421 1548 Domini

1775 1585 1872 1625 ore
1886 1570 2335 1642 subrogatorum
2360 1572 2706 1648 investigare
2726 1580 2780 1632 te
2796 1578 3084 1644 convenit,
3098 1580 3421 1637 secundum

1775 1657 1919 1713 illud
1956 1676 1969 1713 :
2003 1663 2286 1733 Inkrroga
2338 1670 2549 1733 patrem
2600 1671 2775 1733 tuum,
2806 1672 2858 1721 et
2886 1665 3241 1724 adnuntiabit
3279 1671 3386 1726 tibi
3404 1690 3425 1737 ,-

1773 1748 2114 1821 presbyteros
2139 1758 2279 1815 tuos,
2311 1758 2362 1806 et
2390 1751 2577 1807 dicent
2604 1754 2715 1809 tibi
2741 1756 2916 1818 (Deut.
2948 1771 3124 1823 xxxii,
3153 1757 3230 1819 7).

1849 1837 1991 1892 Item
2022 1839 2130 1900 (20)
2164 1854 2343 1895 causa
2388 1840 2683 1897 deferatur
2724 1844 2798 1899 ad
2828 1859 2947 1900 eos.
2983 1845 3262 1902 Statuunt
3288 1864 3424 1920 ergo

1777 1930 1840 1980 ut
1861 1930 1989 1982 octo
2009 1925 2356 1999 principalia
2374 1929 2515 1984 vitia
2534 1930 2791 1987 humane
2817 1932 2991 1989 saluti
3012 1935 3304 1991 contraria
3333 1935 3426 1990 his

1776 2019 1907 2070 octo
1937 2015 2243 2072 contrariis
2264 2017 2535 2073 remediis
2567 2024 2872 2076 sanantur.
2895 2021 3004 2086 Qui
3024 2023 3180 2078 enim
3204 2022 3428 2079 inlicita

1772 2102 2014 2161 licenter
2061 2105 2375 2172 commisit,
2421 2124 2455 2162 a
2501 2106 2676 2164 licitis
2723 2107 2860 2165 licet
2888 2112 2997 2182 (21)
3028 2110 3331 2168 cohercere
3362 2128 3427 2168 se

1774 2193 1962 2248 debet.
1998 2193 2060 2248 In
2093 2194 2206 2249 alio
2236 2193 2360 2250 loco
2393 2212 2406 2250 :
2442 2196 2543 2251 sed
2603 2196 2711 2255 hoc
2768 2197 2827 2253 in
2886 2200 3047 2255 omni
3104 2200 3427 2272 penitentia

1775 2280 2016 2337 solerter
2045 2287 2135 2337 est
2156 2282 2890 2357 inducendum;q:1antum
2922 2289 3054 2360 quis
3074 2292 3333 2362 tempore
3364 2289 3425 2345 in

1773 2369 2001 2426 delictis
2044 2377 2362 2439 remaneat,
2392 2390 2509 2445 qua
2565 2374 2892 2431 eruditione
2949 2376 3234 2443 imbutus,
3265 2377 3426 2450 quali

1772 2459 2157 2533 impugnatus
2179 2458 2288 2522 (22)
2313 2461 2602 2533 passione,
2626 2462 2783 2534 quali
2815 2463 3026 2521 existat
3056 2464 3421 2532 fortitudine,

1774 2547 1928 2620 quali
1963 2548 2191 2603 videtur
2212 2548 2390 2622 afﬂigi
2414 2549 2901 2620 lacrimabilitate,
2925 2552 3083 2624 quali
3106 2552 3426 2625 conpulsus

1772 2641 1862 2693 est
1890 2639 2227 2710 gravatione
2258 2656 2534 2711 peccare;
2581 2641 2952 2713 omnipotens
2998 2642 3214 2698 etenim
3248 2643 3422 2711 Deus,

1774 2727 1874 2799 qui
1934 2744 2032 2782 cor
2089 2728 2353 2783 omnium
2414 2729 2591 2800 novit,
2636 2729 2996 2803 diversisque
3056 2732 3281 2787 naturis
3313 2733 3425 2801 (23)

1773 2815 2007 2883 indidit,
2033 2833 2104 2872 ne
2134 2833 2252 2889 qua
2281 2816 2459 2874 lentie
2491 2817 2849 2890 penitudinis
2876 2820 2983 2889 (24)
3014 2819 3420 2891 peccaminum

1776 2905 2062 2976 pensavit,
2087 2909 2152 2959 ut
2180 2904 2322 2960 illud
2354 2905 2756 2977 propheticum
2783 2922 2797 2962 :
2820 2910 2942 2963 Non
2965 2909 3113 2964 enim
3131 2910 3267 2963 seris
3299 2910 3424 2971 (lsa.

1771 3008 1965 3061 xxvm,
1998 2995 2067 3047 27
2070 2994 2452 3056 )triturabitur
2478 2994 2643 3063 gihit,
2662 3011 2836 3067 neque
2865 3003 2983 3052 rota
3005 2996 3248 3067 plaustri
3265 3013 3429 3069 super

1771 3084 2036 3137 ciminum
2068 3083 2365 3148 circumiit,
2384 3082 2475 3138 sed
2504 3084 2662 3151 virga
2691 3085 3000 3139 excutiatur
3028 3086 3173 3153 gihit
3200 3093 3252 3141 et
3273 3086 3427 3141 cimi-

27 3188 110 3224 nus
137 3187 208 3237 es,
238 3171 365 3226 noti
391 3171 541 3225 ultra
566 3186 810 3243 peccare,
843 3187 911 3226 ne
960 3170 1093 3243 quid
1140 3171 1242 3226 tibi
1284 3171 1519 3227 deterius
1566 3172 1663 3242 fiat
1691 3170 1733 3235 C
1772 3188 1949 3237 num,-
1981 3172 2092 3243 (25)
2122 3170 2181 3225 in
2217 3170 2423 3227 baculo
2453 3176 2645 3227 autem
2680 3173 2849 3244 panis
2878 3172 3330 3241 comminuetur,
3362 3178 3429 3229 ut

28 3261 181 3329 (Joan.
214 3278 269 3326 ν,
298 3260 414 3328 ιι).
484 3256 494 3266 ‘

84 3348 307 3420 Octava,
342 3347 686 3405 intercessio
718 3349 1089 3417 Sanctorum,
1126 3349 1207 3404 uti
1238 3348 1422 3405 illud:
1453 3350 1521 3405 Si
1539 3350 1663 3421 quis

27 3438 348 3507 inﬁrmatur,
382 3436 608 3494 inducat
636 3441 974 3512 presbyteros
1001 3439 1276 3506 ecclesiae;
1305 3446 1360 3495 et
1388 3447 1541 3495 orent
1566 3455 1666 3511 pro

27 3541 92 3592 eo,
122 3532 170 3581 et
196 3528 440 3582 multum
470 3527 611 3583 valet
643 3527 788 3599 apud
835 3529 1003 3585 Deum
1031 3527 1333 3599 deprecatio
1353 3528 1495 3600 justi
1524 3530 1665 3584 assi-

27 3614 117 3669 dua
149 3616 277 3683 (Jac.
314 3633 371 3687 v,
406 3615 514 3687 14).

86 3703 263 3772 Nona,
286 3703 696 3761 misericordia
724 3709 781 3760 et
811 3705 943 3761 fidei
979 3706 1275 3773 meritum,
1301 3711 1366 3761 ut
1396 3710 1484 3761 est
1514 3705 1621 3762 hoc
1647 3722 1662 3761 :

27 3792 161 3848 Beati
202 3792 607 3860 misericordes,
638 3796 898 3865 quoniam
929 3796 1036 3867 ipsi
1070 3794 1509 3851 misericordiam
1538 3811 1663 3852 con-

27 3889 296 3954 sequentur
330 3883 553 3951 (Matth.
586 3900 641 3953 v,
671 3883 752 3954 7).

86 3970 337 4040 Decima,
380 3971 681 4027 conversio
737 3976 795 4027 et
850 3971 1014 4029 salus
1070 3972 1418 4041 alienorum,
1450 3972 1666 4029 Jacobo

29 4102 335 4155 paucorum
368 4090 459 4160 est
487 4086 560 4160 ad
592 4089 1048 4160 purumcuncta
1077 4103 1445 4160 cognoscere,
1479 4091 1535 4143 et
1563 4104 1664 4143 cu-

30 4173 164 4220 rare,
197 4162 252 4213 et
283 4156 528 4231 mederi,
556 4156 730 4231 atque
759 4158 843 4231 ad;
864 4156 1176 4231 integrum'
1193 4158 1400 4231 salutis
1428 4156 1665 4214 statum

29 4243 308 4296 revocare;
342 4228 474 4301 ideo
505 4227 1164 4301 solerteradmonémus
1196 4230 1432 4285 doctum
1464 4246 1666 4301 quem-

29 4314 124 4368 que
154 4300 518 4355 sacerdotem
552 4299 788 4364 Christi,
822 4307 887 4355 ut
916 4318 1032 4356 non
1064 4317 1133 4356 ex
1176 4317 1284 4356 suo
1332 4299 1529 4365 sensu,
1563 4301 1664 4356 sed

29 4372 338 4426 secundum
368 4388 662 4426 canonum
694 4378 934 4438 statuta,
963 4377 1020 4427 et
1051 4372 1398 4427 traditiones
1430 4372 1664 4427 Patrum

29 4440 284 4498 universa
300 4442 607 4515 ‘disponat,
641 4446 696 4498 et
727 4444 1244 4498 contradictionem
1277 4445 1341 4515 (Γ.
1375 4443 1665 4499 conditio-

29 4521 168 4603 pem)
199 4512 510 4603 utriusque
541 4530 738 4603 sexus,
768 4518 1020 4598 aetatem,
1046 4512 1666 4603 personas,pauperta-
1700 4538 1743 4603 Ι)

29 4585 152 4663 tem,
165 4584 672 4666 causam;statum_
684 4585 975 4666 cujusque
992 4584 1393 4666 ptianitentiam
1414 4584 1662 4666 agentis,

29 4656 354 4740 ipsumque"
376 4671 480 4738 cor
520 4656 857 4740 paenitentis
882 4656 1218 4740 inspiciat;
1250 4662 1307 4712 et
1337 4656 1661 4740 secundum

29 4723 156 4794 ἥιρει,
188 4723 255 4783 ut
285 4726 400 4783 sibi
429 4723 620 4783 visum
648 4726 839 4796 fuerit,
874 4733 941 4783 ut
980 4723 1215 4801 sapiens
1247 4729 1509 4783 medicus
1541 4728 1663 4784 sin-

31 4796 149 4854 gula
176 4814 423 4854 eumque
454 4798 759 4854 diiudicet.
792 4820 821 4850 ››

31 4814 149 4867 gnta
176 4814 423 4870 quisque
454 4814 759 4870 auuaicet.
792 4820 821 4850 ››

86 4870 195 4938 (11)
228 4870 389 4942 Leg.,
425 4868 495 4924 ad
523 4884 649 4942 qua?
679 4872 955 4939 integrum
982 4870 1180 4926 salutis
1208 4878 1410 4926 statum
1437 4870 1667 4927 debeant

31 4954 282 4996 revocare.

111 5013 197 5078 1-2)
223 5012 396 5079 Add.,
430 5012 492 5067 Et
512 5012 702 5082 juxta.

112 5082 194 5149 13)
227 5082 381 5155 Hine
404 5084 727 5155 emendari
784 5088 1053 5155 possunt,
1089 5100 1214 5155 quae
1246 5083 1664 5142 obscurissima

31 5158 151 5206 sunt
177 5154 332 5210 apud
365 5153 738 5210 Martenium.

86 5224 196 5293 (14)
218 5224 265 5296 l.
298 5225 663 5296 baptizamur.

84 5296 192 5361 (15)
222 5295 264 5350 l.
297 5295 612 5352 Charitatis.

84 5366 200 5449 ('16)
226 5365 770 5449 InVulgataLEccli
796 5368 1001 5449 111,33,
1035 5368 1115 5422 ita
1143 5367 1442 5449 legimus_:
1478 5372 1658 5449 ignem

31 5435 289 5513 "dentem
316 5435 617 5509 exstinguit
643 5454 808 5510 aqua,
848 5447 900 5494 et
936 5435 1274 5511 elemosyna
1303 5435 1520 5497 resistit
1537 5457 1659 5513 pec-

31 5508 167 5561 tatis.

85 5577 189 5655 (t7)
224 5579 565 5656 Respexisse
604 5581 832 5641 videtur
878 5584 1082 5643 auctor
1129 5597 1458 5660 anonymus
1491 5583 1562 5641 ad
1592 5583 1665 5641 IV

1777 3264 1865 3316 est
1900 3259 2044 3315 illud
2081 3276 2093 3314 :
2120 3267 2364 3331 potentes
2391 3269 2635 3333 potenter
2661 3269 2933 3317 tormenta
2958 3264 3248 3334 pacientur
3272 3263 3424 3334 (Sap.

1774 3365 1851 3417 v1,
1874 3351 1950 3414 7).
1986 3348 2145 3404 Unde
2177 3349 2417 3420 quidam
2450 3349 2683 3421 sapiens
2714 3350 2829 3406 ait:
2860 3353 2968 3408 Cui
2987 3351 3114 3422 plus
3142 3353 3455 3415 committi-_

1775 3445 1885 3504 tur,
1913 3439 2041 3509 plus
2069 3439 2139 3493 ab
2170 3454 2229 3493 eo
2260 3439 2509 3507 exigitur
2539 3441 2671 3504 (26).
2697 3439 2938 3495 Discant
2957 3438 3136 3511 igitur
3160 3439 3428 3496 sacerdo-

1777 3530 1865 3582 tes
1896 3526 2151 3597 Domini,
2184 3526 2283 3598 qui
2331 3526 2593 3583 ecclesiis
2643 3533 2923 3601 praesunt,
2954 3527 3096 3599 quia
3149 3545 3287 3601 pars
3343 3527 3428 3585 eis

1775 3616 1911 3671 data
1941 3620 2029 3671 est
2055 3632 2191 3670 cum
2224 3614 2338 3682 his,
2366 3631 2619 3687 quorum
2651 3615 2863 3673 delicta
2893 3615 3424 3689 repropiciaverint.

1776 3703 1923 3770 Quid
1973 3708 2062 3760 est
2108 3709 2304 3760 autem
2365 3703 2752 3777 repropiciare
2807 3704 3112 3775 delictum,
3145 3705 3257 3762 nisi
3292 3723 3427 3763 cum

1776 3793 2136 3850 adsumseris
2166 3798 2550 3866 peccatorem,
2584 3799 2642 3850 et
2671 3796 2984 3862 monendo,
3018 3795 3431 3864 hortando,do-

1777 3883 1979 3951 cendo,
2013 3882 2327 3943 adduxeris
2381 3899 2516 3940 eum
2563 3883 2632 3938 ad
2686 3883 3090 3956 penitentiam,
3124 3884 3197 3939 ab
3236 3902 3428 3942 errore

1776 3972 2113 4041 correxeris,
2138 3989 2171 4027 a
2189 3972 2347 4027 vitiis
2376 3971 2795 4042 emcndaveris,
2821 3977 2878 4028 et
2898 3973 2945 4028 si
2980 3972 3181 4029 feceris
3208 3989 3341 4029 cum
3376 3973 3427 4030 ei

1777 4088 1904 4161 Reg.
1927 4087 2176 4161 xxn,_19,
2198 4087 2291 4149 20,
2314 4087 2414 4142 ubi
2440 4087 2511 4143 ad
2532 4087 2753 4143 Josiam
2778 4104 2971 4161 regem
3002 4088 3156 4145 Juda
3182 4088 3423 4143 dicitur:

1778 4182 1804 4208 ‹‹
1839 4157 2216 4213 Perterritum
2249 4163 2337 4213 est
2368 4175 2466 4213 cor
2491 4163 2681 4225 tuum,
2705 4157 3125 4215 ethu‘miliatus
3144 4175 3206 4214 es
3229 4176 3424 4214 coram

1777 4228 2024 4302 Domino
2052 4259 2121 4268 -—
2145 4234 2205 4302 et
2236 4228 2439 4302 flevisti
2461 4246 2687 4302 “coram
2727 4246 2841 4302 me,
2873 4234 2931 4286 et
2960 4247 3065 4302 ego
3096 4229 3311 4297 audivi,
3346 4229 3427 4284 ait

1776 4300 2061 4372 Dominus
2094 4316 2107 4353 :
2142 4300 2362 4372 Idcirco
2392 4299 2657 4372 colligam
2691 4304 2745 4355 te
2772 4301 2844 4372 ad
2876 4299 3234 4372 patr—estnos
3263 4330 3331 4339 —
3362 4304 3427 4354 ut

1776 4389 1891 4426 non
1926 4370 2160 4453 videant
2189 4370 2341 4425 oculi
2368 4370 2454 4453 tui
2485 4369 2685 4453 omnia
2715 4369 3050 4453 malignum
3075 4369 3425 4453 inducturus

1776 4459 1907 4497 sum
1936 4457 2112 4513 super
2140 4440 2332 4513 locum
2366 4441 2604 4513 istum.»
2627 4442 2790 4496 Certe
2816 4440 2956 4497 alibi
2982 4440 3223 4497 laudata
3249 4442 3424 4497 verba

1777 4531 1892 4571 non
1925 4511 2242 4584 occurrunt
2273 4512 2332 4567 in
2356 4512 2416 4567 S.
2449 4511 2767 4584 Scriptura.

1846 4584 1953 4658 (18)
1987 4583 2132 4658 Add.
2168 4592 2248 4658 ut.

1843 4654 1955 4728 (19)
1989 4655 2133 4738 Hinc
2164 4654 2434 4738 colligere
2474 4671 2723 4738 pronum
2755 4659 2843 4710 est
2873 4657 3216 4738 praesentem
3248 4670 3421 4709 cano-

1772 4745 1911 4783 num
1939 4725 2438 4853 ptclenitentialium
2475 4725 2891 4782 collectionem
2917 4725 3260 4798 inscriptam
3293 4741 3421 4781 esse

1773 4815 1979 4853 monac
2026 4813 2080 4853 ο.

1773 4813 2080 4855 1110113000.

1843 4871 1955 4940 (20)
1989 4867 2225 4940 Collect.
2256 4868 2439 4939 antiq.
2472 4868 2595 4935 cit.,
2626 4870 2841 4925 iterum.

1844 4939 1957 5013 (2|)
1989 4941 2112 5013 licet
2142 4939 2420 4995 deleatur.

1843 5016 1962 5083 (22)
1989 5012 2093 5081 ib.,
2120 5012 2497 5083 impugnatur.

1843 5081 1959 5153 (23)
1989 5083 2091 5151 ib.,
2122 5081 2469 5152 diuersasque
2496 5089 2744 5137 naturas.

1844 5156 1954 5226 (24)
1984 5153 2102 5226 ib.,_
2121 5169 2229 5208 non
2282 5153 2637 5226 aL’quaIentiw
2690 5152 3070 5226 pwnitudinis,
3128 5159 3237 5210 etc.
3289 5154 3327 5210 i.
3365 5172 3416 5211 e.

1773 5222 1888 5281 non
1921 5222 2643 5297 aequalempropmnibus
2690 5222 2945 5297 peccatis
2992 5226 3415 5297 paenitentiam,

1772 5298 1874 5354 sed
1905 5294 2009 5369 pro
2032 5294 2275 5369 diversis
2306 5294 2617 5369 diversam,
2641 5294 2744 5369 pro
2765 5294 3088 5369 majoribus
3112 5298 3414 5369 majorem,

1771 5385 1876 5441 pro
1892 5363 2221 5441 minoribus
2244 5365 2551 5433 minorem,
2577 5363 2680 5439 pro
2701 5363 2950 5440 singulis
2972 5363 3291 5440 congruam
3307 5363 3419 5420 exi-

1770 5436 1876 5513 git,
1902 5443 1973 5513 ut
2002 5453 2067 5493 ex
2100 5436 2348 5513 decursu
2378 5440 2554 5508 patet.

1840 5511 1953 5578 (25)
1982 5508 2182 5563 Serris.

1842 5582 1953 5657 (26)
1985 5580 2044 5637 S.
2075 5578 2287 5636 Bcued.
2314 5582 2445 5653 Reg.
2477 5596 2603 5657 cap.
2635 5584 2688 5641 2.
