3844 6200
359 300 476 359 963

1143 296 1475 360 APPEND.
1524 300 1625 360 AD
1671 298 1858 361 SASC.
1906 300 1981 361 X.
2017 333 2095 346 —
2126 299 2623 363 MONUMENTA
2672 299 2986 364 LI'I‘UItG.
3682 304 3765 364 964

357 430 531 484 talem
566 446 933 495 conversum,
967 429 1261 501 propicius
1311 432 1385 485 sit
1434 432 1587 487 Dcus
1644 448 1747 503 pro
1798 430 2008 488 delicto
2037 434 2091 500 Α
2121 450 2154 486 a
2176 432 2398 501 bestiis,
2424 434 2516 488 XL
2538 434 2663 488 dies
2693 435 2968 505 peniteat,
2991 434 3039 489 si
3074 430 3411 490 necessitas
3440 433 3627 506 cogit,
3658 427 3765 489 nihil

359 518 778 591 repropiciasse
808 518 1018 574 diceris
1048 522 1177 581 (27).
1203 519 1345 575 Cum
1378 537 1513 591 ergo
1544 520 1679 577 talis
1710 522 1790 576 sis
1822 539 2008 577 sacer-

357 607 488 673 dos,
518 610 574 662 et
604 606 737 662 talis
768 607 847 662 sit
882 608 1149 663 doctrina
1196 612 1296 663 tua
1327 612 1454 673 (28),
1497 626 1634 681 pars
1680 609 1784 664 tibi
1835 611 2009 665 datur

356 712 580 767 eorum,
613 711 761 767 quos
793 695 1130 763 correxeris,
1154 702 1220 752 ut
1240 696 1472 753 illorum
1496 698 1769 753 meritum
1798 702 1905 753 tua
1932 699 2010 755 sit

356 799 603 851 merces,
637 788 692 839 et
723 782 957 840 illorum
991 783 1151 840 salus
1184 788 1283 840 tua
1309 783 1495 858 gloria
1524 786 1898 858 sempiterna.

355 891 574 983 Incipit
626 911 972 983 excerpens
1043 890 1115 983 de
1182 893 1342 983 aliis_
1380 892 1652 983 pluribus
1713 896 2006 983 paeniten-

434 971 534 1065 (τῖε
580 981 635 1033 et
675 971 1130 1065 cqnohibﬁusnde
1199 971 1393 1065 uitus
1424 973 1566 1065 gnate
1622 984 1681 1034 et
1713 971 2009 1065 ebrietate

438 1051 529 1112 vel
570 1054 815 1112 vomitu.
864 1052 951 1111 Et
990 1051 1339 1112 discretione
1381 1051 1646 1114 ciborum
1695 1054 1928 1115 mundis
1956 1065 2011 1115 et

432 1131 731 1192 inmundis
762 1133 1034 1192 inventis.

422 1247 481 1302 Si
512 1247 646 1318 quis
672 1247 985 1320 episcopus
1016 1252 1069 1302 et
1102 1247 1253 1303 alius
1284 1248 1587 1304 ordinatus
1612 1250 1666 1304 in
1692 1256 2005 1307 consuetu-

351 1336 484 1392 dine
498 1335 705 1391 vitium
726 1336 953 1391 abuerit
973 1336 1291 1402 ebrietatis,
1314 1342 1415 1392 aut
1435 1338 1685 1406 desinat,
1706 1345 1807 1395 aut
1828 1340 2003 1413 depo-

351 1430 543 1480 natur.
569 1425 627 1480 Si
664 1425 988 1481 monachus
1021 1442 1123 1498 per
1153 1426 1492 1481 ebrietatem
1528 1428 1809 1483 vomitum
1844 1430 2001 1495 facit,

348 1512 487 1569 XXX
517 1514 641 1569 dies
693 1514 962 1587 peniteat.
1001 1514 1057 1569 Si
1116 1514 1415 1587 presbyter
1445 1521 1545 1571 aut
1579 1517 1882 1581 diaconus,
1911 1518 2002 1573 XL

349 1602 472 1657 dies
504 1602 779 1675 peniteat.
817 1601 873 1656 Si
929 1619 1058 1657 vero
1113 1620 1215 1674 pro
1264 1602 1603 1659 inﬁrmitate
1650 1610 1707 1661 et
1745 1623 1860 1679 quo
1890 1607 2002 1679 (29)

348 1690 521 1763 longo
554 1696 814 1763 tempore
855 1707 917 1747 se
962 1691 1331 1758 abstinuerit,
1363 1697 1420 1747 et
1468 1692 1527 1748 in
1581 1696 2002 1752 consuetudine

349 1797 463 1835 non
496 1785 618 1835 erat
648 1780 697 1836 ei
732 1779 985 1836 multum
1014 1780 1211 1836 bibere
1244 1786 1329 1835 vel
1364 1784 1738 1852 manducare,
1758 1789 1859 1839 aut
1885 1802 2000 1856 pra:
2031 1804 2078 1869 Β

345 1868 558 1941 gaudio
588 1867 647 1923 in
695 1868 896 1925 Natale
946 1868 1204 1938 Domini,
1230 1874 1331 1925 aut
1382 1869 1438 1925 in
1491 1871 1733 1937 Pascha,
1766 1876 1867 1927 aut
1898 1890 2000 1945 pro

345 1957 596 2028 alicujus
627 1958 975 2014 Sanctorum
1008 1958 1562 2015 commemoratione
1590 1959 1838 2016 faciebat
1861 1962 1996 2033 (30),

344 2050 481 2102 tunc
515 2046 648 2118 plus
682 2064 797 2102 non
820 2046 1064 2119 accepit,
1080 2064 1257 2119 quam
1280 2049 1581 2103 decretum
1604 2053 1691 2104 est
1713 2050 2000 2105 aseniori-

343 2135 474 2201 bus,
508 2136 654 2190 nihil
687 2140 875 2192 nocet.
919 2135 976 2191 Si
1010 2136 1323 2208 episcopus
1359 2137 1626 2207 jusserit,
1662 2156 1775 2193 non
1808 2143 1995 2204 nocet,

343 2224 454 2279 nisi
493 2224 586 2280 ille
618 2223 893 2280 similiter
924 2224 1115 2280 faciat.
1152 2225 1207 2280 Si
1243 2225 1430 2280 laicus
1463 2225 1651 2281 fidelis
1682 2244 1784 2298 per
1812 2228 1998 2283 ebrie-

340 2317 517 2369 tatem
541 2313 823 2370 vomitum
848 2312 982 2367 facit
998 2313 1096 2368 XII
1115 2314 1240 2369 dies
1259 2330 1390 2386 pen.
1413 2315 1694 2371 Sacerdos
1712 2316 1768 2370 in
1787 2317 1992 2372 ebriet.

341 2418 444 2473 per
478 2401 868 2473 ignorantiam
900 2399 998 2454 VII
1032 2399 1155 2455 dies
1190 2418 1320 2473 pen.
1360 2402 1417 2455 Si
1454 2418 1555 2472 per
1592 2407 1994 2475 contemptum

339 2490 431 2544 XL
462 2489 887 2575 diesyeniteat.
914 2488 1204 2543 Diaconus
1244 2494 1301 2543 et
1332 2490 1655 2546 monachus
1687 2491 1787 2547 IIII
1818 2493 1994 2547 ebdo-

341 2578 572 2633 mades:
592 2576 988 2633 subdiaconus
1010 2576 1256 2633 acolitus
1271 2577 1366 2645 Ill,
1384 2577 1573 2633 clerici
1593 2580 1658 2646 Il,
1675 2579 1804 2635 laici
1823 2581 1995 2637 ebdo-

344 2666 546 2721 mades
578 2667 688 2729 (31)
722 2666 1035 2738 peniteant.
1069 2665 1177 2732 Qui
1226 2667 1378 2739 cogit
1430 2666 1752 2734 hominem,
1788 2674 1852 2724 ut
1899 2669 1994 2725 in-

344 2754 605 2811 ebrietur
659 2753 1046 2810 humanitatis
1106 2754 1337 2828 injustas
1392 2755 1600 2828 gratia,
1634 2761 1699 2812 ut
1728 2757 1995 2815 ebriosus

338 2843 627 2917 peniteat;
660 2842 706 2899 si
742 2859 844 2916 per
875 2842 1181 2908 odium,ut
1212 2843 1504 2900 homicida
1526 2844 1825 2915 judicetur
1856 2848 1989 2917 (32).

339 2932 444 2995 Qui
477 2930 721 3003 psallere
754 2946 867 2987 non
898 2935 1089 3004 potest
1129 2935 1373 3006 stupens
1404 2932 1462 2988 in
1496 2931 1716 3006 linguis
1749 2935 1859 2997 (33)
1893 2954 1989 2992 su-

340 3025 622 3094 perponat
654 3018 783 3081 (34).
815 3019 923 3084 Qui
954 3020 1235 3092 anticipat
1282 3022 1601 3078 orationem
1648 3023 1987 3081 canonicam

338 3114 395 3164 et
411 3109 734 3165 suaviorem
760 3108 870 3169 (35)
898 3110 1120 3165 caeteris
1143 3110 1323 3164 sumit
1351 3109 1501 3182 gula:
1533 3116 1764 3167 tantum
1791 3113 1989 3169 obten-

338 3203 420 3265 tu,
455 3216 488 3253 a
520 3215 683 3254 ecena
731 3201 947 3266 careat,
986 3197 1072 3253 vel
1122 3198 1269 3253 duos
1302 3199 1428 3255 dies
1458 3198 1517 3255 in
1551 3216 1698 3272 pane
1728 3204 1783 3256 et
1814 3219 1983 3274 aqua.

337 3287 443 3351 Qui
477 3304 543 3342 su
552 3287 776 3360 perﬂua
800 3286 1018 3341 ventris
1043 3286 1397 3342 distentione
1419 3287 1792 3361 doloremque
1824 3295 1990 3346 satu-

337 3377 506 3432 ritate
537 3376 718 3432 sentit
749 3377 770 3431 1
801 3375 984 3432 diem:
1020 3375 1069 3431 si
1102 3379 1297 3431 autem
1326 3376 1397 3432 ad
1428 3378 1711 3434 vomitum
1743 3379 1869 3436 sine
1898 3379 1988 3435 in-

337 3465 612 3520 ﬁrmitate
640 3464 740 3520 VII
763 3464 907 3521 dies.
936 3464 993 3521 Si
1017 3464 1372 3521 sacrificium
1400 3466 1679 3522 evomerit
1706 3467 1799 3523 XL
1830 3469 1992 3542 peni-

336 3556 475 3620 teat,
509 3553 556 3608 si
612 3553 973 3610 infirmitatis
1024 3570 1203 3610 causa
1246 3553 1343 3608 VII
1392 3553 1537 3610 dies.
1574 3554 1628 3610 Si
1680 3555 1739 3611 in
1790 3556 1988 3629 ignem

335 3642 580 3715 projecit
608 3642 650 3697 Ο
683 3641 941 3714 psalmos
973 3647 1203 3698 cantet:
1238 3642 1285 3697 si
1318 3659 1450 3698 vero
1483 3643 1646 3697 canis
1676 3642 1989 3702 lambuerit

335 3731 513 3785 talem
545 3730 851 3797 vomitum,
876 3731 975 3802 qui
1002 3732 1529 3797 evomuit,centum
1557 3732 1681 3788 dies
1710 3734 1984 3805 peniteat.

336 3818 441 3884 Qui
478 3819 706 3873 furatur
734 3819 931 3873 cibum
964 3819 1053 3873 XL
1079 3819 1205 3874 dies
1249 3820 1505 3890 peniteat
1535 3836 1547 3874 :
1584 3821 1632 3876 si
1668 3822 1879 3878 iterum
1911 3823 1986 3879 III

333 3906 559 3961 XLmas
592 3922 605 3961 :
642 3906 691 3962 si
740 3908 931 3975 tertio,
967 3923 1187 3962 annum
1235 3910 1490 3979 peniteat
1521 3926 1533 3964 :
1569 3908 1618 3963 si
1646 3926 1781 3967 vero
1822 3911 1985 3968 IIlIto

323 3995 457 4067 jugi
486 3994 655 4049 exilio
686 3996 795 4050 sub
829 3994 942 4051 alio
973 3995 1181 4051 abbate
1214 3995 1487 4067 peniteat.
1529 3999 1636 4063 Qui
1670 4000 1986 4057 manducat

331 4100 569 4139 carnem
592 4083 960 4151 inmundam,
976 4088 1076 4140 aut
1090 4083 1481 4153 morticinam,
1497 4091 1597 4142 aut
1611 4086 1983 4146 dilaceratam

404 4228 513 4299 (27)
545 4227 607 4282 1n
633 4226 797 4294 edit.,
825 4230 901 4283 Et
941 4229 1137 4300 feceris
1166 4244 1311 4298 eum,
1347 4237 1405 4285 ut
1432 4232 1486 4286 ei
1512 4231 1699 4288 taliter
1726 4249 1985 4291 conversa

324 4300 597 4373 propitius
625 4301 703 4373 sit
731 4303 923 4373 Deus?

399 4373 513 4438 (28)
547 4371 608 4426 In
639 4371 731 4427 ed.
764 4372 999 4428 additur
1030 4387 1044 4427 :
1080 4373 1143 4427 Et
1166 4390 1343 4429 sermo
1372 4381 1519 4430 tuus.

400 4442 509 4517 (29)
544 4441 833 4517 In_l_ibello
858 4443 929 4499 de
959 4444 1232 4500 remediis
1254 4449 1623 4517 peccatorum
1647 4446 1800 4517 apud
1825 4447 1973 4503 Mar—

329 4513 563 4603 tenium,
589 4514 892 4587 (Thesaur.
928 4532 1057 4571 nov.
1093 4513 1332 4572 anecit.
1360 4516 1450 4586 ιν,
1484 4516 1593 4572 col.
1627 4513 1719 4586 2f)
1749 4517 1979 4591 legitur:
2012 4538 2058 4603 D

326 4586 410 4641 vel
433 4586 586 4656 quia.

399 4657 512 4729 (30)
543 4656 583 4729 I.
615 4673 666 4729 cf.
700 4658 765 4713 Et
794 4666 942 4714 tunc.

396 4726 606 4803 (3,1)‘11,
641 4728 1087 4803 hebdomadem.
1113 4729 1258 4803 Nam
1291 4733 1512 4803 septem
1538 4729 1773 4803 dierum
1796 4732 1979 4803 ρωῃί-

327 4798 509 4924 terittia
526 4798 672 4925 laipo
696 4801 768 4856 ob
785 4801 1050 4856 eamdem
1070 4800 1302 4873 culpam
1325 4798 1652 4873 injungitur
1673 4802 1728 4857 in
1750 4798 1976 4860 collect.

328 4888 400 4925 an
438 4887 515 4925 iu.
549 4888 598 4925 c1
633 4913 644 4925 .

328 4887 515 4941 antiq.
549 4887 644 4925 cu.

396 4942 515 5009 (32)
542 4942 603 4996 In
636 4943 920 5014 excerptis
951 4959 1019 4998 ex
1050 4942 1197 4998 libro
1245 4943 1478 4999 Davidis
1525 4942 1677 4999 inter
1724 4960 1978 5001 canones

325 5012 681 5086 Hibemenses
712 5013 749 5067 l.
784 5012 847 5086 ci,
868 5014 978 5070 col.
1013 5017 1099 5079 10,
1136 5037 1161 5063 ‹‹
1198 5015 1299 5086 qui
1330 5031 1461 5071 vero
1493 5015 1699 5070 affectu
1729 5016 1844 5071 odii
1873 5035 1977 5072 seu

324 5083 678 5156 luxuria3,ut
698 5085 944 5156 turpiter
964 5083 1302 5151 confundat,
1318 5086 1406 5141 vel
1427 5086 1685 5154 irrideat,
1700 5088 1773 5142 ad
1796 5088 1978 5145 ebrie-

323 5158 503 5237 tatem
533 5154 679 5237 alios
709 5154 883 5237 cog—it,
910 5156 957 5211 si
983 5173 1097 5237 non
1124 5158 1268 5212 satis
1299 5157 1653 5229 pmnituerit,
1679 5159 1763 5213 sic
1792 5160 1977 5231 pceni-

321 5230 461 5290 teat,
496 5230 560 5280 ut
590 5224 883 5282 homicida
912 5228 1265 5283 animarum.
1299 5224 1333 5278 ἶ)

394 5297 507 5368 (33)
538 5297 817 5365 Elinguis.

394 5367 576 5445 (310i.
612 5385 664 5424 e.
687 5368 918 5445 jejuget.
946 5367 1039 5445 Sic
1072 5368 1244 5425 Gilda
1274 5388 1402 5445 can.
1425 5372 1461 5427 6
1480 5372 1553 5427 de
1575 5372 1773 5445 pmnit.
1800 5372 1973 5445 (apud

322 5441 491 5497 Mart.
525 5440 564 5496 l.
598 5456 648 5496 c.
682 5439 791 5495 col.
815 5441 897 5505 7.)
929 5462 955 5487 ‹‹
973 5439 1030 5495 Si
1064 5442 1389 5498 monachus
1418 5439 1749 5499 exundante
1780 5439 1975 5500 ventre

321 5512 646 5570 evomuerit
689 5510 1041 5567 sacriﬁcium
1075 5512 1131 5566 in
1177 5511 1270 5568 die
1305 5530 1317 5568 :
1353 5530 1578 5569 caenam
1635 5532 1802 5571 suam
1858 5533 1973 5572 non

321 5590 656 5660 praesumat.
691 5584 756 5641 Et
790 5583 838 5642 si
872 5599 985 5641 non
1021 5583 1384 5641 infirmitatis
1410 5601 1609 5657 causa,
1634 5589 1667 5641 7
1699 5604 1976 5663 superpo-

2118 526 2234 588 est;
2259 528 2313 576 ct
2341 523 2386 577 si
2415 539 2515 593 pro
2549 523 2891 578 necessitate
2924 524 3249 579 manducat
3281 521 3547 589 animal,
3585 524 3681 593 qui
3706 526 3769 579 in.

2119 611 2409 665 mundum
2435 611 2681 678 videtur,
2708 610 2792 666 vel
2815 630 2979 667 avem
3006 612 3095 668 vel
3127 613 3419 680 bestiam,
3447 628 3577 667 non
3604 620 3768 675 nocet;
3838 648 3839 680 ξ

2117 699 2217 770 qui
2250 715 2389 754 casu
2440 698 2574 771 quis
2625 698 2913 755 inmunda
2970 717 3153 756 manu
3196 700 3410 756 cibum
3465 702 3683 773 tangit,
3708 701 3770 755 vel
3838 712 3839 735 ‘

2117 786 2279 843 canis
2310 786 2395 843 vel
2428 786 2603 861 pilax,
2646 793 2748 844 aut
2785 788 3004 845 animal
3037 790 3408 845 inmundum
3440 789 3771 862 sanguinem

2117 877 2254 944 edit,
2290 893 2404 933 non
2438 882 2607 933 nocet
2635 878 2767 941 (36).
2802 878 2910 942 Qui
2962 879 3315 952 sanguinem
3353 879 3477 943 (37}
3515 876 3611 933 vel
3656 896 3773 951 quo-
3838 876 3839 935 ἒ

2118 982 2352 1038 cunque
2373 965 2660 1021 inmundo
2682 964 2996 1038 polluetur,
3012 968 3060 1023 si
3087 967 3295 1035 nescit,
3311 966 3421 1040 qui
3448 968 3771 1031 manducat,
3838 964 3839 1031 l

2117 1054 2262 1109 nihil
2288 1059 2404 1123 est;
2430 1054 2479 1110 si
2511 1059 2705 1110 autem
2740 1055 2869 1121 scit,
2895 1056 3150 1128 peniteat.
3170 1058 3347 1128 juxta
3381 1056 3645 1112 modum
3674 1056 3772 1129 pol-

2115 1142 2377 1199 lutionis.
2394 1143 2502 1210 Qui
2523 1143 2870 1217 sanguinem
2893 1148 2994 1200 aut
3015 1161 3216 1201 semen
3238 1146 3489 1212 biberit,
3505 1145 3590 1200 III
3615 1163 3773 1202 annos

2116 1233 2389 1305 peniteat.
2424 1233 2483 1287 Si
2534 1250 2669 1288 aves
2716 1238 3036 1289 stercorant
3069 1233 3125 1288 in
3157 1250 3535 1307 quacunque
3590 1234 3768 1307 ligare,

2116 1321 2351 1377 tollatur
2373 1323 2444 1377 ab
2466 1339 2531 1378 eo
2554 1327 2798 1391 stercus,
2822 1328 2879 1377 et
2909 1324 3308 1378 sanctiﬁcetur
3328 1340 3518 1395 aqua,
3544 1327 3609 1378 et
3633 1341 3771 1379 mun-

2113 1412 2225 1466 dus
2253 1412 2364 1467 erit
2394 1412 2583 1467 cibus.
2618 1412 2676 1467 Si
2710 1412 2979 1467 ceciderit
3012 1412 3169 1467 sorix
3199 1414 3257 1468 in
3292 1412 3511 1485 ligare,
3553 1413 3771 1467 tollatur

2112 1502 2286 1569 foras,
2320 1506 2376 1556 et
2409 1500 2518 1555 hoc
2549 1507 2752 1574 potum
2785 1506 3129 1573 aspergatur
3175 1518 3332 1573 aqua
3385 1502 3768 1565 sanctiﬁcata,

2110 1595 2166 1645 et
2197 1595 2485 1659 sumatur,
2520 1592 2566 1646 si
2600 1591 2796 1645 vivens
2828 1591 2922 1658 sit,
2958 1590 3005 1645 si
3038 1595 3271 1645 mortua
3303 1591 3559 1646 inventa
3593 1591 3765 1655 fuerit,

2113 1679 2453 1752 projiciatur
2501 1680 2655 1735 foras
2702 1684 2759 1735 et
2808 1680 3125 1734 mandetur
3153 1696 3276 1735 vas.
3304 1679 3645 1747 Animalia,
3676 1698 3767 1753 que

2111 1788 2144 1823 a
2174 1767 2328 1841 lupis
2377 1786 2477 1825 seu
2540 1768 2784 1823 canibus
2842 1768 3190 1837 lacerantur,
3225 1785 3341 1823 non
3398 1774 3554 1823 sunt
3592 1786 3765 1825 come-

2109 1858 2319 1924 denda,
2355 1857 2466 1913 nisi
2498 1858 2643 1913 forte
2673 1857 2745 1912 ab
2795 1856 3135 1912 hominibus
3189 1857 3386 1912 adhuc
3441 1858 3585 1913 viva
3634 1860 3764 1914 oeci-

2108 1947 2324 2002 dantur
2345 1946 2528 2018 prius,
2554 1947 2653 2002 sed
2678 1945 2869 2017 porcis
2894 1950 2951 2001 et
2972 1946 3218 2001 canibus
3240 1946 3493 2015 dentur;
3516 1964 3633 2002 nec
3660 1965 3762 2003 cer-

2106 2052 2214 2091 vus
2245 2052 2347 2090 nec
2375 2052 2549 2107 capra
2581 2034 2629 2090 si
2662 2034 2876 2089 mortui
2912 2035 3164 2103 fuerint;
3198 2052 3333 2090 aves
3360 2052 3532 2104 vero,
3567 2042 3628 2091 et
3657 2036 3763 2092 ani-

2110 2124 2285 2179 malia
2310 2129 2522 2192 cetera,
2554 2124 2599 2179 si
2634 2124 2693 2179 in
2724 2124 2948 2179 retibus
2978 2123 3450 2195 strangulantur,
3484 2143 3610 2181 non
3640 2138 3762 2181 sunt

2107 2214 2467 2269 comedenda
2521 2212 2595 2267 ab
2651 2212 3031 2279 hominibus;
3086 2228 3190 2267 nec
3249 2212 3300 2267 si
3351 2214 3628 2286 accipter
3679 2231 3759 2286 op-

2107 2303 2405 2376 presserit,
2428 2302 2478 2356 si
2512 2301 2725 2356 mortui
2760 2300 3167 2368 inveniuntur;
3201 2302 3338 2373 quia
3369 2301 3478 2357 IIII
3508 2305 3760 2375 capitula

2103 2395 2284 2447 Actus
2316 2389 2715 2463 apostolorum
2748 2389 3078 2462 precipiunt
3124 2389 3423 2447 abstinere
3454 2409 3489 2445 a
3514 2391 3758 2447 fornica-

2104 2481 2259 2537 tione
2288 2486 2345 2537 ct
2374 2479 2659 2553 sanguine
2699 2484 2757 2534 et
2803 2480 3083 2533 sull'ocato
3130 2484 3185 2533 et
3232 2478 3536 2535 idulatria.
3576 2480 3755 2537 Pisces

2103 2570 2238 2627 licet
2267 2570 2590 2639 comedere,
2625 2568 2764 2640 quia
2805 2566 3047 2623 alterius
3079 2573 3302 2623 natura;
3334 2574 3496 2624 sunt.
3532 2570 3753 2642 Equum

2103 2678 2220 2716 non
2268 2659 2557 2733 prohibet,
2604 2663 2798 2713 tamen
2852 2657 3211 2712 consuetudo
3261 2674 3375 2712 non
3432 2664 3547 2712 est.
3584 2659 3753 2732 Lepo~

2102 2767 2226 2806 rem
2271 2750 2404 2805 licet
2452 2747 2774 2804 comedere.
2807 2747 2959 2817 Apes
3007 2745 3056 2800 si
3107 2744 3373 2801 occident
3434 2747 3748 2813 hominem,

2100 2838 2230 2912 ipsa
2262 2854 2494 2911 quoque
2519 2837 2659 2892 occi.
2706 2878 2718 2890 .
2763 2876 2777 2890 .
2825 2877 2837 2889 .
2884 2876 2896 2889 .
2943 2876 2957 2892 .
2992 2836 3103 2899 (38)
3140 2834 3505 2903 festinanter,
3541 2837 3658 2892 mel
3682 2844 3751 2892 ta-

2101 2944 2234 2983 men
2269 2928 2674 2983 manducetur.
2708 2925 2768 2981 Si
2799 2941 2938 2980 casu
2984 2923 3144 2996 porci
3192 2923 3282 2979 vel
3341 2924 3576 2997 gallinae
3632 2944 3749 2981 san-

2100 3017 2335 3091 guinem
2388 3014 2645 3071 hominis
2701 3014 3036 3078 comedunt,
3068 3029 3186 3068 non
3217 3013 3607 3070 habiciendos
3636 3032 3744 3070 ere-

2099 3104 2316 3171 dimns,
2353 3105 2453 3160 sed
2487 3104 2959 3167 manducantur;
2991 3102 3091 3157 sed
3125 3101 3267 3174 quia
3294 3104 3583 3159 cadavera
3611 3120 3744 3159 mor-

2100 3200 2337 3250 tuorum
2371 3192 2693 3249 lacerantes
2743 3191 3249 3259 manducaverint,
3285 3206 3523 3247 carnem
3549 3210 3739 3248 eorum

2099 3284 2455 3339 manducare
2487 3300 2603 3338 non
2652 3281 2806 3349 licet,
2840 3296 3028 3353 usque
3080 3279 3223 3334 dum
3274 3287 3661 3347 macerentur,
3690 3288 3738 3338 et

2097 3378 2228 3446 post
2258 3373 2395 3429 anni
2427 3370 2734 3427 circulum.
2766 3368 3058 3424 Animalia
3094 3368 3253 3425 coitu
3283 3368 3591 3425 hominum
3624 3370 3735 3444 pol-

2097 3461 2221 3517 luta
2250 3462 2613 3526 occidantur,
2631 3474 2952 3531 carnesque
2982 3458 3228 3513 canibus
3257 3458 3731 3531 proieianlur,sed

2098 3552 2254 3625 quod
2304 3555 2649 3625 genuerunt,
2702 3549 2822 3605 sint
2869 3549 2930 3603 in
2993 3564 3187 3615 usum,
3247 3553 3306 3603 et
3363 3548 3519 3604 coria
3571 3550 3727 3605 adsu-

2097 3646 2295 3709 ment;
2330 3640 2441 3703 (39)
2477 3640 2575 3696 ubi
2606 3644 2798 3695 autem
2831 3643 2919 3695 est
2948 3638 3215 3706 dubium,
3242 3655 3359 3693 non
3387 3638 3726 3694 occidantur.

2096 3731 2354 3789 Inﬂrmis
2385 3731 2517 3786 licet
2548 3729 2705 3787 omni
2747 3729 2890 3783 hora
2928 3728 3125 3783 cibum
3176 3744 3415 3783 sumere
3442 3733 3501 3783 et
3521 3733 3725 3801 potum,

2096 3821 2334 3892 quando
2363 3820 2701 3876 desiderant
2728 3817 2817 3873 vel
2849 3821 3129 3890 possunt;
3166 3818 3214 3872 si
3243 3822 3599 3890 oportunum
3628 3835 3727 3872 non

2096 3915 2345 3982 possunt
2375 3908 2485 3972 (40)
2513 3908 2615 3983 qui
2646 3908 2828 3964 ederit
2858 3906 3090 3979 aliquos
3119 3904 3355 3979 Iigores',
3388 3906 3448 3961 in
3480 3924 3594 3979 quo
3624 3908 3725 3961 fue-

2096 4001 2171 4056 rit
2203 3998 2436 4054 multila
2467 3998 2580 4063 (4t)
2610 3996 2698 4054 vel
2728 4001 2958 4052 mortua
2990 3995 3303 4062 invenitur,
3337 3996 3433 4051 III.
3467 4012 3728 4067 superpo-

2094 4088 2211 4158 siti,
2247 4088 2355 4151 (42)
2385 4086 2661 4160 peniteat.
2682 4086 2742 4141 Si
2773 4085 2836 4143 in
2865 4083 3051 4142 farina
3081 4088 3183 4139 aut
3213 4083 3273 4138 in
3304 4082 3504 4154 aliquo
3534 4083 3727 4139 siccato

2094 4231 2438 4289 sitionibus:
2468 4230 2516 4285 si
2550 4228 3007 4293 infirmitatis,et
3034 4243 3149 4285 non
3180 4225 3517 4282 voracitatis
3546 4242 3723 4289 causa,

2093 4306 2125 4359 4
2150 4302 2719 4375 superpositionibus
2767 4299 2973 4375 deleat_
3011 4297 3269 4375 culpam,
3305 4315 3322 4352 ι
3355 4302 3467 4353 etc.
3496 4298 3562 4352 Et
3606 4314 3726 4375 mox

2092 4369 2285 4431 cam-7
2315 4369 2390 4429 ;’‹‹
2427 4374 2485 4429 Si
2517 4372 2652 4445 quis
2684 4378 2878 4445 autem
2927 4369 3225 4445 ebrietatis
3272 4386 3453 4445 causa
3500 4369 3725 4441 psallere

2089 4464 2206 4504 non
2242 4449 2432 4518 potest
2462 4441 2988 4518 stupenselinguis
3021 4458 3033 4496 :
3068 4457 3232 4518 caena
3266 4441 3545 4518 privatur.
3582 4464 3608 4487 ιι

2187 4512 2275 4589 35)
2306 4517 2594 4589 suaviora,
2619 4520 2684 4589 ut
2711 4512 3016 4589 habetlib.
3042 4512 3140 4589 cit.
3175 4513 3246 4567 de
3269 4513 3486 4589 regned.
3524 4514 3723 4589 peccat.

2183 4583 2276 4657 36)
2304 4588 2406 4643 Hic
2438 4603 2621 4642 canon
2663 4586 2722 4640 in
2773 4583 2968 4641 libello
3026 4584 3097 4638 de
3149 4584 3373 4657 remed.
3408 4583 3627 4657 peccat.
3658 4583 3727 4639 ita

2090 4654 2338 4716 refertur
2365 4676 2435 4715 ex
2464 4657 2768 4714 Theodoro
2800 4657 3187 4712 Cantuariensi
3212 4673 3231 4710 :
3272 4676 3299 4708 α
3320 4654 3483 4718 Quod
3514 4654 3561 4709 si
3598 4670 3727 4709 casa

2091 4732 2225 4808 quis
2251 4731 2559 4808 immunda
2579 4745 2758 4808 manu
2788 4728 2984 4808 cibum
3014 4725 3221 4808 tangit,
3243 4725 3335 4808 vel
3353 4727 3537 4808 canis,
3559 4724 3726 4804 vel

2088 4796 2201 4869 lax,
2235 4802 2330 4879 vel
2354 4818 2507 4879 mus,
2539 4798 2627 4855 vel
2656 4796 3299 4879 immundunmanimal,
3324 4797 3483 4879 quod
3506 4797 3723 4876 sangui-

2089 4867 2221 4929 nem
2256 4867 2501 4939 biberit,
2520 4889 2634 4928 non
2669 4874 2856 4926 nocet.
2888 4892 2915 4919 ››
2948 4869 3059 4925 Sed
3100 4867 3297 4939 etiam
3345 4867 3408 4923 in
3459 4867 3567 4923 hoc
3613 4867 3723 4939 ipso

2089 4962 2310 5001 canone
2324 4962 2427 5017 pro
2443 4938 2630 5017 primo
2643 4948 2887 5017 quartus
2906 4956 3079 5017 casus
3098 4938 3396 5017 legendus
3406 4944 3517 5017 est,
3530 4938 3723 4999 canem,

2088 5022 2196 5072 etc.
2231 5010 2492 5071 Est-vero
2523 5010 2677 5087 pilai
2708 5013 2989 5068 Martenio
3018 5010 3211 5066 cattus
3240 5010 3586 5083 murilegus.

2160 5086 2716 5165 lﬁithapsujne-
3015 5152 3027 5165 .
3082 5157 3087 5165 .
3555 5152 3593 5165 .,
3658 5152 3689 5165 ..

2158 5152 2268 5231 (38)
2302 5152 2554 5231 ΤὴεοάΪ
2573 5158 2729 5231 Cant.
2778 5172 2963 5210 canon
3012 5152 3164 5209 inter
3210 5152 3441 5209 Ilibem.
3494 5178 3521 5203 ι(
3555 5152 3721 5207 Festi-

2088 5229 2297 5285 nanter
2324 5229 2621 5285 occidendi
2653 5231 2810 5283 sunt.
2848 5249 2875 5275 ››

2159 5303 2271 5374 (39)
2303 5300 2531 5374 Clarius
2578 5300 2637 5374 i_n
2677 5299 2865 5374 antiq.
2899 5296 3120 5374 collect.
3154 5312 3285 5374 can.
3320 5295 3523 5368 paenit.
3557 5291 3716 5366 (apud

2087 5367 2329 5429 Marten.
2365 5372 2404 5427 l.
2437 5388 2488 5428 c.
2521 5372 2631 5427 col.
2664 5372 2751 5425 41.
2786 5367 2937 5437 init.)
2967 5367 3059 5423 sed
3085 5369 3239 5423 coria
3267 5367 3639 5423 enutriuntur.

2179 5445 2268 5514 40)
2303 5442 2521 5516 Supple
2554 5460 2567 5499 :
2602 5441 2950 5498 nmnducare.

2181 5517 2267 5586 41)
2300 5515 2561 5570 Μυειειια.

2157 5584 2270 5665 (42)
2303 5584 2904 5663 Superpositionibus.
