3844 6200
23 334 134 395 965

1243 333 1615 398 JUDlClUM
1666 333 2193 398 l’OENI'l‘EN'l‘lS.

3304 346 3422 404 906

23 471 144 525 cibo
174 473 276 524 aut
307 466 524 541 pultato
551 465 849 524 coaculato
879 465 966 524 vel
988 466 1137 524 lacte
1159 467 1658 524 isteinveniantur
1686 470 1741 535 Α
1772 468 2049 538 peniteat,
2084 469 2339 525 maxime
2372 469 2430 525 in
2481 471 2557 527 IlI
2607 471 2839 529 XLmis.
2875 472 2982 537 Qui
3032 492 3134 547 per
3180 477 3425 549 turpilo-

22 556 435 630 bestiola,quod
466 556 515 613 si
547 556 701 613 circa
730 573 973 630 corpora
992 573 1194 613 eorum
1218 555 1356 613 foris
1377 557 1660 629 proician-

25 654 146 713 tur;
179 649 290 715 (43)
323 664 491 702 omne
522 645 818 719 reliquum
850 663 994 702 sana
1019 650 1290 702 sumatur
1310 646 1509 702 ﬁde.Si
1533 664 1662 703 san-

23 737 251 810 guinem
286 735 407 792 sine
450 735 751 791 voluntate
798 736 870 792 de
918 736 1194 792 dentibus
1224 734 1457 803 biberit,
1485 734 1542 790 id
1574 739 1662 790 est

26 842 151 882 cum
182 823 385 891 saliva,
418 841 531 879 non
562 828 652 880 est
684 829 1008 897 peceatum.
1036 824 1095 880 Si
1147 824 1279 896 quis
1325 825 1662 882 venationes

27 914 243 985 aliquas
274 930 620 986 quocunque
661 918 939 979 exerceat,
973 913 1021 968 si
1055 913 1299 970 clericus
1349 930 1501 970 anno
1533 915 1575 982 Ι,
1614 913 1662 969 si

28 1004 299 1059 diaconus
344 1002 410 1058 II.
443 1002 491 1057 si
542 1003 815 1059 sacerdos
863 1003 936 1058 Ill
984 1002 1257 1075 peniteat.
1290 1002 1662 1059 Catecumeni

28 1092 370 1148 manducare
400 1109 514 1148 non
545 1092 759 1149 debent
787 1110 922 1149 cum
952 1092 1283 1165 baptizatis,
1317 1109 1504 1165 neque
1524 1108 1663 1165 gen-

27 1182 168 1236 tiles.
201 1180 354 1236 Uxor
383 1197 495 1252 que
528 1179 879 1253 sanguinem
911 1180 1015 1237 viri
1052 1181 1390 1254 proredium
1422 1182 1532 1249 (44)
1559 1197 1664 1253 gu-

26 1268 271 1336 staverit,
304 1269 395 1325 XL
425 1269 701 1342 peniteat.
737 1269 831 1325 Sic
884 1274 940 1324 et
989 1269 1110 1336 illa,
1151 1288 1265 1342 que
1314 1287 1513 1326 semen
1559 1268 1666 1324 viri

27 1358 110 1413 sui
142 1357 196 1412 in
229 1357 428 1413 cibum
462 1357 740 1425 miscens,
775 1362 839 1413 ut
868 1358 1002 1413 inde
1032 1357 1165 1431 plus
1197 1362 1487 1414 amatores
1518 1356 1668 1412 acci-

27 1448 157 1520 piat,
193 1448 306 1519 (45)
336 1446 411 1502 Ill
438 1463 623 1501 annos
653 1445 927 1519 peniteat.
962 1447 1068 1512 Qui
1108 1450 1399 1502 contemto
1448 1446 1667 1501 indicto

21 1535 232 1608 jejunio
263 1535 325 1590 in
354 1534 633 1602 Ecclesia,
667 1541 724 1590 et
752 1540 957 1591 contra
986 1536 1217 1591 decreta
1256 1534 1553 1590 seniorum
1587 1533 1668 1589 fe-

27 1626 177 1691 cerit,
209 1625 336 1681 sine
367 1624 480 1680 XL.
515 1642 612 1680 ma
660 1624 773 1680 XL.
807 1625 933 1680 dies
978 1624 1269 1696 peniteat;
1304 1623 1354 1678 si
1381 1627 1577 1679 autem
1609 1622 1667 1677 in

25 1714 209 1769 XLma
238 1729 460 1769 annum
490 1713 819 1786 peniteat,si
853 1713 1185 1785 frequenter
1213 1712 1503 1777 fecerit,et
1533 1729 1671 1767 con-

28 1802 389 1859 suetudinem
424 1802 712 1868 habuerit,
743 1802 1228 1858 exterminabitur
1269 1801 1343 1858 ab
1391 1800 1666 1866 Ecclesia,

32 1893 262 1948 Domino
293 1892 543 1947 dicente.
603 1891 710 1958 Qui
745 1890 1223 1947 seandalizaverit
1252 1908 1434 1946 unum
1464 1892 1534 1945 de
1566 1907 1671 1962 pu-

40 1980 175 2034 sillis
207 1979 467 2052 istis,qui
496 1979 555 2033 in
588 1996 680 2035 me
709 1980 973 2046 credunt,
1007 1984 1065 2035 et
1094 1978 1463 2050 reliqua,etc.
1503 1978 1551 2034 si
1583 1977 1673 2033 in-

33 2072 110 2124 fra
134 2069 413 2139 XLmam,
445 2086 668 2124 annum
700 2069 972 2140 peniteat.
998 2068 1104 2135 Qui
1136 2068 1206 2123 de
1237 2066 1329 2123 sui
1361 2068 1673 2123 comedens

32 2158 278 2231 corporis
310 2163 467 2229 cute,
498 2158 585 2213 vel
617 2157 810 2214 scabie
841 2156 959 2213 sive
990 2155 1329 2221 vermiculo,
1360 2156 1457 2228 qui
1492 2157 1672 2229 pedu-

31 2248 107 2303 cle
137 2250 243 2319 (46)
278 2252 699 2319 nuncupantur
730 2263 743 2300 :
778 2264 948 2302 suam
994 2262 1097 2301 nec
1149 2262 1262 2301 non
1316 2245 1522 2301 bibens
1554 2245 1672 2300 uri-

30 2354 178 2405 nam,
209 2332 539 2393 s'tercorave
580 2336 914 2401 comedens,
946 2352 1080 2390 cum
1126 2334 1497 2407 impositione
1548 2352 1676 2389 ma-

31 2444 201 2482 nuum
238 2425 509 2498 Episcopi
542 2442 764 2481 annum
798 2425 1087 2497 integrum
1112 2441 1244 2480 cum
1269 2440 1417 2496 pane
1447 2428 1503 2479 et
1523 2441 1675 2496 aqua

31 2515 291 2587 peniteat.

28 2626 93 2679 De
122 2624 397 2680 Pernicat.
431 2629 482 2677 et
503 2621 661 2692 reliq.
695 2621 944 2690 ingenita
974 2620 1301 2675 luxoriamli
1332 2620 1412 2674 vel
1442 2620 1677 2674 immun-

619 2693 709 2748 dis
744 2692 1072 2763 puerilibus.

92 2780 973 2857 Episcopi,presbyteri,diaconi
996 2779 1437 2835 fornicationem
1465 2779 1676 2835 facien-

32 2880 107 2929 tes
136 2871 445 2946 degradari
475 2871 712 2936 debent,
744 2875 802 2925 et.
839 2870 1116 2943 penitere,
1146 2869 1371 2941 judicio
1417 2868 1673 2941 episcopi

30 2968 212 3017 tamen
242 2959 703 3017 communicent.
732 2957 812 3014 De
844 2957 1171 3029 sodomitis,
1204 2958 1475 3031 Episcopi
1525 2957 1670 3012 Xlll.

32 3067 203 3106 annos
234 3049 557 3122 peniteant,
592 3048 750 3120 prbr.
781 3047 902 3103 Xll.
936 3047 1086 3103 diae.
1120 3047 1267 3102 VIII.
1301 3046 1670 3101 subdiac.lll.

31 3139 219 3196 Clerici
249 3138 345 3194 Vl.
382 3137 540 3194 Laici
566 3137 633 3194 V.
668 3154 854 3193 annos
894 3137 1210 3210 peniteant.
1264 3141 1321 3192 et
1368 3152 1669 3207 nunquam

1770 557 2091 628 quium,vel
2124 563 2368 631 aspectu
2406 559 2819 632 coinquinatus
2840 568 2946 630 est,
2976 567 3171 619 tamen
3200 583 3312 620 non
3336 584 3428 623 vo-

1767 644 1875 700 luit
1910 646 2181 702 fornicari
2216 647 2605 722 corporaliter
2631 649 2737 705 XX.
2762 650 2849 706 vel
2870 650 3120 708 XL.dies
3150 655 3425 725 pu.i'.eat.

1772 734 1829 789 Si
1862 740 2057 791 autem
2091 735 2148 791 in
2173 736 2561 810 cogitationes
2581 738 2861 796 violenter
2881 740 2989 813 (49)
3014 742 3427 814 coinquinatus

1771 828 1883 892 est,
1913 823 2034 880 VII.
2070 825 2193 880 dies
2216 826 2613 898 peniteat.Qui
2637 827 2735 883 diu
2757 828 3047 885 inluditur
3073 848 3107 885 a
3136 831 3432 904 cogitatio-

1773 928 1865 979 ne,
1896 913 2131 985 tepidus
2169 913 2220 969 ei
2274 930 2610 987 repugnans
2662 916 2756 971 III.
2788 916 2874 973 vel
2908 917 2978 973 ΙΙ.
3009 918 3099 975 vel
3142 918 3429 992 plurimos

1773 1000 1932 1068 dies;
1968 1001 2067 1074 qui
2103 1007 2333 1058 tantum
2365 1004 2638 1077 exegerit,
2668 1005 3026 1078 diuturnjtas
3064 1009 3430 1081 cogitationis

1775 1090 2047 1161 peniteat.
2064 1091 2175 1162 (50)
2190 1092 2357 1148 Pueri
2380 1093 2478 1165 qui
2504 1093 2865 1149 fornicantur
2885 1095 3038 1151 inter
3057 1098 3425 1170 semetipsos,

1766 1178 2053 1249 judicavit
2085 1180 2195 1250 (5|)
2224 1185 2288 1235 ut
2319 1180 2647 1238 fabulenter
2675 1184 2821 1251 (52);
2855 1184 3019 1255 pueri
3055 1185 3164 1241 soli
3213 1204 3430 1243 sermo-

1776 1266 2040 1323 cinantes
2069 1273 2125 1323 et
2158 1270 2655 1341 transgredientes
2687 1275 2906 1327 statuta
2933 1273 3430 1341 seniorum,insu-

1778 1372 1881 1427 per
1900 1360 2031 1427 post
2049 1358 2361 1413 emendent
2382 1357 2649 1413 osculum
2673 1359 3005 1431 simplicum
3032 1362 3310 1420 facientes
3333 1364 3425 1420 Vl.

1778 1462 2019 1517 suppos.
2054 1444 2487 1504 Inlecebrrsum
2511 1446 2779 1503 osculum
2803 1449 2928 1505 sine
2955 1450 3431 1523 coinquinamen-

1777 1537 1904 1588 tum
1936 1533 2083 1589 Vill.
2118 1551 2252 1589 cum
2286 1552 2399 1606 quo
2432 1535 2875 1606 inquinamento
2909 1538 3037 1594 sine
3068 1539 3339 1613 amplexu
3360 1542 3427 1598 X.

1779 1638 1904 1693 pos.
1941 1624 2050 1693 (53)
2084 1622 2218 1678 Post
2259 1639 2481 1679 annum
2529 1624 2639 1680 XX.
2675 1625 2731 1681 id
2782 1630 2869 1682 est
2917 1627 3101 1683 adulti
3146 1628 3287 1685 item
3319 1631 3429 1704 (54)

1780 1710 2210 1766 committentes
2240 1712 2352 1767 XL.
2387 1712 2511 1769 dies
2552 1714 2802 1785 separati
2831 1732 2864 1771 a
2896 1731 3100 1772 mensa
3145 1723 3431 1775 extorres-

1781 1815 1893 1870 que
1923 1799 1994 1854 ab
2028 1800 2284 1855 Ecclesia
2320 1817 2454 1855 cum
2500 1818 2649 1873 pane
2696 1807 2754 1858 et
2802 1820 2989 1875 aqua;
3025 1805 3253 1862 minimi
3298 1824 3430 1864 vero

1786 1887 2165 1943 fornicatione
2197 1888 2490 1945 imitentes
2523 1908 2584 1946 se
2606 1891 2873 1961 invicem,
2892 1894 3000 1966 (55)
3014 1895 3113 1950 sed
3138 1895 3429 1968 inquinati

1783 1993 1899 2031 non
1931 1981 2070 2031 sunt
2101 1982 2335 2049 propter
2365 1979 2551 2034 atatis
2597 1981 2995 2037 maturitatem
3042 1983 3155 2038 XX.
3188 1984 3334 2041 dies.
3370 1985 3431 2040 Si

1781 2082 1914 2120 vero
1946 2066 2282 2137 frequenter
2309 2067 2418 2122 XL.
2452 2068 2594 2123 dies.
2632 2068 2796 2124 Pueri
2847 2074 2979 2126 ante
3008 2071 3120 2128 XX.
3151 2089 3335 2129 annos
3368 2090 3430 2129 se

1784 2154 2028 2209 invicem
2064 2154 2337 2211 manibus
2366 2156 2833 2230 coinquinantes,
2867 2163 2924 2214 et
2969 2161 3221 2217 confessi
3268 2167 3428 2219 ante-

1784 2260 1960 2315 quam
2007 2244 2441 2300 communieent
2483 2245 2595 2300 XX.
2624 2246 2781 2315 dies;
2818 2246 2867 2302 si
2915 2247 3249 2306 iteraverint
3297 2256 3431 2324 post

1784 2332 2162 2405 penitentiam
2196 2332 2254 2389 C.
2287 2333 2432 2390 dies.
2466 2333 2525 2389 Si
2566 2351 2698 2391 vero
2747 2336 3126 2408 frequentius,
3160 2357 3430 2412 separen-

1785 2426 1882 2475 tur
1911 2426 1969 2475 et
1996 2439 2216 2477 annum
2248 2423 2566 2493 peniteant.
2611 2423 2759 2479 Puer
2798 2442 3113 2497 oppressus
3144 2445 3178 2483 a
3210 2431 3429 2500 majore

1785 2508 1936 2563 infra
1963 2510 2025 2564 X.
2060 2526 2267 2579 annos,
2298 2510 2682 2567 ebdomadem
2701 2513 2952 2583 jejunat.
2977 2513 3084 2577 Qui
3116 2517 3426 2586 consentit,

1783 2596 1895 2652 XL.
1930 2598 2073 2653 dies.
2110 2597 2313 2654 Molles
2362 2616 2546 2654 unum
2597 2618 2816 2656 annum
2869 2603 3186 2674 peniteant.
3218 2606 3323 2671 Qui
3371 2607 3429 2661 in

1784 2686 2010 2741 somnis
2041 2686 2336 2742 voluntate
2369 2688 2628 2758 pollutus
2659 2694 2766 2759 est,
2800 2695 3319 2765 surgut,canatque
3337 2710 3431 2767 ge-

1785 2776 2152 2831 nuﬂectendo
2184 2776 2301 2831 Vll.
2335 2775 2545 2849 psalm.
2571 2777 2627 2832 in
2651 2779 2905 2834 crastino
2927 2780 2983 2833 in
3006 2797 3155 2852 pane
3176 2787 3233 2838 et
3254 2801 3427 2855 aqua,

1784 2863 1871 2919 vel
1904 2864 2071 2919 XXX.
2102 2864 2366 2937 psalmos
2396 2865 2681 2921 flectendo
2713 2866 2771 2921 in
2802 2868 2916 2923 fine
2948 2885 3431 2944 unumquemque

1786 2957 1958 3008 canat
1985 2952 2168 3025 gloria
2198 2952 2372 3007 Patri.
2407 2953 2620 3009 Veiens
2652 2956 2819 3026 quasi
2851 2956 2908 3011 in
2941 2973 3147 3013 somno
3169 2974 3427 3030 peccare.

1784 3042 1903 3098 sive
1934 3041 2193 3114 pollutus
2221 3046 2309 3096 est
2337 3041 2463 3098 sine
2493 3042 3195 3118 roluntate,XlI.psalmos
3214 3055 3427 3116 cantet,

1784 3134 1843 3186 et
1871 3148 2049 3203 super
2075 3130 2539 3203 uniuscujusque
2558 3131 2770 3204 psalmi
2792 3134 2949 3189 dicat
2969 3138 3056 3190 ter
3075 3136 3229 3191 Deus
3250 3136 3309 3191 in
3332 3138 3431 3193 ad-

31 3247 152 3284 cum
181 3228 294 3285 alio
319 3226 805 3284 dormiat.Frater
833 3242 967 3281 cum
1000 3226 1176 3289 fratre
1208 3224 1455 3280 naturali
1490 3224 1668 3279 forni-
1704 3204 1745 3270 Ο
1775 3220 2063 3293 jutorium
2097 3219 2427 3283 meum.Qui
2457 3237 2653 3276 semen
2686 3222 2745 3275 in
2767 3222 3011 3279 ecclesia
3030 3224 3327 3281 dormiens
3349 3225 3433 3281 fu-

31 3320 132 3374 cati
164 3336 235 3375 ne
265 3334 373 3390 per
404 3315 882 3372 commixtionem
914 3316 1108 3371 carnis
1132 3314 1242 3370 XV.
1277 3332 1371 3370 an.
1396 3313 1669 3387 peniteat,

31 3408 94 3463 ab
124 3407 281 3463 omni
313 3422 491 3463 carne
522 3422 583 3462 se
613 3404 980 3473 abstineat,si
1012 3421 1209 3462 semen
1241 3404 1298 3459 in
1328 3421 1394 3460 os
1426 3402 1672 3470 miserit,

31 3501 239 3568 septem
270 3513 368 3552 an.
407 3494 585 3566 penit.
619 3494 717 3550 alii
749 3493 953 3549 dicunt
984 3509 1171 3565 usque
1202 3493 1274 3547 ad
1308 3493 1482 3549 finem
1522 3492 1669 3548 vitae.

30 3586 136 3641 Viri
157 3587 307 3642 inter
322 3586 547 3641 femora
564 3582 916 3639 fornicantes
938 3582 1127 3655 primo
1149 3598 1369 3637 annum
1392 3581 1669 3655 peniteat,

30 3674 71 3727 si
102 3675 317 3730 iterans
347 3690 483 3730 vero
514 3673 666 3727 inter
694 3689 867 3728 crura
898 3670 1334 3737 fornicantes,si
1359 3670 1523 3742 pueri
1554 3669 1674 3727 sint

29 3765 153 3818 anni
184 3763 321 3820 lI.si
352 3762 461 3818 viri
490 3761 630 3817 anni
660 3761 756 3817 lll.
790 3761 838 3816 si
870 3765 1067 3816 autem
1101 3760 1157 3814 in
1187 3759 1673 3815 consuetudinem

26 3856 335 3919 vertunt,et
366 3851 578 3906 modus
609 3849 924 3921 penitentie
954 3850 1204 3904 addatur
1224 3848 1450 3920 judicio
1481 3864 1674 3903 sacer-

29 3939 156 3996 doti.
190 3942 305 4014 (47)
355 3939 460 3995 Vir
507 3938 888 4011 semetipsum
938 3938 1346 4009 eoinquinans,
1390 3937 1580 4013 primo
1608 3936 1670 3992 C.

30 4030 162 4098 dies,
194 4036 253 4087 et
284 4030 339 4085 si
370 4028 839 4096 iterans,annum
862 4070 875 4096 ,
908 4027 956 4083 si
986 4044 1119 4082 cum
1151 4027 1335 4100 gradu
1365 4030 1474 4094 est,
1494 4027 1667 4082 adda-

28 4125 116 4174 tur
144 4120 327 4192 penit.
362 4136 467 4191 per
493 4118 612 4173 XII.
646 4134 934 4173 annorum
971 4116 1086 4173 XL.
1119 4116 1263 4172 dies.
1297 4115 1404 4182 Qui
1456 4133 1673 4171 concu-

27 4208 191 4278 piscit
221 4210 283 4264 in
324 4213 382 4264 te
412 4208 528 4278 (48)
560 4205 847 4262 fornicare
895 4205 996 4261 sed
1046 4221 1162 4261 non
1210 4203 1420 4278 potuit,
1451 4220 1672 4260 annum

87 4405 198 4471 (43)
231 4404 295 4460 In
334 4401 536 4473 pcenit.
572 4403 729 4458 Rom.
764 4400 975 4473 Halitg.
1002 4400 1155 4473 apud
1179 4400 1479 4473 Canisiuim
1514 4402 1669 4460 Lect.

29 4475 197 4552 antiq.
229 4481 272 4530 t.
417 4478 479 4528 P.
516 4491 553 4552 ιι
584 4472 958 4552 e_d._l§asnag.
985 4472 1671 4552 p._1_38,occurrit_canon

29 4632 257 4687 corpora
287 4634 494 4673 earum
524 4621 632 4682 est,
669 4614 1040 4687 projieiatur.‘
1066 4637 1094 4664 ››

89 4635 113 4671 ι·
153 4634 257 4673 ora
287 4634 494 4673 earum
524 4634 632 4682 εει,
669 4634 1027 4687 prejieiatur.
1066 4637 1094 4664 »

86 4634 196 4756 (Et)
229 4689 294 4744 In
328 4687 551 4744 collect.
587 4687 769 4758 antiq.
800 4685 838 4741 l.
872 4702 922 4742 c.
958 4684 1062 4740 coL
1093 4687 1184 4752 52,
1211 4702 1313 4757 pro
1344 4686 1596 4743 remedio.

110 4759 195 4830 45)
230 4760 296 4827 l.,
334 4775 384 4814 e.
412 4766 474 4815 ut
500 4758 628 4814 inde
653 4758 777 4830 plus
804 4758 922 4829 ejus
953 4773 1194 4813 amorem
1220 4759 1474 4829 accipiat.

108 4830 193 4887 46)
228 4830 507 4887 Pedicuh'.

108 4903 195 4973 47)
226 4900 556 4958 Sacerdotis.

87 4762 102 4971 1

86 4971 196 5054 (fit?)
229 4973 342 5029 Pro
375 4975 434 5054 in
463 4981 514 5029 te
556 4972 773 5045 legitur
819 4971 877 5028 in
928 4971 1032 5027 lib.
1067 4975 1145 5026 De
1192 4971 1412 5027 remed.
1447 4975 1665 5044 peccat.

31 5043 230 5100 melius
260 5052 459 5101 mente.

88 5115 209 5188 (49)
230 5115 275 5170 Ι.
311 5131 389 5183 e.,
422 5132 491 5188 ex
520 5113 939 5188 imaginatione
970 5112 1453 5188 vehementi.AHic
1479 5131 1667 5188 canon

32 5187 75 5240 in
106 5184 333 5258 collect.
368 5186 551 5258 antiq.
584 5184 680 5258 bis
704 5185 898 5241 verbis
930 5185 1179 5258 refertur
1208 5201 1222 5239 :
1258 5207 1285 5234 «
1319 5184 1424 5248 Qui
1474 5185 1668 5258 impu-

32 5257 289 5327 gnatione
321 5255 534 5315 mentis
575 5256 852 5317 violenter
899 5255 1312 5327 coinquinatus
1340 5259 1447 5321 est,
1477 5258 1512 5310 7
1541 5255 1667 5313 dies

33 5325 317 5407 poeniteat,
350 5328 437 5386 vel
469 5345 777 5407 quousque
807 5325 1079 5407 cogitatio
1110 5325 1380 5407 vincitur.
1416 5350 1438 5378 ι
1468 5398 1502 5407 η

90 5401 206 5468 (50)
234 5401 275 5455 i.
310 5417 386 5472 e.,
419 5396 519 5472 qui
547 5396 778 5472 tantum
808 5396 1091 5472 temporis
1115 5396 1174 5451 in
1206 5397 1544 5472 poenitentia
1571 5415 1666 5452 ex-

34 5471 217 5553 igerit,
245 5468 392 5543 quin
422 5468 617 5553 tamen
647 5470 849 5553 vicerit
877 5468 1278 5553 testationem,
1311 5468 1516 5553 tandiu
1549 5485 1665 5553 pce:

33 5542 220 5610 niteat,
256 5542 521 5614 quandiu
565 5542 722 5613 turpi
771 5542 1120 5613 cogitatione
1168 5542 1568 5613 impugnatur,
1602 5543 1667 5594 ut

33 5614 269 5668 iiabetur
298 5613 360 5669 in
391 5630 520 5668 can.
554 5629 687 5670 mox
715 5611 873 5669 laud.

90 5685 199 5761 (51)
230 5685 399 5744 Forte
428 5684 648 5743 subint.
676 5698 870 5743 canon.

29 4493 197 4602 antiq.
229 4493 272 4530 ι.
310 4493 384 4540 ιι,
417 4493 479 4528 ι’.
516 4493 553 4528 ιι
584 4493 676 4529 ea.
712 4493 958 4552 uasnag.
985 4493 1039 4543 p.
1070 4493 1459 4553 ιωωοοιιιϊιι
1485 4493 1671 4530 canon

29 4544 128 4600 hau
204 4546 461 4605 multum
496 4543 812 4641 absimilis,
839 4544 932 4641 ub:
969 4544 1179 4599 melius
1211 4560 1223 4598 :
1266 4564 1286 4592 ι
1324 4545 1483 4610 Quod
1518 4546 1672 4601 circa
1699 4577 1747 4641 Β

1782 3310 1949 3377 derit,
1982 3309 2078 3364 IlI.
2112 3308 2235 3363 dies
2261 3309 2769 3382 jejunet,peccans
2801 3328 2917 3367 non
2947 3311 3210 3385 pollutus
3240 3314 3426 3372 XXIV.

1782 3397 1993 3472 psalm.
2028 3403 2239 3454 cantet.
2268 3397 2588 3471 Episcopus
2621 3399 2837 3457 faciens
2858 3401 3435 3473 fornicationem,de-

1781 3488 2026 3561 gradare
2057 3487 2290 3554 debent,
2323 3487 2440 3542 sive
2472 3492 2697 3561 septem
2737 3493 2840 3544 aut
2867 3490 2985 3545 ΧΠ.
3019 3507 3195 3548 aenos
3244 3493 3424 3565 penit.

1781 3575 2513 3649 Presbyter,autdiaconus
2538 3576 2977 3636 fornicationem
3001 3580 3326 3637 naturalem
3350 3581 3429 3639 fa-

1781 3664 1940 3721 ciens
1974 3666 2083 3737 (56)
2115 3665 2339 3737 prolato
2370 3670 2502 3721 ante
2533 3666 2804 3723 monachi
2835 3672 3034 3725 votum
3068 3670 3177 3742 (57)
3211 3671 3307 3727 ΙΙΙ.
3332 3689 3430 3726 an-

1784 3771 1890 3810 nos
1918 3754 2194 3825 peniteat,
2221 3754 2448 3810 veniam
2482 3755 2643 3810 omni
2671 3756 2815 3812 hora
2844 3763 3038 3831 roget;
3064 3760 3429 3833 superposito

1784 3845 1893 3915 (58)
1927 3844 2099 3899 faciat
2127 3843 2185 3898 in
2222 3860 2573 3917 unaquaque
2600 3844 3243 3920 hebdomada,exceptis
3263 3850 3430 3922 quin-

1782 3932 2159 4005 quagesimis,
2193 3936 2325 4005 post
2353 3933 2881 4005 superpositionem
2915 3935 3026 4008 (59)
3057 3954 3265 4009 panem
3305 3938 3430 3994 sine

1783 4037 2061 4076 mensura
2092 4024 2310 4087 utatur,
2343 4024 2401 4076 et
2435 4022 2648 4078 fercuio
2694 4022 3064 4096 aliquatenus
3112 4026 3317 4082 butero
3348 4029 3432 4082 in-

1780 4111 2085 4182 pinquato,
2120 4109 2229 4165 hoc
2259 4114 2349 4165 est
2378 4112 2723 4182 quadrante,
2759 4116 2816 4177 et
2861 4112 2954 4168 die
3000 4114 3295 4169 dominica
3345 4116 3429 4171 sic

1778 4199 1933 4253 vivat
1964 4215 1977 4253 :
2012 4197 2218 4255 ceteris
2239 4215 2369 4254 vero
2401 4199 2609 4256 diebus
2640 4201 2818 4256 taxati
2854 4201 3023 4273 panis
3067 4218 3343 4260 mensura
3374 4208 3431 4260 et

1850 4396 1965 4464 (52)
1998 4395 2268 4468 vapulem.

1852 4469 1963 4539 (53)
1997 4466 2181 4523 Locus
2207 4467 2431 4539 integer
2461 4466 2516 4522 in
2550 4467 2931 4540 pmnitentiali
2960 4468 3197 4525 Romano
3227 4470 3299 4525 ab
3324 4469 3430 4527 Ha-

1779 4538 2125 4613 litgarioep.
2148 4538 2538 4613 _Cqmerucergsi
2554 4538 2874 4613 descripto
2906 4540 2994 4596 tit.
3026 4540 3061 4593 9
3087 4540 3152 4613 de
3196 4543 3428 4598 minutis

1777 4609 1976 4679 caesis,
2011 4609 2093 4665 ita
2148 4610 2325 4665 habet
2356 4626 2369 4666 :
2400 4633 2427 4659 ‹‹
2462 4609 2629 4666 Pueri
2688 4609 2797 4666 soli
2854 4611 3314 4668 sermocinantes
3372 4618 3432 4669 et

1780 4681 2274 4769 transgredientes
2306 4681 2588 4769 i‘nst‘ituta‘
2609 4681 3133 4769 seniorum,tri_bus
3155 4699 3431 4769 superpoo

1780 4751 1974 4809 sitioni
1987 4754 2096 4808 bus
2126 4752 2531 4809 emendentur.
2547 4751 2826 4809 Osculum
2847 4752 3194 4825 simpliciter
3220 4751 3430 4811 facien-

1780 4830 1868 4897 tes
1899 4830 2123 4897 septem
2164 4825 2664 4897 superpositiones
2687 4825 2780 4897 (l.,
2814 4824 3427 4897 super-positionibus).

1780 4894 2189 4969 Illecebrosum
2222 4894 2490 4969 osculum
2523 4894 2652 4969 sine
2682 4894 3145 4967 inquinamento,
3169 4898 3203 4969 8
3224 4894 3428 4969 super-

1778 4967 2145 5040 positiones:
2180 4983 2316 5022 cum
2374 4966 2818 5040 inquinamento
2875 4970 3072 5040 autem
3131 4968 3251 5024 sive
3298 4966 3430 5025 am-

1778 5038 1972 5166 Rilexu,
2025 5039 2093 5093 15
2150 5038 2718 5117 superpositionibus
2776 5039 3161 5111 corrigantur.
3197 5062 3226 5090 »
3256 5041 3425 5113 Apud

1839 5126 2069 5165 orinum
2102 5108 2173 5163 de
2207 5112 2401 5166 euenit.
2438 5125 2491 5166 ι).
2523 5110 2649 5163 567.
2681 5110 2773 5165 ed.
2812 5110 2985 5166 Venet.
3019 5112 3178 5166 1702.

1839 5110 2069 5165 orinum
2102 5108 2173 5180 de
2207 5108 2401 5180 poenit.
2436 5125 2491 5180 p.
2523 5110 2649 5163 567.
2681 5110 2773 5165 ed.
2812 5108 2985 5167 Venet.
3019 5112 3178 5167 1702.

1847 5182 1964 5248 (54)
1996 5180 2058 5248 1.,
2092 5178 2254 5235 idem.

1848 5254 1962 5319 (55)
1992 5249 2055 5316 l.,
2089 5249 2527 5305 fornicationem
2562 5250 2860 5308 imitantes
2890 5252 2948 5307 in
2981 5269 3044 5309 se
3085 5254 3353 5310 invicem.

1866 5324 1956 5392 56)
1977 5320 2155 5396 Gilda
2185 5320 2347 5375 addit
2378 5320 2435 5375 in
2468 5338 2576 5378 sua
2605 5323 2765 5394 praef.
2800 5325 2871 5381 de
2903 5323 3102 5396 poenit.
3136 5343 3192 5380 ιι.
3229 5326 3281 5395 1,
3312 5326 3427 5381 sive

1775 5395 2115 5449 sodamitam.

1847 5467 1958 5533 (57)
1994 5462 2055 5531 l.,
2090 5469 2223 5518 voto.

1850 5538 1962 5607 (58)
1994 5534 2057 5597 1.,
2089 5533 2651 5607 superpositionem.

1847 5604 1958 5681 (59)
1986 5604 2444 5680 Apud'Gildam
2501 5607 2543 5665 l.
2577 5624 2627 5664 c.
2677 5611 2909 5684 exceptis
2969 5609 3018 5680 1,
3068 5606 3258 5663 diebus
3308 5615 3429 5682 post

1773 5696 1921 5761 pass.
