3892 6212
99 350 232 409 973
1348 344 1720 408 JUDICIUM
1776 344 2302 408 POENl'l‘EN'l‘IS.
2838 410 2839 415 η
3420 357 3539 416 974

101 486 234 536 tem
274 480 486 536 mortis
519 478 843 553 periculum
876 478 1139 543 incurrit,
1174 478 1269 534 III.
1305 496 1489 535 annos
1537 478 1776 535 inermis
1806 477 1862 546 Α
1892 476 2117 544 ciderit,
2178 478 2294 534 XII.
2359 478 2467 543 (99)
2527 452 2712 537 annos
2772 482 3055 555 peniteat,
3115 488 3170 541 et
3234 503 3537 560 nunquam

103 568 243 625 exul
283 568 346 624 in
379 585 525 641 pane
554 572 611 625 et
641 585 794 640 aqua
833 568 1014 640 penit.
1048 571 1105 622 et
1143 568 1291 623 duos
1332 567 1623 624 abstineat
1652 585 1714 624 se
1745 585 1780 624 a
1889 571 2099 633 mutat,
2163 566 2273 623 nisi
2340 567 2433 625 die
2504 570 2825 627 Dominico.
2888 571 3097 630 Mulier
3165 577 3541 649 pauperrima

107 658 256 713 vino
289 662 349 713 et
379 656 747 724 carnibus,ct
769 655 1029 712 dimittat
1052 674 1156 729 pro
1186 673 1248 712 se
1281 674 1513 712 servum
1547 662 1648 712 aut
1679 674 1779 713 an-
1889 656 2008 712 IIII.
2046 675 2230 713 annos
2279 658 2534 730 peniteat
2573 659 2741 724 (100).
2778 659 2987 718 Mulier
3033 661 3082 717 si
3135 663 3414 721 occiderit
3466 667 3533 722 fi-

107 746 322 802 cillam
344 745 659 819 ingenuam
678 751 734 801 et
754 761 858 818 per
879 745 947 801 ΙΙ.
972 763 1156 802 annos
1176 744 1557 802 elemosinam
1584 745 1775 811 faciat,

109 839 167 891 et
190 840 338 907 post
358 835 480 891 IIII.
505 851 693 891 annos
713 833 1089 906 adjudicium
1114 835 1433 891 sacerdotis
1455 835 1780 892 communi-
1812 838 1817 843 ’

100 929 225 992 cet;
263 923 369 996 qui
406 941 540 980 vero
593 923 942 981 necessitate
991 928 1225 980 coactus
1273 923 1370 991 sit,
1404 927 1498 979 llI.
1525 924 1776 996 quadra-

98 1011 377 1086 gesimis.
401 1012 510 1079 Qui
542 1013 754 1069 ductus
786 1017 873 1068 est
905 1012 964 1068 in
997 1012 1252 1085 periurio
1275 1013 1570 1086 ignorans,
1596 1017 1651 1069 et
1681 1030 1777 1086 po-

103 1106 237 1158 stea
270 1101 656 1175 recognoscit,
684 1118 905 1157 annum
951 1100 1241 1174 peniteat;
1274 1100 1374 1173 qui
1404 1119 1538 1157 vero
1580 1101 1775 1175 suspi-

100 1194 301 1258 catur,
335 1190 490 1262 quod
538 1188 794 1263 periurio
824 1189 1079 1257 ducitur,
1110 1194 1304 1247 tamen
1341 1190 1493 1246 iurat
1523 1207 1627 1263 per
1646 1207 1779 1246 con-

97 1296 371 1347 sensum,
411 1278 479 1335 II.
512 1295 703 1335 annos
759 1279 1034 1351 peniteat.
1065 1279 1172 1335 Pro
1230 1278 1377 1336 falso
1436 1280 1773 1336 testimonio

100 1367 240 1423 laici
266 1385 453 1424 unum
478 1385 722 1436 annum,
743 1367 990 1424 clericus
1017 1373 1088 1423 Il.
1114 1368 1509 1425 subdiaconus
1531 1369 1627 1425 III.
1658 1370 1775 1426 dia-

98 1474 292 1513 conus
328 1457 451 1514 IIII.
484 1457 787 1530 presbyter
810 1457 877 1512 V.
904 1456 1216 1530 episcopus
1243 1458 1338 1513 VI.
1372 1476 1557 1515 annos
1588 1459 1769 1531 penit.

105 1545 352 1601 Falsum
384 1546 786 1603 testimonium
843 1547 1044 1603 dicens
1095 1546 1322 1619 placeat
1370 1547 1631 1620 proximo
1663 1548 1769 1619 (93)

102 1652 212 1692 suo
246 1636 462 1708 primo,
492 1635 663 1709 quale
695 1635 857 1691 fratri
894 1635 1195 1708 imposuit,
1228 1635 1329 1692 tali
1351 1636 1577 1708 judicio
1609 1637 1772 1693 dam-

103 1729 285 1780 netur
310 1724 536 1795 judicio
558 1724 901 1780 sacerdotis.
930 1725 1178 1781 Mendax
1211 1742 1341 1781 vero
1374 1742 1476 1797 per
1506 1726 1770 1799 ignoran-

100 1813 253 1868 tiam
292 1818 350 1869 et
387 1830 501 1869 non
534 1814 752 1880 nocuit,
776 1816 1121 1870 conﬁteatur
1142 1814 1212 1881 ei,
1237 1814 1331 1869 cui
1355 1814 1634 1871 mentitus
1657 1818 1766 1881 est,
1797 1847 1846 1915 Β

100 1906 157 1958 et
186 1902 510 1969 sacerdoti,
536 1902 679 1959 hora
699 1903 928 1959 tacendi
953 1904 1286 1972 damnetur,
1300 1903 1387 1960 vel
1409 1904 1529 1958 XI'.
1554 1903 1763 1975 psalm.

100 1994 326 2047 cantet.
361 1992 421 2047 Si
452 2007 584 2047 vero
635 1991 705 2048 de
752 1991 1061 2057 industria,
1098 1993 1192 2048 Ill.
1227 1992 1351 2048 dies
1401 1993 1631 2048 tacendi
1677 1992 1765 2047 vel

98 2079 262 2135 XXX.
300 2080 353 2135 si
387 2084 574 2153 potest
603 2082 738 2150 (94).
773 2082 1022 2137 Mendax
1067 2099 1169 2154 per
1205 2081 1604 2154 cupiditatem,
1641 2080 1763 2152 pla-

97 2174 225 2224 ceat
255 2168 532 2242 largitate
562 2170 635 2237 ei,
668 2170 761 2225 cui
796 2170 1157 2226 fraustravit.

99 2287 169 2341 De
202 2285 501 2359 homicidio
527 2293 580 2341 et
605 2288 898 2359 sanguinis
927 2288 1189 2359 effusione
1224 2289 1346 2342 sine
1373 2294 1565 2351 morte,
1596 2295 1647 2341 et
1670 2287 1766 2359 qui

164 2358 437 2430 paruulos
465 2374 742 2430 oppressos
762 2358 852 2414 hic
879 2358 979 2430 qui
1003 2362 1123 2414 sine
1145 2360 1405 2430 baptismo
1426 2358 1760 2422 moriuntur,

169 2437 221 2484 et
247 2429 507 2501 abortus,
528 2438 580 2484 et
610 2431 710 2500 qui
750 2429 996 2486 membra
1043 2447 1143 2485 sua
1190 2429 1538 2497 abscindunt,
1571 2438 1621 2485 et
1667 2430 1765 2501 qui

168 2499 427 2571 pra’bent
455 2499 718 2556 ducatum
749 2502 1032 2557 Barbaris.

544 2596 789 2646 (Iunones
819 2596 1174 2647 Anclnouitani
1207 2600 1324 2660 (95).

172 2703 283 2769 Qui
318 2700 643 2760 voluntarie
682 2703 1061 2761 homicidium
1104 2705 1366 2771 fecerint,
1398 2704 1467 2759 ad
1500 2702 1761 2775 peniten-

106 2792 244 2847 tiam
270 2808 341 2847 se
363 2792 584 2865 jugitor
608 2792 980 2860 submittant,
1000 2793 1155 2849 circa
1173 2793 1392 2849 exitum
1416 2797 1613 2848 autem
1633 2792 1763 2847 vita:

106 2880 522 2937 communione
564 2880 727 2953 digni
781 2881 1126 2937 habeantur.
1151 2882 1258 2946 Qui
1306 2898 1421 2937 non
1467 2881 1763 2937 voluntate

106 2970 204 3025 sed
237 2986 387 3025 casu
434 2968 815 3025 homicidium
846 2974 1233 3044 perpetratur,
1266 2970 1332 3025 V.
1367 2986 1553 3026 annos
1600 2968 1763 3042 peni-

109 3063 223 3113 teat
244 3058 388 3131 (96).
422 3057 696 3115 Mulieres
739 3060 839 3131 qui
872 3059 1251 3125 fornicantur,
1291 3063 1348 3115 et
1391 3062 1594 3131 partus
1626 3075 1764 3115 suos

109 3153 349 3221 negant,
373 3152 429 3203 et
449 3165 547 3204 eas
569 3165 683 3220 que
716 3153 898 3223 agunt
929 3153 994 3205 ut
1022 3154 1217 3205 uteros
1248 3153 1558 3220 conceptos
1590 3164 1760 3204 excu-

111 3238 273 3306 tiant,
301 3237 532 3310 antiqui
577 3238 776 3294 Patres
807 3237 1190 3294 instituerunt
1222 3255 1409 3311 usque
1442 3238 1512 3294 ad
1544 3237 1761 3293 exitum

110 3327 256 3393 vitae,
282 3343 445 3382 nunc
474 3326 793 3383 humanius
820 3327 1131 3383 adﬁnitum
1165 3332 1270 3391 est,
1294 3327 1359 3381 Χ.
1385 3343 1570 3382 annos
1601 3327 1762 3399 peni-

110 3420 267 3471 teant
284 3416 423 3484 (97).
447 3417 506 3471 Si
527 3414 661 3488 quis
683 3416 958 3472 occiderit
981 3416 1333 3472 monachum
1356 3415 1439 3471 vel
1462 3415 1761 3483 clericum,

111 3521 273 3559 arma
301 3503 601 3576 relinquat
647 3509 704 3560 et
754 3508 867 3560 Deo
916 3504 1145 3571 serviat,
1171 3504 1259 3561 vel
1288 3504 1408 3560 VII.
1441 3521 1626 3561 annos
1665 3520 1764 3577 pe-

111 3592 310 3649 niteat.
337 3592 443 3659 Qui
474 3597 671 3648 autem
703 3594 1043 3666 episcopum
1074 3593 1161 3649 vel
1193 3593 1581 3666 presbiterum
1615 3592 1763 3649 occi-

109 3681 278 3749 derit,
318 3680 473 3754 regis
521 3681 816 3753 judicium
871 3686 960 3738 est
1001 3683 1071 3737 de
1103 3699 1189 3737 eo.
1221 3683 1282 3737 Si
1338 3682 1523 3737 laicus
1581 3681 1764 3738 alium

111 3770 396 3826 occiderit
442 3769 557 3826 odii
608 3770 983 3827 meditatione
1015 3772 1126 3834 (98)
1156 3771 1206 3827 si
1264 3788 1380 3826 non
1428 3770 1555 3827 vult
1603 3787 1767 3827 arma

111 3857 463 3932 relinquere,
489 3859 607 3937 V_II.
633 3876 821 3915 annos
870 3859 1125 3932 peniteat
1164 3860 1288 3916 sine
1319 3876 1493 3916 carne
1523 3864 1581 3916 et
1608 3861 1763 3916 vino.

112 3947 214 4011 Qui
245 3948 569 4005 hocciderit
599 3948 898 4005 hominem
937 3947 1050 4003 XL.
1084 3948 1209 4005 dies
1240 3949 1541 4005 absteneat
1588 3966 1649 4006 se
1692 3950 1764 4007 ab

111 4036 378 4103 ecclesia,
403 4041 460 4093 et
490 4042 692 4110 postea
712 4037 1166 4111 superscriptam
1197 4038 1577 4110 penitentiam
1610 4043 1763 4112 agat.

114 4125 217 4191 Qui
239 4125 515 4198 jussione
544 4126 775 4182 Domini
822 4126 911 4182 sui
956 4126 1256 4182 hominem
1286 4127 1623 4195 hocciderit,
1650 4129 1763 4183 XL.

114 4214 234 4270 dies
274 4215 565 4288 peniteat;
600 4219 655 4271 et
686 4215 786 4287 qui
836 4214 1156 4271 hocciderit
1202 4215 1498 4272 hominem
1551 4216 1609 4271 in
1658 4233 1765 4289 pu-

114 4302 261 4360 blico
313 4303 487 4371 bello,
521 4321 656 4360 cum
717 4321 850 4377 rege
907 4304 1020 4359 XL.
1054 4304 1178 4360 dies
1209 4304 1390 4377 penit.
1423 4305 1472 4360 si
1521 4323 1623 4378 per
1670 4322 1767 4378 po-

117 4391 312 4449 culum
344 4392 431 4450 vel
471 4410 575 4466 per
621 4397 805 4449 artem
857 4393 1115 4465 aliquam
1166 4393 1404 4461 malam,
1429 4394 1547 4450 VII.
1582 4411 1767 4451 annos

1885 744 2029 802 lium
2090 764 2264 803 suum
2324 748 2383 803 in
2446 752 2609 804 utero
2667 752 2801 806 ante
2856 749 2968 805 XL.
3024 749 3168 820 dies,
3215 769 3437 810 annum
3483 755 3528 812 I.

1886 835 2175 908 peniteat;
2208 836 2257 892 si
2300 854 2433 893 vero
2479 837 2592 893 XL.
2639 837 2764 895 dies
2811 856 2846 895 a
2891 839 3288 914 conceptione,
3319 846 3386 898 ut
3429 842 3533 900 ho-

1886 924 2102 981 micida
2159 926 2416 998 peniteat
2459 927 2552 983 III.
2589 944 2794 984 annos.
2829 928 2890 986 Si
2944 929 3078 1003 quis
3126 929 3373 988 clericus
3430 931 3535 990 ho-

1887 1012 2191 1071 micidium
2252 1015 2472 1083 fecerit,
2533 1016 2599 1072 X.
2659 1034 2845 1074 annos
2902 1018 3082 1090 penit.
3138 1018 3292 1087 exul,
3339 1020 3434 1078 III.
3468 1038 3538 1079 ex

1885 1102 1993 1158 his.
2022 1104 2080 1158 in
2140 1121 2289 1177 pane
2341 1109 2399 1160 et
2454 1121 2625 1178 aqua.
2655 1105 2714 1162 Si
2772 1105 2904 1179 quis
2954 1106 3338 1165 homicidium
3393 1124 3534 1168 casu

1884 1191 2082 1247 fecerit
2134 1210 2249 1249 non
2307 1192 2527 1261 volens,
2558 1195 2625 1249 V.
2660 1212 2845 1252 annos
2888 1197 3049 1268 penit
3076 1197 3171 1253 III.
3205 1214 3275 1254 ex
3331 1197 3423 1253 his
3469 1198 3530 1254 in

1882 1298 2031 1352 pane
2061 1286 2117 1338 et
2147 1300 2317 1355 aqua.
2353 1283 2410 1338 Si
2443 1284 2514 1339 ad
2546 1283 2930 1340 homicidium
2962 1285 3343 1355 consenserit,
3368 1290 3424 1342 et
3453 1287 3533 1344 fa-

1882 1373 2040 1426 ctum
2074 1371 2268 1439 fuerit,
2291 1372 2411 1428 VII.
2445 1390 2631 1429 annos
2659 1373 2933 1447 peniteat.
2963 1374 3023 1431 Si
3052 1373 3298 1443 voluerit
3324 1380 3380 1433 et
3411 1393 3527 1433 non

1878 1461 2151 1531 potuerit,
2186 1462 2282 1517 Ill.
2316 1478 2501 1519 annos
2550 1463 2731 1535 penit.
2766 1463 2825 1519 Si
2857 1463 2991 1536 quis
3036 1464 3421 1522 homicidium
3454 1467 3530 1523 fe-

1880 1558 2040 1625 cerit,
2072 1558 2204 1615 laici
2237 1560 2331 1615 III.
2377 1560 2632 1617 Clericus
2661 1561 2728 1616 V.
2760 1561 3165 1619 Subdiaconus
3197 1562 3290 1619 VI.
3322 1563 3525 1620 Diaco-

1881 1664 1993 1703 nus
2023 1647 2141 1703 VH.
2178 1648 2541 1706 Presbiterus
2586 1650 2650 1705 X.
2685 1650 3009 1723 Episcopus
3043 1650 3162 1707 XII.
3195 1668 3381 1707 annos
3427 1669 3525 1724 pe-

1880 1736 2080 1792 niteat.
2114 1738 2173 1792 Si
2206 1737 2391 1793 laicus
2436 1740 2767 1811 proximum
2812 1756 2988 1795 suum
3021 1738 3295 1796 occiderit
3321 1739 3388 1795 V.
3422 1756 3524 1797 an-

1881 1842 1985 1881 nos
2015 1825 2146 1882 cxul
2180 1828 2359 1899 penit.
2389 1828 2445 1883 Si
2472 1827 2605 1900 quis
2627 1828 2809 1883 alium
2834 1828 3187 1900 percusserit
3206 1832 3263 1883 et
3292 1829 3528 1902 sangui-

1877 1932 2009 1970 nem
2040 1916 2329 1983 effuderit,
2357 1917 2422 1971 X.
2456 1917 2580 1972 dies
2626 1916 2686 1972 in
2738 1933 2887 1989 pane
2916 1921 2973 1971 et
3001 1932 3184 1989 aqua;
3234 1917 3285 1973 si
3331 1917 3524 1973 dicam

1876 2018 2097 2085 septem
2132 2030 2384 2081 menses,
2418 2014 2703 2086 presbiter
2730 2015 2772 2070 1.
2806 2031 3028 2070 annum
3067 2014 3324 2088 peniteat
3352 2015 3523 2087 (401).

1874 2104 2053 2173 Cujus
2085 2101 2361 2174 parvulus
2393 2104 2450 2157 in
2484 2102 2855 2174 negligentia,
2886 2102 3013 2158 sine
3045 2101 3338 2176 baptismo
3369 2116 3523 2158 mor-

1875 2195 2012 2246 tuus
2034 2192 2225 2258 fuerit,
2244 2192 2337 2247 IlI.
2359 2209 2563 2247 annos.
2591 2192 2633 2246 Ι.
2648 2210 2717 2247 ex
2736 2190 2831 2247 his
2852 2190 2911 2246 in
2934 2208 3083 2263 pane
3102 2195 3160 2247 et
3180 2208 3333 2262 aqua
3350 2193 3520 2263 (102).

1874 2280 1933 2334 Si
1963 2280 2092 2336 laici
2124 2281 2376 2336 infantes
2427 2297 2601 2335 suum
2651 2278 3097 2352 obpressserint,
3131 2296 3353 2334 annum
3386 2279 3428 2335 Ι.
3463 2280 3522 2335 in

1873 2395 2022 2450 pane
2042 2382 2099 2433 et
2120 2395 2273 2450 aqua
2292 2377 2472 2450 penit.
2493 2382 2550 2432 et
2569 2382 2640 2432 ll.
2665 2394 2699 2431 a
2722 2378 2851 2431 vino
2873 2380 2931 2432 et
2950 2393 3143 2443 carne,
3158 2381 3215 2432 et
3231 2376 3524 2433 abstineat

1874 2482 1937 2521 se
1964 2468 2035 2522 ab
2068 2484 2242 2522 uxore
2264 2471 2522 2538 tempore
2545 2464 2913 2538 poenitentiae.
2937 2464 2996 2519 Si
3021 2463 3231 2520 mulier
3250 2463 3521 2520 abortum

1872 2564 2073 2619 fecerit
2101 2563 2427 2619 voluntarie
2460 2563 2558 2619 III.
2584 2578 2770 2618 annos
2798 2560 2858 2617 in
2891 2577 3039 2633 pane
3067 2566 3126 2618 et
3155 2577 3309 2633 aqua
3336 2560 3516 2633 penit.

1872 2654 1978 2720 Qui
2020 2670 2123 2726 per
2169 2654 2353 2707 rixam
2383 2652 2563 2707 ictum
2598 2651 2745 2713 (103)
2774 2649 3026 2706 debilem
3063 2648 3150 2705 vel
3200 2650 3517 2705 deformem

1874 2742 2171 2797 hominem
2202 2740 2419 2808 fecerit,
2456 2740 2673 2795 reddat.
2703 2739 2987 2811 impensis
3018 2738 3255 2794 medica;
3285 2737 3436 2801 (104)
3463 2740 3521 2793 et

1872 2831 2202 2905 egritudine
2254 2830 2540 2895 restituat,
2565 2832 2622 2884 et
2681 2828 2871 2883 medio
2928 2843 3081 2883 anno
3136 2826 3198 2881 in
3255 2843 3406 2900 pane
3462 2830 3520 2882 et

1873 2937 2026 2992 aqua
2056 2920 2341 2992 peniteat;
2372 2918 2417 2973 si
2448 2934 2563 2972 non
2595 2915 2884 2983 habuerit,
2905 2916 3062 2971 unde
3086 2915 3309 2983 reddat,
3332 2930 3517 2971 unum

1873 3035 2095 3074 annum
2117 3015 2458 3090 peniteat.Si
2479 3014 2665 3070 laicus
2681 3031 2784 3087 per
2804 3011 3147 3069 scandalum
3168 3011 3520 3084 sanguinem

1873 3107 2161 3173 effuderit,
2185 3105 2391 3161 reddat
2434 3103 2518 3159 ill.
2548 3107 2779 3158 tantum
2811 3105 3098 3175 quantum
3132 3100 3351 3168 nocuit,
3382 3105 3442 3155 et
3469 3099 3520 3156 si

1793 3212 1839 3284 α
1877 3213 1993 3251 non
2024 3196 2255 3260 habeat,
2279 3194 2435 3249 unde
2465 3192 2688 3257 reddat,
2710 3190 2892 3246 solvet
2919 3206 3094 3262 opera
3121 3188 3371 3262 proximi
3402 3187 3517 3255 sui,

1872 3294 2158 3371 quamdiu
2190 3292 2286 3347 ille
2318 3291 2589 3347 infirmus
2615 3292 2705 3344 est
2738 3304 2753 3343 :
2785 3291 2844 3343 et
2874 3287 3131 3360 peniteat
3156 3285 3271 3341 XL.
3303 3283 3430 3341 dies
3456 3284 3517 3341 in

1873 3402 2023 3460 pane
2051 3388 2110 3439 et
2137 3398 2310 3455 aqua.
2342 3378 2450 3444 Qui
2494 3377 2673 3434 ictum
2721 3375 2981 3449 proximo
3025 3374 3250 3433 dederit
3295 3378 3354 3431 et
3399 3391 3516 3437 non

1872 3472 2091 3540 nocuit,
2134 3472 2176 3526 1.
2199 3468 2287 3525 vel
2317 3468 2387 3525 II.
2410 3467 2496 3523 vel
2546 3467 2643 3523 Ill.
2675 3464 3110 3538 quadragesim.
3156 3464 3217 3519 in
3265 3479 3415 3536 pane
3462 3466 3520 3518 et

1874 3580 2027 3636 aqua
2056 3558 2328 3634 peniteat.
2356 3556 2413 3612 Si
2441 3555 2706 3622 clericus,
2731 3570 2953 3610 annum
2982 3552 3071 3608 vel
3100 3552 3434 3609 dimidium.
3458 3552 3519 3607 Si

1875 3661 2006 3734 quis
2028 3655 2332 3730 quodlibet
2355 3652 2685 3710 membrum
2704 3650 3004 3708 voluntate
3031 3650 3391 3707 truncaverit
3417 3653 3519 3706 IlI.

1876 3765 2081 3806 annos.
2114 3752 2157 3802 Ι.
2192 3762 2259 3801 ex
2290 3743 2384 3800 his
2413 3742 2472 3797 in
2504 3756 2653 3814 pane
2696 3744 2754 3796 et
2799 3756 2969 3812 aqua.
3002 3738 3228 3796 Parvoli
3275 3738 3521 3796 invicem

1874 3837 2266 3911 percutientes
2285 3833 2409 3887 VII.
2439 3832 2584 3887 dies.
2601 3831 2662 3886 Si
2680 3846 2814 3886 vero
2843 3828 3244 3885 adolescentes
3262 3828 3376 3885 XL.
3401 3829 3527 3885 dies

1875 3936 2192 4009 peniteant.
2217 3931 2276 3989 Si
2319 3947 2420 4003 per
2461 3928 2778 3984 vindictam
2824 3926 3105 3985 fratribus
3140 3927 3293 3990 (105)
3338 3925 3528 3982 homi-

1876 4041 2009 4080 nem
2043 4018 2338 4085 occiderit,
2362 4022 2464 4073 ΙΙΙ.
2489 4033 2710 4073 annum
2750 4016 2929 4088 penit.
2957 4015 3006 4073 si
3033 4015 3373 4089 cpont(406)
3405 4032 3532 4088 pro-

1876 4112 2117 4186 pinquis
2147 4108 2393 4165 dimidio
2434 4107 2690 4179 spatium
2724 4106 2888 4176 (107).
2913 4105 3022 4169 Qui
3053 4105 3312 4177 prebeat
3354 4105 3530 4189 duca-

1876 4216 2002 4266 tum
2034 4206 2320 4273 barbaris,
2358 4205 2451 4260 III.
2477 4220 2662 4260 annos
2691 4203 2965 4275 peniteat.
2991 4203 3091 4275 qui
3122 4202 3385 4275 hospites
3416 4220 3533 4259 non

1876 4297 2097 4370 recepit
2127 4296 2187 4351 in
2231 4296 2406 4351 domo
2456 4310 2585 4361 sua,
2619 4292 2775 4348 sicut
2820 4290 3103 4348 Dominus
3152 4292 3444 4364 praecepit,
3478 4295 3536 4348 et

1877 4413 2057 4470 regna
2087 4393 2345 4449 celerum
2381 4390 2672 4463 promisit,
2696 4389 2798 4444 ubi
2824 4388 2965 4444 dicit
2988 4406 3000 4445 :
3025 4389 3214 4445 venite
3242 4381 3533 4445 benedicti

118 4480 393 4552 peniteat,
441 4486 543 4537 aut
593 4481 749 4554 plus.
784 4480 843 4537 Si
899 4486 1089 4538 mater
1143 4481 1330 4537 ﬁlium
1389 4500 1563 4539 suum
1626 4484 1760 4540 hoc-
1790 4472 1841 4539 Β
1872 4491 1928 4544 et
1958 4483 2216 4556 reliqua;
2242 4482 2461 4552 quanto
2483 4482 2746 4550 tempore
2775 4477 3033 4550 hospites
3065 4494 3179 4534 non
3212 4481 3449 4554 recepit,
3474 4480 3531 4538 et

186 4622 300 4696 (93)
330 4622 370 4677 1.
400 4624 588 4696 placet
606 4625 925 4696 proximum
947 4640 1132 4691 suum,

188 4693 301 4768 (94)
339 4693 413 4749 Ιῐί
434 4693 536 4750 lib.
560 4693 634 4768 de
664 4695 900 4750 Remed.
929 4701 1148 4768 peccat.
1179 4696 1349 4752 Mart.
1374 4698 1438 4763 1.,
1473 4716 1545 4766 c.,
1571 4701 1679 4757 col.
1704 4704 1774 4758 25

121 4765 221 4838 (in.
250 4763 475 4837 integre
508 4781 521 4821 :
554 4765 637 4838 Si,
661 4782 786 4822 vero
832 4763 947 4823 non
985 4784 1085 4838 per
1140 4763 1540 4837 ignorantiam,
1566 4772 1773 4829 duobus

1881 4628 2106 4687 suum7
2138 4640 2309 4682 annos
2336 4624 2653 4696 pwniteat._
2867 4692 2880 4696 _
2942 4694 2984 4696 Η
3106 4693 3152 4696 Η
3272 4694 3280 4696 ᾇ
3508 4639 3514 4645 .

1956 4700 2103 4778 (101)
2136 4692 2367 4753 Collect.
2393 4694 2573 4778 antiq.
2599 4693 2770 4749 Mart.
2789 4692 2904 4777 'col.
2929 4694 2989 4749 41
3021 4693 3155 4778 πλε
3187 4694 3533 4778 quisalium

1890 4766 2057 4828 aliter
2087 4766 2461 4842 percusserit,
2490 4766 2551 4822 et
2595 4766 3282 4842 sangu_inem__eﬂhderit,
3314 4770 3384 4824 40
3411 4770 3536 4827 dies

121 4834 526 4917 diebus_t¢iceat,
558 4837 642 4917 vel
692 4839 921 4908 triginta
957 4834 1213 4909 psalmos,
1248 4844 1300 4895 si
1343 4834 1562 4914 praaest,
1596 4854 1778 4901 cantet
1885 4834 2163 4917 poeniteat
2194 4845 2251 4894 et
2279 4839 2492 4893 vulnus
2522 4834 2811 4892 restituat.
2836 4836 2895 4891 Si
2908 4837 3199 4917 diaconus
3218 4834 3534 4911 6'menses,

120 4908 384 4981 prasidiis
408 4910 557 4981 enim
584 4916 760 4964 tacere
786 4925 897 4965 non
922 4908 1169 4981 possunt.

192 4978 309 5123 (95)
336 4979 373 5036 1.
407 4980 716 5063 Αγιςειναηίἶ
922 4978 937 4981 “
1009 5052 1020 5063 ο

194 5049 282 5121 (96
328 5050 399 5123 In
430 5050 569 5108 edit.
602 5068 671 5107 ex
700 5055 910 5123 interp.
950 5051 1151 5107 lsrdori

194 5049 303 5123 (96)
328 5050 399 5123 In
430 5049 569 5108 edit.
602 5068 671 5107 ex
700 5049 910 5123 interp.
950 5051 1153 5107 lsidori
1205 5070 1333 5109 can.
1366 5057 1438 5109 22
1469 5071 1634 5111 conc.
1664 5057 1775 5112 An-

126 5135 238 5204 cgr.
267 5121 296 5171 ά
315 5121 437 5204 _Eos
466 5137 597 5204 vere
630 5122 728 5204 qui
762 5121 877 5204 non
900 5123 1227 5204 voluntate,
1251 5126 1350 5180 sed
1375 5142 1514 5204 casu
1538 5127 1780 5183 homici-

127 5190 289 5246 dium
312 5191 571 5274 fecerint,
594 5190 754 5274 pifior
778 5193 1013 5265 quidem
1036 5194 1236 5274 regula
1267 5201 1405 5274 post
1427 5203 1775 5274 septem_an-

129 5277 333 5335 norum
354 5265 755 5335 penitentiam
773 5265 1174 5321 communioni
1191 5265 1435 5323 sociavit
1452 5265 1775 5324 secundum

129 5332 755 5402 gradus'constitutos.
791 5337 921 5394 Haec
970 5353 1104 5393 vero
1154 5338 1468 5395 humanior
1516 5341 1778 5397 definitio

131 5403 495 5479 quinquenni
526 5410 761 5479 tempus
791 5408 1019 5465 tribuit.
1047 5431 1073 5456 η

340 5474 472 5549 Vid.
508 5474 728 5549 supfp.

221 5494 313 5541 91)
350 5494 472 5530 για.
508 5494 575 5531 su

220 5544 310 5627 9?)
338 5547 512 5627 Αριξίξ

137 5634 164 5664 α
198 5615 681 5689 vel'_possidendae
714 5620 1071 5676 hmreditatis
1100 5615 1249 5689 ejus.
1276 5644 1306 5671 »

226 5685 519 5759 99)_IApud
549 5689 717 5747 Mart.
751 5691 789 5747 l.
824 5707 897 5759 c.,
933 5692 1002 5747 15
1028 5685 1218 5750 annos.

233 5757 356 5838 100)
389 5757 431 5814 1.
468 5773 558 5814 0.:
591 5760 785 5823 Mulier
826 5757 1166 5844 paupercula
1211 5764 1265 5824 si
1307 5763 1562 5849 occiderit
1605 5764 1785 5845 ﬁlium

601 5548 734 5621 art.,
770 5548 994 5605 collect.
1029 5550 1215 5621 antiq.
1247 5550 1356 5607 col.
1392 5552 1484 5621 41,
1506 5551 1779 5608 additur:

1886 4908 1935 4971 si
1967 4913 2271 4984 presbyter
2298 4925 2483 4984 unum
2502 4924 2736 4984 _ann_um
2768 4908 3070 4984 pmniteat.
3095 4932 3115 4958 ι

2008 4933 2271 4984 ΓΘδΟΥιθΙ·
2300 4933 2483 4964 υῐιυιιι
2515 4933 2736 4963 uuuum
2768 4933 3063 4979 μωυιιυιιι.
3095 4933 3115 4958 Ι

1960 4933 2105 5069 892)
2135 4983 2173 5038 ι·
2210 4980 2528 5069 suos“?
2546 4978 3159 5069 3_§?__"39'f£‘!ttisz
3186 4983 3306 5069 δέκα
3336 4983 3539 5069 θαμέες·

1884 5052 1991 5122 mo‘,
2025 5058 2059 5111 3
2086 5069 2259 5128 annos
2290 5052 2511 5118 habens,
2535 5057 2691 5122 pater
2715 5057 2766 5105 et
2792 5057 2967 5107 mater
2995 5052 3040 5106 3’
3058 5067 3233 5110 annos
3257 5052 3538 5128 peniteat,

1889 5133 1913 5184 1
1948 5143 2018 5183 ea:
2045 5128 2130 5181 his
2179 5127 2240 5180 in
2266 5138 2409 5194 pane
2438 5128 2487 5176 et
2517 5137 2683 5193 aqua.

1960 5199 2107 5265 (103)
2140 5196 2176 5250 1.
2210 5197 2345 5250 ictu.

1959 5263 2112 5339 (101i)
2142 5266 2181 5320 l.
2228 5268 2513 5339 impensas
2554 5263 2864 5339 medicinae.
2915 5266 2978 5322 In
3036 5265 3138 5322 lib.
3169 5268 3241 5323 de
3300 5267 3539 5335 Remed.

1891 5333 2050 5412 pece.
2079 5333 2247 5412 Mart.
2273 5333 2317 5391 l.'
2332 5352 2405 5412 c._,
2429 5333 2537 5389 col.
2558 5336 2630 5389 26
2655 5351 2667 5388 :
2700 5336 2896 5412 Reddet
2923 5339 3168 5409 impensa
3199 5340 3260 5393 in
3287 5333 3541 5412 medicos,

1890 5407 1941 5466 et
1984 5409 2221 5465 maculae
2246 5408 2505 5479 pretium,
2537 5414 2587 5461 et
2634 5422 2784 5479 opus
2811 5407 2981 5464 donec
3001 5407 3250 5479 sanetur
3295 5410 3546 5479 restituat

1891 5483 1995 5553 (sc.
2030 5477 2287 5553 tantum,
2306 5482 2604 5553 quantum
2635 5477 2742 5553 suo
2772 5477 2968 5535 labore
2999 5478 3297 5551 acquirere
3326 5477 3545 5552 potuis-

1893 5549 2003 5621 Set)
2035 5559 2087 5607 et
2113 5549 2348 5622 dimidia
2374 5550 2513 5605 anni
2534 5552 2815 5622 paeniteat.

1962 5620 2115 5692 (105)
2147 5620 2185 5692 1.
2215 5622 2430 5692 fratris.

1990 5693 2093 5750 106
2144 5690 2184 5748 l.
2215 5689 2509 5763 componit,
2544 5692 2582 5749 i.
2616 5708 2668 5749 e.
2703 5689 3006 5749 satisfecit.

1962 5689 2112 5839 (107)
2141 5761 2181 5822 1.
2206 5764 2409 5839 spatio.

1988 5756 2111 5840 107)
2141 5761 2181 5822 1.
2206 5756 2409 5840 spatio.
2494 5756 2505 5763 ⁷
3404 5756 3513 5819 μιν
3544 5762 3547 5763 ⁷
3580 5768 3597 5771 ‘
