3892 6212
272 5693 275 5696 ‹
351 5668 485 5723 cum
539 5668 729 5723 genua
780 5655 1079 5722 ﬂectendo,

338 358 454 428 9'19
496 368 501 375 '

1136 359 1466 426 APPEND.
1513 362 1617 422 AD
1661 358 1849 422 SJEC.
1892 352 2583 419 X.—-MONUMENTA
2622 353 2936 417 LITUBG.

3667 341 3766 406 980

340 496 574 574 quando
601 494 1135 565 communicaverit,
1168 488 1533 577 sacrificium
1558 491 1897 558 evomuerit,
1931 490 1981 545 si
2011 492 2067 556 Α
2097 504 2245 560 pane
2276 488 2332 543 ct
2363 504 2515 559 aqua
2542 486 2861 543 elemosina
2890 485 3057 542 solid.
3101 483 3280 577 ΧξὶνΙ
3313 482 3376 539 in
3413 492 3768 577 unaquaque

340 580 474 647 ante
502 588 757 645 mediam
789 590 1042 656 noctem,
1067 590 1145 643 III
1171 576 1672 658 superpositiones
1703 581 1906 654 faciat;
1932 580 1982 634 si

338 682 473 751 post
525 676 779 733 mediam
829 678 1079 742 noctem,
1113 673 1163 729 II
1194 671 1731 746 superpositiones;
1778 669 1826 723 si
1852 671 1985 740 post

337 765 682 831 matutinos,
698 765 738 821 l.
756 762 1281 836 superpositionem
1311 760 1517 827 faciat;
1546 759 1594 813 si
1620 755 1984 813 infirmitatis

337 871 517 912 causa
545 852 903 909 sacriﬁcium
951 849 1292 915 evomuerit,
1332 848 1427 903 VII
1459 847 1586 903 dies
1616 845 1890 918 peniteat.
1924 843 1983 899 Si

338 943 400 1000 in
429 942 627 1016 ignem
656 941 853 1014 ipsum
884 937 1111 1012 proicit,
1144 938 1186 993 C
1225 936 1485 1009 psalmos
1527 938 1741 991 cantet.
1770 932 1829 989 Si
1854 949 1984 989 vero

339 1048 514 1090 canes
534 1027 889 1086 lambuerint
903 1027 1077 1085 talem
1098 1026 1404 1092 vomitum,
1419 1023 1616 1089 Cdies,
1633 1022 1733 1094 qui
1752 1020 1984 1088 evomit,

340 1118 613 1194 peniteat.

448 1211 526 1265 De
548 1206 1023 1273 Reconciliatiene,
1053 1213 1106 1261 et
1130 1204 1360 1260 diversis
1388 1210 1440 1259 et
1467 1202 1657 1257 multis
1693 1200 1879 1255 malis.

414 1297 522 1362 Qui
546 1294 732 1352 multa
752 1292 909 1350 mala
931 1293 1151 1363 fecerit,
1167 1293 1225 1348 id
1247 1298 1339 1349 cst
1360 1286 1991 1354 homicidium,adultc-

345 1387 500 1444 rium
531 1401 666 1442 cum
696 1381 937 1439 muliere
962 1387 1019 1438 et
1047 1397 1181 1437 cum
1214 1396 1437 1453 pecore,
1469 1384 1527 1434 et
1556 1378 1798 1444 furtum,
1821 1375 1989 1433 eatin

348 1471 793 1537 monasterium,
825 1469 1170 1542 et'peniteat
1196 1483 1383 1540 usque
1412 1467 1483 1523 ad
1516 1470 1783 1522 mortem.

417 1561 585 1620 Greci
625 1558 788 1616 omni
836 1557 1140 1613 Dominica
1195 1554 1653 1619 communicant,
1685 1551 1889 1608 Clerici
1938 1554 1995 1606 et

346 1652 481 1710 laici
504 1669 518 1707 :
541 1654 599 1706 et
629 1647 731 1720 qui
754 1646 815 1702 in
844 1646 1034 1702 tribus
1054 1644 1378 1701 Dominicis
1399 1661 1515 1700 non
1537 1640 1995 1699 communicave-

348 1741 485 1806 rint,
499 1734 1099 1802 excommunicantur,
1115 1732 1332 1789 sicutet
1351 1732 1612 1788 Canones
1633 1730 1870 1786 habent.
1888 1728 1995 1784 Ro-

348 1827 505 1885 mani
536 1823 808 1882 similiter
837 1820 1411 1894 communicant,qui
1430 1819 1651 1888 volunt,
1668 1818 1770 1892 qui
1798 1822 1992 1874 autem
2025 1860 2072 1924 B

350 1904 662 1981 noluerint,
697 1929 811 1968 non
843 1910 1443 1976 excommunicantur,
1468 1909 1634 1966 Greci
1648 1905 1995 1981 gRomani

348 2005 538 2063 tribus
560 2002 767 2060 diebus
788 1999 1085 2057 abstinent
1105 2014 1167 2055 se
1184 2015 1218 2054 a
1236 1997 1602 2066 mulieribus,
1617 1994 1770 2054 δ’
1790 1996 1850 2051 in
1870 1994 1996 2067 lege

350 2093 636 2166 scriptum
664 2092 755 2147 est
783 2092 917 2145 ante
944 2086 1117 2161 panis
1160 2085 1613 2159 propositionem
1649 2085 1794 2149 (130)
1821 2102 1835 2151 ;
1864 2088 1997 2139 ante

351 2177 855 2238 consumationem
876 2175 1207 2249 penitentiaa
1229 2175 1554 2247 penitentes
1565 2174 1888 2230 secundum
1902 2176 1999 2227 Ca-

350 2285 533 2327 nones
552 2284 671 2333 non
693 2266 906 2323 debent
925 2263 1387 2335 communicare;
1413 2280 1519 2319 nos
1540 2267 1735 2319 autem
1757 2278 1859 2335 pro
1884 2260 1998 2316 mi-

352 2356 678 2415 sericordia)
709 2359 842 2427 post
869 2368 1092 2409 annum
1122 2356 1180 2408 et
1211 2353 1285 2408 VI
1316 2368 1549 2409 menses
1576 2350 1870 2408 licentiam
1897 2350 1997 2405 da-

353 2462 521 2513 mus;
550 2443 652 2517 qui
672 2447 868 2498 autem
895 2439 1138 2512 implere
1168 2440 1322 2511 quod
1353 2439 1414 2495 in
1446 2438 1822 2512 penitentiale
1852 2438 2000 2495 scri-

354 2537 542 2607 ptum,
558 2532 779 2587 bonum
799 2531 889 2585 est
906 2545 919 2596 ;
938 2532 997 2584 et
1011 2528 1113 2600 qui
1135 2544 1248 2583 non
1268 2532 1458 2599 potest
1479 2526 1999 2596 facere,consilium

356 2622 568 2678 damus
600 2617 743 2681 (131)
769 2634 784 2685 ;
814 2632 920 2689 pro
951 2616 973 2671 Ι
1003 2615 1095 2672 die
1124 2614 1182 2670 in
1208 2631 1358 2688 pane
1379 2620 1438 2671 et
1466 2631 1639 2687 aqua,
1672 2614 1930 2687 psalmos
1961 2614 2003 2669 L

354 2707 640 2765 flectendo
665 2720 878 2778 genua,
911 2708 1011 2760 aut
1040 2704 1167 2760 sine
1207 2704 1357 2759 ﬂexu
1387 2703 1525 2759 LXX
1556 2703 1708 2759 infra
1734 2701 1998 2770 ecclesia,

354 2801 459 2854 aut
488 2795 547 2851 in
585 2782 710 2851 loco
756 2808 874 2849 uno
920 2809 1025 2865 per
1068 2790 1334 2848 ordinem
1382 2790 1631 2863 psallat;
1659 2794 1718 2847 et
1747 2807 1851 2863 pro
1885 2808 2000 2846 uno

354 2896 577 2950 mense,
601 2872 756 2954 quod
775 2881 836 2936 in
851 2896 1000 2953 pane
1015 2884 1073 2936 et
1088 2896 1241 2952 aqua
1258 2879 1428 2936 debet
1456 2879 1714 2952 penitere
1740 2878 1999 2952 psalmos

355 2968 516 3030 mille
531 2971 616 3028 CC
636 2969 895 3044 triginta,
919 2973 975 3026 et
1002 2973 1204 3041 postea
1232 2967 1507 3025 omnibus
1539 2967 1746 3023 diebus
1777 2967 2000 3024 reficiat

353 3061 428 3118 ad
458 3049 702 3127 sextam,
737 3058 850 3113 nisi
905 3061 1115 3130 quarta
1159 3061 1217 3113 et
1264 3062 1426 3112 sexta
1472 3056 1615 3112 feria
1650 3057 1880 3129 jejunet
1922 3057 1994 3112 ad

355 3137 832 3207 nonam.Acarne
849 3150 907 3203 et
918 3145 1052 3201 vino
1069 3144 1382 3217 abstineat,
1406 3144 1584 3201 alium
1607 3145 1804 3201 cibum
1823 3145 1992 3217 (132),

2093 575 2443 631 hebdomate
2463 592 2646 631 unum
2675 575 2831 631 diem
2851 575 3082 647 jejunet
3101 574 3175 630 ad
3200 589 3463 636 nonam,
3480 575 3547 626 et
3571 568 3689 625 alio
3706 570 3764 623 ad

2092 681 2423 737 vesperum,
2438 669 2493 720 et
2507 664 2565 719 in
2582 665 2656 720 Ill
2671 682 2702 736 q
2713 663 3141 737 uadragesimis
3161 663 3235 718 de
3252 666 3573 734 quantum
3587 664 3769 713 sumat

2093 759 2300 826 penset
2319 759 2377 810 et
2395 752 2616 810 tribuat
2647 754 3019 809 medietatem
3041 756 3100 807 in
3117 751 3484 808 elemosina.
3504 747 3767 804 Secundo

2094 846 2288 897 autem
2331 844 2477 910 (136)
2511 842 2813 898 remissior
2842 840 3165 912 penitentia
3193 845 3287 895 est
3320 839 3400 894 de
3434 835 3640 892 Natali
3674 836 3767 890 Do-

2096 930 2239 985 mini
2272 947 2463 1002 usque
2494 930 2900 1003 Epiphaniam,
2934 936 2993 985 et
3023 929 3206 985 Pasca
3236 943 3443 999 usque
3473 926 3541 981 in
3578 925 3769 980 Pente-

2096 1024 2333 1087 coten;
2367 1024 2425 1075 et
2472 1020 2573 1091 qui
2631 1019 2715 1075 sic
2765 1035 2880 1074 non
2929 1021 3119 1090 potest
3151 1018 3305 1081 (I37)
3331 1032 3446 1087 pro
3501 1030 3631 1069 uno
3677 1030 3768 1068 an-

2099 1123 2171 1162 no
2204 1108 2347 1170 (138)
2376 1106 2757 1163 elemosinam
2807 1107 2983 1161 donet
3023 1104 3195 1161 solid.
3225 1104 3429 1168 XXVI,
3466 1119 3584 1175 pro
3634 1102 3769 1156 duo-

2098 1196 2208 1252 bus
2240 1198 2380 1259 (130)
2410 1196 2523 1262 XX,
2558 1213 2660 1267 pro
2701 1196 2775 1251 III
2806 1196 2950 1264 (140)
2978 1195 3172 1251 XVIII.
3225 1194 3514 1249 Potentes
3580 1197 3768 1246 autern

2100 1301 2204 1356 pro
2234 1283 2640 1339 criminalibus
2664 1283 2862 1356 culpis
2912 1284 3144 1353 faciant,
3170 1288 3235 1338 ut
3264 1281 3547 1338 Zacheus
3580 1280 3728 1336 dixit
3754 1296 3767 1332 :

2099 1372 2344 1429 Domine
2372 1373 2639 1428 omnium
2678 1374 2964 1428 bonorum
3013 1389 3282 1428 meorum
3334 1370 3675 1426 dimidium
3707 1370 3768 1424 do

2101 1459 2480 1533 pauperibus,
2513 1466 2571 1516 et
2599 1461 2648 1516 si
2679 1460 2901 1533 aliquid
2927 1461 3215 1533 injustam
3246 1458 3500 1525 abstuli,
3540 1460 3606 1514 in
3638 1476 3769 1531 qua-

2101 1548 2376 1621 druplum
2400 1551 2739 1617 restituam;
2762 1555 2819 1607 et
2839 1550 2888 1606 si
2911 1549 3006 1606 hic
3037 1566 3152 1605 non
3184 1554 3348 1616 sunt,
3372 1549 3475 1604 cui
3498 1548 3766 1613 abstulit,

2102 1642 2205 1694 aut
2221 1655 2333 1693 non
2354 1643 2621 1710 possunt,
2637 1639 2873 1694 animus
2890 1640 3019 1710 ejus
3032 1639 3467 1711 quantumipse
3480 1640 3703 1711 pensat
3716 1638 3766 1691 in

2102 1733 2408 1800 argentum
2441 1728 2809 1784 medietatem
2832 1729 3027 1794 donet,
3049 1733 3106 1783 et
3133 1727 3193 1782 in
3220 1725 3576 1783 Elemosina
3606 1728 3765 1791 (tu...

2210 1815 2403 1872 0RDO
2440 1817 2534 1872 AD
2573 1817 2873 1872 DANDAM
2914 1815 3447 1873 POENITENTIAM
3491 1817 3670 1885 [1&21.

2105 1904 2351 1974 (Excod.
2378 1922 2485 1961 ms.
2507 1903 3070 1961 Bibl.Caes.Vindob.
3090 1904 3292 1960 Theol.
3315 1906 3524 1972 n.685,
3542 1906 3763 1969 seex-)

2174 1995 2479 2062 Interrogat
2528 1994 2785 2049 sacerdos
2833 1994 3017 2049 dicens
3046 2012 3065 2049 :
3098 1992 3298 2049 Credis
3343 1993 3404 2048 in
3449 1993 3691 2049 Patrem
3719 2000 3765 2048 ei

2104 2080 2314 2138 Filium
2346 2088 2402 2137 et
2432 2082 2714 2154 Spiritum
2745 2086 3036 2138 sanctum.
3067 2084 3100 2143 Ii
3131 2081 3335 2137 Credo.
3368 2080 3586 2137 Credis
3618 2082 3764 2153 quod

2104 2169 2227 2226 ista:
2260 2177 2377 2227 tres
2408 2188 2665 2243 persona:
2702 2188 2828 2244 quae
2860 2172 3031 2226 modo
3070 2169 3351 2237 diximus,
3381 2170 3559 2225 Pater
3592 2170 3765 2225 Filius

2106 2263 2162 2315 et
2184 2259 2437 2331 Spiritus
2467 2265 2706 2316 sanctus
2737 2266 2856 2316 tres
2884 2277 3141 2331 personae
3164 2264 3307 2315 sunt
3327 2265 3385 2314 et
3407 2276 3571 2315 unus
3594 2259 3762 2314 Deus.

2105 2354 2157 2413 ﬁ.
2192 2349 2392 2404 Credo.
2426 2348 2647 2415 Credis,
2680 2349 2834 2420 quod
2884 2348 2942 2403 in
2988 2364 3181 2415 carne,
3213 2347 3274 2403 in
3318 2364 3439 2420 quo
3491 2366 3659 2404 nunc
3686 2366 3763 2415 es,

2108 2437 2166 2491 in
2199 2437 2327 2508 ipsa
2373 2436 2554 2492 habes
2598 2452 2902 2510 resurgere
2932 2436 2994 2492 in
3034 2437 3130 2492 die
3153 2436 3385 2507 judicii,
3418 2442 3478 2492 et
3510 2437 3764 2508 recipere

2108 2525 2227 2579 sive
2249 2525 2469 2581 bonum
2492 2524 2610 2580 sive
2633 2524 2855 2580 malum
2883 2525 3037 2597 quod
3068 2524 3324 2599 gessisti.
3346 2527 3401 2586 Ii.
3426 2526 3642 2581 Credo.
3670 2526 3765 2580 Vis

2109 2611 2397 2669 dimittam
2419 2612 2534 2668 illis
2555 2618 2809 2685 peccata,
2830 2630 3195 2686 quaecunque
3226 2614 3286 2670 in
3306 2618 3362 2669 te
3378 2621 3765 2685 peccaverunt

2107 2700 2352 2757 Domino
2385 2701 2629 2757 dicente.
2664 2703 2724 2758 SI
2756 2719 2871 2757 NON
2900 2719 3262 2758 REMISERITIS
3293 2720 3627 2759 HOMINIBUS
3650 2720 3767 2758 psc-

2106 2806 2245 2845 αΑτΑ
2283 2807 2502 2858 sonum,
2547 2806 2652 2845 nec
2693 2789 2878 2846 PATER
2916 2807 3130 2846 vssrsn
3167 2808 3461 2851 secessus
3501 2809 3767 2847 vim

2104 2895 2268 2934 νοεῖς
2301 2895 2544 2934 vaccam
2582 2895 2813 2934 vasum.
2845 2880 2909 2934 Et
2952 2882 3171 2952 require
3208 2897 3336 2935 eum
3363 2880 3691 2949 diligenter,
3718 2884 3764 2935 si

2101 2975 2180 3023 est
2200 2969 2553 3034 incesluosus,
2576 2976 2625 3023 et
2643 2969 2693 3023 si
2714 2984 2823 3024 non
2848 2969 2961 3023 vult
2982 2970 3102 3039 ipsa
3127 2971 3335 3024 incesta
3352 2969 3761 3033 dimittere,m

2103 3064 2248 3127 potes
2276 3058 2331 3111 ei
2356 3057 2490 3113 dare
2514 3057 2913 3128 paenitentiam.
2946 3060 3088 3111 Nam
3106 3058 3157 3113 si
3176 3057 3293 3113 vult
3310 3059 3432 3128 ipsa
3455 3059 3663 3113 incesta
3689 3059 3765 3112 di.

2102 3145 2973 3217 mittere,diopsalmumDomine
2985 3162 3057 3200 ne
3070 3146 3129 3199 in
3144 3146 3341 3202 furore
3351 3147 3763 3202 tuom-licere

357 3241 669 3312 postquam
700 3232 897 3309 psallit
924 3233 1087 3302 (433),
1120 3238 1338 3303 sumat,
1371 3238 1429 3289 et
1458 3233 1557 3306 qui
1597 3233 1857 3306 psalmos
1888 3251 2004 3290 non
2034 3224 2077 3291 C
2114 3235 2316 3290 tionem
2336 3233 2772 3304 hancitéB).Cuj
2785 3251 2852 3289 us
2876 3232 3244 3306 indulgentia
3262 3235 3460 3290 cuncti
3482 3234 3758 3307 indigent.

358 3324 520 3383 novit
556 3313 839 3397 (134)’pro
877 3338 1291 3394 unoquemque
1320 3321 1414 3377 die
1444 3322 1749 3378 denarium
1779 3321 2006 3378 valente

359 3420 556 3487 eroget
582 3411 643 3468 in
673 3410 1037 3468 helemosina
1063 3410 1235 3478 (135),
1265 3425 1369 3481 pro
1400 3425 1517 3465 uno
1541 3412 1739 3466 autem
1764 3426 1917 3467 anno
1945 3411 2004 3466 in

434 3535 649 3611 (130)).
681 3544 807 3593 ante
830 3552 1000 3611 panes
1046 3535 1427 3608 propositionis
1470 3538 1537 3589 ut
1575 3535 1730 3606 apud
1760 3534 2001 3592 Martem.

359 3607 533 3667 T.'IV
559 3607 758 3676 Thes.,
792 3607 899 3663 col.
925 3607 1011 3661 46.

432 3679 582 3750 (131)
614 3675 840 3750 Integra
872 3692 962 3750 ea
1004 3676 1216 3750 Pcenit.
1244 3676 1393 3750 Rom.
1423 3675 1581 3750 apud
1608 3675 1826 3750 Canis,
1854 3678 1920 3733 T.
1956 3678 2005 3750 II

361 3746 519 3821 Ρζιι.
552 3746 610 3821 p.
645 3746 835 3821 129':__«
859 3747 965 3821 Qui
990 3751 1181 3819 potest
1193 3746 1547 3821 jejunare’et
1568 3746 2004 3821 implere,quod

358 3819 421 3874 in
435 3818 528 3890 Pce
535 3817 817 3890 nitentiali
833 3818 943 3873 scri
952 3817 1119 3889 ptum
1130 3817 1240 3883 est,
1258 3817 1475 3873 bonum
1488 3821 1576 3890 est
1587 3822 1644 3890 et
1655 3817 1774 3890 Deo
1787 3817 2005 3890 gratias

358 3887 590 3968 referat.
606 3887 1058 3968 Quiautem‘n‘on
1084 3891 1291 3968 potest,
1307 3904 1410 3968 per
1427 3887 1888 3968 misericordiam
1904 3890 2003 3945 Dei

357 3958 673 4016 consilium
693 3959 903 4013 damus
922 3956 1055 4023 tale,
1071 3956 1136 4012 ut
1157 3974 1263 4013 nec
1284 3956 1416 4026 sibi,
1446 3974 1549 4013 nec
1572 3959 1746 4014 alicui
1770 3977 2006 4017 necesse

359 4030 438 4085 sit
457 4027 550 4102 vel
566 4028 772 4102 perire,
793 4027 881 4083 vel
904 4028 1364 4102 desperaresllro
1386 4044 1500 4102 uno
1523 4029 1636 4095 die,
1661 4046 1832 4102 quem
1848 4033 2003 4102 jeju-

359 4115 505 4171 nare
521 4098 696 4171 debet
716 4098 777 4154 in
800 4098 1030 4171 paneiet'
1044 4115 1214 4171 aqua,
1236 4100 1309 4171 50
1328 4098 1589 4171 psalmos
1619 4098 1811 4156 ca'ntet
1843 4098 2005 4159 ﬂeais

357 4169 628 4246 genibus,
650 4169 699 4225 si
722 4168 913 4242 potest
941 4168 1170 4238 ﬁeri,'in
1195 4168 1441 4224 ecclesia
1459 4169 1546 4225 vel
1571 4170 1632 4246 in
1656 4171 1768 4246 alio
1797 4189 2004 4246 conve-

359 4241 564 4314 nienti,
599 4241 884 4314 etunum
942 4255 1258 4314 pauperem
1318 4245 1535 4314 pascat.
1571 4241 1670 4314 γει
1719 4243 1766 4296 si
1799 4245 2004 4299 tandiu

284 4377 287 4380 ν
357 4312 522 4369 flexis
550 4312 800 4385 genibus
830 4312 984 4368 stare
1013 4328 1129 4367 non
1174 4316 1365 4385 potest
1391 4313 1463 4366 7O
1486 4312 1748 4385 psalmos
1779 4319 2005 4385 erectus

357 4382 579 4465 cantet,
595 4389 653 4439 et
673 4399 987 4466 pauperem
990 4382 1219 4466 pascat.
1231 4382 1333 4438 Vel
1347 4382 1565 4466 centies
1577 4384 1825 4466 genibus
1839 4384 2004 4466 ﬂexis

354 4454 585 4511 veniam
616 4453 809 4527 petat.‘
830 4477 858 4504 ››
896 4453 1069 4509 Nulla
1115 4453 1389 4527 deinceps
1438 4453 1920 4511 inter—Romanum
1949 4462 2007 4512 et

357 4528 625 4581 nostrum
659 4524 1109 4582 nmnitentialem
1132 4523 1349 4580 librum
1373 4524 1792 4580 convenientia.
1818 4526 1879 4580 In
1904 4544 2004 4582 sa:-

2114 3326 2384 3378 Oremus.
2419 3323 2707 3378 Memento
2730 3322 2935 3378 famuli
2966 3323 3051 3378 tui
3081 3321 3164 3377 ill.
3197 3328 3255 3378 et
3274 3323 3378 3395 qui
3409 3322 3641 3378 lubrica
3658 3329 3761 3379 ter-

2115 3410 2239 3467 reni
2269 3410 2526 3483 corporis
2557 3410 2867 3483 fragilitate
2899 3411 3157 3467 nudatus
3187 3417 3299 3478 est,
3326 3428 3686 3484 quaesumus,
3702 3415 3757 3465 ut

2184 3534 2332 3607 (132)
2365 3533 2584 3607 Theod.
2610 3533 2658 3607 l.
2692 3552 2765 3600 c.,
2800 3535 2961 3590 addit
2994 3552 3005 3589 :
3040 3552 3200 3607 quem
3224 3538 3280 3591 ei
3301 3535 3528 3592 dederit.

2185 3606 2331 3677 (133)
2365 3606 2439 3660 ib.
2453 3648 2466 3674 ,
2490 3606 2719 3677 psallat.

2185 3677 2329 3749 (134)
2357 3677 2594 3732 additur
2623 3677 2701 3732 ib.
2742 3694 2755 3734 :
2782 3680 2848 3734 Et
2879 3680 2959 3735 ita
2983 3679 3246 3750 pcenitere
3275 3677 3446 3745 debet,
3478 3688 3531 3735 et

2114 3763 2173 3804 re
2200 3763 2309 3819 non
2335 3755 2525 3819 potest.

2185 3818 2581 3892 (135)'_Theod.
2616 3818 2739 3890 pari
2769 3818 3122 3892 obscuritate
3157 3839 3171 3875 :
3203 3838 3304 3891 per
3332 3836 3754 3892 unumquemque

2112 3888 2257 3962 diem
2276 3888 2570 3962 redemptio
2593 3888 2801 3962 valenti
2820 3891 3113 3945 denarium
3130 3894 3190 3945 in
3203 3888 3547 3962 pauperibus
3565 3888 3750 3962 eroget,

2114 3960 2153 4014 i.
2186 3977 2237 4015 e.
2270 3961 2802 4042 pro_re.demption.e
2829 3963 3183 4042 promeritae
3204 3960 3558 4042 paenitentiae
3588 3960 3752 4042 nun.-

2114 4047 2275 4106 mum
2300 4032 2503 4106 galeris
2535 4032 2723 4106 unius
2742 4032 2965 4106 denarii
2994 4032 3222 4106 eroget:
3237 4034 3415 4089 Plura
3438 4039 3755 4106 sequuntur

2114 4102 2267 4176 apud
2287 4102 2517 4176 _'_I‘h_eod.
2542 4119 2691 4176 quae
2712 4102 2804 4157 hic
2843 4109 2953 4176 aut
2991 4102 3227 4171 desunt,
3254 4110 3360 4160 aut
3389 4102 3748 4176 transposita.

2185 4173 2331 4243 (136)
2363 4172 2630 4248 Theodi:
2663 4173 2727 4248 In
2756 4175 2988 4230 secundo
3017 4191 3165 4231 anno
3207 4178 3457 4231 remissio

2114 4245 2211 4300 tia?
2233 4252 2310 4298 est
2337 4244 2400 4298 de
2431 4245 2623 4299 Natali
2652 4246 2890 4307 Domini,
2921 4252 3032 4300 etc.

2183 4315 2328 4384 (137)
2363 4314 2565 4386 suppl.
2597 4334 2668 4371 ex
2698 4317 2941 4383 Theod.,
2973 4333 3135 4385 agere
3162 4319 3557 4376 (imitantium.

2184 4386 2330 4458 (133)
2362 4384 2603 4458 gaesa,
2637 4388 2697 4441 in
2717 4389 2897 4458 primo
2927 4384 3093 4443 anno.

2210 4398 2311 4439 ιδδ
2362 4398 2603 4454 ’1“116οα.,
2637 4403 2697 4441 ιη
2717 4403 2897 4458 primo
2927 4404 3093 4443 anno.

2210 4398 2333 4527 139)
2365 4455 2608 4527 Theod.,
2642 4466 2694 4512 et
2724 4459 2783 4512 in
2807 4458 3056 4514 secundo.
3197 4507 3201 4511 .

2208 4527 2332 4590 140)
2363 4526 2605 4594 Theod.,
2629 4535 2681 4583 et
2707 4529 2767 4583 in
2795 4530 2953 4584 tertio
2981 4546 3141 4597 XVIII,
3163 4530 3262 4586 hoc
3278 4537 3411 4585 sunt
3427 4532 3593 4587 solidi
3613 4547 3747 4587 inv.

356 4596 491 4681 pius
508 4597 634 4681 jam
659 4584 1843 4681 laudatacollectioneantiqacan;pain},
1862 4597 2006 4681 Mar—
2028 4584 2082 4649 Ι)
2147 4671 2156 4681 Ι
2250 4584 2331 4665 41)
2358 4584 2646 4681 ριιίμιὶοινεὶ¹
2668 4617 2782 4678 non
2832 4604 2991 4681 sunt,
3025 4584 3154 4681 quae
3194 4584 3373 4681 habet
3401 4584 3748 4681 Timidus,

1410 4667 1425 4689 1

354 4665 572 4733 ten.,'l.
600 4683 674 4733 c.,
707 4666 817 4723 col.
842 4669 934 4734 55,
969 4667 1079 4723 sub
1129 4665 1363 4722 nomine
1410 4665 1699 4721 Theodori
1752 4668 2000 4723 Cantua-

355 4738 559 4810 riensis
584 4737 887 4810 nimirum,
921 4735 1119 4810 plures
1155 4741 1472 4810 occurrunt
1501 4752 1752 4810 canones
1781 4738 1855 4793 ad
1882 4755 2004 4810 pna-

355 4807 735 4887 nitentiarum
765 4807 1224 4887 redemptionem
1258 4809 1610 4887 spectantes,
1612 4807 1721 4887 qui
1738 4807 2005 4887 μιωήοξ

358 4876 499 4951 stris
552 4878 868 4951 maximam
925 4876 1150 4951 partem
1205 4876 1577 4951 conveniunt.
1610 4876 1703 4951 Sic
1734 4878 1836 4946 ib.,
1871 4884 2005 4951 post

354 4947 550 5023 verba,
583 4947 945 5023 bonum__est,'
976 4950 1193 5023 pergit
1224 4948 1441 5023 Theod.
1480 4968 1503 4995 ι
1537 4949 1604 5002 Et
1631 4949 1739 5023 hie_
1751 4957 1829 5004 est
1858 4947 2000 5006 ordo

354 5016 510 5072 idem
534 5017 879 5091 psalmodiis
911 5016 1013 5091 pro
1045 5016 1405 5091 pEenitentia,
1429 5035 1532 5091 pro
1555 5035 1690 5085 uno,
1720 5018 1834 5091 hoc
1864 5026 2003 5076 sunt

355 5086 678 5171 quapdpjp
700 5105 859 5171 pane
886 5086 943 5171 et
973 5086 1125 5157 aqua
1169 5091 1340 5171 debet
1383 5086 1678 5171 pmnitere.
1715 5090 1840 5171 l_loc_
1862 5097 2002 5171 sunt

395 5156 567 5231 salmi
595 5159 667 5212 50
697 5156 979 5231 flectendo
1000 5156 1207 5231 genua,
1233 5166 1334 5215 aut
1355 5156 1481 5215 sine
1504 5176 1695 5231 genua
1716 5161 1999 5218 ﬂectendo

351 5174 567 5283 psalmi
595 5174 667 5212 ou
697 5174 979 5213 nectendo
1000 5177 1207 5231 genua,
1233 5174 1334 5215 aut
1355 5177 1481 5215 sme
1504 5176 1695 5231 genua
1716 5174 1994 5218 nectendo

387 5226 941 5302 Oinfraecclesjam,
966 5234 1067 5302 aut
1086 5232 1145 5285 in
1169 5248 1351 5285 unum
1384 5231 1576 5286 locum
1602 5248 1704 5302 per
1731 5232 1994 5289 ordinem

352 5299 584 5373 psallat.
600 5298 706 5373 Pro
721 5298 1088 5373 hebdomada
1101 5302 1413 5373 quandoin
1428 5319 1577 5373 pane
1587 5298 1645 5356 et
1656 5318 1725 5373 aq
1737 5319 1808 5356 ua
1829 5304 2000 5359 debet

350 5369 781 5444 panitere,_300
802 5369 1060 5444 psalmos
1091 5369 1372 5444 ﬂectendo
1398 5369 1587 5444 genua
1611 5369 1995 5444 per'ordinem

351 5440 563 5513 psallat
583 5441 737 5513 infra
754 5440 1079 5513 ecclesiam,
1102 5447 1203 5495 aut
1223 5442 1283 5495 in
1307 5440 1490 5497 unum
1515 5440 1728 5508 locum,
1749 5450 1850 5498 aut
1870 5445 1997 5501 sine

349 5511 541 5585 genua
570 5512 1008 5592 flectendo
1045 5511 1110 5566 Et
1136 5528 1239 5592 pro
1271 5528 1387 5567 uno
1418 5529 1637 5592 mense,
1669 5516 1914 5592 quando
1935 5516 1996 5592 in

350 5582 500 5654 pane
532 5586 590 5636 et
619 5600 771 5654 aqua
799 5582 971 5639 debet
1000 5582 1297 5654 paenitere,
1327 5582 1542 5654 psallat
1571 5582 1831 5654 psalmos
1863 5588 1997 5641 1200

1131 5659 1231 5708 aut
1288 5653 1414 5709 sine
1464 5653 1656 5724 genua
1712 5656 1993 5713 ﬂectendo

353 5720 511 5790 1680,
546 5720 575 5771 ὖ
608 5726 717 5777 etc.

2109 4667 2217 4722 etsi
2250 4667 2599 4738 prolixiora;
2633 4669 2729 4725 hic
2753 4670 2909 4725 enim
2933 4667 3135 4727 loci—in
3163 4672 3364 4728 codice
3396 4680 3594 4729 nostro
3622 4674 3754 4728 inte

2114 4754 2224 4813 ere
2247 4738 2495 4813 rescissa
2523 4744 2611 4813 est
2638 4741 2874 4813 pagina-

2186 4809 2328 4885 (142)
2364 4809 2425 4885 In
2457 4809 2699 4883 antiquo
2720 4809 2932 4868 ordine
2961 4812 3293 4885 Siculo,qui
3325 4813 3476 4871 alias
3502 4832 3635 4871 cum
3657 4815 3753 4870 hoc

2112 4879 2311 4960 nostro
2361 4879 2716 4960 plerumque.
2754 4883 3042 4960 convenit,
3094 4879 3495 4960 praemittitur
3522 4886 3661 4951 haec,
3698 4892 3753 4960 ut

2110 4950 2248 5031 alibi
2280 4950 2523 5031 passim,
2558 4950 2792 5008 rubrica
2819 4954 2893 5031 in
2933 4950 3183 5031 append.
3218 4956 3433 5031 Morini
3464 4958 3536 5012 de
3564 4950 3749 5030 pcenit.

2111 5044 2138 5069 ‹‹
2174 5021 2326 5097 more
2357 5021 2546 5097 solito
2596 5039 2729 5078 cum
2781 5021 3268 5097 aliquisfvenerit
3297 5028 3371 5082 ad
3401 5021 3749 5084 sacerdotem

2108 5092 2368 5147 confiteri
2419 5099 2652 5163 peccata
2697 5112 2826 5160 sua,
2861 5092 3100 5151 n'andet
3145 5098 3197 5151 ei
3242 5100 3542 5163 sacerdos,
3577 5105 3639 5154 ut
3664 5116 3747 5153 ex-

2108 5168 2331 5234 spectet
2359 5164 2655 5218 modicum
2686 5166 2869 5221 donec
2911 5167 3088 5222 intret
3118 5168 3177 5222 in
3208 5169 3552 5226 cubiculum
3586 5187 3747 5226 suum

2109 5234 2347 5313 adorare
2381 5251 2394 5313 _:
2428 5234 2477 5288 si
2506 5242 2700 5313 autem
2734 5253 2863 5313 non,
2897 5238 3170 5313 habuerit
3198 5240 3565 5313 cubiculum,
3597 5242 3747 5313 prius

2108 5304 2166 5358 in
2211 5308 2431 5360 secreto
2480 5306 2671 5360 cordis
2717 5307 2875 5361 dicat
2920 5308 3071 5364 hanc
3127 5311 3501 5367 orationem:
3538 5304 3747 5368 Domine

2104 5376 2243 5449 Deus
2298 5376 2634 5449 omnipotens
2687 5380 2979 5449 propitius,
3014 5401 3043 5429 ››
3094 5381 3203 5434 etc‘.
3248 5381 3385 5444 Qua
3436 5384 3652 5449 omnia,
3693 5387 3745 5436 ut

2107 5446 2231 5519 ipse
2251 5445 2412 5507 ordo,
2436 5445 2718 5519 privatam
2754 5445 3150 5519 paenitentiam
3176 5445 3741 5517 indicant,diversam

2105 5517 2422 5641 gbteueggueas
2452 5517 2680 5587 publice
2702 5517 2766 5573 in'
2787 5520 2975 5592 capite
2995 5521 3207 5591 jejunii
3240 5523 3743 5595 indicebaturage-

2146 5605 2178 5641 a
2322 5605 2355 5640 ιι
2399 5627 2411 5640 .

2146 5603 2411 5658 aturque.

2173 5658 2322 5725 (143)
2351 5659 2548 5739 _Apud_
2573 5659 2976 5739 Morinumin
3019 5662 3146 5718 cod.
3177 5663 3375 5721 Siculo
3416 5666 3500 5722 sic
3542 5666 3743 5739 legitur

2102 5728 2241 5784 Deus
2269 5728 2423 5799 cujus
2453 5728 2815 5801 indulgentia,
2848 5736 2957 5790 etc.
