3892 6212
101 323 209 387 981

1326 317 1694 384 JUDICIUM
1742 317 2275 385 PCENITENTIS.

3384 318 3502 385 982

103 460 202 516 des
222 455 451 514 veniam
475 455 790 525 confitenti.
810 455 987 513 Parce
1010 454 1281 530 supplici,
1308 461 1371 512 ut
1391 455 1492 528 qui
1523 456 1738 513 nostris
1765 455 1822 521 Α
1854 458 2245 516 M.Truncasti
2262 456 2312 514 ei
2329 456 2515 515 ullum
2528 456 2857 515 membrum
2882 458 3118 532 propter
3137 454 3501 516 iram.annos

103 545 319 604 meritis
351 561 713 613 accusamur,
735 548 838 601 tua
868 545 1242 603 miseratione
1270 545 1579 602 salvemur.
1616 545 1740 602 Per.

100 635 296 692 Deinde
324 636 461 691 dicis
488 630 763 707 psalmum
790 635 1041 691 Benedic
1088 636 1289 692 anima
1337 653 1467 691 mea
1496 635 1741 691 Domino

103 741 263 797 usque
293 723 682 779 renovabitur.
712 725 778 779 Et
800 725 907 779 dic.
941 733 1079 780 orat.
1112 725 1271 780 hanc.
1297 724 1563 781 Oremus.
1588 725 1742 781 Deus

103 814 205 871 sub
236 814 405 885 cujus
434 812 619 869 oculis
648 829 819 869 omne
852 830 951 869 cor
979 814 1589 887 trepidat,omnesque
1610 831 1742 869 eon-

103 902 349 960 scientiae
377 901 855 970 contremiscunt,
877 903 1192 975 propitiare
1222 903 1486 958 omnium
1518 901 1741 974 gemiti-

101 992 205 1048 bus
223 996 279 1047 et
297 996 640 1047 cunctorum
671 991 903 1046 medere
931 990 1293 1059 vulneribus,
1318 995 1375 1047 et
1396 992 1546 1047 sicut
1571 1008 1740 1047 nemo

104 1084 361 1137 nostrum
400 1084 490 1134 est
519 1078 666 1135 liber
693 1096 728 1135 a
756 1078 948 1152 culpa,
981 1079 1062 1136 ita
1110 1096 1281 1136 nemo
1329 1080 1405 1136 sit
1450 1080 1678 1136 alienus
1708 1097 1743 1136 θ.

101 1168 277 1226 venia.
312 1168 434 1224 Per.
467 1170 532 1223 Et
559 1168 697 1223 dicis
722 1168 1000 1239 psalmum
1025 1170 1538 1242 quinquagesimum
1568 1169 1740 1224 Mise-

102 1274 219 1315 rere
247 1257 362 1313 mei
392 1257 567 1312 Deus.
598 1273 767 1329 usque
795 1273 1000 1313 omnes
1026 1257 1365 1330 iniquitates
1397 1276 1557 1315 meas
1588 1258 1737 1314 dele.

100 1351 168 1403 Et
195 1346 332 1402 dicis
362 1348 504 1402 hanc
531 1354 670 1402 orat.
696 1346 963 1402 Oremus.
988 1347 1198 1403 Precor
1227 1348 1471 1404 Domine
1493 1347 1742 1404 clemen-

99 1437 183 1492 tiae
209 1440 265 1492 et
293 1434 702 1491 misericordias
732 1439 846 1490 tua:
878 1436 1270 1508 majestatem,
1298 1442 1364 1492 ut
1393 1436 1612 1493 famulo
1637 1442 1739 1493 tuo

100 1525 176 1581 ill.
209 1528 442 1597 peccata
472 1527 530 1579 et
574 1518 843 1580 facinora
880 1542 989 1580 sua
1039 1524 1357 1593 confitenti,
1388 1526 1617 1582 veniam
1650 1542 1739 1581 re-

98 1613 281 1670 laxare
325 1613 585 1686 digneris
614 1615 671 1669 et
701 1614 1125 1685 praeteritorum
1174 1615 1489 1670 criminum
1536 1614 1740 1688 culpas

97 1702 417 1776 indulgeas,
432 1701 531 1774 qui
544 1701 809 1759 humeris
825 1703 943 1758 tuis
955 1720 1116 1759 ovem
1133 1704 1418 1776 perditam
1434 1704 1736 1772 reduxisti,

99 1791 191 1864 qui
211 1790 505 1864 publicani
536 1807 733 1862 preces
762 1791 1125 1848 confessione
1147 1791 1411 1865 placatus
1429 1792 1736 1859 exaudisti,
1768 1828 1817 1893 Β

100 1886 157 1938 tu
173 1880 345 1937 etiam
369 1879 505 1935 huic
534 1879 755 1937 famulo
782 1885 884 1936 tuo
914 1880 1142 1953 placare
1172 1882 1525 1951 Domine;tu
1558 1881 1737 1952 hujus

100 1969 361 2043 precibus
391 1968 684 2042 benignus
715 1968 928 2041 aspira,
965 1974 1030 2025 ut
1067 1971 1125 2025 in
1156 1971 1519 2028 confessione
1546 1971 1735 2045 placa-

99 2058 226 2116 bilis
245 2062 585 2131 permaneat
605 2058 778 2114 ﬂetus
801 2060 851 2131 ej
863 2077 952 2128 us,
975 2063 1033 2115 et
1057 2060 1257 2132 petitio
1276 2066 1611 2133 perpetuam
1631 2060 1739 2117 cle-

99 2147 370 2203 mentiam
420 2145 681 2202 celeriter
726 2151 939 2215 exoret,
974 2149 1310 2221 sanctisque
1357 2149 1640 2207 altaribus
1679 2154 1738 2205 et

98 2234 355 2292 sacrariis
400 2234 708 2290 restitutus
738 2236 863 2307 spei
896 2254 1102 2292 rursus
1133 2242 1359 2293 aeternas
1391 2255 1458 2294 ac
1488 2238 1738 2295 cmlestis

96 2324 278 2399 gloria
310 2324 696 2396 mancipetur.
731 2325 855 2380 Per.
889 2326 1168 2396 Interroga
1212 2344 1337 2383 eum
1379 2330 1433 2383 si
1469 2329 1582 2384 iam
1608 2344 1735 2384 con-

91 2416 255 2484 fessus
283 2415 500 2485 fuisset,
532 2420 584 2468 et
602 2421 822 2485 propter
849 2416 948 2470 hoc
978 2415 1275 2487 interroges
1302 2418 1355 2472 si
1384 2417 1497 2489 ipse
1523 2417 1738 2488 aliquid

94 2504 152 2559 de
178 2504 325 2558 malo
357 2504 581 2571 ingenio
628 2502 786 2558 habet
834 2511 932 2559 aut
977 2504 1042 2559 de
1086 2508 1267 2577 furtu,
1299 2514 1394 2561 aut
1438 2505 1503 2561 de
1548 2506 1740 2578 aliqua

94 2608 249 2648 causa
278 2591 641 2661 iniustiﬁcata
670 2598 861 2648 contra
898 2592 1184 2649 directura.
1225 2593 1289 2650 Si
1314 2597 1588 2666 confessus
1614 2597 1735 2666 fue-

98 2682 164 2737 rit
191 2680 327 2753 quod
355 2680 537 2747 habet,
570 2681 776 2736 instrue
805 2680 969 2736 illum
999 2683 1139 2754 quod
1178 2700 1288 2739 non
1316 2692 1393 2740 est
1421 2685 1645 2739 licentia
1672 2683 1739 2739 de

96 2770 216 2825 aliis
240 2770 479 2841 peccatis
499 2768 777 2839 judicium
806 2772 1061 2842 recipere,
1084 2781 1374 2844 antequam
1405 2775 1584 2845 ipsum
1610 2790 1738 2827 ma-

96 2859 205 2913 lum
234 2856 552 2920 reddiderit,
584 2866 680 2912 aut
725 2859 962 2914 eiecerit.
998 2864 1191 2915 Postea
1233 2862 1286 2916 si
1325 2864 1533 2933 fecerit,
1568 2863 1736 2917 inter-

100 2962 238 3017 roges
266 2963 413 3014 eum,
445 2948 495 3001 si
542 2946 910 3012 iracundiam,
942 2957 1132 3004 contra
1179 2950 1613 3022 qualemcunque
1641 2950 1736 3005 ho-

98 3036 290 3091 minem
336 3035 555 3091 habeat.
586 3036 650 3090 Si
689 3038 966 3107 confessus
1011 3046 1090 3093 est
1133 3037 1362 3094 admone
1403 3055 1546 3104 eum,
1600 3038 1739 3112 quod

98 3126 351 3195 scriptum
381 3131 480 3191 est,
512 3123 653 3195 quod
682 3140 793 3181 non
818 3126 1037 3197 proﬁcit
1063 3129 1400 3183 abstinentia
1432 3129 1568 3198 ejus.
1601 3128 1666 3181 Et
1690 3127 1740 3182 si

98 3214 216 3269 talis
250 3220 328 3269 est
359 3214 659 3282 interroges
688 3230 833 3281 eum,
862 3215 917 3269 si
940 3216 1210 3285 fugitivus
1237 3218 1330 3283 sit,
1362 3218 1495 3287 quia
1524 3232 1634 3271 non
1665 3215 1736 3269 li-
1767 3198 1811 3265 C

98 3309 169 3357 eet
190 3302 572 3373 paenitentiam
610 3318 772 3371 agere
818 3311 1107 3374 antequam
1135 3320 1192 3359 se
1219 3305 1547 3360 reconciliet.
1583 3309 1739 3361 Tunc

97 3394 176 3461 [ac
201 3407 324 3447 eum
349 3390 599 3461 conﬁteri
646 3393 835 3447 omnia
876 3400 1093 3463 peccata
1136 3409 1239 3449 sua
1275 3395 1357 3450 ita
1383 3393 1607 3450 dicendo
1641 3394 1737 3448 Fe-

101 3479 222 3534 cisti
253 3477 616 3546 omicidium,
650 3483 753 3535 aut
779 3495 941 3547 casu,
975 3486 1078 3537 aut
1107 3480 1312 3538 nolens
1350 3486 1451 3538 aut
1480 3499 1583 3555 pro
1612 3481 1740 3537 vin-

100 3567 246 3623 dicta
273 3571 609 3639 parentum,
641 3571 742 3622 aut
770 3584 872 3639 per
893 3568 1222 3639 jussionem
1255 3571 1476 3627 domini
1505 3571 1611 3635 tui,
1640 3574 1741 3625 aut

101 3656 155 3711 in
175 3656 409 3728 publico
431 3653 606 3721 bello,
628 3655 717 3711 vel
740 3656 926 3713 facere
949 3657 1185 3714 voluisti
1215 3664 1272 3715 et
1302 3677 1415 3715 non
1450 3660 1689 3731 potuisti
1712 3660 1741 3714 ?

102 3743 353 3817 quinque
395 3748 497 3799 aut
526 3748 644 3799 tres
671 3743 761 3799 vel
792 3746 1183 3819 quadraginta
1213 3747 1357 3803 dies.
1387 3747 1666 3804 Similiter
1690 3749 1741 3803 si

103 3849 327 3889 servum
356 3832 638 3888 occiderit
665 3832 813 3889 duos
838 3850 1043 3890 annos.
1076 3834 1145 3889 Μ.
1178 3834 1384 3891 Fecisti
1415 3836 1741 3908 periurium

103 3938 198 3994 per
225 3919 609 3995 cupiditatem
641 3919 859 3987 saeculi,
892 3926 996 3977 aut
1019 3929 1257 3979 coaetus
1281 3924 1369 3979 vel
1403 3942 1507 3997 pro
1540 3941 1742 3981 neces-

104 4011 267 4066 sitate
283 4009 374 4065 vel
404 4026 509 4082 pro
525 4008 644 4065 vita
660 4016 967 4081 parentum
987 4016 1090 4066 aut
1110 4013 1373 4069 nesciens
1398 4017 1499 4068 aut
1518 4014 1568 4069 si
1599 4013 1743 4069 alios

101 4097 156 4153 in
187 4097 510 4171 periurium
540 4097 823 4154 induxisti
856 4099 1124 4156 scienter.
1156 4101 1390 4173 Septem
1442 4119 1629 4158 annos
1657 4101 1744 4158 vel

103 4191 214 4244 tres
244 4191 301 4243 et
326 4186 715 4259 quadraginta
738 4188 883 4243 dies.
917 4189 984 4244 Μ.
1030 4189 1233 4245 Fecisti
1267 4191 1508 4255 furtum,
1543 4190 1597 4246 id
1633 4195 1741 4259 est,

103 4275 487 4343 etIraeturam,
517 4275 921 4348 quadrupedia
949 4277 1034 4334 vel
1068 4278 1359 4335 fortiorem
1384 4297 1622 4336 causam
1643 4297 1746 4336 va-

104 4362 335 4421 lentem.
370 4363 599 4421 Solidos
629 4364 1018 4438 quadraginta
1044 4366 1132 4422 vel
1163 4373 1418 4436 centum,
1450 4386 1635 4425 annos
1666 4386 1750 4425 se-

107 4458 257 4525 ptem
287 4452 374 4509 vel
408 4452 687 4525 quinque.
707 4453 775 4508 Μ.
798 4454 868 4509 Et
888 4455 961 4510 de
982 4455 1309 4512 minoribus
1335 4456 1503 4512 furtis
1526 4474 1746 4513 annum

1851 555 1990 605 tres.
2017 549 2122 604 Int.
2147 547 2331 604 Odisti
2355 548 2594 604 fratrem
2615 551 2805 604 tuum.
2830 547 3111 620 quamdiu
3133 547 3191 603 in
3215 547 3344 621 ipso
3365 544 3500 605 odio

1851 638 2036 703 fuisti,
2068 636 2292 693 tamdiu
2343 636 2627 710 pmniteas
2674 637 2733 693 in
2785 654 2934 710 pane
2982 641 3040 693 et
3078 653 3248 709 aqua.
3284 639 3386 694 Int.
3419 637 3501 695 De

1850 726 2176 785 ministerio
2226 727 2481 783 ecclesiae
2531 726 2865 783 abstraxisti
2914 725 3156 799 aliquid.
3201 725 3501 782 detraxisti

1852 816 2036 872 ullum
2050 816 2349 873 hominem
2365 819 2466 871 aut
2486 816 2775 872 seniorem
2798 814 2885 872 vel
2899 816 2971 871 ad
2986 818 3505 888 parentespropter

1849 906 2150 961 invidiam.
2185 921 2405 961 annum
2436 922 2621 959 unum
2652 904 2741 959 vel
2773 904 3166 978 quadraginta
3190 903 3337 961 dies.
3386 908 3498 962 Int.

1847 994 2111 1051 Nubsisti
2145 1011 2279 1050 cum
2312 1009 2486 1050 uxore
2516 997 2618 1049 tua
2647 997 2749 1049 aut
2779 1010 2912 1048 cum
2944 992 3061 1048 alia
3089 991 3328 1048 fiumina
3355 1008 3501 1064 qua-

1850 1084 2123 1157 draginta
2148 1084 2275 1140 dies
2296 1087 2429 1138 ante
2452 1085 2684 1155 partum
2707 1086 2807 1137 aut
2827 1085 2960 1155 post
2988 1082 3505 1154 partum,quadra-

1849 1174 2014 1246 ginta
2069 1173 2193 1228 dies
2252 1172 2553 1243 poeniteas.
2584 1173 2688 1227 Int.
2722 1169 2986 1226 Nubsisti
3042 1170 3137 1226 die
3182 1169 3497 1239 dominico,

1849 1279 2034 1318 unum
2065 1261 2218 1317 diem
2248 1260 2335 1316 vel
2368 1265 2507 1315 tres.
2539 1261 2643 1316 Int.
2676 1258 2920 1315 Violasti
2967 1258 3236 1331 sepulcra
3264 1262 3501 1331 propter

1846 1352 2092 1418 furtum,
2127 1368 2312 1429 annos
2344 1354 2483 1417 tres,
2517 1354 2618 1405 aut
2644 1350 2811 1405 duos.
2847 1349 2948 1404 Int.
2963 1348 3218 1421 Contigit
3240 1348 3344 1403 tibi
3378 1347 3501 1404 ulla

1848 1440 2205 1514 negligentia
2228 1441 2300 1495 de
2330 1438 2632 1494 sacrificio.
2667 1437 2913 1494 Centum
2963 1437 3087 1493 dies
3110 1436 3213 1493 ‘vel
3245 1437 3497 1510 quadra-

1848 1530 2030 1602 ginta.
2064 1528 2130 1585 M.
2165 1527 2371 1585 Fecisti
2402 1545 2633 1583 usuras.
2680 1528 2943 1599 quinque
2993 1543 3179 1583 annos
3228 1526 3315 1582 vel
3354 1530 3493 1582 tres.

1847 1618 2145 1675 M.Tulisti
2179 1635 2272 1674 res
2303 1616 2523 1674 alienas
2555 1615 2710 1672 malo
2741 1616 2943 1672 ordine
2964 1631 3067 1687 per
3089 1614 3313 1671 malum
3335 1615 3495 1687 inge-

1847 1710 2034 1765 nium.
2081 1714 2199 1764 tres
2252 1723 2457 1763 annos.
2512 1711 2587 1763 Μ.
2636 1705 2838 1760 Fecisti
2889 1703 3283 1777 sacrilegium,
3316 1704 3375 1759 id
3409 1708 3500 1760 est

1848 1797 2001 1867 quod
2032 1794 2331 1866 aruspices
2361 1797 2586 1862 vocant,
2619 1795 2676 1847 et
2705 1808 2960 1865 augures
2992 1790 3214 1847 faciunt
3241 1794 3300 1846 et
3328 1790 3498 1847 sorti-

1847 1882 2030 1957 logos,
2063 1881 2151 1937 vel
2182 1886 2316 1936 vota
2346 1897 2477 1953 quas
2502 1881 2574 1936 ad
2604 1880 2842 1936 arbores
2865 1879 2952 1935 vel
2985 1878 3056 1935 ad
3088 1879 3277 1935 fontes
3308 1895 3409 1935 seu
3442 1882 3499 1935 et

1846 1970 2153 2039 cancellos,
2189 1975 2291 2026 aut
2320 1986 2423 2042 per
2451 1967 2637 2024 ullum
2670 1968 2971 2041 ingenium
3001 1968 3227 2034 vovisti,
3252 1972 3355 2023 aut
3372 1984 3495 2025 sor-

1847 2063 1991 2118 titus
2022 2060 2207 2126 fuisti,
2238 2063 2339 2115 aut
2369 2074 2639 2114 aversum
2672 2057 2881 2114 fecisti.
2917 2057 3179 2130 quinque
3207 2073 3393 2113 annos
3408 2056 3493 2111 vel

1847 2154 2119 2223 quatuor.
2153 2148 2220 2204 Μ.
2256 2147 2462 2205 Fecisti
2522 2150 2756 2219 raptum
2815 2145 2887 2202 de
2927 2145 3150 2218 virgine
3178 2145 3266 2201 vel
3297 2146 3490 2201 vidua.

1845 2245 1966 2295 tres
1994 2254 2180 2293 annos
2210 2237 2515 2310 poeniteas.
2548 2236 2614 2291 Μ.
2647 2234 2858 2291 Tulisti
2890 2234 3108 2307 aliquid
3145 2233 3401 2308 pecunias
3432 2228 3499 2290 in

1846 2328 2091 2385 ecclesia
2122 2330 2324 2383 contra
2363 2325 2671 2380 directum.
2704 2328 2825 2380 tres
2868 2339 3073 2388 annos,
3106 2327 3209 2379 aut
3236 2324 3493 2397 quadru-

1846 2417 2010 2490 plum
2042 2416 2337 2471 restituas.
2372 2413 2438 2468 Μ.
2474 2412 2784 2469 Prodidisti
2830 2413 3089 2486 aliquam
3120 2429 3241 2469 rem
3274 2429 3377 2485 per
3400 2412 3495 2467 in-

1838 2508 2064 2578 justam
2087 2504 2425 2569 dilaturam,
2446 2506 2565 2558 tres
2586 2519 2772 2558 annos
2794 2502 3094 2575 paenitens.
3113 2501 3180 2557 Μ.
3195 2500 3496 2558 Deduxisti

1846 2600 1949 2651 aut
1978 2592 2353 2649 transmisisti
2393 2607 2497 2663 per
2526 2590 2711 2646 ullum
2740 2590 3037 2664 ingenium
3065 2607 3295 2647 servum
3326 2595 3496 2646 tuum

1846 2687 1948 2739 aut
1987 2682 2169 2738 alium
2226 2679 2525 2735 hominem
2575 2681 2636 2734 in
2694 2679 3030 2752 captivitate
3086 2678 3496 2735 christianum.

1848 2771 2107 2845 quinque
2139 2786 2325 2826 annos
2362 2768 2649 2841 pceniteas
2687 2772 2789 2823 aut
2830 2771 2967 2824 tres.
3002 2768 3058 2824 M
3089 2767 3369 2825 Cremasti
3402 2768 3500 2823 do-

1847 2877 2012 2917 mum
2067 2863 2169 2915 aut
2224 2875 2379 2914 area.
2430 2862 2553 2913 tres
2601 2873 2807 2913 annos.
2859 2857 2926 2911 Μ.
2973 2856 3178 2913 Fecisti
3213 2857 3498 2913 vomitum

1846 2953 2081 3022 propter
2111 2948 2471 3003 ebrietatem.
2507 2944 2843 3017 quindecim
2890 2944 3015 3001 dies
3043 2945 3092 3002 si
3125 2963 3229 3018 per
3253 2949 3497 3002 conten-

1847 3041 2067 3094 tionem
2098 3034 2489 3108 quadraginta
2518 3034 2664 3089 dies.
2700 3033 2758 3089 Si
2790 3033 3056 3090 nesciens
3093 3037 3317 3107 septem
3350 3034 3495 3091 dies.

1846 3127 1914 3183 Μ.
1948 3124 2164 3198 Cogisti
2198 3123 2385 3179 ullum
2416 3122 2712 3178 hominem
2743 3122 2961 3190 bibere,
2991 3125 3059 3177 ut
3086 3121 3495 3189 inebriaretur,

1848 3222 1950 3272 aut
1979 3231 2082 3287 per
2112 3213 2311 3269 odium
2342 3211 2451 3267 hoc
2484 3210 2692 3276 fecisti,
2724 3215 2958 3267 centum
2990 3210 3134 3267 dies.
3186 3210 3254 3267 Μ.
3289 3210 3497 3266 Bibisti

1846 3302 2193 3377 sanguinem
2224 3305 2328 3357 aut
2359 3299 2726 3355 manducasti
2774 3299 2845 3354 de
2872 3297 2991 3354 ullo
3022 3299 3241 3371 pecude
3270 3298 3357 3354 vel
3388 3298 3496 3356 ho-

1848 3393 2006 3448 mine
2062 3396 2182 3447 tres
2239 3405 2424 3445 annos
2473 3387 2777 3461 paenitens.
2825 3386 3086 3443 Aliorum
3146 3387 3493 3444 thesaurum

1846 3480 2075 3553 sumpsi
2123 3496 2225 3551 pro
2280 3494 2396 3550 quo
2444 3477 2673 3532 debitas
2719 3476 3012 3532 orationes
3069 3492 3184 3532 non
3236 3475 3494 3549 implevi.

1846 3573 1914 3627 Μ.
1950 3566 2316 3624 Manducasti
2360 3566 2686 3633 morticina,
2720 3568 2823 3621 aut
2862 3564 3179 3622 dilacerata
3203 3583 3239 3621 a
3266 3564 3493 3622 bestiis.

1849 3656 2240 3731 quadraginta
2270 3655 2414 3711 dies.
2440 3656 2505 3710 Μ.
2533 3653 2736 3709 Bibisti
2768 3654 2840 3710 de
2869 3652 3095 3725 liquore
3124 3654 3184 3709 in
3216 3670 3331 3726 quo
3362 3670 3495 3709 mus

1847 3747 1936 3803 vel
1968 3743 2224 3802 mustela
2253 3749 2495 3799 mortua;
2518 3744 2763 3799 inventae
2786 3743 3042 3798 fuerunt.
3066 3742 3500 3815 M.Gontempsi-_

1852 3836 1928 3894 sti
1951 3834 2238 3890 indictum
2261 3833 2541 3888 ieiunium
2565 3832 2624 3887 in
2648 3831 2919 3901 ecclesia;
2938 3831 3025 3887 vel
3047 3836 3251 3887 contra
3270 3812 3507 3888 decreta:

1853 3925 2172 3982 seniorum.
2202 3921 2593 3994 quadraginta
2622 3921 2767 3976 dies.
2790 3924 2869 3976 Μ.
2902 3922 2972 3976 Et
2996 3921 3047 3976 si
3077 3924 3332 3993 quatuor
3360 3924 3504 3976 tem-

1853 4030 1996 4087 pora
2012 4012 2147 4068 anni
2161 4010 2246 4066 vel
2261 4009 2957 4084 quadragesima.annum
2971 4026 3156 4065 unum
3167 4009 3505 4082 .M.0ppres-

1855 4100 1982 4160 sisti
2007 4101 2289 4157 infantem
2314 4114 2482 4155 tuum
2502 4098 2587 4155 vel
2610 4098 2792 4154 alium
2817 4104 2881 4154 ut
2902 4102 3245 4156 moreretur.
3280 4100 3503 4171 septem

1856 4206 2061 4257 annos,
2087 4192 2187 4245 aut
2208 4188 2469 4261 quinque
2489 4186 2573 4243 vel
2593 4192 2732 4243 tres.
2755 4187 2861 4243 Int.
2888 4186 3089 4243 Bibisti
3117 4185 3302 4242 ullum
3326 4184 3504 4241 male-

1857 4280 2078 4344 ﬁcium,
2112 4277 2169 4333 id
2218 4281 2308 4333 cst
2354 4276 2545 4344 erbas,
2580 4276 2665 4331 vel
2715 4276 2860 4332 alias
2908 4292 3136 4343 causas,
3164 4278 3227 4330 ut
3255 4292 3370 4331 non
3403 4290 3503 4345 po-

1857 4369 2072 4425 tuisses
2104 4366 2355 4421 infantes
2385 4365 2599 4420 habere
2626 4383 2638 4431 ;
2672 4369 2773 4419 aut
2814 4363 2927 4419 alio
2974 4363 3226 4430 donasti,
3261 4366 3367 4418 aut
3396 4363 3504 4417 ho-

1858 4458 2078 4514 minem
2111 4471 2212 4527 per
2242 4453 2535 4525 potionem
2568 4451 2828 4507 occidere
2857 4450 3111 4517 voluisti,
3136 4454 3237 4507 aut
3266 4451 3339 4506 de
3368 4467 3505 4507 san-

108 4557 285 4597 unum
315 4540 403 4629 vel
434 4546 553 4596 tres
602 4542 1105 4615 quadragesimas,
1140 4561 1242 4600 seu
1273 4548 1329 4600 et
1358 4545 1749 4618 quadraginta
1781 4566 1825 4629 D
1858 4546 2053 4621 guine,
2085 4542 2173 4599 vel
2205 4544 2275 4598 de
2306 4541 2532 4597 semine
2562 4539 2754 4597 mariti
2793 4539 2901 4607 tui,
2937 4544 3003 4596 ut
3034 4540 3315 4629 majorem
3346 4540 3421 4629 de
3451 4542 3506 4629 te

109 4629 247 4685 dies.
278 4628 348 4685 Μ.
384 4629 587 4685 Fecisti
619 4629 974 4688 adulterium
1026 4649 1160 4688 cum
1211 4650 1387 4689 uxore
1430 4634 1618 4691 aliena
1647 4640 1748 4691 aut
1782 4627 1809 4629 ⁷
1857 4637 2097 4692 haberet
2127 4649 2405 4695 amorem,
2449 4633 2551 4686 aut
2579 4629 2851 4702 gustasti,
2887 4633 2989 4684 aut
3016 4628 3247 4684 urinam
3278 4627 3503 4684 bibisti.

110 4735 236 4773 cum
276 4722 574 4791 sponsata.
606 4717 709 4775 Vel
765 4720 1051 4794 virginem
1100 4722 1433 4795 corrupisti,
1466 4728 1568 4779 aut
1616 4742 1749 4781 cum

110 4811 320 4862 sanctae
362 4806 630 4863 monialee
674 4809 762 4864 vel
806 4809 924 4865 Deo
967 4809 1177 4867 dicata.
1211 4811 1473 4884 quinque
1516 4811 1603 4869 vel
1634 4820 1751 4870 tres

111 4912 309 4951 annos.
344 4898 444 4951 Int.
479 4896 741 4968 Nupsisti
771 4915 907 4953 eum
954 4915 1131 4955 uxore
1162 4905 1264 4955 tua
1295 4906 1467 4969 retro,
1498 4901 1583 4957 vel
1617 4919 1751 4959 eum

112 4983 336 5040 ancilla.
360 4985 429 5039 XI
460 4985 605 5041 dies.
640 4988 741 5042 Int.
777 4987 982 5044 Fecisti
1010 4989 1447 5047 fornicationem
1480 4991 1630 5047 sicut
1660 5010 1754 5048 so-

114 5072 338 5128 domita:
370 5075 647 5145 fecerunt,
677 5074 766 5131 vel
815 5094 948 5132 cum
999 5077 1174 5135 fratre
1221 5083 1323 5135 aut
1370 5097 1505 5136 cum
1546 5086 1751 5151 matre,

112 5161 196 5217 vel
226 5178 361 5217 eum
392 5163 695 5234 pecoribus
716 5164 802 5220 vel
831 5165 947 5221 ullo
977 5166 1230 5240 ingenio.
1266 5170 1625 5240 quindecim,
1655 5174 1759 5225 aut

118 5250 421 5307 duodecim
451 5251 539 5306 vel
570 5257 791 5325 septem
822 5271 1027 5323 annos,
1049 5256 1136 5311 vel
1168 5273 1375 5312 unum.
1410 5260 1514 5314 Int.
1549 5258 1755 5314 Dixisti

121 5337 327 5393 falsum
359 5339 762 5397 testimonium
785 5359 888 5416 per
904 5344 1306 5415 cupiditatem.
1329 5346 1520 5403 sciens
1543 5350 1642 5402 aut
1665 5362 1761 5400 ne-

121 5425 326 5483 sciens.
359 5432 479 5482 tres
524 5427 612 5483 vel
659 5430 806 5487 duos
843 5436 946 5487 aut
991 5450 1175 5489 unum
1216 5452 1459 5489 annum.
1491 5440 1596 5490 Int.
1633 5435 1761 5489 Per-

119 5515 353 5572 cussisti
384 5515 703 5587 hominem,
732 5523 797 5575 ut
827 5520 1067 5593 sanguis
1097 5521 1278 5578 exiret
1304 5523 1376 5577 ab
1408 5520 1760 5588 homine,vel

122 5619 252 5659 ossa
281 5603 531 5675 fregisti.
566 5622 783 5663 annum
832 5624 1015 5665 unum
1064 5610 1150 5666 vel
1193 5611 1584 5683 quadraginta
1614 5610 1758 5665 dies.

1862 4732 2082 4796 septem
2106 4737 2291 4777 annos
2313 4720 2595 4793 pmniteas
2615 4717 2704 4775 vel
2728 4717 2990 4789 quinque
3009 4720 3112 4773 aut
3130 4714 3507 4773 tres.Necasti

1861 4817 2066 4885 partus
2092 4816 2245 4867 tuos.
2279 4810 2479 4865 decem
2509 4824 2694 4864 annos
2724 4806 3024 4879 pmniteas.
3042 4810 3116 4863 Μ.
3140 4807 3211 4861 Et
3239 4804 3290 4862 si
3320 4804 3509 4862 ﬁlium

1861 4901 1949 4958 vel
1980 4900 2160 4956 filiam
2192 4897 2477 4955 occidisti.
2513 4896 2820 4952 duodecim
2869 4911 3055 4952 annos
3104 4895 3407 4968 paenitens.
3439 4894 3509 4950 Μ.

1863 4992 1934 5047 Et
1963 4989 2012 5045 si
2041 4990 2101 5043 in
2134 4992 2296 5043 utero
2328 4992 2461 5043 ante
2492 4990 2862 5057 conceptum.
2883 5002 3104 5041 annum
3128 5002 3337 5041 unum.
3358 4986 3427 5042 Μ.
3451 4984 3513 5041 Si

1865 5084 1998 5152 post
2026 5081 2371 5147 conceptum
2402 5092 2588 5130 annos
2618 5079 2755 5129 tres.
2781 5079 2855 5131 Μ.
2880 5074 2940 5130 Si
2974 5074 3169 5130 infans
3196 5091 3302 5147 per
3330 5073 3513 5149 negli-

1865 5167 2124 5241 gentiam
2140 5169 2408 5219 mortuus
2424 5163 2599 5219 fuerit
2610 5163 2656 5219 si
2668 5180 2736 5218 ne
2753 5163 3292 5237 baptismo.annum
3306 5181 3512 5220 unum.

1867 5261 1921 5313 et
1944 5270 2246 5326 nunquam
2270 5253 2395 5309 sine
2416 5252 2613 5325 aliqua
2644 5253 3002 5326 pmnitcntia.
3026 5258 3103 5311 Μ.
3130 5254 3336 5310 Fecisti
3358 5252 3517 5309 aliud

1868 5343 2168 5419 paganias,
2204 5360 2330 5413 quae
2366 5342 2424 5397 in
2456 5342 2579 5398 Kal.
2611 5343 2742 5399 Jan.
2794 5343 3014 5400 faciunt
3062 5343 3121 5398 in
3160 5342 3388 5398 servulo
3416 5344 3519 5397 aut

1868 5435 1928 5488 in
1962 5430 2189 5503 vagula.
2225 5436 2343 5485 tres
2372 5448 2557 5487 annos
2589 5432 2891 5504 paenitens.
2924 5435 3031 5488 Int.
3069 5430 3280 5487 Misisti
3326 5429 3516 5484 filium

1868 5526 2035 5576 tuum
2061 5535 2235 5590 super
2254 5522 2469 5575 tectum
2495 5525 2597 5576 aut
2618 5521 2677 5576 in
2704 5520 2996 5577 fornacem
3020 5536 3124 5592 pro
3145 5516 3347 5586 aliqua
3370 5516 3520 5573 sani-

1871 5613 2007 5676 tate,
2034 5607 2292 5679 quinque
2319 5625 2505 5666 annos
2534 5610 2835 5681 pmniteas.
2859 5610 2921 5664 Et
2949 5608 3019 5663 ad
3046 5606 3309 5662 ultimum
3334 5604 3522 5663 dicen-
