3892 6212
335 259 454 322 983

1114 257 1448 318 AI‘PEND.
1493 257 1594 316 AD
1641 253 1830 315 S/EC.
1877 252 1954 313 X.

2144 248 2381 313 [ONUM
2393 251 2594 311 ENTA
2639 250 2955 313 LITURG.
3685 243 3775 306 θα

333 390 464 450 dum
492 399 570 450 cst
592 391 882 466 paenitenti
892 409 910 446 :
924 389 1109 450 Multa
1137 394 1276 450 sunt
1305 392 1541 462 peccata
1563 385 1766 442 meain
1787 384 1977 452 factis,
2007 381 2064 450 Α
2089 389 2349 439 corruant
2376 382 2445 438 ad
2469 381 2630 455 pedes
2658 383 2912 456 episcopi.
2944 383 3134 455 sicque
3177 380 3494 454 prostrati
3535 388 3773 436 manant

332 481 394 540 in
425 482 636 550 verbis,
669 481 726 538 in
763 479 1236 554 cogitationibus.
1269 479 1337 534 ΙΙΙ.
1372 478 1561 534 llabes
1608 477 1783 531 ﬁdem
1842 491 1978 530 con-

331 571 549 628 fessam
580 570 696 627 Deo
727 573 785 626 et
813 567 1592 636 sacerdoti,utremittantur
1613 565 1719 622 tibi
1743 567 1982 637 peccata

331 664 454 719 tua.
489 664 563 718 Μ.
597 659 800 716 Credis
831 659 960 715 hoc.
993 659 1026 722 Ii
1047 659 1248 716 Credo.
1282 657 1350 714 M.
1376 657 1568 713 llabes
1596 653 1976 714 voluntatem.

332 751 487 822 quod
520 747 692 824 egisti
723 752 925 808 contra
972 749 1253 804 mandata
1297 747 1396 802 Dei
1431 747 1490 802 in
1523 745 1633 802 hoc
1681 743 1975 800 emendes.

328 843 381 908 ἢ.
415 837 509 894 Sic
539 837 746 896 habeo.
779 837 848 894 Μ.
882 837 1043 894 Unde
1099 837 1404 893 confessus
1462 833 1646 902 fuisti,
1686 832 1772 889 vis
1813 830 1979 904 judi-

331 922 489 984 ciu'm
519 927 772 1000 recipere
801 931 858 984 et
887 925 1034 982 illud
1081 927 1226 982 bene
1269 923 1582 991 custodire,
1615 927 1673 978 et
1705 921 1978 978 omnibus

331 1015 840 1076 adinventionibus
889 1015 1106 1072 diaboli
1156 1013 1510 1082 renuntiare,
1545 1015 1601 1068 et
1634 1011 1977 1068 Trinitatem

329 1105 652 1170 credere‘hi
681 1103 841 1160 Volo.
876 1105 1027 1160 Dices
1055 1105 1111 1160 ei
1140 1122 1160 1160 :
1190 1103 1476 1160 Dominus
1508 1101 1582 1158 sit
1610 1100 1714 1156 tibi
1749 1100 1980 1156 adiutor

327 1197 384 1258 et
413 1197 723 1268 protector,
755 1198 812 1250 et
855 1196 1088 1266 praestet
1134 1191 1565 1266 indulgentiam
1612 1191 1684 1246 de
1725 1189 1979 1262 peccatis

329 1282 658 1358 praeteritis,
689 1282 1075 1356 praesentibus
1107 1286 1162 1338 et
1193 1280 1426 1338 futuris.
1485 1282 1629 1336 Tunc
1661 1279 1730 1334 da
1760 1280 1850 1334 illi
1873 1295 1980 1351 pw-

325 1373 634 1438 nitentium,
679 1380 731 1428 et
777 1371 962 1428 iudica
1005 1371 1304 1427 secuntum
1347 1369 1634 1425 modulum
1681 1370 1980 1424 criminum

326 1463 462 1536 ejus.
499 1467 640 1524 Data
669 1477 793 1517 vero
831 1461 1148 1535 poenitentia
1179 1460 1268 1515 dic
1292 1459 1570 1532 psalmum
1599 1458 1754 1515 Deus
1781 1457 1840 1512 in
1874 1474 1976 1514 no-

327 1549 485 1610 mine
514 1555 634 1606 tuo.
667 1551 732 1606 Et
759 1549 902 1606 dices
933 1551 1204 1606 orationes
1235 1549 1333 1606 has
1361 1565 1526 1620 super
1555 1545 1974 1604 cum.Collecta.

325 1637 548 1695 Exaudi
578 1637 820 1694 Domine
853 1655 1052 1712 preces
1083 1641 1406 1705 nostras,ct
1435 1635 1838 1693 confitentium
1871 1635 1977 1691 tibi

2087 488 2258 544 usque
2285 472 2521 528 domnus
2551 474 2828 545 episcopus
2853 488 3086 542 surgens
3120 473 3334 528 innuat
3355 470 3562 526 atteri
3578 468 3776 526 discsse.

2089 561 2274 618 levate
2298 569 2654 634 prosequente
2682 561 2825 618 clero
2855 561 3220 634 antiphonam
3249 579 3269 616 :
3301 559 3536 616 venite
3569 557 3678 613 lilii
3705 575 3780 612 an-

2091 651 2207 706 dite
2237 667 2329 706 me
2370 650 2652 706 timorem
2701 650 2936 706 Domini
2983 651 3206 706 docebo
3253 666 3398 706 vos.
3443 647 3784 704 Bcnedieam

2089 739 2339 796 Domino
2360 738 2418 794 in
2443 739 2625 795 omni.
2651 741 2715 795 Et
2744 739 2814 796 ad
2840 741 3006 811 ﬁnem
3037 757 3212 812 usque
3241 739 3513 796 dicente.
3532 737 3783 806 Quilde

2090 845 2216 886 vero
2240 829 2490 900 psalmus
2516 831 2741 886 canitur
2771 847 2805 884 τι
2830 829 2974 885 clero
3022 845 3150 884 cum
3201 827 3575 900 antiphom's
3619 827 3784 882 venite

2087 917 2191 974 ﬁlii
2222 935 2431 990 semper
2453 919 2766 974 manuatim
2791 919 3119 990 pamitentes
3147 918 3501 988 plebesanis
3528 917 3606 970 ab
3627 915 3786 970 arcti-

2087 1007 2334 1075 diacouo,
2376 1015 2427 1063 et
2477 1009 2547 1062 ab
2597 1006 2984 1063 archidiacono
3032 1005 3356 1062 redduntur
3403 1005 3707 1076 Episcopo.
3736 1006 3784 1059 Et

2087 1097 2156 1151 ab
2214 1097 2458 1168 episcopo
2516 1097 2886 1152 restituuntur
2937 1095 3183 1152 ecclesiae
3237 1095 3477 1166 gremio
3529 1095 3780 1164 prostrati

2088 1185 2240 1241 omni
2283 1193 2517 1256 (erupere
2562 1187 2622 1241 in
2672 1193 2896 1241 terram.
2931 1183 3137 1242 Deinde
3181 1185 3458 1255 imponat
3503 1183 3778 1254 episcopus

2086 1275 2461 1347 autiphouam.
2481 1273 2590 1330 Cor
2605 1274 2896 1330 mundum
2919 1290 3053 1330 crea
3077 1273 3134 1328 in
3161 1289 3260 1328 me
3291 1271 3776 1344 Deus,spiritum

2088 1369 2306 1419 rectum
2343 1365 2554 1419 innova
2585 1363 2644 1418 in
2673 1361 2998 1418 visceribus
3028 1362 3199 1418 meis.
3239 1362 3472 1418 Psatm.
3510 1361 3778 1416 Miserere

2089 1452 2201 1508 mei
2235 1454 2406 1510 Deus.
2433 1459 2554 1525 Quo
2583 1452 2746 1524 [inito
2767 1459 3078 1524 prosternat
3097 1469 3158 1507 se
3185 1453 3514 1524 Εριζςοοραδ
3539 1467 3776 1506 annona

2081 1545 2472 1615 ptcnitentibus
2493 1545 2556 1600 in
2584 1544 2842 1598 oratoria.
2869 1541 3021 1598 Claro
3048 1542 3290 1612 faciente
3322 1542 3778 1610 (Lamianos:

2083 1633 2318 1704 expleta,
2364 1640 2651 1706 postquam
2697 1632 2915 1687 dicatur
2963 1631 3137 1703 Kyrie
3183 1629 3446 1686 eleison.
3483 1631 3768 1686 Erectus

327 1744 498 1810 parce
518 1725 790 1800 peccatis,
815 1731 881 1783 ut
911 1744 1060 1800 quos
1090 1725 1456 1784 conscientiae
1490 1729 1688 1782 reatus
1717 1729 1974 1792 accusat,
2008 1755 2056 1822 Β
2087 1728 2233 1777 terra
2261 1721 2424 1778 dicat.
2459 1721 2626 1777 Pater
2657 1725 2870 1776 noster.
2905 1723 2972 1776 Et
2995 1737 3178 1792 preces
3210 1739 3230 1776 :

326 1805 694 1890 indulgentia
739 1821 855 1873 tute
905 1815 1299 1874 miserationis
1349 1813 1628 1874 absolvat.
1677 1815 1800 1870 Per.
1834 1814 1976 1870 Alia.

327 1905 543 1961 Praesta
569 1905 815 1962 Domine
843 1905 983 1962 huic
1013 1904 1234 1962 famulo
1265 1909 1366 1962 tuo
1395 1903 1478 1960 ill.
1513 1903 1757 1978 dignum
1791 1904 1978 1976 poeni-

323 1993 516 2052 tentia:
550 1993 826 2062 fructum,
859 1998 927 2050 ut
955 1993 1210 2052 ecclesia:
1240 1999 1353 2052 tua}
1385 1998 1598 2050 sanctae
1630 2010 1665 2049 a
1693 1993 1863 2050 cuius
1893 1992 1981 2048 in-

323 2082 592 2156 tegritate
624 2082 948 2140 deviaverat
979 2084 1294 2158 peccando,
1321 2083 1717 2140 admissorum
1747 2081 1980 2138 veniam

325 2173 733 2246 consequendo
765 2173 1046 2230 reddatur
1079 2172 1390 2228 innocuus.
1424 2173 1549 2228 Per.
1580 2173 1728 2228 Alia.
1761 2171 1976 2228 Praeve-

325 2261 450 2330 niat
479 2261 638 2318 hunc
667 2259 956 2318 famulum
985 2265 1155 2318 tuum
1174 2260 1478 2318 N.ablutio
1501 2260 1814 2317 criminum
1837 2261 1978 2316 dare

325 2353 382 2406 et
408 2350 636 2408 veniam
668 2354 943 2422 praestare
974 2349 1401 2422 peccatoribus,
1435 2349 1534 2422 qui
1564 2348 1760 2405 dixisti
1793 2349 1974 2420 poeni-

325 2437 572 2494 tentiam
599 2441 654 2493 te
688 2437 860 2493 malle
889 2441 1282 2510 peccatorum,
1315 2455 1492 2510 quam
1527 2443 1794 2494 mortem.
1829 2437 1974 2494 Con-

322 2525 462 2582 cede
489 2541 626 2598 ergo
657 2524 901 2581 Domino
935 2525 1042 2582 hoc
1084 2530 1150 2581 ut
1180 2525 1286 2582 tibi
1318 2525 1668 2599 pmuitentim
1699 2527 1976 2583 excubias

323 2612 591 2681 celebret,
616 2617 672 2668 et
702 2613 978 2670 correctis
1010 2613 1239 2670 actibus
1267 2613 1393 2670 suis
1424 2615 1670 2670 conferri
1701 2614 1811 2670 sibi
1839 2620 1974 2670 ante

321 2701 678 2775 sempiterna
709 2701 924 2774 gaudia
946 2702 1294 2776 gratuletur.
1319 2703 1444 2758 Per.
1471 2701 1620 2760 Alia.
1639 2703 1852 2759 Adesto
1869 2704 1974 2759 Do-

321 2789 482 2848 mine
510 2789 1040 2863 supplicationibus
1063 2792 1300 2860 nostris,
1325 2795 1383 2846 ct
1404 2809 1516 2860 me,
1542 2790 1836 2866 quietiam
1870 2791 1974 2848 mi-

321 2877 638 2936 sericordia
667 2883 770 2936 tua
790 2879 1018 2952 primus
1047 2879 1302 2953 indigeo,
1325 2878 1642 2936 clementer
1661 2881 1888 2947 exaudi,
1909 2885 1974 2938 ut

320 2983 495 3041 quem
523 2985 638 3025 non
670 2967 948 3031 electione
996 2968 1209 3036 meriti,
1245 2969 1346 3024 sed
1406 2969 1558 3025 dono
1591 2968 1805 3042 gratiae
1855 2973 1968 3025 tum

320 3055 674 3116 constituisti
692 3057 884 3132 operis
896 3057 1076 3130 hujus
1094 3057 1485 3124 ministerum,
1501 3057 1576 3114 da
1591 3056 1866 3114 fiduciam
1881 3057 1966 3114 tui

321 3129 914 3218 munerisexequendi
935 3129 991 3203 ct
1016 3146 1136 3220 ipse
1159 3147 1216 3202 in
1241 3149 1438 3204 nostro
1463 3145 1969 3218 ministerio,q.uod
2003 3129 2046 3196 C

321 3239 434 3292 tua:
467 3235 701 3308 pictatis
731 3240 840 3303 est,
874 3253 1133 3309 cperarc.
1169 3236 1275 3292 Per

323 3340 621 3403 oaDOAD
646 3341 1263 3402 HECONClLIANDOS
1283 3340 1764 3398 POEVITENTES
1779 3340 1968 3412 (143-).

323 3429 405 3496 Ex
445 3429 641 3486 codice
681 3447 792 3486 ms.
826 3430 1094 3488 bibliotb.
1129 3429 1337 3486 Ctesar.
1371 3429 1621 3485 Vindob.
1656 3445 1786 3485 saec.
1818 3447 1854 3485 χ
1884 3428 1971 3486 vel

889 3520 942 3558 XI
976 3501 1152 3558 theol.
1185 3520 1244 3558 η.
1277 3502 1401 3557 359.

388 3575 614 3646 Sedente
638 3591 893 3662 ponti/ire
917 3607 1016 3663 pro
1044 3591 1258 3663 foribus
1304 3589 1543 3646 ecclesia?
1579 3589 1970 3660 pauitantibus

318 3677 376 3731 in
405 3679 547 3734 atrio
591 3680 835 3736 ecclesiae
879 3682 1100 3736 eminus
1146 3697 1271 3735 cum
1317 3679 1709 3735 arrhidiacono
1750 3680 1972 3750 jussum

315 3765 470 3822 illius
494 3769 958 3836 prwstolantibus.
1012 3770 1318 3842 Antequam
1361 3785 1449 3824 eos
1496 3769 1687 3840 olferat
1727 3769 1968 3839 postulat

313 3852 738 3922 archidiaconus
793 3857 878 3910 his
931 3859 1108 3912 verbis
1140 3875 1158 3912 :
1189 3857 1368 3912 Adest
1425 3855 1776 3913 venerabilis
1823 3874 1965 3929 pon-

312 3939 474 4007 tifex,
507 3947 615 3996 etc.
652 3945 798 3999 Tunc
843 3944 978 4000 dicit
1021 3947 1270 4018 pontifex
1299 3964 1318 4000 :
1351 3945 1576 4001 Venite.
1608 3948 1668 4000 Et
1707 3945 1968 4003 diacmms

309 4045 381 4086 ex
401 4037 560 4101 parte
584 4033 990 4104 paenitentiam.
1025 4033 1356 4090 Flectamus
1387 4050 1597 4106 genua.
1623 4035 1766 4090 Tunc
1785 4051 1968 4092 omnes

307 4133 490 4190 genua
543 4127 785 4178 astantes
841 4123 1064 4193 ﬂectunt
1110 4124 1454 4196 pandentes.
1491 4123 1604 4190 Quo
1643 4124 1786 4191 facto
1834 4124 1969 4180 dicit

307 4207 574 4265 diaconus
603 4227 674 4266 ex
696 4219 852 4283 parte
874 4213 1172 4286 pontiﬁcis.
1217 4212 1439 4268 Levatc.
1471 4212 1740 4268 Similiter
1767 4221 1967 4282 agatur

305 4297 538 4357 secundo
569 4309 838 4372 repetente
865 4304 1111 4376 episcopo
1139 4321 1157 4356 :
1214 4301 1422 4357 Venite
1493 4300 1702 4356 venite.
1763 4302 1964 4358 Subse-

241 4417 251 4427 ο
309 4397 500 4460 quente
527 4387 772 4448 diacono.
793 4391 1138 4448 .Flcctamus
1169 4408 1380 4464 genua.
1409 4399 1467 4447 ut
1497 4399 1677 4447 antea.
1707 4399 1758 4446 et
1785 4393 1866 4448 sic
1894 4393 1965 4448 ad

307 4566 542 4638 Quando
570 4575 755 4626 autem
797 4571 954 4626 tertio
985 4569 1214 4626 domnus
1239 4571 1516 4642 episcopus
1545 4571 1959 4626 annuntiaverit

305 4655 680 4727 autiphonam.
708 4657 914 4714 Venite
944 4659 1132 4716 venite
1162 4657 1370 4714 venite.
1393 4665 1753 4730 prosequatur
1775 4657 1958 4714 diaco-

303 4757 410 4799 nus
440 4743 742 4806 ﬂectamus
767 4763 979 4820 genua.
1013 4751 1144 4804 Mox
1185 4763 1311 4802 cum
1355 4745 1582 4802 diacono
1630 4747 1957 4817 pandentes

375 4903 548 4978 (143°)
579 4903 736 4978 Idem
752 4907 901 4978 ordo
931 4923 1105 4978 quem
1129 4906 1222 4962 hic
1244 4923 1313 4962 ex
1329 4906 1466 4978 cod.
1485 4904 1708 4978 Vindob.
1725 4902 1958 4978 edimus

304 4973 659 5049 secrsimlin
687 4977 820 5044 alio,
853 4995 918 5032 ex
952 4973 1075 5049 'quo
1125 4978 1386 5034 ordinem
1437 4975 1619 5049 divini
1639 4973 1822 5049 pllicii
1858 4992 1958 5049 per

303 5061 526 5099 annum
556 5045 618 5101 P.
651 5064 734 5115 ut,
765 5045 1030 5116 edemus,
1065 5049 1314 5104 habetur
1342 5066 1450 5104 suo
1481 5047 1606 5103 loco
1637 5047 1760 5102 Fer.
1789 5045 1952 5101 Vfin

302 5116 758 5190 Ccena_Domini,
791 5136 908 5190 qua
938 5135 1066 5175 eam
1102 5119 1224 5176 tieri
1257 5122 1518 5177 (tantamne
1550 5120 1801 5190 Ecclesiae
1829 5134 1954 5190 conf

299 5187 537 5262 suetuda
573 5187 898 5262 demonstrat
945 5195 1089 5245 teste
1135 5191 1468 5248 Innocentio
1501 5191 1543 5257 Ι,
1576 5191 1636 5246 iu
1658 5189 1846 5262 epist.
1881 5189 1954 5244 ad

304 5259 645 5334 Decentium
693 5259 1063 5334 Eugubiuum.
1107 5262 1288 5334 quue
1335 5263 1396 5317 in
1446 5259 1951 5334 Capitulfrfegum

302 5332 496 5386 Frauc.
531 5331 631 5386 lib.
664 5349 760 5402 vn,
795 5349 844 5387 c.
877 5333 966 5400 73,
1001 5331 1236 5388 notatur
1282 5333 1374 5389 his
1406 5331 1596 5389 verbis
1626 5350 1639 5388 :
1677 5355 1703 5381 ‹‹
1739 5331 1954 5387 Omnes

301 5403 536 5476 publice
563 5404 932 5476 pmnitentes
957 5403 1164 5476 quinta
1207 5406 1350 5476 feria
1383 5410 1518 5460 ante
1547 5403 1784 5476 Pascha.
1825 5420 1952 5476 quia:

301 5473 390 5530 est
405 5473 578 5532 Cinna
601 5475 941 5542 Dom-ini,ad
973 5473 1262 5531 civitatem
1288 5475 1349 5531 in
1379 5476 1573 5531 cinere
1603 5480 1660 5531 et
1689 5473 1950 5529 ciliciOin

301 5547 669 5618 praesentiam
703 5546 962 5623 episcopi
992 5549 1282 5625 prostrato
1313 5546 1473 5604 vultu
1508 5546 1872 5615 conveniant,
1897 5552 1954 5602 et

2091 1809 2290 1866 Salvos
2311 1811 2397 1866 fac
2416 1827 2612 1868 servos
2633 1814 2764 1866 tuos
2786 1809 3053 1866 Domine.
3080 1809 3237 1866 Deus
3261 1826 3445 1866 meus
3467 1815 3774 1882 Sperantes

2160 1900 2220 1954 in
2251 1906 2328 1955 te.

2087 1987 2429 2045 Convertere
2458 1989 2704 2045 Domino
2743 2004 3074 2062 usquequo.
3107 1991 3166 2044 et
3197 1987 3616 2062 deprecabilis
3654 1991 3766 2043 esto

2157 2095 2336 2151 super
2367 2095 2564 2134 servos
2597 2083 2748 2134 tuos.

2087 2167 2250 2223 Mitte
2280 2168 2384 2235 eis,
2420 2167 2686 2235 Domine,
2717 2166 2998 2223 auxilium
3032 2167 3104 2223 de
3138 2171 3352 2224 sancto
3405 2170 3464 2222 et
3516 2167 3595 2222 de
3635 2165 3760 2223 Sion

2156 2259 2317 2312 tuere
2347 2274 2466 2314 eos.

2085 2343 2320 2402 lllustra
2349 2346 2553 2402 faciem
2599 2351 2764 2402 tuam
2797 2361 2977 2418 super
3007 2362 3213 2402 servos
3243 2343 3406 2402 t'uos.
3444 2344 3648 2402 salvos
3675 2345 3756 2400 fac

2156 2451 2274 2492 eos.
2309 2436 2574 2502 Domine,
2610 2453 2715 2492 nec
2745 2435 3092 2490 confundas.

2084 2525 2328 2580 Domine
2353 2524 2482 2580 vide
2510 2523 2902 2580 humilitatem
2935 2541 3128 2580 meam
3154 2528 3214 2581 et
3235 2522 3511 2580 laborem
3533 2539 3752 2579 meum.

2153 2617 2209 2668 ct
2235 2614 2462 2670 dimitte
2495 2614 2766 2670 universa
2795 2612 3026 2669 delicta.

2081 2703 2300 2760 Exaudi
2348 2720 2440 2760 me
2491 2703 2730 2760 nomine
2777 2701 3055 2776 quoniam
3107 2701 3373 2774 benigna
3401 2707 3495 2758 est
3523 2700 3750 2758 miseri-

2152 2791 2350 2848 cordia
2378 2796 2481 2848 tua
2513 2791 2835 2848 secundum
2869 2791 3316 2847 multitudinem
3353 2790 3620 2846 miseric.

2080 2880 2161 2936 Ne
2183 2879 2520 2937 memineris
2547 2881 2927 2954 iniquitatum
2959 2883 3303 2936 nostrarum
3337 2879 3744 2952 antiquarum.

2151 2969 2274 3025 Cito
2305 2968 2649 3042 anticipient
2681 2987 2806 3026 nos.

2079 3057 2160 3113 Ad
2161 3059 2304 3129 juva
2333 3075 2439 3115 nos
2486 3059 2640 3116 Deus
2691 3058 2966 3116 salutaris
3013 3062 3233 3114 noster.
3267 3062 3331 3114 et
3358 3062 3601 3131 propter
3627 3056 3744 3130 glo-

2157 3147 2303 3203 riam
2337 3148 2595 3205 nominis
2624 3149 2707 3204 tui
2739 3149 2983 3204 Domine
3013 3147 3222 3204 libera.

2081 3237 2325 3293 Domine
2356 3237 2565 3294 exaudi
2596 3237 2916 3294 orationem
2962 3253 3176 3293 meam.
3211 3241 3271 3292 et
3300 3235 3526 3294 clamor
3555 3252 3738 3291 meus.

2137 3325 2342 3383 Oratio.
2353 3327 2564 3383 Adesto
2578 3327 2823 3383 Domine
2834 3324 3372 3399 supplicationibus
3385 3325 3738 3391 nostris,etc.

2151 3415 2292 3471 Alia.
2325 3415 2565 3484 Exaudi,
2599 3415 2862 3484 Domine,
2895 3432 3096 3487 preces
3123 3419 3383 3481 nostras,
3411 3419 3519 3472 etc.

2150 3505 2294 3561 Alia.
2329 3505 2646 3562 Pracveniat
2677 3505 2786 3562 hos
2817 3503 3088 3571 famulos,
3123 3509 3236 3560 etc.

2151 3595 2292 3650 Alia.
2343 3595 2498 3650 Deus
2555 3593 2798 3650 infinita:
2857 3591 3297 3655 misericordiae,
3359 3592 3732 3663 veritatisque

2029 3743 2038 3748 ,
2079 3681 2379 3738 immensa:
2411 3683 2726 3756 propitiare
2757 3681 3174 3754 iniquitatibus
3206 3681 3436 3736 nostris
3461 3685 3520 3736 et
3545 3680 3728 3736 omni-

2077 3773 2188 3827 bus
2218 3771 2550 3828 animarum
2584 3776 2922 3833 nostrarum
2971 3770 3203 3826 medere
3255 3769 3648 3843 languoribus
3672 3774 3732 3823 ut

2077 3855 2519 3916 mis'erationum
2571 3866 2808 3917 tuarum
2861 3859 3208 3917 remissione
3238 3863 3520 3932 percepta
3545 3857 3608 3913 in
3637 3861 3734 3913 tua

2075 3965 2307 4020 semper
2329 3949 2736 4008 benedictione
2767 3949 3052 4006 laetemur.
3089 3947 3214 4004 Per.

2143 4039 2287 4093 Alia.
2323 4038 2620 4096 Deus'sub
2652 4041 2823 4110 cujus
2853 4037 3040 4095 oculis
3087 4053 3264 4093 omne
3313 4053 3415 4093 cor
3461 4034 3726 4108 trepidat.

2073 4143 2280 4182 omnes
2310 4126 2676 4183 conscientia:
2723 4135 3062 4200 pavescant.
3098 4123 3422 4198 propitiare
3469 4124 3726 4180 omnium

2073 4215 2351 4289 gentibus
2379 4219 2436 4272 ct
2467 4220 2811 4272 cunctorum
2847 4216 3078 4273 medere
3107 4212 3480 4270 vulneribus.
3499 4218 3564 4268 ut
3579 4213 3727 4268 sicut

2074 4320 2244 4360 nemo
2265 4310 2530 4360 nostrum
2555 4309 2643 4361 est
2666 4303 2814 4362 liber
2834 4321 2869 4362 a
2888 4303 3078 4377 culpa.
3103 4303 3184 4358 ita
3209 4319 3386 4360 nemo
3412 4302 3492 4359 sit
3509 4301 3725 4358 alienus

2072 4409 2104 4448 a
2135 4393 2321 4448 venia.
2356 4393 2480 4450 Per.

198 4477 214 4484 ”
305 4477 546 4538 matiam
575 4494 744 4552 usque
784 4481 921 4536 atrii
965 4483 1345 4552 pavimentum
1400 4481 1671 4536 solotenus
1717 4482 1958 4538 veniant.
1991 4499 2038 4564 ι)
2140 4481 2281 4537 Alia.
2315 4482 2530 4538 Praesta
2559 4499 2900 4554 qumsumus
2931 4479 3175 4538 Domine
3205 4480 3303 4537 his
3335 4479 3578 4537 famulis
3611 4479 3724 4535 tuis

2069 4569 2312 4644 dignum
2345 4570 2695 4642 poenitentia:
2731 4571 3010 4638 fructum,
3043 4575 3156 4626 etc.

2139 4657 2520 4732 Omnipotens
2579 4659 2932 4732 sempiterna
2980 4660 3135 4716 Deus
3184 4657 3614 4715 conﬁtentibus
3657 4657 3721 4712 ti-

2067 4746 2148 4816 bi,
2182 4751 2293 4804 etc.

2066 4905 2146 4991 ihbi
2177 4907 2249 4963 ab
2281 4907 2554 4991 episcopo
2601 4908 2877 4991 canonice
2927 4911 3014 4991 et“
3028 4905 3463 4991 ordinabiliter,
3496 4905 3647 4991 sicut
3665 4903 3717 4959 in

2066 4977 2553 5046 Sacraméutario,
2586 4987 2643 5035 et
2677 4981 2916 5037 Ronmuo
2975 4978 3189 5036 Ordine
3245 4977 3604 5044 continetur,
3638 4993 3714 5030 re-

2064 5050 2451 5128 cpnciljentur
2479 5053 3140 5128 atque_dijudicentur.p
3164 5050 3228 5128 In
3259 5048 3514 5128 ecclesia
3533 5055 3712 5128 tamen

2063 5121 2450 5194 Mediolunensi
2479 5121 2632 5178 facta
2661 5123 2806 5179 feria
2837 5125 2909 5179 VI
2939 5139 3007 5178 ex
3037 5123 3318 5194 epist._fxs
3345 5122 3408 5176 S.
3434 5121 3712 5194 Ambrosii

2064 5193 2136 5247 ad
2171 5193 2582 5258 Mareellinam.
2611 5211 2870 5252 sororem
2921 5211 2980 5250 n.
3010 5192 3088 5248 2U
3111 5192 3432 5262 colligitur,
3469 5192 3714 5262 itemque

2063 5263 2164 5318 lib.
2197 5282 2251 5318 v.
2287 5265 2589 5322 Hexamer.
2623 5283 2798 5322 serm.
2834 5265 3064 5325 ultimo.
3100 5261 3387 5321 Eumdem
3440 5261 3710 5317 ritumin

2062 5336 2325 5406 Hispania
2365 5337 2691 5392 obtinuisse
2723 5355 2789 5392 ex
2821 5338 2992 5392 Cone.
3031 5336 3190 5392 Tolet.
3226 5351 3468 5406 iv,can.
3500 5335 3558 5406 6,
3585 5348 3708 5405 per-

2063 5405 2334 5480 spicuum
2358 5414 2456 5480 est
2489 5425 2502 5464 :
2538 5415 2713 5480 atque
2742 5409 2914 5464 etiam
2947 5407 3004 5462 in
3036 5408 3220 5480 Gallia
3251 5405 3482 5480 alicubi
3500 5405 3581 5480 ita
3609 5418 3705 5480 us_u

2061 5475 2289 5534 venisse
2320 5475 2640 5535 Martenius
2673 5479 2772 5534 lib.
2807 5497 2845 5546 1,
2877 5480 2948 5536 de
2976 5478 3238 5550 antiquis
3267 5475 3409 5532 eccl.
3448 5475 3560 5530 Rit.
3587 5491 3634 5530 c.
3653 5475 3700 5534 6.

2063 5554 2172 5604 art.
2207 5551 2260 5616 5,
2297 5568 2353 5605 n.
2391 5552 2476 5618 10,
2511 5550 2798 5622 perhibet.
