3892 6212
88 335 195 397 9-83

1308 327 1679 392 JUDICIUM
1723 329 2252 394 POENITEN'I‘IS.

3359 337 3480 398 986

159 469 526 542 Omnipotens
555 470 612 524 et
637 465 970 522 misericors
1002 465 1154 520 Deus
1203 465 1302 536 qui
1345 469 1710 537 peccatorum
1740 465 1797 531 Α
1826 463 2015 536 gratia
2033 468 2134 520 tua
2151 463 2416 533 contulit,
2443 468 2500 521 et
2521 467 2676 538 quod
2701 465 3101 524 misericordia
3122 469 3476 526 reformavit.

82 558 514 631 indulgentiam.

153 648 378 704 Domine
393 651 596 702 ‘sancte
619 646 783 700 Pater
803 643 959 700 omni
970 647 1172 716 potens
1195 645 1408 699 reterne
1426 644 1598 700 Deus.
1623 660 1712 699 re-

75 738 226 810 spice
255 737 554 809 propitius,
588 739 696 790 etc.

145 828 290 882 Deus
305 825 634 880 misericors
651 823 804 878 Deus
827 822 1086 879 clemens
1103 822 1203 894 qui
1225 823 1548 878 secundum
1569 822 1718 876 mul-

71 915 368 971 titudinem
415 912 860 969 miserationum
893 915 1125 966 tuarum
1169 916 1404 983 peccata
1437 912 1715 983 pceniten-

72 1005 216 1059 tium
247 1003 417 1067 deles,
449 1007 560 1057 etc.

141 1094 279 1148 Alia.
311 1092 673 1162 Majestatem
705 1093 867 1145 tuam
900 1105 1240 1160 quassumus
1271 1089 1412 1155 Dne,
1445 1092 1553 1145 etc.

142 1184 276 1238 Alia.
308 1180 577 1237 Famulos
636 1184 770 1234 tuos
829 1195 1166 1250 quaesumus
1225 1178 1467 1234 Domine
1515 1179 1587 1233 ab
1629 1178 1717 1234 ira

71 1276 192 1336 tua,
225 1275 324 1327 etc.

142 1361 281 1416 Alia.
313 1359 462 1414 Deus
503 1358 601 1430 qui
651 1356 1055 1412 confitentium
1087 1356 1192 1412 tibi
1226 1357 1402 1412 corda
1434 1357 1713 1429 puriﬁcas

67 1454 124 1504 et
157 1452 490 1502 accusantes
541 1463 680 1501 suas
738 1444 1127 1501 conscientias
1159 1447 1231 1501 ab
1272 1445 1430 1501 omni
1477 1446 1709 1501 vinculo

66 1537 391 1610 iniquitatis
413 1534 716 1592 absolutis.
745 1535 827 1590 Da
849 1533 1274 1606 indulgentiam
1299 1534 1432 1590 reis.
1449 1538 1506 1589 et
1528 1534 1710 1590 medi-

61 1627 257 1682 cinam
281 1626 464 1680 tribue
491 1623 831 1679 vulneratis.
857 1627 922 1678 ut
943 1627 1214 1695 percepta
1235 1623 1579 1679 remissione
1593 1641 1712 1678 om-

62 1717 230 1771 nium
262 1718 623 1787 peccatorum
648 1713 705 1767 in
731 1711 1116 1768 sacramentis
1147 1712 1266 1768 tuis
1296 1713 1526 1767 sincera
1555 1713 1711 1768 dein-

59 1822 198 1877 ceps
219 1803 514 1860 devotione
537 1805 935 1874 permaneant.
959 1806 1015 1856 et
1040 1801 1266 1856 nullum
1293 1802 1708 1874 redemptionis

61 1899 287 1951 Interim
318 1892 648 1950 sustineant
678 1892 1117 1947 detrimentum.
1154 1891 1277 1946 Per.

138 1986 290 2039 Alia.
315 1984 466 2039 Deus
486 1981 730 2037 humani
751 1979 983 2052 generis
1010 1979 1430 2052 benignissime
1452 1981 1715 2035 conditor

64 2079 120 2129 et
132 2071 575 2129 misericordissi
587 2087 678 2124 me
691 2068 1158 2140 reformator.qui
1175 2069 1230 2123 in
1248 2069 1716 2126 reconciliatione

65 2161 362 2234 lapsorum
385 2160 562 2216 etiam
577 2175 670 2214 me
690 2157 788 2230 qui
814 2157 1215 2213 misericordia
1236 2159 1463 2230 primus
1485 2158 1717 2231 indigeo

66 2250 281 2306 servire
307 2249 607 2305 effectibus
630 2247 828 2320 gratiae
851 2251 962 2311 tua:
995 2263 1098 2319 per
1127 2248 1485 2304 sacerdotale
1516 2249 1717 2304 miste-

66 2342 221 2396 rium
235 2338 488 2395 voluisti.
505 2341 848 2394 utccssante
865 2336 1069 2392 merito
1093 2337 1376 2410 supplicis
1398 2337 1720 2392 mirabilior

69 2431 238 2485 ﬁeret
282 2427 649 2499 indulgentia
705 2425 1075 2482 remittentis.
1107 2427 1261 2481 Deus
1320 2427 1418 2497 qui
1473 2426 1719 2497 justitim

67 2518 218 2590 legis
255 2515 661 2573 misericordia
712 2531 942 2587 semper
991 2514 1474 2587 multiplicatione
1521 2517 1718 2572 mode-

67 2607 386 2662 raris.dum
400 2604 878 2676 delinquentibus
893 2603 1289 2675 paenitentiam
1307 2605 1718 2661 adhibesdum

65 2696 244 2750 etiam
280 2694 450 2749 malis
484 2693 852 2766 providentiae
876 2697 986 2747 tuae
1011 2693 1163 2766 dona
1193 2711 1306 2748 non
1339 2693 1721 2750 subtrahis.et

65 2710 244 2750 etiam
280 2710 450 2749 maus
484 2710 852 2766 providentiae
876 2710 986 2747 tuae
1011 2710 1082 2748 uo
1193 2711 1306 2748 non
1339 2710 1718 2750 suotramset

61 2784 384 2840 vindictam
403 2782 758 2838 moderando
776 2710 1282 2852 suspendisrgeus
1296 2783 1396 2854 qui
1420 2783 1718 2838 hominem

64 2872 290 2928 invidia
312 2871 526 2928 diaboli
563 2872 634 2927 ab
667 2870 984 2926 alternitate
1013 2871 1301 2941 dejectum
1326 2870 1481 2926 unici
1505 2871 1606 2926 filii
1631 2871 1718 2926 tui

60 2961 354 3033 sanguine
388 2959 706 3016 redemisti.
737 2957 965 3014 vivifica
994 2958 1100 3014 hos
1130 2958 1381 3016 famulos
1410 2964 1718 3032 tuos.quos

59 3051 166 3106 tibi
201 3049 544 3106 nullatenus
579 3047 724 3104 mori
756 3047 1073 3103 desideras.
1109 3052 1166 3104 et
1197 3064 1346 3118 quos
1370 3065 1486 3103 non
1517 3047 1721 3104 dereli-

56 3140 246 3212 quisti
297 3137 516 3195 devios.
549 3153 792 3194 assume
835 3141 1142 3192 correctos.
1179 3137 1402 3192 Moveat
1445 3137 1717 3209 pietatem

2348 556 2623 612 Absolutio
2649 556 2970 630 presbyteri.

1896 643 2181 700 Dominus
2210 646 2383 701 Jesus
2413 645 2684 701 Christus
2733 644 2833 717 qui
2885 646 3162 717 dignatus
3195 651 3283 702 est
3311 647 3482 705 disci-

1824 731 1979 804 pulis
1993 733 2117 788 suis
2131 733 2350 789 dicere:
2369 734 3063 807 quecunqueligavcritis
3076 753 3252 808 super
3264 741 3479 793 terram

1825 826 1998 876 erunt
2031 822 2221 878 soluta
2253 823 2388 878 etin
2409 823 2570 878 caelo.
2593 825 2663 879 de
2681 841 2933 896 quorum
2954 841 3197 883 numero
3215 827 3483 898 quamvis

1825 910 2132 983 indignum
2157 916 2213 967 et
2230 917 2602 984 peccatorum
2636 913 2882 969 vinculis
2912 913 3217 970 astrictum
3240 931 3332 970 me
3354 932 3482 972 esse

1825 1017 1933 1055 sua
1954 999 2291 1072 dignatione
2316 1001 2520 1057 voluit.
2547 1003 2674 1074 Ipse
2697 1019 2798 1058 vos
2824 1002 3093 1074 largiﬂuo
3115 1003 3348 1074 pietatis
3365 1023 3482 1060 suae

1823 1089 1998 1155 dono,
2026 1106 2094 1144 ac
2125 1106 2265 1146 meae
2298 1090 2475 1146 simul
2509 1091 2808 1162 pravitatis
2839 1091 3163 1148 ministerio
3186 1092 3482 1150 absolvere

1823 1177 2098 1250 dignetur
2129 1180 2201 1234 ab
2233 1180 2508 1236 omnibus
2543 1179 2874 1253 fragilitatis
2912 1185 3114 1236 vestrae
3146 1182 3482 1239 excessibus

1822 1266 2071 1322 interius
2101 1267 2475 1340 exteriusque
2508 1269 2854 1325 humanitus
2907 1270 3240 1326 contractis.
3272 1273 3477 1326 Amen.

1821 1357 1890 1410 Et
1921 1355 2076 1412 sicut
2108 1362 2344 1427 peccata
2377 1357 2558 1414 totius
2593 1359 2796 1414 mundi
2831 1375 2939 1415 sua
2967 1359 3277 1415 traditione
3308 1364 3482 1432 atque

1823 1444 2185 1500 immaculati
2221 1446 2532 1519 sanguinis
2562 1447 2844 1502 effusione
2873 1447 3148 1519 dignatus
3168 1452 3257 1504 est
3275 1465 3482 1520 expur-

1820 1551 1978 1606 gare,
2016 1535 2095 1588 ita
2127 1552 2359 1606 quoque
2392 1541 2720 1592 vestrorum
2771 1537 3178 1609 peccaminum
3210 1538 3478 1595 maculas

1821 1623 2276 1680 misericorditer
2309 1642 2422 1680 non
2454 1625 2804 1698 dedignetur
2831 1627 3170 1682 emundare.
3199 1626 3477 1696 Ejusdem

1819 1712 2004 1767 sancti
2027 1712 2891 1787 sanguinisinterventione.qui
2911 1716 3078 1770 fusus
3095 1714 3258 1770 estin
3283 1731 3482 1787 pecca-

1822 1806 2016 1856 torum
2043 1802 2470 1858 remissionem.
2497 1805 2700 1859 Amen.
2725 1805 3053 1876 Adjuvante
3074 1805 3199 1860 Dno
3219 1821 3323 1860 nro
3340 1804 3482 1862 Jesu

1829 1890 1932 1946 Ch.
1962 1891 2332 1948 Devotionem
2355 1907 2588 1965 quoque
2618 1897 2869 1949 vestram
2901 1892 2980 1948 ita
3011 1894 3283 1966 deinceps
3313 1895 3480 1965 adju-

1829 1980 1977 2036 torio
2007 1981 2206 2052 gratiae
2237 1999 2355 2036 sua:
2388 1999 2503 2037 non
2537 1983 2885 2054 dedignetur
2914 1982 3305 2038 corroborare.
3341 2000 3480 2054 qua-

1828 2072 2001 2124 tenus
2033 2074 2089 2124 et
2120 2069 2177 2124 in
2211 2069 2318 2124 hoc
2351 2069 2559 2125 saeculo
2591 2070 3038 2142 subrepentium
3065 2069 3303 2142 laqueos
3335 2069 3476 2126 deli-

1827 2160 2052 2212 ctorum
2074 2158 2322 2214 valeatis
2337 2160 2596 2214 evadere.
2623 2159 2758 2215 etin
2783 2160 2979 2214 futuro
3000 2160 3179 2215 vitam
3202 2163 3477 2215 aeternam

1828 2245 2040 2300 Christi
2076 2246 2362 2320 sanguine
2409 2252 2808 2319 comparatam
2853 2247 2982 2304 sine
3013 2249 3127 2303 ﬁne
3155 2247 3474 2320 possidere.
3547 2249 3552 2254 ’

1828 2337 2031 2390 Amen.
2065 2337 2392 2407 Adjuvanto
2421 2337 2672 2394 Domino
2701 2341 2899 2392 nostro
2927 2338 3067 2393 Jesu
3092 2337 3194 2394 Ch.
3220 2336 3321 2410 qui
3346 2336 3478 2392 fecit

1829 2441 1934 2479 nos
1967 2443 2098 2480 cum
2134 2443 2246 2480 non
2280 2443 2565 2482 essemus.
2582 2430 2640 2481 et
2657 2425 2899 2482 redemit
2923 2443 3055 2481 cum
3079 2426 3289 2498 perditi
3327 2442 3481 2482 esse—

1829 2530 1984 2570 mus.
2019 2515 2091 2570 ad
2125 2513 2358 2570 laudem
2391 2519 2447 2571 et
2470 2515 2718 2588 gloriam
2751 2515 3006 2571 nominis
3028 2516 3119 2571 sui
3151 2531 3254 2587 per
3282 2514 3480 2572 omnia

1828 2602 2041 2660 saecula
2069 2604 2435 2660 saeculorum.
2469 2607 2673 2660 Amen.

2422 2695 2698 2751 Absolutio
2728 2695 2882 2766 εἰσιν.

1900 2781 2063 2837 Sicut
2092 2782 2400 2855 principali
2429 2782 2720 2840 sententia
2754 2785 2981 2839 constat
3018 2798 3156 2845 eum
3184 2799 3243 2839 IN
3275 2800 3476 2840 munno

1828 2886 2190 2927 orrnxnmus
2210 2871 3478 2946 ouansUndeingemiscimus.itaprincipali

1829 2960 2123 3015 sententia
2147 2961 2545 3019 consolamur:
2563 2979 2697 3024 eum
2720 2978 2770 3015 Si
2802 2977 3206 3017 CONFITEAMUB
3233 2978 3480 3020 PECCATA

1829 3065 2067 3102 NOSTRA.
2104 3066 2318 3104 FlDELlS
2351 3067 2416 3104 ET
2444 3067 2648 3105 IUSTUS
2682 3067 2783 3107 EST
2811 3049 2988 3104 Jesus
3014 3048 3302 3105 CHRISTUS
3333 3067 3476 3106 cou-

1831 3153 2000 3193 DITOR
2055 3155 2124 3192 ΒΓ
2175 3155 2514 3194 REDEMPTOR
2567 3155 2636 3192 AC
2691 3154 2976 3193 SALVATOI‘.
3033 3153 3265 3192 NOS'IER.
3313 3155 3473 3200 QUEM

52 3235 225 3284 tuam
245 3227 846 3284 ﬂetusistemerorum
863 3231 1094 3280 tuorum
1110 3225 1711 3284 mederevulneribus.
1743 3209 1790 3279 C
1828 3242 2098 3283 manuus
2135 3244 2475 3283 ADVOCATUM
2524 3243 2743 3283 wsrum
2792 3243 2944 3283 APUD
2993 3226 3245 3282 PATREM.
3281 3243 3347 3282 ετ
3377 3244 3475 3283 ns'r

52 3322 117 3372 tu
145 3317 466 3388 benignam
481 3315 822 3387 jacentibus
841 3332 1082 3370 manum
1106 3313 1356 3386 porrige.
1378 3315 1458 3370 Ne
1474 3315 1718 3371 ecclesia

53 3412 161 3463 tua
181 3407 390 3479 aliqua
418 3405 510 3464 sui
540 3404 799 3477 corporis
829 3403 1092 3476 portione
1125 3403 1349 3475 privata
1381 3408 1713 3461 temeretur.

48 3500 133 3554 Ne
156 3514 305 3569 grex
337 3499 475 3554 tuus
505 3494 922 3551 detrimentum
954 3492 1261 3549 sustineat.
1286 3496 1365 3548 Ne
1393 3494 1463 3549 de
1486 3495 1716 3551 familia:

47 3594 169 3643 tua:
203 3587 426 3641 damno
455 3583 732 3638 inimicus
771 3582 1005 3638 exultet.
1039 3583 1119 3637 Ne
1169 3587 1399 3638 renatas
1442 3583 1717 3656 lacrymis

45 3675 424 3734 salutaribus
470 3672 697 3728 animas
747 3672 1006 3727 secunda
1053 3689 1210 3727 mors
1239 3672 1553 3743 possideat.
1588 3673 1715 3728 Tibi

41 3783 191 3839 ergo
217 3762 610 3820 humiliamur
629 3760 986 3820 omnes.’l‘ibi
1017 3759 1261 3817 Domine
1283 3760 1578 3834 supplices
1591 3762 1716 3818 fun-

41 3856 260 3913 dimus
291 3850 626 3925 preces.tibi
648 3852 852 3906 fletum
885 3849 1068 3906 nostri
1101 3849 1292 3906 cordis
1325 3850 1716 3907 offerimustu

39 3960 228 4016 parce
257 3940 768 3998 confitentibusut
790 3938 1165 3995 imminentes
1195 3956 1396 4012 puenas
1419 3939 1719 4012 futurique

33 4032 260 4105 judicii
303 4029 662 4094 sententiam
708 4033 764 4086 te
797 4028 1112 4084 miserante
1143 4045 1258 4083 non
1291 4028 1571 4084 incidant.
1605 4031 1716 4086 Ne-

36 4123 250 4177 sciant
273 4119 434 4192 quod
458 4122 636 4174 terret
660 4117 717 4171 in
739 4116 1017 4173 tenebris.
1043 4117 1206 4182 Quod
1229 4117 1437 4173 stridet
1465 4117 1524 4173 in
1550 4119 1714 4174 ﬂam-

35 4211 184 4266 mis.
221 4213 284 4265 et
315 4208 394 4264 ab
419 4223 683 4264 errorum
713 4206 806 4263 via
835 4207 906 4261 ad
938 4205 1047 4260 iter
1067 4205 1312 4276 justitize
1342 4207 1470 4276 jam
1504 4207 1714 4264 reversi

34 4314 439 4371 nequaquam
464 4295 615 4351 ultra
638 4295 801 4352 novis
822 4294 1162 4350 vulneribus
1189 4293 1542 4350 sancientur.
1577 4296 1714 4351 Pro-

33 4389 266 4462 pitiarc
299 4403 438 4459 ergo
461 4385 703 4442 Domine
735 4382 1122 4440 trementibus
1152 4387 1327 4455 atque
1348 4383 1714 4456 supplicibus

33 4479 156 4535 sub
207 4474 517 4532 sententiae
571 4478 683 4529 tua:
741 4470 1188 4544 exspectatione.
1221 4472 1292 4529 ad
1325 4471 1716 4529 humilitatem

1827 3331 2179 3371 PROPITIATIO
2231 3334 2340 3373 PRO
2393 3333 2652 3372 PECGATIS
2699 3331 2954 3372 NOSTRIS.
2986 3331 3055 3374 ετ
3095 3331 3480 3372 INTERPELLAT

1828 3420 1937 3458 PRO
1997 3422 2162 3461 NOBIS
2219 3423 2511 3462 FIDBLITER
2580 3421 3039 3462 CONFITBNTIBUS.
3101 3423 3166 3460 ΕΤ
3222 3421 3475 3460 ΙΠΜῙἸἿἹΤ

1827 3509 1994 3548 NOBIS
2017 3511 2260 3550 PECCATA
2283 3513 2516 3551 NOS’I‘RA.
2543 3511 2854 3551 EI‘MUNDAT
2883 3511 2985 3550 N08
3014 3511 3086 3550 ΑΒ
3102 3511 3242 3550 ΟΜΝΙ
3262 3510 3471 3559 ΙΝΙΟῸῐ-

1823 3598 1978 3638 τΑτΕ.
2024 3585 2383 3657 Quapropter
2419 3586 2597 3640 frater
2625 3588 2821 3640 noster
2861 3583 3159 3639 confitenti
3203 3583 3308 3638 tibi
3340 3599 3474 3656 pec-

1826 3674 1953 3726 cata
1982 3677 2099 3728 tua.
2134 3691 2237 3746 per
2265 3673 2670 3730 ecclesiastica:
2703 3672 3069 3729 auctoritatis
3100 3675 3468 3745 potestatem.

1827 3775 2003 3829 quam
2035 3761 2319 3818 Dominus
2342 3767 2542 3819 noster
2561 3761 2732 3820 Jesus
2755 3761 3022 3817 Christus
3044 3761 3284 3817 tradidit
3303 3763 3474 3817 disci-

1827 3847 1983 3920 pulis
2029 3856 2087 3907 et
2131 3852 2408 3924 apostolis
2465 3852 2587 3908 suis
2647 3852 2869 3908 dicens.
2901 3868 3153 3908 ACCIPITE
3203 3868 3471 3908 SPIRITUM

1825 3953 2109 3998 SANCTUM.
2135 3959 2378 4006 QUORUM
2409 3957 2771 3999 BBMISERITIS
2800 3957 3042 3998 PECCATA
3063 3957 3474 3998 REMITTUNTUR

1823 4050 1928 4090 nis.
1961 4037 2018 4089 et
2043 4048 2145 4104 per
2191 4031 2428 4087 eosdem
2476 4029 2775 4103 apostolos
2818 4047 2962 4087 suos
3007 4031 3468 4088 successoribus.

1825 4139 2074 4195 quorum
2105 4119 2402 4176 viceslicet
2419 4119 2644 4192 indigni
2666 4123 2954 4176 tenemus.
2980 4120 3098 4176 Etsi
3121 4137 3240 4176 non
3267 4119 3476 4177 merito

1825 4215 2020 4266 tamen
2053 4210 2308 4265 nomine.
2344 4213 2518 4280 atque
2567 4209 2746 4264 ofﬁcii
2791 4208 3160 4280 susceptione
3204 4209 3474 4264 eamdem

1825 4303 2169 4372 potestatem
2201 4299 2454 4354 donavit.
2479 4302 2537 4354 et
2557 4297 2616 4352 in
2639 4314 2700 4353 se
2719 4297 2980 4352 credenti
3006 4296 3253 4352 fideliter
3283 4295 3427 4352 dixit
3454 4313 3467 4351 :

1825 4390 1960 4445 FIAT
1987 4405 2099 4442 TIBI
2131 4403 2435 4442 sacuxnum
2466 4403 2638 4442 FIDEM
2667 4402 2846 4442 TUAM.
2879 4386 3070 4458 gratia
3116 4389 3173 4440 et
3215 4384 3476 4457 potentia

1825 4495 1950 4534 sua.
1976 4476 2190 4531 virtute
2217 4475 2468 4547 Spiritus
2500 4474 2687 4530 sancti
2717 4473 2817 4546 qui
2849 4478 2939 4530 est
2970 4472 3237 4530 remissio
3270 4490 3469 4545 pecca-

33 4562 382 4638 iacentium
416 4561 838 4618 sublevandam
871 4561 1164 4616 dexteram
1211 4560 1420 4617 salutis
1448 4563 1709 4617 extende.
1741 4583 1792 4648 Β
1825 4570 2016 4622 torum
2047 4565 2310 4622 omnium
2342 4563 2602 4618 dimittat
2632 4561 2738 4618 tibi
2771 4561 2970 4617 omnia
3000 4565 3235 4634 peccata
3264 4564 3382 4616 tua.
3415 4565 3475 4616 et

33 4655 232 4711 Nobis
258 4669 496 4726 quoque
517 4649 698 4707 servis
721 4649 857 4706 tuis.
883 4666 1032 4721 quos
1053 4649 1382 4720 apostolicae
1417 4649 1595 4707 clavis
1622 4668 1711 4706 sa-

33 4741 491 4813 cerdotalisque
517 4739 692 4798 oflicii
716 4738 1040 4794 ministros.
1067 4755 1188 4795 non,
1208 4737 1484 4795 electione
1498 4739 1709 4796 meriti.

33 4833 138 4891 sed
175 4832 346 4887 dono
369 4830 569 4903 gratize
599 4833 711 4884 tua:
742 4825 1119 4888 constituisti.
1151 4828 1233 4886 de.
1257 4828 1533 4886 fiduciam
1564 4829 1712 4885 tanti

33 4921 324 4978 muneris
375 4917 718 4990 exequendi.
753 4918 823 4973 Et
859 4916 984 4989 ipse
1029 4915 1089 4972 in
1136 4921 1336 4973 nostro
1387 4917 1714 4975 ministerio

33 5011 200 5084 μιοά
241 5015 359 5065 tua:
395 5007 700 5081 potestatis
743 5011 834 5063 est
862 5023 1121 5079 operare.
1155 5008 1419 5078 Agnosce
1449 5007 1713 5079 piissime

33 5105 253 5172 )astor
284 5115 422 5154 oves
454 5101 564 5152 tuae
596 5095 974 5152 redemtionis
1004 5099 1066 5156 et.
1087 5096 1434 5153 constrictas
1465 5097 1712 5153 vinculis

33 5185 716 5245 necatorumecclesiaa
736 5189 847 5240 tum
865 5185 1134 5257 precibus
1157 5189 1427 5241 exoratus
1457 5187 1710 5244 absolve.

34 5279 316 5334 {adeant
347 5276 419 5332 ad
442 5275 726 5332 unitatem
757 5274 1020 5335 ecclesiae.
1044 5277 1175 5329 tuae.
1200 5278 1257 5330 et
1283 5279 1413 5346 post
1444 5275 1605 5332 illam
1633 5275 1715 5331 di-

33 5385 159 5423 -am
196 5366 407 5436 inopis
440 5363 595 5418 exilii
633 5365 846 5421 famem
880 5364 1188 5419 redeuntes
1219 5367 1377 5419 veste
1407 5365 1716 5436 splendida

33 5461 290 5511 irnatae.
315 5453 618 5526 gaudeant
638 5469 699 5510 se
733 5456 971 5523 paterno
999 5457 1256 5523 receptas
1279 5468 1407 5507 esse
1428 5454 1707 5511 convivio.

33 5544 188 5599 iihil
217 5543 298 5599 de
322 5541 546 5597 honore
565 5539 1068 5613 adeptionis,nihil
1091 5540 1163 5596 de
1183 5540 1541 5598 haereditatis
1554 5548 1710 5599 sorte

33 5634 320 5690 tardant.
349 5630 452 5687 sed
474 5629 764 5701 integrum
787 5630 865 5688 sit
883 5629 966 5689 eis
988 5633 1158 5701 atque
1180 5632 1530 5702 perpetuum
1552 5633 1706 5702 quod

1820 4653 2029 4710 liberet
2056 4658 2111 4709 te
2143 4654 2214 4710 ab
2247 4652 2407 4708 omni
2440 4650 2613 4707 malo.
2644 4654 2947 4706 conservet
2994 4649 3052 4705 in
3100 4648 3261 4705 omni
3300 4665 3470 4721 opere

1823 4744 1994 4800 bono.
2018 4747 2075 4800 et
2095 4744 2272 4798 ducat
2291 4740 2421 4797 tein
2441 4741 2618 4797 vitam
2642 4744 2937 4796 aeternam.
2953 4743 3012 4795 et
3041 4739 3112 4795 ad
3135 4742 3468 4794 sanctorum

1823 4833 2181 4896 consortium
2213 4847 2602 4904 supernorum
2637 4828 2847 4883 civium
2871 4844 3062 4885 amen.

1894 4924 2096 4979 Oratio.
2121 4922 2333 4976 Praesta
2353 4935 2695 4992 quasumus
2717 4915 2960 4972 Domine
2981 4916 3074 4972 his
3097 4913 3336 4971 famulis
3351 4914 3472 4971 tuis

1821 5011 2148 5070 secundum
2205 5008 2532 5082 piissimam
2592 5005 3053 5062 misericordiam
3093 5008 3276 5060 tuam.
3311 5004 3471 5060 iuxta

1818 5099 2056 5157 libitum
2085 5115 2288 5154 eorum
2337 5094 2728 5152 absolutionis
2774 5093 3181 5167 peccaminum
3226 5110 3470 5150 suorum

1825 5190 2098 5244 fructum.
2133 5191 2199 5242 ut
2225 5185 2342 5242 sint
2372 5185 2476 5242 tibi
2502 5185 2744 5257 dignum
2780 5181 3159 5241 habitationis
3187 5186 3299 5238 tua:
3330 5186 3474 5238 tem-

1821 5277 2006 5349 plum.
2051 5279 2108 5332 et
2149 5280 2485 5330 mereantur
2542 5274 2817 5344 deinceps
2871 5288 3006 5328 cum
3063 5271 3238 5327 iustis
3295 5275 3472 5342 atque

1822 5365 2055 5422 Sanctis
2078 5363 2135 5419 in
2161 5367 2474 5434 conspectu
2499 5367 2598 5419 tuo
2622 5361 2952 5418 astantibus
2968 5360 3222 5418 absoluti
3236 5375 3471 5415 manere

1821 5455 1892 5512 ab
1925 5453 2188 5509 omnium
2229 5452 2545 5508 criminum
2599 5452 2746 5507 labe.
2783 5452 2888 5506 Per
2915 5451 3119 5506 Jesum
3149 5447 3466 5502 Christum.

1890 5543 2036 5598 Alia.
2062 5541 2178 5596 Nos
2199 5540 2378 5596 etiam
2402 5539 2726 5596 secundum
2749 5536 3154 5594 auctoritatem
3178 5531 3346 5588 nobis
3381 5531 3467 5586 in-

1819 5631 2012 5704 dignis
2043 5648 2078 5687 a
2107 5631 2221 5694 Deo
2268 5629 2645 5686 commissam
2697 5626 3057 5698 absolvimus
3107 5639 3207 5692 vos
3235 5619 3468 5686 vinculo
