3892 6212
403 325 520 388 987

1202 325 1538 390 APPEND.
1587 328 1690 391 AD
1737 326 1926 392 SIEC.
1974 328 2656 397 X.—-MONUMENTA
2703 334 3017 400 urnae.
3720 333 3795 399 ω

401 460 748 517 delictorum
779 463 1127 519 vestrorum.
1163 467 1228 519 ut
1258 461 1600 518 mereamini
1632 461 1844 518 habere
1875 463 2053 519 vitam
2086 464 2138 530 Α
2172 462 2498 535 mitatibus,
2522 471 2581 523 et
2602 467 2830 525 iuribus
2859 469 3107 543 receptis
3125 486 3342 527 nomen
3370 473 3657 527 sanctum
3679 472 3795 525 tura
3858 436 3868 567 ξ

401 554 698 608 (sternam.
732 551 838 608 Per
868 568 1002 608 eum
1031 552 1133 625 qui
1158 552 1316 608 vivit.

980 643 1102 698 Alia
1130 643 1301 699 absol.
1335 645 1477 715 sign.

474 732 676 788 Frater
702 732 771 788 N.
787 731 1069 789 Dominus
1088 732 1140 788 J.
1156 732 1259 788 Ch.
1283 732 1383 805 qui
1406 731 1712 805 discipulis
1734 732 1859 788 suis
1882 732 2044 788 dixit.

400 821 768 886 Quacumque
799 839 1141 879 LIGAVERITIS
1173 839 1354 878 suasa
1381 839 1607 878 manu
1641 838 1832 879 anum
1854 840 2047 879 LIGATA

399 926 472 970 ET
492 930 548 968 IN
571 930 757 970 COELO.
784 930 851 968 ET
879 929 1229 977 θυαε]Νοοε
1259 928 1582 968 εοινεῐιιτιε
1612 928 1804 968 ειιυΝτ
1834 929 2047 970 SOLU'I'A

397 1023 463 1062 ετ
482 1022 541 1061 IN
562 1019 750 1061 COELO.
774 1002 844 1057 de
866 1017 1112 1073 quorum
1139 1014 1382 1055 numero
1405 998 1674 1071 quamvis
1706 1016 1812 1055 nos
1856 998 2045 1072 indig-

397 1110 506 1149 nos
537 1108 666 1149 esse
695 1090 897 1146 voluit.
933 1090 1061 1160 Ipse
1090 1093 1146 1143 te
1194 1087 1457 1144 absolvat
1504 1105 1607 1161 per
1649 1088 2045 1144 ministerium

395 1186 659 1238 nostrum
683 1181 756 1236 ab
777 1178 1053 1236 omnibus
1074 1178 1327 1250 peccatis
1359 1176 1495 1232 tuis.
1517 1192 1879 1249 quaecunque
1896 1176 2049 1248 cogi-

392 1271 614 1327 tatione
644 1270 871 1325 lusione
900 1273 1076 1341 atque
1105 1267 1439 1337 operatione
1469 1265 1831 1339 negligenter
1850 1265 2042 1337 egisti.

392 1365 450 1417 et
506 1377 541 1415 a
600 1359 849 1415 nexibus
900 1362 1271 1429 peccatorum
1330 1354 1668 1411 absolutum
1729 1355 2045 1427 perducere

391 1449 665 1524 dignetur
688 1449 767 1503 ‘ad
799 1463 1044 1519 regnum
1075 1444 1353 1502 caelorum
1386 1461 1578 1500 amen.

1068 1537 1193 1591 Atia
1220 1538 1363 1604 sing.

463 1628 660 1684 Frater
689 1627 755 1682 N.
791 1625 1219 1681 absolutionem
1251 1630 1309 1680 et
1339 1623 1744 1680 remissionem
1772 1627 2041 1696 peccato-

392 1734 523 1773 rum
554 1720 789 1771 tuorum
819 1731 922 1787 per
949 1714 1369 1770 invocationem
1401 1712 1655 1769 nominis
1697 1713 1816 1768 Dei.
1854 1719 1911 1768 et
1942 1729 2045 1784 per

2162 551 2489 611 instaurata
2519 557 2790 629 protinus
2823 560 3080 615 sanitate
3109 558 3456 617 benedicat.
3496 558 3631 615 Per.

2227 645 2373 700 Alia.
2409 645 2564 702 Deus
2594 646 2694 719 qui
2726 648 2967 704 beatum
2999 650 3241 705 Petrum
3295 648 3653 721 apostolum
3682 652 3798 703 tum

2158 732 2371 789 misisti
2386 735 2454 790 ad
2482 734 2794 792 Thabitam
2819 737 3103 793 famulam
3128 739 3561 804 tuam,uteius
3579 737 3800 810 praeibat

2157 823 2610 880 resuscitaretur
2634 826 2707 880 ad
2739 826 2936 893 vitam,
2968 827 3179 883 exaudi
3208 844 3320 883 nos
3348 840 3468 901 pro
3500 826 3800 885 famulatus

2156 910 2224 964 N.
2255 927 2431 982 quem
2464 913 2522 967 in
2556 917 2657 969 tuo
2688 915 2926 971 nomine
2954 915 3155 972 visitet
3197 921 3411 973 nostra
3446 916 3735 989 fragilitas
3755 926 3798 974 at

2156 1006 2395 1056 exorata
2426 1001 2716 1058 medicina
2744 1008 2859 1059 tua:
2905 1005 3210 1061 medicina:
3243 1006 3294 1061 ei
3326 1006 3682 1062 subveniat.
3708 1008 3801 1062 Per.

2226 1090 2373 1144 Alia.
2408 1090 2530 1147 Dne
2561 1097 2760 1148 sancte
2790 1094 2960 1149 Pater
2988 1111 3159 1168 omps
3189 1099 3419 1150 aeterne
3453 1095 3641 1163 Deus,
3663 1097 3803 1168 quies

2153 1177 2247 1233 via
2292 1180 2508 1235 veritas
2553 1185 2612 1237 et
2655 1181 2793 1247 vita,
2826 1184 3036 1239 exaudi
3084 1187 3144 1239 et
3190 1200 3494 1240 conserva
3553 1184 3800 1240 famulum

2154 1270 2345 1336 tuum,
2380 1286 2554 1341 quem
2604 1271 2797 1342 precio
2851 1288 3065 1343 magno
3114 1273 3479 1328 redimendo
3530 1273 3801 1329 \‘iv'ificasti

2154 1372 2320 1412 sacro
2350 1359 2638 1431 sanguine
2671 1358 2797 1415 Filii
2828 1360 2914 1415 tui
2948 1361 3050 1415 dni
3084 1361 3173 1416 nri
3206 1361 3316 1417 Ihu
3347 1362 3495 1434 Xpi.
3526 1363 3660 1427 Qui.

2560 1449 2871 1505 Benedictio
2900 1466 3066 1522 super
3092 1451 3415 1522 inﬁrmum.

2225 1535 2401 1592 Sanet
2430 1540 2487 1592 te
2516 1536 2670 1593 Deus
2703 1538 2871 1594 Pater
2898 1554 3068 1611 omps
3099 1539 3201 1611 qui
3227 1543 3286 1595 te
3312 1541 3574 1607 creavit,
3595 1558 3699 1597 nec
3724 1543 3805 1597 erit

2152 1623 2257 1679 tibi
2280 1624 2444 1681 dolor
2461 1624 2520 1680 in
2544 1626 2734 1699 capite
2754 1631 2854 1683 tuo
2875 1644 2981 1683 nec
3003 1629 3061 1683 in
3084 1628 3317 1701 capillis
3341 1629 3504 1698 tuis,
3528 1631 3803 1687 neeocal'n

2150 1711 2290 1779 tuis,
2322 1730 2513 1787 neque
2542 1713 2601 1769 in
2632 1715 2973 1787 pectoribus
3002 1717 3142 1783 tuis,
3175 1733 3283 1773 nec
3335 1717 3401 1773 in
3462 1724 3667 1775 mente
3709 1724 3801 1783 tm,

390 1803 787 1862 ministerium
818 1807 1087 1859 nostrum
1134 1802 1427 1875 percipere
1458 1802 1737 1858 merearis
1768 1802 1863 1858 hic
1894 1805 1951 1857 et
1982 1801 2040 1856 in
2073 1837 2123 1903 B
2153 1820 2259 1857 nec
2281 1801 2337 1857 in
2360 1803 2605 1860 auribus
2627 1804 2765 1871 tuis,
2790 1821 2897 1859 nec
2918 1803 2975 1860 in
3000 1805 3160 1860 omni
3187 1821 3445 1878 corpore
3465 1811 3598 1863 tuo.
3630 1808 3800 1878 Surge.

391 1899 672 1951 aeternum
705 1910 896 1949 amen.
932 1894 1037 1948 Hic
1074 1900 1328 1964 aspergat
1366 1909 1454 1949 eos
1496 1909 1642 1965 aqua
1692 1893 1967 1947 benedicta
1993 1898 2045 1946 et
2073 1891 2121 1903 ”
2157 1908 2332 1963 surge
2362 1891 2627 1959 Domine,
2660 1892 2959 1948 diabolum
3009 1894 3209 1965 fugere
3259 1894 3479 1961 facias,
3513 1900 3578 1953 et
3624 1899 3801 1969 proiice

387 1993 567 2057 postea
587 1984 764 2040 dicat:
777 1983 1013 2039 Exuaon
1032 1999 1121 2045 om
1137 1998 1373 2038 DORMIS.
1391 1999 1616 2038 exosae
1639 2000 1673 2036 Α
1694 1997 1966 2037 Μοητυιε.
1980 1997 2048 2035 s'r

388 2090 763 2129 ILLUMINABIT
778 2089 848 2127 τε
867 2071 1305 2127 Camsrus.Post
1321 2071 1441 2129 haec
1453 2080 1682 2143 surgant
1696 2073 2040 2144 paenitentes.

384 2171 437 2220 et
458 2169 785 2219 moneantur
802 2163 871 2218 ab
893 2163 1135 2234 episcopo
1155 2168 1217 2216 ut
1235 2161 1376 2233 quod
1404 2160 1719 2233 paenitendo
1738 2162 2040 2218 diluerunt.

388 2251 635 2308 iterando
664 2268 776 2307 non
804 2259 1069 2307 revocent.
1105 2252 1235 2307 Item
1265 2250 1396 2307 ordo
1423 2251 1569 2306 unde
1596 2267 1789 2323 supra.

493 2348 897 2405 ORATIONES
926 2348 1019 2403 AD
1050 2347 1498 2403 VISITANDUM
1541 2348 1930 2405 INFIRMUM.

494 2458 501 2463 -
819 2428 968 2500 (Cod.
1007 2427 1099 2483 Th.
1139 2428 1193 2495 ν,
1225 2429 1351 2493 683,
1376 2443 1505 2484 δέρε.
1534 2432 1617 2496 x.)

458 2519 613 2574 Deus
628 2516 727 2588 qui
752 2516 972 2571 famulo
996 2521 1097 2571 tuo
1118 2514 1369 2571 Ezechiae
1399 2522 1489 2571 ter
1517 2518 1728 2589 quinos
1758 2536 1944 2575 annos
1964 2520 2036 2575 ad

384 2607 565 2662 vitam
599 2603 849 2671 donasti,
884 2605 964 2659 ita
994 2608 1052 2660 et
1082 2604 1368 2661 famulum
1397 2610 1567 2660 tuum
1592 2606 1790 2662 alecto
1810 2607 2040 2680 aegritu-

386 2693 543 2750 dinis
574 2698 676 2749 tua
704 2692 963 2765 potentia
991 2692 1181 2766 erigas
1210 2694 1283 2748 ad
1318 2692 1588 2749 salutem.
1625 2695 1748 2750 Per.

458 2784 602 2839 Alia.
632 2781 875 2853 Respice
904 2782 1025 2838 Dne
1056 2782 1341 2838 famulum
1374 2786 1545 2839 tuum
1575 2782 1917 2840 inﬁrmitate
1942 2786 2033 2839 sui

385 2871 645 2945 corporis
668 2870 1028 2927 laborantem
1039 2875 1117 2939 ,et
1126 2871 1385 2927 animam
1410 2871 1598 2928 refove
1611 2889 1787 2944 quam
1801 2874 2031 2940 creasti,

384 2967 452 3019 ut
471 2959 957 3036 castigationibus
985 2960 1295 3017 emendata
1324 2961 1601 3017 continuo
1620 2978 1681 3018 se
1698 2961 1913 3018 sentiat
1933 2968 2033 3019 tua

385 3049 675 3107 medicina
703 3065 830 3105 esse
861 3048 1164 3106 salvatam.
1200 3049 1325 3106 Per.

450 3141 595 3198 Alia.
626 3138 1012 3211 Omnipotens
1031 3143 1089 3195 et
1110 3138 1441 3195 misericors
1462 3138 1636 3208 Deus,
1657 3140 1755 3212 qui
1781 3139 2029 3197 immen-

2154 1979 2322 2035 illum
2354 1981 2427 2036 de
2458 1982 2665 2053 capite,
2694 1982 2767 2037 de
2796 1981 3044 2054 eapillis,
3079 1982 3151 2037 de
3181 1982 3399 2051 fronte,
3425 1985 3505 2041 de
3531 1986 3731 2052 oculis,
3748 1988 3802 2040 de

2153 2067 2374 2142 lingua,
2410 2070 2482 2125 de
2512 2071 2622 2127 sub
2655 2070 2962 2143 lingua,de
2991 2072 3198 2136 ore,de
3226 2077 3509 2145 gutture,
3532 2075 3611 2131 de
3636 2077 3798 2139 corde,

2152 2157 2224 2213 de
2254 2158 2538 2227 humeris,
2571 2160 2644 2214 de
2671 2164 2890 2228 ventre,
2912 2160 2981 2215 de
3003 2160 3280 2218 omnibus
3311 2163 3617 2219 membris
3641 2166 3797 2220 istius.

2153 2246 2277 2303 Per.
2313 2247 2645 2305 Benedictio
2673 2247 2774 2304 Dei
2806 2248 3012 2304 Patris.

2222 2336 2607 2410 Omnipotens
2657 2342 2871 2394 aeterne
2917 2338 3092 2404 Deus,
3125 2338 3227 2411 qui
3274 2340 3801 2413 regritudinesanio

2150 2442 2383 2487 marum
2410 2426 2653 2499 depellis
2673 2431 2730 2482 et
2759 2443 3069 2499 corporum
3099 2426 3309 2483 auxilii
3338 2429 3432 2484 tui
3466 2448 3653 2503 super
3670 2430 3798 2487 iuﬁr

2149 2531 2311 2571 mum
2343 2515 2499 2572 hunc
2531 2517 2775 2573 ostende
2825 2515 3120 2581 virtutem,
3149 2520 3218 2572 ut
3246 2519 3416 2574 omni
3448 2521 3704 2577 sanitate
3728 2538 3796 2577 re-

2146 2608 2315 2678 cepta
2342 2603 2666 2679 gratiarum
2717 2604 2821 2660 tibi
2870 2604 2931 2661 in
2975 2604 3224 2662 ecclesia
3250 2610 3358 2663 tua
3390 2608 3614 2666 referat
3642 2611 3794 2665 actio-

2147 2710 2301 2749 nem.
2336 2694 2461 2750 Per.
2723 2735 2777 2777 ο

2214 2784 2360 2839 Alia.
2394 2783 2574 2855 Omps
2605 2788 2664 2839 et
2712 2782 3044 2840 misericors
3087 2788 3263 2851 Deus,
3297 2783 3404 2857 qui
3440 2788 3720 2844 subvenis
3745 2788 3790 2843 in

2143 2871 2417 2944 periculis
2447 2871 2872 2941 laborantibus,
2907 2877 2964 2929 et
2991 2873 3092 2945 qui
3122 2879 3426 2946 temperas
3470 2875 3720 2950 ﬂagella,
3747 2882 3792 2932 te

2142 2960 2435 3033 supplices
2458 2978 2788 3028 exoramus,
2812 2967 2877 3018 ut
2895 2962 3001 3019 visi
3010 2963 3232 3018 tatione
3253 2968 3359 3018 tua
3378 2969 3595 3021 sancta
3624 2965 3788 3038 erigas

2142 3048 2431 3106 famulum
2462 3055 2631 3106 tuum
2652 3050 2720 3106 N.
2743 3051 2815 3107 de
2836 3050 2947 3107 hac
2979 3052 3381 3125 aegrotatione,
3399 3070 3523 3125 qua
3556 3058 3785 3117 tenetur,

2140 3142 2198 3195 et
2234 3145 2549 3212 przesentes
2591 3155 2727 3196 eum
2766 3139 3024 3196 ecclesiae
3053 3146 3168 3196 tua:
3200 3147 3421 3198 sancta:
3452 3143 3785 3200 incolumem

382 3246 509 3286 sam
540 3201 825 3301 pietatem
848 3232 1035 3299 tuam,
1060 3231 1127 3283 ut
1156 3228 1229 3283 ad
1259 3226 1562 3284 introitum
1591 3201 1649 3283 in
1672 3201 1774 3284 tuo
1795 3230 2032 3286 nomine
2060 3201 2105 3270 (ἶ
2142 3229 2215 3285 ad
2234 3201 2481 3285 laudem
2511 3234 2568 3285 et
2598 3227 2845 3302 gloriam
2877 3230 3133 3286 nominis
3162 3229 3271 3284 tui.
3300 3230 3431 3286 Per.

379 3316 731 3374 humilitatis
762 3320 973 3373 nostrai
1005 3316 1162 3372 hunc
1192 3316 1481 3373 famulum
1511 3321 1681 3373 tuum
1712 3318 1771 3373 in
1802 3317 2032 3375 habita-

380 3406 510 3463 culo
556 3406 841 3463 iacentem
889 3406 1112 3463 fessum
1161 3405 1458 3463 salutifere
1486 3406 1721 3463 visitare
1749 3407 2029 3481 digneris,

379 3495 532 3553 sicut
551 3494 800 3552 visitasti
831 3495 953 3551 Dne
980 3495 1222 3552 Tobiam
1254 3497 1312 3551 et
1330 3495 1557 3565 Saram,
1591 3512 1824 3552 socrum
1856 3498 2028 3565 Petri,

380 3582 746 3658 puerumque
822 3582 1200 3651 centurionis,
1256 3584 1338 3640 ita
1396 3589 1455 3642 et
1526 3584 1706 3641 istum
1783 3586 2033 3658 pristina

382 3674 631 3729 sanitate
659 3673 899 3729 visitare
925 3672 1204 3746 digneris.
1234 3674 1361 3729 Per.

788 3790 793 3796 ·
865 3779 994 3816 ITEM
1032 3779 1177 3817 ΑΜΕ
1215 3779 1549 3819 ORATIONES.

453 3847 698 3905 Domine
718 3853 916 3906 sancte
930 3850 1098 3906 Pater
1115 3850 1488 3923 omnipotens
1510 3856 1720 3909 sterne
1740 3854 1913 3922 Deus,
1929 3854 2033 3927 qui

381 3937 759 4011 fragilitatem
789 3936 1143 3995 conditionis
1187 3943 1399 3995 nostra:
1431 3940 1630 3997 infusa
1656 3941 1891 4000 virtutis
1918 3947 2031 4000 tua;

381 4024 719 4103 dignatione
728 4025 964 4082 conﬁrm
977 4029 1135 4093 as,ut
1147 4026 1504 4085 salutaribus
1517 4030 1790 4087 remediis
1802 4032 2033 4104 pietatis

381 4121 496 4172 tua:
541 4130 786 4188 corpora
835 4118 1036 4171 nostra
1065 4120 1123 4172 et
1154 4115 1419 4172 membra
1464 4122 1823 4190 vegetentur,
1858 4138 2034 4193 super

380 4205 538 4262 hunc
571 4203 860 4259 famulum
889 4208 1059 4261 tuum
1091 4203 1443 4277 propitiatus
1473 4205 1730 4273 intende,
1762 4212 1828 4263 ut
1871 4210 2032 4265 omni

380 4293 727 4351 necessitate
756 4310 1044 4367 corporeae
1076 4292 1437 4351 inﬁrmitatis
1466 4294 1721 4362 exclusa,
1754 4297 1943 4372 gratia
1972 4299 2033 4354 in

380 4400 449 4442 eo
481 4382 743 4458 pristina:
776 4382 1049 4440 sanitatis
1078 4383 1332 4457 perfecta
1361 4386 1814 4457 reparetur.Per.

452 4474 597 4530 Alia.
631 4472 786 4529 Deus
808 4472 907 4545 qui
928 4472 1164 4528 facturae
1186 4476 1298 4527 tuae
1324 4472 1416 4545 pio
1448 4490 1681 4546 semper
1709 4475 2032 4533 dominaris

2449 3318 2761 3375 Benedictio
2786 3334 2953 3389 super
2978 3334 3155 3374 unum
3181 3319 3485 3376 hominem.

2161 3438 2167 3443 -
2210 3407 2524 3464 Benedicat
2547 3411 2602 3464 te
2625 3411 2774 3464 Deus
2794 3406 2945 3475 caeli,
2969 3407 3204 3464 adiuvet
3224 3412 3281 3464 te
3312 3408 3589 3466 Christus
3621 3410 3781 3467 Filius

2138 3495 2240 3550 Dei
2287 3511 2500 3568 corpus
2546 3499 2715 3550 tuum
2749 3496 2808 3550 in
2840 3494 3074 3551 servitio
3105 3499 3208 3552 tuo
3247 3496 3549 3553 custodire
3579 3504 3641 3555 at
3662 3514 3783 3553 con-

2140 3600 2369 3640 servare
2399 3583 2689 3657 dignetur.
2727 3585 2847 3640 Per.
3496 3610 3501 3615 ·

2212 3673 2358 3729 Alia.
2394 3672 2647 3729 Mentem
2692 3677 2855 3729 tuam
2906 3671 3200 3729 illuminet
3226 3679 3287 3729 et
3334 3691 3581 3731 sensum
3636 3681 3780 3731 tuum

2140 3762 2451 3832 custodiat,
2483 3762 2733 3835 gratiam
2777 3778 2947 3818 suam
2978 3762 3051 3817 ad
3082 3763 3412 3835 profectum
3443 3764 3664 3821 animae
3688 3770 3781 3818 tne

2139 3851 2246 3906 tibi
2273 3851 2550 3924 porrigat,
2583 3851 2656 3907 ab
2687 3849 2849 3908 omni
2888 3850 3045 3906 malo
3076 3856 3132 3907 te
3162 3850 3392 3921 liberet,
3428 3853 3671 3911 dextera
3695 3869 3784 3909 sua

2141 3944 2198 3997 te
2226 3941 2524 4008 defendat,
2552 3944 2610 3996 et
2635 3940 2736 4013 qni
2768 3943 3004 3995 sanctos
3053 3956 3193 3996 suos
3241 3956 3484 4014 semper
3537 3943 3787 4003 adiuvat.

2139 4028 2266 4102 ipse
2292 4032 2347 4085 te
2378 4030 2612 4085 adiuvet
2639 4033 2697 4085 et
2726 4029 2799 4084 ad
2831 4028 3090 4086 caelestia
3133 4045 3314 4101 regna
3358 4031 3663 4102 perducat.
3693 4030 3785 4095 Qui

2140 4118 2279 4173 vivit
2307 4122 2365 4174 et
2394 4121 2599 4191 regnat
2629 4121 2800 4174 Deus.

2210 4206 2356 4263 Alia.
2386 4206 2508 4263 Dne
2534 4207 2613 4263 Ds
2642 4210 2855 4263 aeterne
2882 4206 2985 4279 qui
3016 4211 3337 4279 utrumque
3366 4224 3573 4265 sexum
3606 4210 3679 4265 de
3708 4208 3781 4264 in-

2141 4296 2320 4352 teritu
2351 4299 2641 4369 perpetua:
2673 4295 2880 4352 mortis
2914 4312 3017 4367 per
3037 4294 3241 4351 Jesum
3274 4296 3573 4353 Christum
3608 4298 3783 4352 filium

2140 4390 2312 4441 tuum
2371 4384 2442 4440 de
2500 4384 2685 4440 Maria
2756 4383 2983 4456 virgine
3060 4388 3267 4440 natum
3341 4384 3785 4441 misericorditer

2142 4472 2462 4542 redemisti,
2496 4472 2653 4529 hunc
2687 4472 2972 4528 famulum
3020 4475 3188 4528 tuum
3222 4474 3434 4530 devota
3464 4479 3661 4530 mente
3689 4470 3783 4528 tibi

381 4564 614 4634 affectu,
689 4561 908 4618 inclina
983 4578 1183 4618 aurem
1258 4564 1424 4618 tuam
1501 4563 2029 4636 supplicationibus
2060 4570 2108 4635 D
2139 4562 2485 4620 servientem
2516 4562 2676 4618 omni
2708 4561 3111 4618 benedictione
3164 4561 3422 4635 spiritali
3452 4562 3782 4619 benedicere

380 4652 621 4719 nostris,
646 4655 702 4707 et
731 4648 1021 4706 famulum
1050 4654 1221 4706 tuum
1250 4649 1403 4707 N.ex
1432 4652 1673 4709 adversa
1700 4652 2030 4712 valetudine

378 4740 638 4813 corporis
693 4739 1053 4796 laborantem
1100 4738 1366 4811 placatus
1411 4740 1653 4813 respice,
1686 4744 1744 4798 et
1764 4741 1940 4799 visita
1968 4743 2029 4799 in

379 4829 624 4886 salutari
650 4831 752 4883 tuo
781 4845 849 4884 ac
879 4827 1129 4885 caelestis
1176 4828 1378 4901 gratia
1408 4832 1619 4901 praasta
1656 4830 2028 4888 medicinam.

380 4916 506 4973 Per.

451 5005 597 5059 Alia.
621 5004 776 5060 Deus
791 5006 891 5077 qui
909 5005 1169 5062 humano
1190 5006 1389 5079 generi
1403 5011 1458 5063 et
1476 5006 1685 5064 salutis
1707 5009 2030 5067 remedium

379 5097 439 5148 et
458 5091 585 5147 vitae
609 5096 832 5148 aeterna
857 5109 1101 5151 munera
1121 5093 1727 5165 contulisti,conserva
1743 5097 2030 5154 famulum

379 5186 550 5238 tuum
596 5182 833 5237 tuarum
880 5182 1036 5238 doma
1078 5183 1384 5251 virtutum,
1418 5188 1476 5241 et
1507 5186 1777 5256 concede,
1814 5191 1880 5241 ut
1909 5203 2031 5244 me-

378 5270 571 5328 delam
620 5273 783 5324 tuam
833 5286 948 5324 non
998 5270 1188 5325 solum
1238 5271 1297 5326 in
1327 5289 1586 5346 corpore,
1621 5276 1722 5331 sed
1754 5276 1931 5333 etiam
1962 5276 2022 5332 in

377 5360 578 5419 anima
607 5358 840 5435 sentiat.
866 5357 992 5413 Item
1018 5359 1153 5414 alia.
1170 5358 1467 5417 Virtutum
1499 5363 1822 5420 caelestium
1845 5364 2021 5432 Deus,

377 5450 479 5524 qui
507 5450 579 5506 ab
611 5447 887 5504 humanis
918 5447 1260 5519 corporibus
1306 5466 1541 5507 omnem
1571 5450 1935 5526 languorem,
1968 5458 2025 5510 et

377 5555 614 5596 omnem
636 5535 1043 5593 inﬁrmitatem
1060 5536 1332 5607 praecepti
1352 5537 1749 5610 tuipotestate
1760 5540 2026 5615 depellis,

378 5629 579 5686 adesto
608 5625 896 5700 propitius
927 5623 1065 5683 huic
1094 5624 1316 5682 famulo
1347 5630 1447 5683 tuo
1468 5628 1618 5685 N.ut
1634 5629 1851 5703 fugatis
1873 5630 2030 5687 infir-

2139 4650 2420 4725 digneris,
2468 4650 2742 4706 ut-inter
2799 4649 3052 4723 gratiam
3109 4649 3289 4707 ﬁdem
3347 4650 3581 4719 habeat,
3631 4656 3689 4707 et
3732 4649 3785 4703 in

2140 4740 2445 4813 praeceptis
2472 4738 2619 4813 legis
2668 4743 2781 4795 tuae
2830 4754 3063 4811 semper
3098 4744 3449 4812 perseveret,
3482 4745 3717 4795 terrena
3740 4740 3788 4793 et

2139 4829 2478 4886 transitoria
2517 4827 2823 4902 despiciat,
2856 4831 3073 4885 eterna
3100 4834 3158 4885 et
3201 4828 3527 4885 invisibilia
3573 4828 3788 4884 intenta

2142 4918 2521 4975 meditatione
2539 4916 2907 4991 diligat,utin
2929 4933 3174 4974 numero
3192 4918 3784 4975 Sanctorumtuorum

2139 5023 2304 5080 perm
2311 5023 2493 5063 anens
2505 5006 2723 5063 caelesti
2736 5022 2953 5079 sponso
2969 5022 3103 5061 cum
3116 5006 3495 5078 lampadibus
3507 5007 3782 5062 bonorum

2140 5094 2492 5152 ﬁducialiter
2519 5099 2806 5152 occurrat.
2840 5096 3041 5151 Amen.

2211 5186 2357 5242 Atia.
2391 5185 2704 5241 Benedicat
2732 5189 2789 5240 te
2818 5183 2994 5251 Deus,
3027 5183 3126 5257 qui
3160 5185 3220 5240 in
3249 5183 3540 5258 principio
3588 5186 3783 5240 cuncta

2140 5275 2377 5332 creavit.
2411 5275 2715 5331 benedicat
2744 5278 2801 5329 te
2831 5274 2986 5330 Deus
3017 5273 3223 5343 Filius,
3256 5273 3359 5346 qui
3406 5273 3480 5329 de
3522 5272 3780 5346 superuis

2140 5362 2381 5439 sedibus
2432 5380 2536 5436 pro
2594 5361 2763 5418 nobis
2819 5361 3073 5418 salvator
3125 5361 3451 5418 descendit.
3491 5359 3778 5416 benedicat

2139 5458 2195 5510 te
2216 5452 2469 5525 Spiritus
2500 5456 2761 5522 sanctus,
2785 5451 2885 5523 qui
2913 5450 2974 5505 in
3004 5450 3397 5507 similitudine
3426 5448 3712 5506 columba
3730 5446 3775 5500 in

2140 5542 2384 5599 Iordane
2414 5540 2657 5597 ﬂumine
2686 5540 2973 5613 requievit
3002 5540 3061 5596 in
3090 5540 3345 5610 Christo,
3377 5538 3622 5612 ipseque
3650 5542 3704 5591 te
3727 5535 3777 5589 in

2135 5630 2418 5689 Trinitate
2449 5629 2796 5701 sanctiﬁcat,
2828 5624 3005 5700 quem
3046 5644 3254 5686 omnes
3294 5630 3498 5700 gentes
3527 5626 3775 5682 futurum
