3892 6212
51 343 146 408 389
1252 335 1623 400 JUDICIUM
1663 334 2196 399 POENI'I‘ENTIS.

3306 337 3427 401 990

51 477 358 549 axspectant
413 471 483 529 ad
533 468 845 543 judicium,
883 468 978 542 qui
1032 485 1163 524 cum
1221 468 1385 522 Patre
1435 468 1572 522 vivit
1610 471 1666 523 et
1696 472 1746 536 Α
1777 467 2122 523 seminando
2153 465 2530 534 discordiam,
2568 466 2622 520 in
2659 465 2995 538 pace-falsa,
3031 468 3085 523 in
3121 470 3254 526 ficta
3275 473 3423 527 ami-

51 569 230 638 regnat
259 564 410 619 Deus
439 576 540 633 per
568 558 768 615 omnia
797 557 1010 613 sazcula
1055 555 1424 613 szeculorum.
1458 558 1662 612 Amen.

105 673 146 710 Α
159 655 251 709 lia.
284 649 591 707 Benedicat
619 653 675 704 te
708 649 859 704 Deus
892 646 1390 715 Pater,custodiat
1419 650 1474 700 te
1494 645 1668 700 Jesus

51 745 306 808 3hristus,
341 737 630 795 illuminet
686 743 741 792 te
795 735 1047 808 Spiritus
1096 740 1334 790 sanctus
1391 734 1668 790 omnibus

52 834 232 888 diebus
262 829 384 885 vita":
408 832 539 883 tute.
565 827 881 882 Confirmet
912 829 966 880 te
990 825 1176 880 virtus
1206 823 1440 880 Christi.
1468 822 1668 877 Indul-

51 927 159 995 geat
185 918 285 975 tibi
313 919 431 974 Dns
463 917 737 971 universa
758 914 971 970 delicta
1002 919 1120 978 tua,
1156 914 1255 986 qui
1293 913 1349 967 in
1384 913 1670 967 Trinitate

51 1010 274 1082 perfecta
328 1006 466 1062 vivit
522 1010 577 1060 et
626 1008 830 1076 regnat
879 1005 1030 1060 Deus
1080 1019 1181 1076 per
1229 1003 1427 1058 omnia
1459 1000 1671 1057 szecula

51 1097 392 1154 saeculorum.
425 1099 628 1152 Amen.

106 1189 239 1242 Alia.
273 1185 370 1241 Ille
401 1185 556 1240 Deus
614 1183 984 1256 omnipotens
1043 1183 1346 1238 benedicat
1393 1185 1450 1236 te
1503 1181 1673 1235 Pater

51 1279 104 1332 de
130 1275 303 1339 caelis,
332 1273 432 1346 qui
476 1291 577 1345 per
623 1271 937 1345 gloriosam
985 1269 1347 1326 nativitatem
1399 1286 1568 1324 suam
1618 1273 1674 1323 et

51 1362 430 1420 admirabilem
464 1360 973 1426 resurrectionem,
1005 1360 1514 1430 venerandamque
1547 1375 1672 1412 cru-

51 1471 155 1511 cem
205 1457 282 1507 .et
358 1449 820 1506 sacratissimam
897 1448 1239 1522 genitricem
1307 1452 1362 1502 et
1426 1445 1673 1519 preciosi

51 1542 267 1614 sanguis
325 1540 608 1596 effusione
669 1556 774 1594 nos
825 1538 980 1594 venit
1026 1537 1307 1593 redimere
1356 1538 1427 1592 de
1477 1535 1669 1592 terris.

51 1633 226 1686 Amen.

106 1719 410 1774 Benedicat
453 1722 508 1772 te
559 1719 714 1773 Deus
761 1719 953 1783 Pater,
987 1720 1155 1771 sanet
1197 1719 1252 1770 te
1284 1715 1438 1770 Deus
1471 1713 1672 1782 Filius,

51 1809 315 1865 illuminet
359 1813 417 1862 te
466 1807 618 1862 Deus
663 1806 919 1878 Spiritus
970 1810 1230 1870 sanctus,
1264 1821 1476 1876 corpus
1506 1809 1673 1859 tuum

51 1894 499 1963 salvet,animam
532 1899 694 1949 tuam
727 1893 1037 1961 custodiat,
1073 1911 1172 1948 cor
1211 1897 1379 1948 tuum
1413 1892 1671 1955 irradiet.

51 2003 266 2043 sensum
297 1990 467 2040 tuum
501 1983 797 2056 dirigat,et
826 1985 896 2038 ad
933 1998 1248 2055 supernam
1268 1982 1448 2038 vitam
1466 1987 1521 2037 te
1547 1999 1673 2053 per-

51 2076 221 2130 ducat.
253 2078 458 2130 Amen.

106 2165 243 2220 Atia.
276 2164 403 2219 Dns
433 2162 530 2219 Ihs
559 2161 672 2235 Xps
702 2163 855 2234 apud
883 2166 938 2216 te
969 2161 1064 2232 sit,
1088 2165 1152 2217 ut
1190 2166 1245 2217 te
1289 2161 1527 2222 reﬁciat,
1563 2161 1678 2215 cir-

51 2271 166 2308 cum
202 2259 251 2308 te
283 2251 381 2318 sit,
421 2256 483 2307 ut
511 2256 568 2307 te
597 2252 975 2322 ducat,super
1005 2251 1200 2306 omnia
1232 2250 1399 2315 sit,ut
1427 2254 1481 2304 te
1509 2251 1678 2304 bene-

51 2342 205 2407 dicat,
239 2358 338 2413 pro
392 2346 446 2396 te
493 2341 587 2406 sit,
625 2346 690 2395 ut
735 2357 840 2412 pro
891 2345 943 2394 te
987 2341 1326 2395 intercedat.
1363 2339 1678 2394 Prazstante

52 2431 276 2486 Domino
308 2434 510 2485 nostro
542 2429 680 2484 Jesu
713 2428 1061 2495 Cbristo,cui
1093 2433 1181 2484 est
1203 2428 1388 2483 honor
1408 2433 1464 2483 et
1493 2427 1680 2499 gloria

52 2538 140 2591 per
167 2520 364 2574 omnia
393 2517 604 2574 szecula
635 2517 1003 2573 saeculorum.
1038 2520 1241 2573 Amen.

109 2611 242 2664 Alia.
278 2609 381 2664 llle
414 2613 470 2664 te
522 2608 845 2677 benedicat,
870 2611 1151 2680 protegat,
1183 2612 1359 2679 atque
1409 2609 1681 2663 defendat

51 2698 256 2754 cunctis
287 2697 500 2753 diebus
530 2697 655 2751 vitaz
686 2700 818 2763 tua),
850 2701 906 2752 et
935 2698 1214 2768 perducat
1245 2701 1306 2751 te.
1328 2698 1398 2752 ad
1433 2714 1677 2769 regnum

51 2787 224 2860 gloriae
256 2804 404 2851 suae,
435 2803 609 2858 quem
642 2803 846 2841 omnes
877 2791 1082 2859 gentes
1111 2791 1447 2857 exspectant
1475 2790 1679 2841 ventu-

51 2893 164 2930 rum
192 2875 469 2931 iudicem.
497 2877 702 2930 Amen.

115 2966 252 3020 Alia.
287 2965 446 3020 Deus
477 2963 574 3035 qui
608 2981 724 3018 non
745 2963 831 3018 vis
853 2967 1100 3018 mortem
1134 2963 1472 3035 peccatoris,
1496 2964 1596 3019 sed
1621 2969 1682 3019 ut

51 3056 407 3108 convertatur
435 3056 492 3108 ct
521 3052 701 3118 vivat;
737 3051 872 3107 huic
916 3052 1136 3108 famulo
1179 3056 1298 3119 tuo,
1333 3053 1404 3107 ad
1456 3056 1510 3107 te
1563 3057 1681 3108 toto

51 3142 205 3198 corde
235 3158 516 3197 converso
565 3145 800 3212 peccata
845 3141 1092 3209 dimitte,
1127 3145 1182 3195 et
1232 3141 1504 3212 perennis
1551 3159 1682 3213 gra-

52 3229 177 3285 tiam
207 3229 335 3285 vitae
370 3229 640 3286 concede.
677 3229 801 3286 Per.

165 3321 259 3375 Hic
287 3320 459 3376 detur
484 3321 740 3374 secretior
769 3320 914 3374 locus
946 3319 1226 3387 languidis
1254 3321 1564 3390 conﬁtendi.

118 3407 404 3462 Conﬁteor
430 3406 676 3463 Domino
698 3411 754 3462 et
773 3406 1048 3462 omnibus
1090 3407 1310 3463 sanctis
1348 3407 1473 3464 eius
1502 3413 1560 3464 et
1585 3408 1690 3464 tibi

52 3495 311 3551 sacerdos
342 3495 736 3567 Christi,quia
766 3495 994 3568 peccavi
1029 3495 1206 3552 nimis
1237 3497 1294 3551 in
1325 3497 1444 3553 vita
1467 3514 1596 3553 mea
1629 3498 1687 3552 in

52 3583 409 3655 cogitatione,
427 3583 485 3638 in
508 3584 814 3650 locutione,
830 3584 888 3639 in
922 3590 1075 3651 actu,
1091 3584 1149 3666 in
1181 3586 1684 3654 commessatione,

52 3670 100 3724 in
131 3671 392 3743 crapula,
425 3671 482 3725 in
515 3671 814 3738 ebrietate,
846 3671 903 3725 in
956 3671 1112 3727 curis
1158 3672 1336 3728 huius
1366 3673 1594 3736 mundi,
1628 3672 1685 3728 in

51 3760 511 3833 concupiscentia
560 3759 771 3828 carnis,
809 3760 866 3815 in
921 3759 1181 3829 avaritia,
1213 3761 1272 3816 in
1329 3760 1581 3826 luxuria,
1628 3761 1686 3816 in

51 3847 434 3914 immunditia,
468 3847 525 3902 in
583 3847 934 3920 pollucione,
987 3849 1044 3903 in
1105 3849 1400 3921 superbia,
1433 3850 1492 3904 in
1540 3867 1689 3906 vana

51 3935 234 4008 gloria,
269 3937 330 3992 in
365 3937 718 4009 arrogantia,
751 3937 810 3992 in
842 3937 1136 4006 iactantia,
1183 3937 1241 3993 in
1291 3938 1594 4007 velatione,
1629 3939 1687 3994 in

51 4025 452 4091 inobedientia,
487 4026 544 4081 in
577 4027 970 4093 contumacia,
1006 4028 1065 4081 in
1095 4026 1314 4082 duritia
1363 4028 1598 4094 mentis,
1627 4029 1686 4083 in

51 4115 513 4181 contradictione,
548 4115 606 4170 in
641 4115 1124 4182 murmuratione,
1156 4114 1214 4170 in
1261 4116 1683 4189 indignatione,

51 4202 96 4256 in
152 4203 547 4275 despectione,
583 4203 641 4258 in
702 4203 1083 4273 detractione,
1139 4205 1198 4260 in
1252 4205 1362 4270 via,
1412 4204 1471 4259 in
1532 4204 1683 4273 odio,

51 4293 268 4360 invidia,
300 4292 362 4347 in
399 4291 823 4360 maledictione,
858 4293 917 4347 in
965 4293 1307 4365 pertinacia,
1336 4293 1395 4348 in
1432 4293 1687 4349 fornica‘

51 4379 206 4447 tione,
242 4381 303 4436 in
335 4382 757 4448 susurratione,
793 4381 852 4436 in
885 4381 1286 4448 musitatione,
1312 4382 1373 4437 in
1405 4382 1684 4455 perlurio,

51 4468 96 4523 in
145 4469 473 4540 mendacio,
509 4470 568 4524 in
612 4471 791 4540 furtu,
823 4469 883 4524 in
926 4469 1309 4543 neglegentia,
1345 4471 1404 4525 in
1450 4471 1689 4528 tristitia

51 4557 212 4613 huius
243 4557 465 4624 saeculi,
498 4557 557 4613 in
590 4557 791 4613 laetitia
826 4576 992 4625 vana,
1027 4558 1085 4613 in
1117 4557 1432 4630 loquendo,
1463 4559 1522 4614 in
1554 4559 1687 4615 reti-
1719 4584 1763 4647 Ι)

51 4644 236 4713 :endo,
256 4645 319 4700 in
351 4645 705 4718 increpando
727 4646 1129 4713 immoderate,
1153 4646 1213 4701 in
1235 4647 1582 4702 remittendo
1606 4648 1687 4702 in-

51 4739 220 4801 caute,
259 4735 320 4789 in
352 4733 660 4790 dilectione
692 4753 858 4803 vana,
891 4735 950 4791 in
981 4734 1373 4804 inclementia,
1406 4735 1465 4791 in
1497 4737 1679 4792 simu-

51 4822 266 4890 .ationc,
298 4821 358 4876 in
391 4824 533 4887 risu,
558 4825 616 4878 in
645 4823 791 4892 ioco,
816 4824 874 4879 in
909 4823 1356 4889 scurrilitate,in
1389 4825 1683 4882 discordia

77 4929 248 5006 ,(144)
280 4928 458 5006 Manu
493 4929 875 5006 Lambecii_in
910 4930 1050 4986 bibl.
1070 4932 1330 5006 Caesarea
1360 4931 1469 4986 hoc
1503 4932 1561 4986 in
1593 4949 1683 4987 co-

52 4996 155 5075 lice
179 4998 465 5075 scripturn
499 5006 588 5075 est
611 5018 622 5055 :
646 5005 746 5075 sub
777 5001 964 5058 Ottone
993 5004 1172 5075 primo
1203 5002 1677 5075 videturrscriptus.

51 5068 536 5145 idem‘exeelebri
559 5073 692 5145 cod.
707 5076 975 5145 Jugiensi
993 5068 1265 5145 ejusdem
1290 5068 1556 5129 biblioth'.
1572 5075 1684 5131 Cae-

51 5157 148 5193 sar.
183 5141 388 5197 Theo].
415 5143 515 5196 149
545 5144 726 5198 edidit
744 5141 1134 5201 antiquiorem
1159 5144 1349 5200 adhuc
1372 5146 1683 5201 confessio-

51 5163 148 5193 ξων.
198 5163 217 5194 ι
237 5163 388 5197 nem.
415 5163 515 5196 11w
545 5163 726 5198 coluit
744 5163 892 5199 anur
913 5163 1134 5199 uiorem
1159 5163 1349 5200 aonuc
1372 5163 1682 5201 conrcssm-

51 5211 547 5294 nem‘the-‘ontiscam
580 5214 678 5270 lib.
717 5163 922 5294 "bibi.
957 5215 1097 5294 Cass.
1133 5218 1362 5294 o._5,_p.
1387 5219 1510 5294 318.
1542 5219 1682 5272 Eam

51 5283 250 5360 é_epeti_t
281 5283 592 5360 Diedericus
623 5303 729 5341 von
759 5287 929 5342 Stade
963 5286 1031 5360 in
1053 5283 1551 5360 specimineﬂlect.
1578 5306 1682 5360 an.

51 5354 137 5428 .i_q.
201 5354 592 5428 Francicarum
649 5375 702 5428 p.
749 5361 837 5412 20.
868 5375 950 5413 se.
1007 5354 1271 5412 Similem
1325 5359 1507 5413 edidit
1560 5359 1682 5415 Seb.

51 5422 379 5501 Munsterus
415 5425 474 5501 in,
502 5422 797 5501 Cosrriogr.
819 5445 1086 5501 sermone
1107 5428 1333 5501 vulgari
1359 5429 1683 5484 etiamnum

51 5494 190 5574 ipud
225 5511 337 5574 nos
366 5497 580 5574 usitato
605 5494 972 5574 uttfran/risrh
1003 5500 1154 5554 dicto
1179 5494 1686 5574 :inultaqueinea

52 5569 199 5618 motat
220 5565 453 5620 dialecti
478 5565 959 5638 Anyto-Saxonica:
985 5571 1314 5638 Grupenius
1335 5571 1392 5626 in
1418 5565 1683 5626 formulis

51 5642 298 5691 ceterum
330 5638 758 5696 confessionum
784 5659 796 5695 :
823 5641 1090 5712 sequitur
1110 5638 1344 5698 brevior
1376 5641 1477 5699 illa
1506 5660 1682 5714 quam

1775 556 1931 623 citia,
1967 555 2021 610 in
2055 556 2305 628 ignavia,
2341 556 2399 611 in
2429 554 2697 630 segnitia,
2732 555 2791 610 in
2822 557 3048 628 auditu,
3072 559 3134 614 in
3165 562 3421 633 gestu,in

1776 648 1955 709 tactu,
1987 644 2046 700 in
2079 645 2226 710 visu,
2261 644 2320 699 in
2354 645 2621 712 odoratu,
2648 645 2706 700 in
2733 646 2946 714 dando,
2974 647 3031 702 in
3064 648 3422 721 accipiendo,

1777 734 1834 789 in
1869 734 2259 800 contentione,
2293 734 2630 805 accipiendo
2663 751 2927 790 usuram.

2098 823 2228 879 Item
2262 823 2534 895 Confessio
2560 833 2924 895 peccatorum.
2959 825 3004 895 (l
3055 827 3106 897 4)

1852 911 1934 967 1h.
1966 911 2170 984 gihun.
2203 913 2367 984 gode.
2402 911 2796 985 almahdigen.
2821 915 2995 970 unde.
3028 915 3200 972 allen.
3227 919 3427 990 godes.

1778 999 2031 1073 engilon.
2087 1001 2260 1056 unde.
2309 999 2482 1055 allen.
2533 1001 2730 1072 godes.
2775 1000 3062 1074 heilegon.
3106 1005 3280 1061 unde.
3317 1007 3427 1062 dir.

1779 1089 1978 1161 godes.
2012 1089 2221 1145 boden.
2256 1088 2453 1144 allero.
2481 1089 2724 1145 minero.
2759 1090 3032 1147 sundino.
3065 1094 3238 1149 unde.
3264 1095 3428 1152 unili.

1781 1180 1939 1232 dero.
1961 1178 2243 1249 bigihdig.
2266 1179 2548 1234 uuerdan.
2570 1196 2695 1234 suo.
2731 1179 3018 1253 sochsegi.
3044 1183 3315 1238 uremidi.
3342 1202 3426 1240 so.

1784 1284 1949 1322 uuaz.
1985 1267 2132 1322 soih.
2169 1266 2481 1322 unrehdcs.
2535 1267 2864 1340 gisahrode.
2919 1270 3230 1327 unrehdcs.
3264 1273 3429 1346 giha-

1785 1357 1936 1412 nedi.
1972 1354 2302 1411 unrehtero.
2355 1356 2598 1411 uuordo.
2651 1356 2983 1412 unrehtero.
3039 1376 3272 1417 uuerco.
3318 1380 3430 1418 un-

1782 1444 2031 1501 rehtero.
2083 1444 2351 1517 gidanco.
2403 1443 2650 1500 ubilero.
2698 1445 2872 1501 Iusto.
2925 1447 3132 1504 ubiles.
3185 1451 3428 1511 uuillen.

1785 1534 2186 1589 ﬂuochonnes.
2220 1532 2543 1606 liogannes.
2569 1533 2970 1606 bisprachidu.
2991 1539 3288 1596 unrehtes.
3321 1547 3435 1598 sta-

1785 1623 1964 1678 dales.
2019 1622 2331 1678 unrehdcs.
2382 1621 2629 1678 sedales.
2683 1624 2766 1678 In.
2820 1624 3078 1680 uncidin.
3124 1627 3429 1700 sclaphun.

1785 1711 2047 1768 uncidin.
2103 1711 2401 1767 uuachun.
2452 1713 2539 1766 In.
2584 1711 2963 1786 uncidigimo.
3016 1733 3229 1773 mazze.
3267 1720 3433 1774 unci--

1787 1802 2026 1874 digimo.
2081 1801 2358 1856 dranche.
2415 1801 2590 1856 Thaz.
2642 1819 2982 1861 unmezzon.
3033 1805 3291 1862 uehonti.
3327 1809 3435 1864 Mi-

1786 1908 1944 1946 nero.
1973 1891 2250 1963 spiungu.
2286 1889 2518 1945 huores.
2553 1890 2809 1946 Thiubu.
2865 1894 3240 1950 manslahdu.
3288 1897 3435 1953 mei-

1722 1984 1740 1992 ’
1786 1997 1944 2035 nero.
1980 1979 2130 2035 eido.
2165 1979 2408 2034 minero.
2436 1979 2614 2034 fastu.
2640 1980 3109 2037 ferbrocheneru.
3138 1984 3297 2041 mina
3319 1986 3437 2042 chi-

1786 2068 2012 2123 richun.
2043 2085 2128 2133 so,
2165 2067 2473 2123 nisuohda.
2516 2085 2602 2123 so.
2637 2067 2715 2123 hi.
2751 2068 2934 2124 solda.
2971 2087 3225 2128 sun-non.
3258 2075 3430 2147 daga.

1787 2158 1960 2213 unde.
1993 2158 2226 2212 audere.
2279 2156 2522 2228 beilega.
2571 2157 2738 2228 daga.
2792 2175 2876 2213 so.
2934 2175 3004 2215 ne
3049 2162 3240 2216 creda.
3294 2164 3431 2220 noh.

1788 2265 1876 2303 ne.
1912 2248 2170 2319 begienc.
2205 2264 2289 2303 so.
2323 2245 2403 2302 ih.
2437 2244 2605 2301 solta.
2655 2246 2944 2320 heilegan.
2994 2249 3292 2307 uuizzuht.
3347 2271 3430 2309 so.

1788 2355 1878 2392 ne.
1913 2335 2135 2408 gihielt.
2162 2353 2246 2391 so.
2269 2335 2348 2390 ih.
2379 2335 2545 2391 solta.
2575 2336 2968 2392 minan.curs.
2996 2355 3085 2394 ne.
3119 2339 3435 2398 iruulta.so

1786 2426 1867 2480 ih.
1903 2425 2081 2480 solda.
2119 2424 2415 2496 ghorsam.
2451 2424 2529 2480 ni.
2565 2442 2733 2480 uuas.
2767 2442 2832 2480 so
2863 2424 2921 2480 ἰΙι
2955 2426 3122 2482 solta.
3167 2429 3430 2503 Thurph.

1787 2514 1974 2588 tigun.
2010 2515 2157 2569 nint.
2191 2513 2379 2584 phiec.
2413 2531 2498 2568 so.
2534 2513 2614 2568 ib.
2649 2512 2817 2568 solta.
2863 2514 3184 2572 alamuosa.
3239 2517 3434 2591 nigab.

1789 2621 1853 2660 so
1887 2605 1966 2658 ih.
2001 2603 2169 2659 solta.
2203 2605 2345 2658 Ana.
2398 2601 2627 2657 urlaub.
2681 2603 2814 2675 gab.
2867 2605 3040 2660 unde.
3095 2623 3188 2661 na.
3241 2608 3435 2664 dazih.

1790 2691 2022 2748 nisolta.
2058 2693 2266 2747 Zuene.
2303 2691 2685 2747 nibesuonda.
2720 2707 2784 2747 so
2813 2691 2872 2746 ih
2918 2691 3088 2748 solta.
3133 2697 3341 2751 sunda.
3377 2697 3436 2751 ni

1789 2779 2220 2837 uerliez.thien.
2254 2779 2337 2836 ih.
2371 2780 2539 2836 solta.
2574 2779 2750 2836 mine.
2777 2779 3074 2838 nahiston.
3099 2799 3164 2840 so
3195 2784 3274 2841 ni.
3294 2785 3442 2840 min-

1789 2877 1943 2926 nota.
1983 2887 2046 2925 so
2077 2868 2156 2924 ib.
2191 2869 2361 2926 solta.
2392 2869 2540 2925 thes.
2572 2868 2734 2925 alles.
2770 2871 2944 2926 unde.
2998 2871 3262 2928 auderes.
3313 2890 3438 2931 ma-

1793 2977 1990 3032 nages.
2024 2964 2174 3014 thes.
2209 2958 2288 3013 ih.
2326 2957 2555 3014 uuidar.
2589 2963 2706 3031 got.
2759 2958 3001 3014 sculdic.
3049 2961 3118 3017 si.
3170 2961 3319 3017 thes.
3356 2964 3436 3018 ih.

1791 3049 1852 3104 in
1878 3049 2121 3104 minero.
2153 3045 2526 3102 cristanheidi
2560 3046 2800 3117 gc‘niezi.
2838 3047 3012 3103 unde.
3055 3048 3137 3103 ih.
3188 3049 3314 3105 daz.
3347 3050 3442 3106 be-

1794 3139 2014 3193 minen.
2048 3134 2354 3208 menisgin.
2393 3134 2659 3190 ferliezzi.
2693 3135 2864 3191 unde.
2901 3136 3223 3192 bemineru.
3279 3139 3441 3194 chin-

1683 3215 1756 3280 .C
1795 3227 1978 3299 desgi.
2013 3225 2300 3298 geburidi.
2335 3241 2418 3280 so.
2455 3223 2584 3278 mir.
2621 3224 2691 3277 iz.
2745 3223 2998 3280 slal'auti.
3051 3226 3323 3297 geburiti.
3376 3245 3440 3285 so

1800 3314 2152 3371 uuacbandi.
2179 3331 2261 3369 so.
2297 3313 2377 3368 ib.
2412 3313 2482 3367 iz.
2516 3311 2695 3368 selbo.
2729 3312 3055 3386 gefrcmidi.
3089 3315 3246 3370 oder.
3271 3317 3444 3372 ande-

1799 3422 1977 3461 remo.
2011 3403 2300 3476 gehancti.
2334 3402 2492 3457 oder.
2543 3401 2818 3456 anderen.
2869 3403 3173 3474 gespuoni.
3225 3421 3310 3460 so.
3359 3405 3439 3460 ih.

1798 3510 1881 3549 es.
1914 3492 2159 3564 gehuge.
2195 3508 2279 3546 so.
2319 3489 2398 3545 ni.
2450 3489 2695 3562 gehuge.
2749 3507 2812 3546 so
2858 3489 2941 3548 ib.
2989 3507 3071 3547 es.
3122 3508 3212 3564 ge.
3257 3491 3440 3548 dabti.

1798 3583 1956 3638 oder.
1989 3599 2077 3653 ge.
2113 3579 2260 3635 sahi.
2286 3580 2442 3634 oder.
2480 3579 2557 3633 ih.
2594 3579 2664 3634 iz.
2698 3596 2786 3651 ge.
2813 3579 2968 3634 dadi.
2994 3580 3182 3636 order.
3204 3599 3440 3656 Vgespra.

1798 3671 1912 3726 chi.
1941 3688 2004 3726 so
2038 3669 2308 3724 uuirdon.
2339 3667 2398 3723 hi
2431 3685 2511 3724 es.
2542 3667 2706 3724 altes.
2727 3667 3012 3740 bigihdig.
3037 3669 3442 3741 gode.almah-

1799 3759 1989 3832 digen.
2027 3758 2198 3813 unde.
2234 3755 2406 3812 allen.
2431 3756 2628 3828 godes.
2664 3755 2918 3828 heligon.
2953 3758 3127 3813 unde.
3173 3757 3309 3813 thir.
3343 3777 3444 3831 go-

1797 3849 2138 3905 desmanne.

1870 3941 2012 3994 Cum
2041 3938 2246 3992 venerit
2275 3935 2480 4007 aliquis
2511 3933 2580 3988 ad
2609 3935 2936 3990 sacerdotem
2965 3936 3211 4006 conﬁteri
3225 3947 3445 4009 peccata

1795 4044 1919 4096 sua,
1953 4028 2032 4082 ita
2063 4027 2338 4098 imprimis
2370 4026 2754 4093 interrogetur.
2787 4024 2890 4080 Int.
2924 4025 3121 4080 Credis
3153 4025 3211 4080 in
3259 4027 3444 4083 Deum

1797 4115 2119 4186 Patrem,ct
2149 4114 2381 4180 Filium,
2410 4119 2468 4169 et
2514 4112 2793 4184 Spiritum
2837 4117 3129 4168 sanctum.
3160 4120 3211 4178 id.
3239 4115 3444 4171 Credo.

1795 4208 1898 4261 Int.
1933 4204 2132 4260 Credis
2164 4204 2315 4274 quod
2351 4202 2473 4258 ista:
2507 4205 2624 4257 tres
2678 4217 2939 4273 personze
2988 4202 3142 4257 sicut
3187 4202 3443 4258 diximus

1796 4296 1966 4349 Pater
1993 4299 2049 4348 et
2079 4291 2261 4348 Filius
2309 4297 2367 4347 et
2413 4290 2667 4362 Spiritus
2713 4295 2953 4345 sanctus
2999 4294 3117 4345 tres
3143 4294 3282 4345 sunt
3313 4308 3441 4362 per-

1797 4401 1970 4449 sonae,
2004 4385 2062 4437 et
2093 4398 2245 4436 unus
2277 4380 2451 4434 Deus.
2474 4383 2526 4442 ii}.
2559 4379 2756 4434 Credo.
2785 4381 2891 4433 lnt.
2926 4377 3125 4433 Credis
3177 4379 3333 4450 quod
3383 4379 3441 4434 in

1796 4472 1926 4544 ipsa
1973 4487 2146 4526 carne
2190 4469 2248 4523 in
2297 4483 2414 4538 qua
2459 4482 2612 4520 nunc
2660 4470 2748 4522 est
2796 4464 3049 4537 recipere
3097 4465 3274 4521 debes
3324 4466 3442 4522 sive

1798 4561 2038 4629 bonum,
2072 4558 2191 4614 sive
2238 4555 2482 4621 malum,
2516 4554 2671 4626 quod
2717 4554 2972 4627 gessisti.
3004 4560 3056 4617 ii.
3085 4554 3286 4610 Credo.
3333 4557 3438 4610 Int.

1793 4649 1896 4706 Vis
1925 4649 2219 4704 dimittere
2248 4644 2341 4701 his
2372 4644 2471 4716 qui
2526 4644 2583 4698 in
2633 4647 2686 4698 te
2735 4647 3136 4715 peccaverunt,
3172 4647 3238 4698 ut
3285 4643 3442 4699 Deus

1793 4738 2049 4794 dimittat
2078 4734 2183 4790 tibi
2219 4739 2450 4807 peccata
2481 4736 2602 4798 tua,
2631 4730 2860 4787 dicente
2890 4731 3137 4787 Domino
3170 4731 3228 4786 in
3259 4733 3440 4787 Evan-

1790 4827 1940 4901 gelio
1974 4844 1987 4880 :
2022 4826 2320 4880 Dmu'rrrs
2379 4839 2445 4877 ετ
2507 4837 2850 4877 ῡῙΜΙἸἽῈΤυΒ
2909 4836 3092 4876 voms.
3136 4821 3195 4876 SI
3253 4838 3442 4877 Αυτει

1791 4939 1923 5007 post
1952 4934 2147 5007 Achil.“
2176 4932 2492 5007 Cassarum
2543 4928 2858 5007 Goldastus
2888 4933 2929 4983 t.
2964 4928 3041 4983 Ill
3092 4927 3222 5007 iter.
3261 4928 3435 5007 fieri}.

1790 4999 1920 5078 pag.
1959 5006 2080 5081 M_5_.
2111 5002 2403 5081 Eccardus
2433 5002 2624 5081 Iv‘r'haﬁnc.
2657 5000 2876 5055 Orient.
2929 5016 3062 5081 pag.
3089 5001 3214 5081 930:
3258 4999 3444 5081 Schil-

1791 5071 1951 5132 tervus
2008 5075 2181 5130 Thes.
2210 5078 2252 5127 t.
2302 5077 2325 5126 Ι
2385 5088 2438 5142 p.
2485 5073 2574 5136 87,
2636 5087 2770 5126 cum
2833 5071 3431 5127 variis’versionibus

1795 5165 1858 5203 ac
1928 5144 2274 5202 lectionibus
2350 5142 2714 5214 variantibus
2777 5157 2845 5197 ex
2912 5142 3169 5214 Broweri
3236 5143 3435 5214 Antiq.

1796 5219 1949 5273 Fuld.
2010 5217 2110 5271 lib.
2170 5231 2209 5269 ιι
2269 5229 2317 5268 c.
2380 5214 2467 5281 44,
2527 5212 2854 5278 ediderunt,
2917 5231 2985 5268 ex
3043 5213 3239 5269 codice
3296 5212 3439 5269 Smi-

1797 5291 2036 5346 Gailensi
2091 5286 2462 5357 descriptam,
2519 5285 2611 5357 cui
2679 5286 3010 5357 Grupenius
3075 5284 3246 5357 tertio
3315 5284 3440 5357 loco

1792 5362 2207 5430 Lambecian-am
2265 5355 2738 5430 Codicisitidem
2800 5355 3144 5412 Htemamzici
3199 5356 3440 5430 Auqien-

1790 5435 1867 5488 sis
1939 5447 2002 5485 ac
2069 5429 2308 5484 demum
2377 5426 2913 5495 AnglolSa.-ronicam
2983 5444 3049 5482 ex
3116 5423 3441 5478 canonibus

1794 5502 2062 5630 21967967
2128 5499 2236 5554 sub
2304 5491 2529 5570 Edgaro
2595 5500 2660 5555 lt.
2741 5498 2964 5554 addidit
3029 5499 3270 5551 Hannov.
3342 5491 3484 5547 an.’
