3892 6212
362 328 473 391 99!

360 568 540 609 PATER
589 566 804 609 νεεπιι
855 566 1142 608 οωιεδτιε
1214 566 1479 607 υιιδππετ
1542 568 1709 608 VOBIS
1767 569 2003 610 PECCATA

359 656 571 698 VEB‘I’BA
580 682 593 696 .

538 823 604 876 Et
628 819 873 876 sacerdos
898 818 1193 884 beneiicat,
1216 826 1269 875 et
1295 826 1427 884 oret,
1463 826 1514 875 et
1542 818 1689 875 dicat
1717 821 1824 875 illi.

426 981 605 1053 Omps
633 979 848 1052 Ds,qui
880 980 1025 1036 dixit
1049 996 1063 1033 :
1092 979 1198 1043 Om
1232 996 1312 1035 me
1339 995 1658 1036 coxrsssus
1681 998 1888 1037 rusarr
1907 999 2005 1037 co-

358 1087 479 1129 RAM
501 1086 846 1139 HOMINIBUS,
860 1086 1206 1125 CONFITEBOR
1240 1085 1307 1124 ετ
1328 1086 1433 1124 EGO
1460 1086 1571 1125 EUM
1612 1087 1804 1126 CORAM
1827 1072 2008 1127 PATRB

356 1158 603 1226 use,ille
632 1162 688 1214 te
716 1157 1106 1226 benedicat,et
1126 1156 1437 1228 custodiat,
1460 1162 1526 1214 ut
1554 1158 1652 1215 det
1671 1158 1777 1213 tibi
1801 1160 2006 1217 remis-

355 1249 576 1305 sionem
609 1246 875 1304 omnium
906 1250 1302 1318 peccatorum,
1336 1250 1394 1302 et
1423 1246 1709 1303 scelerum
1743 1252 2001 1305 tuorum.

353 1338 554 1393 Amen.
592 1336 935 1393 Misereatur
964 1336 1048 1391 tui
1080 1334 1456 1407 omnipotens
1484 1336 1638 1393 Deus
1667 1340 1723 1391 et
1748 1336 2007 1394 dimittat

352 1424 453 1481 tibi
485 1425 683 1483 omnia
712 1430 945 1497 peccata
975 1428 1096 1480 tua.
1130 1427 1333 1481 Amen.
1368 1424 1596 1481 Liberet
1624 1428 1680 1481 te
1723 1425 1795 1482 ab
1841 1427 2002 1482 omni

352 1514 527 1584 mle,
561 1519 620 1571 et
648 1520 951 1571 conservet
981 1520 1035 1568 te
1067 1513 1123 1568 in
1156 1513 1317 1569 omni
1350 1515 1521 1569 bene.
1555 1517 1762 1572 Amen.
1797 1516 2001 1573 donet-

352 1621 467 1677 que
490 1602 596 1660 tibi
617 1620 815 1662 veram
835 1601 1256 1671 humilitatem,
1271 1606 1329 1659 et
1349 1618 1546 1659 veram
1572 1603 1999 1676 paenitentiam,

353 1693 813 1764 sobrietatem,et
844 1690 1462 1755 telerantiam,bonam
1486 1693 1998 1765 perseverantiam,

351 1782 656 1839 etbenum
689 1783 886 1851 linere,
919 1784 977 1837 et
1006 1781 1286 1853 perducat
1315 1785 1371 1836 te
1401 1781 1459 1837 in
1491 1782 1672 1838 vitam
1696 1786 1995 1840 aeternam.

1145 327 1478 391 APPEND.
1525 330 1627 391 AD
1674 327 1863 391 S/EC.
1912 331 1988 392 Χ.
2021 342 2101 377 ‘-—
2128 329 2630 397 NONUMEN'I‘A
2672 336 2991 400 LITURG.

360 478 466 519 VOS
492 480 604 518 NON
635 477 980 519 DIMISERITIS
1011 476 1332 519 HOMINIBUS
1376 477 1617 518 PECCATA
1655 479 1857 519 EORUM
1898 479 2004 519 NEC
2032 463 2090 531 Α

3697 338 3796 397 99!

2788 497 3102 555 Orationes.

2187 612 2404 669 Praesta
2431 629 2772 686 quaesumus
2802 615 2926 672 Due
2951 615 3091 672 huic
3122 614 3357 672 famulo
3403 619 3517 673 tuo
3561 616 3791 690 dignum

2117 702 2468 775 paenitentiae
2500 704 2775 773 fructum,
2809 709 2874 761 ut
2901 705 3174 762 Ecclesia;
3202 708 3350 773 tute,
3379 723 3420 779 ,ξι
3450 707 3638 778 cujus
3668 705 3794 761 inte-

2116 791 2325 865 gritate
2357 792 2614 849 deviarat
2644 795 3379 866 peccande,admissorum
3398 796 3656 853 veniam
3680 814 3794 851 cos-

2117 882 2414 953 sequendo
2445 883 2725 939 reddatur
2771 883 3063 940 innoxius.
3100 885 3230 940 Per.
3284 882 3451 941 Alia.
3485 885 3796 941 Preveniat

2115 970 2273 1027 hunc
2300 969 2591 1031 famulum
2624 976 2794 1028 tuum
2828 989 3171 1045 quasumus
3201 974 3333 1030 Due
3387 973 3793 1030 misericordia

2114 1062 2218 1114 tua
2248 1063 2305 1114 et
2334 1076 2538 1116 omnes
2567 1060 2913 1133 iniquitates
2934 1062 3064 1133 ejus
3086 1061 3262 1119 celeri
3291 1062 3696 1136 indulgentia
3712 1069 3795 1119 tua

2115 1147 2437 1204 deleantur.
2470 1149 2597 1205 Per.
2630 1152 2774 1207 Alia.
2807 1151 3030 1207 Exaudi
3059 1152 3182 1206 Duc
3207 1152 3579 1225 supplicum
3610 1168 3792 1225 preces

2113 1240 2171 1291 et
2198 1237 2599 1295 confitentium
2632 1239 2737 1294 tibi
2770 1256 2940 1311 parce
2970 1241 3252 1312 peccatis,
3288 1246 3359 1297 ut
3412 1258 3581 1314 quos
3633 1259 3794 1297 cens-

2113 1325 2334 1383 cientia:
2355 1332 2552 1384 reatus
2572 1332 2827 1398 accusat,
2845 1328 3213 1405 indulgentia
3239 1334 3361 1386 tua:
3383 1331 3789 1387 miserationis

2114 1414 2394 1471 absolvat.
2430 1416 2555 1471 Per.

2785 1560 2918 1616 Item
2947 1561 3085 1616 alia.

2179 1701 2564 1775 Omnipotens
2594 1701 2946 1775 sempiterna
2974 1703 3149 1767 Deus,
3183 1702 3501 1759 confitenti
3537 1702 3686 1758 huic
3708 1704 3781 1758 fs-

2109 1791 2269 1848 mule
2295 1795 2395 1847 tuo
2423 1807 2527 1863 pro
2566 1794 2668 1847 tua
2719 1791 2935 1863 pietate
2981 1793 3220 1863 peccata
3248 1790 3515 1857 dimitte,
3555 1798 3627 1847 ut
3678 1809 3777 1847 non

350 1836 893 1943 A‘mtnfmui‘g'sai
921 1836 1031 1925 tibi
1052 1836 1338 1926 Dominus
1369 1836 1568 1926 omnia
1608 1836 1996 1943 casn;
2028 1836 2076 1902 Β
2108 1836 2956 1953 ξξίιῖζθῗξοὲὲέιέξηεὶὶὲἆῖζε
2981 1836 3777 1954 ἰῖὲᾇῖιῖἷιῖιῖἓέηᾝωῖὲιιιᾘ

351 1959 644 2034 praeterita
691 1958 1005 2032 prmeentia
1031 1961 1091 2014 et
1119 1959 1334 2016 futura.
1368 1962 1573 2016 Amen.
1608 1959 1904 2017 llluminet
1941 1966 1998 2018 te

351 2048 604 2122 Spiritus
635 2051 876 2106 sanctus
904 2065 940 2105 a
968 2048 1137 2104 Patre
1165 2052 1223 2104 et
1252 2047 1394 2104 Filio
1426 2049 1767 2120 procedens.
1789 2052 1994 2106 Amen.

351 2137 587 2199 Salvum
609 2142 667 2194 te
695 2136 870 2194 faciat
885 2138 1006 2195 Dns
1027 2152 1257 2194 servum
1283 2139 1696 2194 suum.Amen.
1714 2138 1997 2197 Dominus

350 2227 640 2287 custodiat
666 2230 723 2285 te
751 2227 823 2283 ab
855 2226 1015 2285 omni
1047 2224 1442 2283 malo.Amen.
1467 2227 1780 2283 Benedieat
1807 2232 1864 2285 te
1890 2229 1998 2284 Do-

350 2317 549 2376 minus
579 2334 648 2376 ex
665 2316 1043 2376 Sion.Amen.
1068 2314 1260 2371 Mittat
1276 2314 1381 2370 tibi
1404 2314 1689 2372 Dominus
1711 2316 1996 2373 auxilium

347 2408 418 2464 de
448 2411 670 2466 sancte.
693 2408 897 2462 Amen.
920 2402 1206 2460 Dominus
1234 2408 1537 2461 conservet
1564 2409 1644 2473 te,
1673 2409 1729 2460 et
1748 2405 1998 2463 viviﬁcet

345 2499 403 2552 te
429 2494 697 2555 Christus
728 2492 910 2550 Filius
939 2491 1040 2549 Dei
1062 2490 1314 2548 salvator
1334 2492 1561 2549 mundi.
1580 2495 1998 2567 Amen.Propi-

345 2584 466 2642 tius
492 2582 571 2641 sit
596 2582 702 2641 tibi
733 2580 1104 2652 omnipotens
1125 2580 1411 2647 Deus,hic
1442 2585 1501 2636 et
1528 2580 1588 2637 in
1620 2587 1991 2654 perpetuum.

345 2673 551 2730 Amen.
574 2670 707 2729 Inde
727 2677 851 2743 post
875 2677 1149 2741 acceptam
1172 2671 1558 2741 paenitentiam
1577 2678 1628 2727 et
1644 2671 1804 2743 ﬁdem
1824 2673 1997 2743 expli-

344 2763 533 2829 citum,
565 2760 787 2819 redeant
811 2761 1139 2827 uisitatores,
1168 2768 1221 2816 et
1242 2767 1379 2816 tunc
1410 2761 1685 2832 incipiunt
1716 2761 1996 2834 psalmum

344 2858 569 2908 cantare
598 2866 721 2907 cum
742 2850 866 2907 Aut.
901 2852 968 2906 In
995 2847 1209 2906 virtute
1240 2852 1342 2907 tua
1377 2849 1585 2906 exaudi
1609 2865 1701 2907 me
1728 2849 1989 2907 Domine.

343 2941 438 2995 Ps.
469 2939 712 2997 Domine
743 2937 951 2997 exaudi
979 2937 1327 2996 orationem.
1372 2938 1631 3011 Sequitur
1676 2941 1851 2996 oratio
1897 2941 1992 2997 do-

340 3030 552 3086 minica
576 3045 702 3085 eum
727 3028 987 3101 capitulis
1018 3028 1125 3094 his,

411 3126 649 3185 Salvum
697 3128 789 3185 fac
826 3143 1060 3184 servum
1108 3130 1298 3183 tuum.
1374 3133 1426 3193 ἡ.
1459 3128 1613 3185 Deus
1644 3144 1811 3185 meus
1859 3145 1989 3202 spe-

479 3219 731 3276 restem.

408 3316 568 3372 Mitte
594 3315 647 3373 ei
679 3316 801 3373 Dne
831 3314 1113 3372 auxilium
1145 3315 1217 3371 de
1246 3319 1468 3372 sancte.
1543 3318 1601 3378 ri.
1643 3315 1715 3371 Et
1741 3316 1814 3371 de
1847 3315 1986 3371 Sion

481 3408 735 3462 tueatur.

407 3502 561 3560 Nihil
585 3501 844 3576 proﬁciet
868 3500 1146 3558 inimicus
1170 3500 1229 3557 in
1262 3517 1349 3558 eo.
1424 3506 1476 3567 ἡ.
1509 3501 1579 3557 Et
1596 3500 1754 3558 filius
1776 3501 1987 3574 iniqui~

478 3591 638 3648 tatis.

402 3690 691 3746 Dominus
717 3690 1018 3743 conservet
1062 3702 1195 3743 eum
1239 3690 1296 3743 et
1324 3685 1480 3742 vivif.
1556 3692 1608 3753 [ἢ.
1641 3688 1710 3743 Et
1746 3688 1983 3744 beatum

479 3777 652 3833 faciet
679 3792 834 3832 eum.

407 3877 529 3932 Dus
559 3890 729 3946 opem
760 3873 904 3929 ferat
923 3871 1007 3927 illi
1040 3888 1217 3945 super
1246 3872 1482 3929 lectum.
1557 3880 1610 3939 ιῆ.
1636 3873 1983 3930 Universum

479 3966 664 4019 stratu
675 3978 728 4017 m
740 4002 752 4016 .

407 4061 630 4134 Exurge
659 4060 781 4116 Dne
809 4058 963 4119 Deus
993 4072 1182 4130 meus,
1214 4062 1271 4114 et
1300 4057 1471 4115 exalt.
1546 4064 1598 4125 ii.
1635 4059 1717 4116 Ne
1742 4059 1983 4117 oblivis-

478 4148 630 4207 caris
660 4165 772 4223 pau
784 4189 796 4203 .

405 4248 535 4307 Tibi
584 4248 705 4308 Due
752 4245 1066 4303 derelictus
1113 4249 1203 4303 est
1239 4262 1480 4320 pauper.
1556 4253 1608 4314 ἡ.
1641 4245 1870 4320 Pupillo
1918 4252 1983 4304 tu

477 4337 593 4396 eris
618 4335 779 4395 adiu.

404 4434 769 4496 Desiderium
802 4451 1127 4509 pauperum
1156 4434 1364 4492 exaud.
1439 4440 1493 4500 ἡ.
1534 4434 1944 4507 Przeparation.

403 4526 650 4587 Miriﬁca
679 4522 1113 4582 misericordias
1144 4528 1297 4581 tuas.
1373 4525 1427 4585 ιῆ.
1451 4523 1558 4588 Qui
1583 4522 1778 4581 salvos
1798 4523 1909 4579 fac.

401 4616 486 4672 Tu
518 4618 714 4672 autem
746 4613 806 4673 in
833 4616 1067 4670 sanctos
1097 4613 1350 4671 habitas.
1424 4618 1477 4679 ἡ.
1510 4613 1661 4669 Laus
1694 4611 1891 4668 Israel.

402 4706 465 4761 In
496 4709 552 4761 te
582 4705 963 4776 speraverant
992 4707 1188 4776 patres
1219 4720 1277 4758 n.
1352 4708 1404 4768 ii.
1441 4703 1834 4776 Speraverunt
1854 4704 1911 4757 et
1940 4700 1979 4757 l.

401 4803 488 4860 Ad
520 4807 577 4859 te
608 4801 1009 4861 clamaverunt
1034 4804 1092 4859 et
1120 4798 1264 4858 salvi
1295 4800 1336 4857 ἴ.
1412 4803 1463 4863 Ii.
1500 4803 1565 4855 In
1608 4803 1667 4856 te
1715 4814 1982 4872 sperave-

477 4894 617 4949 runt
644 4894 701 4949 et
730 4908 787 4945 n.

405 4986 601 5045 Multa:
632 4986 1041 5045 tribulationes
1062 4987 1386 5059 justorum.
1460 4987 1513 5048 li.
1546 4986 1615 5042 Et
1640 4986 1712 5042 de
1741 4984 1835 5042 his
1858 5002 1984 5043 om-

478 5076 671 5132 nibus.

404 5173 675 5231 Redimct
702 5173 822 5231 Dns
861 5172 1090 5231 animas
1138 5190 1441 5231 servorum
1489 5189 1754 5229 suorum.
1831 5177 1882 5239 rt.
1917 5174 1986 5229 Et

476 5279 595 5320 non
624 5262 801 5319 ἀει-61.

403 5363 487 5419 Ne
540 5360 739 5417 tradas
796 5359 1005 5417 bestiis
1056 5360 1283 5418 animas
1344 5360 1540 5416 conﬁt.
1632 5365 1686 5424 ﬁ.
1743 5359 1986 5416 Animas

478 5467 658 5525 paup.

404 5552 632 5624 Exurge
663 5550 786 5608 Dne
816 5548 1031 5622 adjuva
1060 5563 1190 5604 nos.
1265 5547 1317 5609 Ii.
1348 5548 1418 5604 Et
1463 5547 1645 5603 libera
1693 5564 1801 5604 nos
1852 5564 1986 5621 pro-

478 5644 623 5711 pter.

2106 1968 2474 2043 indulgentia
2500 1973 2616 2025 tuze
2646 1968 2885 2040 pietatis
2915 1969 2988 2024 ad
3008 1969 3261 2025 veniam.

2176 2079 2367 2133 Postea
2396 2083 2681 2145 unguatur
2703 2082 2936 2145 aegrotus
2964 2075 3028 2131 de
3057 2077 3173 2131 oleo
3201 2078 3566 2148 sanctiﬁcata
3599 2093 3777 2133 cruces

2104 2166 2355 2238 faciendo
2381 2166 2439 2220 in
2470 2166 2712 2237 quinque
2739 2164 2978 2236 corporis
3009 2165 3161 2230 locis,
3184 2172 3239 2221 et
3266 2165 3497 2221 diaztur
3523 2166 3609 2221 ad
3638 2184 3771 2222 esse.

2103 2255 2170 2311 N.
2197 2256 2260 2310 ln
2292 2252 2529 2310 nomine
2549 2252 2737 2309 Patris
2758 2257 2816 2309 et
2845 2252 2972 2309 Filii
3000 2257 3060 2308 et
3079 2254 3335 2326 Spiritus
3356 2255 3557 2312 sancti
3583 2258 3775 2328 accipe

2106 2344 2437 2399 sanitatem.
2473 2342 2681 2415 Ungue
2712 2342 2963 2397 frontem
2993 2345 3160 2397 tuum
3192 2343 3267 2398 de
3297 2342 3429 2400 oleo
3460 2350 3681 2400 sancto
3720 2346 3770 2400 in

2106 2433 2342 2489 nomine
2370 2430 2578 2500 Patris,
2611 2435 2671 2486 et
2697 2429 2848 2500 Filii,
2880 2435 2939 2487 et
2969 2430 3223 2504 Spiritus
3252 2431 3447 2487 sancti
3476 2432 3539 2488 in
3568 2434 3772 2489 remis-

2106 2522 2328 2579 sionem
2362 2521 2627 2578 omnium
2660 2523 3053 2592 peccatorum,
3086 2527 3147 2576 ut
3178 2520 3257 2576 sit
3284 2520 3392 2576 tibi
3414 2520 3543 2577 haec
3568 2526 3765 2579 unctio

2105 2612 2215 2669 olei
2264 2608 2747 2667 sanctiﬁcationis
2790 2609 2863 2665 ad
2916 2609 3385 2683 puriﬁcationem
3441 2611 3671 2668 mentis
3718 2618 3767 2667 et

2103 2700 2447 2776 corporis,et
2475 2702 2541 2754 ut
2571 2715 2685 2754 non
2717 2698 2898 2754 lateat
2925 2698 2985 2753 in
3018 2701 3074 2754 te
3103 2697 3350 2770 spiritus
3382 2698 3760 2766 immundus,

2104 2806 2292 2863 neque
2339 2788 2399 2843 in
2448 2787 2750 2855 membris,
2786 2802 2975 2860 neque
3023 2786 3086 2843 lu
3137 2787 3440 2856 medullis,
3474 2789 3759 2863 nullaque

2101 2879 2503 2935 membrorum
2535 2875 2879 2949 compagine
2909 2880 3169 2944 tuorum,
3201 2878 3302 2934 sed
3335 2878 3397 2933 in
3428 2882 3487 2934 te
3533 2878 3761 2936 habitet

2098 2969 2284 3026 virtus
2304 2966 2516 3024 Christi
2546 2965 2913 3032 altissimi,et
2940 2966 3194 3038 Spiritus
3225 2968 3411 3024 sancti
3447 2969 3751 3026 amen.$e-

2099 3059 2290 3131 quitur
2315 3054 2528 3127 antiph.
2560 3069 2685 3109 cum
2709 3054 2940 3125 psalmis
2967 3053 3249 3109 canendis.
3272 3054 3427 3110 Sana
3455 3055 3754 3112 Dneinlir-

2101 3163 2268 3203 mum
2288 3145 2470 3201 istum
2489 3143 2659 3214 cujus
2675 3158 2813 3199 ossa
2827 3143 3064 3198 turbata
3076 3146 3299 3211 suut,et
3312 3144 3486 3215 cujus
3505 3145 3752 3218 spiritus

2021 3204 2065 3271 C
2100 3234 2371 3290 turbatus
2389 3234 2478 3287 est
2489 3204 2733 3286 deine
2748 3233 3097 3298 convertere,
3121 3234 3179 3287 et
3199 3204 3346 3287 sana
3359 3204 3495 3288 eum
3510 3204 3605 3289 Ps.
3632 3235 3751 3291 Due

2097 3338 2170 3378 ne
2197 3322 2258 3377 in
2293 3321 2486 3377 furere
2514 3323 2637 3375 tuo.
2672 3319 2696 3373 Ι
2724 3321 2817 3375 Ps.
2848 3318 2936 3374 Ad
2964 3321 3024 3373 te
3053 3318 3178 3376 Dne
3220 3318 3425 3375 levavi.
3458 3323 3551 3376 Ps;
3597 3322 3742 3378 Beati

2097 3406 2875 3485 quomm.Ps.Demineneiu
2888 3407 3083 3463 furere
3098 3404 3631 3468 tue.Il‘-.PstBeatus
3647 3412 3741 3483 qui

2094 3499 2388 3572 intelligit.
2401 3500 2494 3553 Ps.
2519 3497 2794 3552 Miserere
2817 3497 2931 3552 mei
2960 3497 3136 3553 Deus.
3156 3500 3201 3552 Ι.
3223 3499 3317 3553 Ps.
3343 3498 3623 3556 Miserere
3636 3502 3742 3556 mei

2095 3591 2268 3647 Deus.
2305 3588 2398 3644 IIl.
2431 3588 2528 3644 Ps.
2562 3587 2721 3643 Deus
2733 3584 3099 3660 misereatur
3119 3586 3324 3643 nostri.
3368 3594 3465 3644 Ps.
3507 3589 3663 3645 Deus
3686 3590 3739 3646 iu

2095 3677 2451 3752 adjuterium
2483 3692 2683 3732 meum
2713 3674 2969 3731 intende.
3000 3676 3089 3731 Ps.
3114 3675 3335 3732 melius
3366 3677 3631 3734 Domine.
3656 3682 3736 3734 Ps.

2094 3767 2339 3825 Domine
2357 3764 2586 3823 exaudi.
2613 3764 2653 3820 Ι.
2682 3770 2770 3821 Ps.
2805 3764 2884 3820 De
2906 3764 3231 3837 profundis.
3253 3767 3345 3821 Ps.
3372 3766 3495 3823 Due
3514 3770 3736 3826 exaudi.

2094 3858 2163 3914 II.
2195 3873 2318 3913 cum
2371 3855 2599 3922 letania,
2632 3854 2799 3910 donec
2842 3855 3030 3909 unctio
3076 3855 3326 3925 ﬁniatur.
3359 3857 3551 3913 Postea
3576 3859 3741 3929 [adat

2091 3962 2306 4003 crucem
2334 3944 2405 4000 ad
2432 3959 2595 4000 aures
2613 3944 2733 4015 ejus
2760 3942 3006 3999 dicendo.
3031 3942 3099 3999 N.
3121 3947 3187 3999 In
3218 3944 3461 4001 nomine
3481 3946 3670 4003 Patris
3688 3953 3738 4002 et

2094 4033 2221 4091 Filii
2252 4038 2310 4090 et
2338 4031 2591 4106 Spiritus
2620 4031 2808 4087 sancti
2840 4031 3037 4104 accipe
3083 4032 3419 4090 sanitatem.
3447 4033 3655 4108 Ungue
3688 4042 3738 4090 et

2091 4124 2199 4181 has
2230 4138 2401 4179 aures
2431 4120 2643 4177 sacrati
2670 4119 2781 4176 elei
2810 4119 3035 4193 liquore
3064 4121 3124 4177 in
3164 4123 3409 4180 nomine
3458 4123 3643 4180 Patris
3686 4127 3739 4180 et

2091 4211 2221 4269 Filii
2251 4215 2309 4268 et
2334 4210 2586 4284 Spiritus
2615 4208 2906 4278 sancti,ut
2934 4209 3222 4282 quidquid
3246 4211 3472 4282 peccati
3495 4211 3729 4268 delecta

2090 4301 2247 4358 tione
2277 4298 2465 4357 necivi
2494 4298 2734 4356 auditus
2755 4298 3084 4355 admissum
3115 4303 3223 4366 est,
3256 4300 3553 4357 medicina
3573 4302 3730 4375 spiri-

2090 4390 2269 4447 tualis
2323 4392 2576 4447 evacuet.
2607 4390 2812 4444 Amen.
2843 4388 3047 4445 Deinde
3092 4405 3258 4461 super
3307 4391 3493 4447 oculos
3539 4393 3733 4463 facim

2088 4497 2305 4537 crucem
2331 4479 2497 4535 dicat.
2516 4478 2586 4533 N.
2605 4478 2670 4532 In
2693 4477 2933 4533 nomine
2961 4477 3147 4534 Patris
3167 4481 3226 4534 et
3252 4478 3382 4534 Filii
3404 4484 3463 4536 et
3494 4480 3734 4553 Spiritus

2012 4579 2060 4645 Ι)
2092 4568 2279 4628 sancti
2310 4568 2507 4639 accipe
2536 4564 2867 4624 sanitatem.
2904 4566 3111 4640 Ungue
3140 4566 3343 4625 oculos
3376 4571 3511 4625 tuos
3530 4569 3601 4625 de
3621 4567 3734 4624 oleo

2094 4658 2456 4717 sanctiﬁcato
2486 4656 2547 4711 in
2597 4654 2835 4711 nomine
2873 4659 3089 4712 sanctis
3119 4655 3448 4727 Trinitatis,
3482 4662 3551 4713 ut
3578 4656 3731 4729 quid-

2092 4747 2230 4822 quid
2251 4746 2451 4802 inclito
2464 4745 2600 4800 visu
2611 4743 3121 4817 deliquisti,hujus
3138 4744 3246 4801 elei
3264 4745 3546 4803 unctione
3566 4751 3745 4819 expie'

2092 4841 2207 4893 tur.
2230 4834 2433 4893 Deinde
2460 4840 2788 4904 tinguuntur
2811 4849 2996 4890 nares.
3016 4834 3084 4889 N.
3117 4838 3183 4889 In
3214 4834 3455 4892 nomine
3487 4835 3668 4891 Patris
3686 4836 3733 4889 et

2092 4925 2307 4996 Filii,et
2333 4922 2587 4996 Spiritus
2617 4922 2804 4979 sancti
2835 4923 3033 4995 accipe
3052 4923 3391 4980 sanitatem.
3412 4920 3623 4998 Ungue
3637 4924 3733 4979 has

2095 5030 2264 5072 nares
2293 5013 2366 5069 de
2386 5011 2512 5069 oleo
2537 5014 2742 5069 sancte
2761 5011 2821 5066 in
2851 5010 3088 5067 nomine
3117 5012 3735 5079 sanctae-Trinitatismt

2095 5101 2383 5175 quidquid
2412 5100 2597 5157 noxiae
2627 5099 2923 5173 superﬂue
2953 5104 3317 5157 contractum
3340 5105 3432 5158 est
3447 5101 3733 5157 odoreists

2094 5190 2374 5249 emundet
2402 5189 2687 5247 inunctio.
2725 5190 2871 5245 Tum:
2898 5190 3052 5245 labia
3090 5196 3400 5264 uagantur.
3442 5186 3513 5246 Ν,
3548 5189 3614 5245 In
3642 5205 3735 5244 ue-

2096 5281 2255 5337 mine
2287 5280 2474 5336 Patris
2504 5282 2561 5334 et
2592 5277 2723 5334 Filii
2755 5282 2812 5334 et
2839 5277 3092 5350 Spiritus
3126 5279 3315 5335 sancti
3349 5279 3549 5352 accipe
3585 5278 3733 5335 sani-

2094 5373 2295 5426 tatem.
2312 5368 2519 5442 Ungue
2535 5366 2692 5424 labia
2711 5366 2825 5423 ista
2852 5366 3173 5423 consecrati
3191 5366 3303 5423 elei
3320 5367 3733 5424 medicamento

2094 5459 2156 5514 in
2214 5456 2451 5513 nomine
2500 5458 2716 5513 sanctae
2765 5453 3090 5524 Trinitatis,
3116 5459 3182 5512 ut
3232 5455 3521 5530 quidquid
3554 5455 3733 5513 ociosa

2093 5546 2183 5605 vel
2212 5546 2390 5603 etiam
2419 5544 2739 5603 criminosa
2765 5543 3059 5601 locutione
3088 5544 3349 5618 peccasti
3392 5543 3597 5601 divina
3629 5541 3730 5599 cle-

2097 5635 2317 5694 mentia
2344 5635 2662 5693 miserante
2689 5638 3047 5707 expurgatur
3067 5633 3178 5691 hac
3228 5634 3522 5692 unctione.
3555 5635 3733 5690 Pastas
