3892 6212
84 311 193 373 993

1316 312 1691 375 JUllIClUM
1739 313 2262 375 PtENITENTlS.

3359 323 3480 383 994

79 449 256 515 pectus
285 449 570 511 unguatur
600 441 765 515 (145).
798 443 867 499 Ν.
901 447 968 500 In
992 410 1236 501 nomine
1269 444 1453 501 Patris
1494 449 1553 502 et
1597 444 1725 503 Filii
1752 448 1808 513 Α
1839 450 1896 501 et
1926 445 2289 503 confessione
2308 446 2575 519 placatus
2606 465 2689 516 cs,
2726 449 2806 504 ita
2836 454 2892 506 et
2929 450 3067 508 huic
3115 452 3332 510 famulo
3378 458 3480 512 tuo

82 535 137 586 et
163 529 410 602 Spiritus
442 531 626 587 sancti
657 532 852 602 accipe
902 534 1236 590 sanitatem.
1270 534 1474 609 Ungue
1515 539 1717 607 pectus

83 623 239 673 tuum
270 619 340 674 de
372 619 494 675 olee
522 625 726 676 sancto
757 621 816 678 in
839 624 1075 679 nomine
1094 628 1309 680 sanctae
1331 624 1637 681 Trinitatis
1657 628 1720 680 ut

52 705 181 764 ‘hoc
211 706 501 766 unctionis
533 714 848 782 prospectu
883 716 1107 768 certare
1136 712 1360 769 fortiter
1398 713 1592 770 valeas
1622 715 1721 770 ad-

80 814 273 853 versus
299 797 482 854 aerias
510 802 793 856 catervas.
811 798 1128 858 Praestante
1147 802 1273 859 Dne
1296 820 1399 859 nro
1422 802 1526 858 Ihu
1543 802 1717 876 X.qui

82 903 206 942 cum
237 886 638 945 Patre.Deinde
666 889 764 962 [ac
791 906 1008 946 crucem
1037 893 1182 949 inter
1208 892 1479 964 scapulas,
1513 900 1567 948 et
1605 908 1716 948 me-

82 976 222 1031 dium
252 976 621 1049 scapularum.
640 978 709 1034 N.
728 979 792 1034 In
824 978 1061 1038 nomine
1085 980 1271 1038 Patris
1290 985 1346 1039 et
1377 981 1504 1037 Filii
1530 981 1720 1056 etSpi-

82 1064 222 1121 ritus
248 1066 435 1122 sancti
466 1066 662 1139 accipe
692 1067 1028 1125 sanitatem.
1073 1070 1277 1144 Ungue
1308 1069 1581 1144 scapulas
1610 1070 1718 1127 has

83 1154 194 1210 sive
213 1154 471 1211 medium
504 1154 881 1228 scapularum
914 1158 985 1214 de
1016 1157 1140 1215 oleo
1171 1164 1432 1227 sacro,ut
1460 1177 1529 1216 ex
1560 1159 1718 1216 omni

82 1247 232 1317 parte
261 1244 548 1316 spirituali
569 1246 929 1318 protectione
950 1248 1215 1305 munitus
1228 1248 1428 1321 jacula
1449 1248 1719 1305 diabolici

81 1334 326 1406 impetus
356 1333 599 1391 viriliter
620 1340 1034 1409 contempnere
1057 1355 1122 1394 ac
1144 1337 1346 1411 procul
1370 1338 1563 1410 pessis
1584 1355 1719 1395 cum

82 1422 273 1477 robore
296 1422 620 1493 juvaminis
652 1423 949 1497 repellere.
989 1427 1050 1482 lu
1085 1427 1321 1484 nomine
1353 1428 1460 1483 Dni
1493 1428 1581 1483 nri
1612 1428 1719 1484 Ihu

79 1510 174 1583 Xpi
212 1511 311 1583 qui
337 1530 472 1569 cum
504 1512 669 1569 Patre
698 1518 758 1570 et
779 1514 999 1588 Spiritu
1030 1520 1233 1572 sancto
1262 1517 1402 1572 vivit
1430 1522 1487 1573 et
1517 1521 1723 1590 regnat

78 1600 223 1657 Deus
250 1617 358 1675 per
384 1601 584 1658 omnia
630 1602 846 1659 saecula
892 1605 1262 1663 saeculorum.
1294 1610 1497 1664 Amen.
1530 1610 1722 1664 Postea

75 1691 157 1759 fac
181 1705 393 1746 crucem
421 1691 482 1745 in
507 1692 730 1764 palmis.
751 1692 821 1748 N.
846 1696 912 1750 In
940 1694 1175 1752 nomine
1201 1696 1390 1752 Patris
1419 1700 1477 1753 et
1505 1695 1634 1751 Filii
1665 1701 1723 1752 et

76 1777 316 1851 Spiritus
345 1780 533 1836 sancti
564 1780 758 1854 accipe
788 1783 1126 1840 sanitatem.
1154 1784 1360 1858 Ungue
1381 1788 1437 1841 et
1466 1785 1574 1841 has
1597 1801 1719 1842 ma-

81 1884 182 1923 nus
213 1867 272 1923 in
309 1869 545 1926 nomine
566 1874 778 1926 sanctae
800 1872 1103 1929 Trinitatis
1128 1874 1198 1931 de
1218 1873 1343 1931 oleo
1363 1879 1722 1944 consecrate,

83 1961 138 2012 ut
177 1957 464 2031 quidquid
488 1958 711 2015 inlicito
732 1960 820 2016 vel
857 1961 1027 2019 noxio
1058 1979 1229 2035 opere
1250 1968 1725 2038 peregerunt,per

78 2045 214 2101 hanc
240 2048 577 2104 unctionem
608 2053 939 2106 evacuetur.
963 2051 1169 2108 Deinde
1191 2053 1353 2125 pedes
1398 2062 1725 2124 unguantur

78 2134 308 2192 dicendo.
339 2135 409 2191 N.
453 2137 516 2192 In
563 2138 799 2193 nomine
849 2138 954 2195 lbu
992 2140 1104 2213 Xpi
1154 2141 1435 2198 Nazareni
1465 2159 1637 2216 surge
1667 2147 1723 2199 et

79 2224 319 2281 ambula.
342 2224 552 2298 Ungue
593 2226 702 2282 hes
732 2227 912 2299 pedes
932 2228 1007 2285 de
1037 2228 1162 2286 oleo
1194 2231 1498 2287 benedicta
1532 2232 1587 2286 in
1619 2250 1720 2289 no-

79 2314 221 2370 mine
243 2314 353 2370 Dni
387 2314 477 2369 nri
512 2315 618 2371 lhu
667 2315 793 2389 Xpi,
828 2320 893 2373 ut
941 2319 1231 2391 quidquid
1287 2322 1584 2392 superfluo
1634 2321 1719 2377 vel

77 2403 263 2458 nocive
294 2404 531 2459 incessu
551 2404 977 2463 commiserunt
1007 2407 1120 2464 ista
1143 2408 1374 2466 abolent
1394 2411 1719 2482 pcrunctio,

78 2492 266 2548 uthac
298 2492 576 2549 unctione
606 2494 1014 2552 corroboratus
1065 2496 1252 2553 aerias
1304 2498 1498 2555 valeas
1547 2517 1720 2574 supe-

83 2597 199 2637 rare
227 2585 512 2637 catervas.

651 2671 915 2745 Sequitur
944 2674 1151 2731 Oratio.

146 2758 526 2831 Omnipotens
556 2760 731 2828 Deus,
756 2762 857 2834 qui
886 2780 990 2835 per
1036 2781 1101 2820 es
1149 2765 1303 2822 beati
1351 2768 1545 2825 Iacobi
1583 2786 1723 2843 apo-

88 2847 212 2903 stoli
243 2847 328 2905 tui
359 2848 472 2905 hoc
501 2849 893 2907 ministerium
926 2853 1177 2909 infirmis
1212 2856 1488 2913 omnibus
1536 2859 1725 2937 facere

86 2937 426 3010 praecepisti,
459 2955 737 2996 conserva
766 2940 987 2997 famulo
1036 2944 1135 2999 tuo
1183 2943 1250 2998 N.
1284 2949 1522 3004 tuarum
1572 2948 1726 3004 dona

85 3026 380 3095 virtutum,
404 3031 459 3083 et
487 3030 755 3098 concede,
785 3032 849 3085 ut
876 3030 1164 3087 medelam
1190 3036 1349 3091 tuam
1383 3052 1499 3092 non
1530 3036 1723 3093 solum

84 3114 138 3170 in
167 3132 427 3189 corpore,
460 3117 561 3173 sed
596 3118 772 3184 etiam
803 3117 864 3174 in
896 3124 1091 3176 mente
1117 3121 1419 3195 percipiat.
1451 3124 1577 3185 Per.

1825 533 2078 606 placare,
2112 538 2170 592 et
2217 535 2490 608 precibus
2540 537 2670 594 eius
2727 538 3017 612 benignus
3063 542 3279 614 aspira,
3314 547 3378 600 ut
3420 545 3479 602 in

1826 622 2191 680 confessione
2223 623 2401 681 flebili
2434 642 2785 698 permanens
2816 632 2874 684 et
2902 628 3180 701 petitione
3201 637 3484 706 pri-petua

1826 711 2137 769 clementia
2158 717 2321 771 tuam
2352 713 2616 772 celeriter
2647 719 2862 787 exoret,
2896 717 3232 793 sanctisque
3281 720 3481 778 altari-

1827 801 1939 857 bus
1960 805 2016 858 et
2046 804 2433 861 sacramentis
2452 808 2762 863 restitutus
2780 825 2988 865 rursus
3006 807 3260 867 cmlestis
3282 809 3481 884 gloria:

1827 891 2018 946 manci
2025 895 2216 963 petur.
2252 892 2376 949 Per.
2764 894 2769 899 ’

1898 980 2042 1036 Atia.
2077 985 2229 1037 Deus
2263 980 2617 1051 misericors,
2635 983 2789 1040 Deus
2836 982 3116 1055 clemens,
3152 985 3485 1061 quisccun-

1828 1068 1969 1124 dum
2002 1067 2442 1125 multitudinem
2475 1069 2917 1129 miseratienum
2970 1075 3202 1130 tuarum
3244 1078 3484 1146 peccata

1828 1157 2233 1230 pcnnitentium
2275 1157 2454 1226 deles,
2479 1162 2537 1216 et
2560 1159 2988 1231 praeteritorum
3019 1160 3334 1218 criminum
3366 1162 3484 1218 cul-

1829 1264 1935 1320 pas
1966 1246 2137 1303 venia
2167 1246 2533 1305 remissionis
2563 1264 2832 1319 evacuas,
2868 1248 3090 1322 respice
3121 1267 3298 1324 super
3326 1250 3482 1308 hunc

1831 1334 2121 1391 famulum
2153 1340 2342 1403 tuum,
2376 1340 2433 1393 et
2465 1335 2870 1393 remissionem
2904 1338 3016 1394 sibi
3044 1339 3308 1396 omnium
3354 1357 3483 1414 pec-

1831 1428 2095 1480 catorum
2127 1440 2369 1480 suorum
2400 1429 2523 1481 tota
2546 1425 2737 1481 cordis
2758 1425 3120 1483 confessione
3145 1433 3481 1502 poscentem

1829 1514 2179 1585 deprecatus
2227 1512 2457 1580 exaudi,
2494 1530 2705 1570 renova
2737 1514 2796 1571 in
2851 1532 2918 1571 ee
2967 1515 3260 1588 piisssime
3293 1521 3478 1583 Pater,

1831 1602 2119 1675 quidquid
2149 1606 2380 1659 terrena
2429 1603 2741 1677 fragilitate
2785 1609 3150 1677 corruptum,
3182 1605 3268 1662 vel
3311 1606 3483 1680 quid-

1831 1690 1973 1762 quid
2006 1690 2296 1748 diabolica
2342 1691 2547 1748 fraude
2594 1690 2876 1749 violatum
2926 1696 3016 1748 est
3060 1691 3150 1749 vel
3204 1693 3264 1750 in
3296 1711 3482 1751 unum

1832 1780 2163 1836 membrum
2194 1779 2455 1851 corporis
2485 1777 2699 1837 Christi
2727 1785 2785 1837 et
2814 1780 2874 1839 in
2910 1781 3191 1839 unitatem
3215 1782 3481 1840 Ecclesiae

1832 1872 1945 1923 tua:
1978 1869 2378 1926 membrorum
2410 1868 2666 1942 perfecta
2696 1867 3041 1935 remissione
3072 1870 3331 1929 restitue.
3377 1871 3482 1929 Mi-

1831 1973 2023 2013 serere
2053 1958 2175 2013 Dne
2203 1956 2840 2029 gemituum,miserere
2857 1957 3263 2029 lacrimarum;
3288 1965 3346 2017 et
3365 1978 3481 2017 non

1832 2046 2143 2102 habentem
2174 2046 2591 2113 fiduciam‘nisi
2625 2046 2684 2103 in
2717 2050 2818 2104 tua
2846 2046 3248 2105 misericordia
3278 2050 3349 2105 ad
3380 2066 3480 2108 sa-

1830 2140 2199 2192 cramentum
2212 2152 2553 2209 quaesumus
2575 2133 3063 2192 reconciliationis
3086 2137 3479 2201 admitte.Per.

1905 2225 2061 2279 Alia.
2096 2224 2457 2280 Maiestatem
2487 2229 2650 2280 tuam
2700 2225 2822 2280 Dnc
2864 2225 3161 2300 supplices
3207 2226 3481 2300 depreca-

1832 2331 1984 2379 mur,
2014 2318 2079 2369 ut
2110 2313 2246 2370 huic
2278 2311 2495 2370 famulo
2529 2317 2628 2370 tuo
2659 2313 2833 2386 longe
2864 2312 3093 2387 sqalore
3131 2316 3480 2387 paenitentiae

1832 2407 2125 2458 macerato
2158 2402 2552 2460 miserationis
2582 2406 2693 2458 tua:
2726 2402 2951 2459 veniam
2982 2402 3181 2475 largiri
3200 2404 3479 2478 digneris,

1833 2496 1896 2546 ut
1927 2491 2172 2564 nuptiali
2206 2496 2358 2548 veste
2389 2496 2619 2565 recepta
2647 2492 2720 2547 ad
2752 2491 3006 2565 regalem
3042 2510 3308 2550 mensam
3327 2494 3479 2551 unde

1831 2586 2051 2636 eiectus
2079 2581 2268 2636 fuerat
2294 2585 2585 2637 mereatur
2614 2579 2874 2636 introire.
2908 2581 3033 2637 Per.

1910 2671 2060 2725 .Ilia.
2096 2669 2409 2727 Benedicat
2468 2674 2523 2725 te
2579 2674 2733 2727 Deus
2779 2668 2967 2742 Pater,
2999 2676 3169 2727 sanet
3221 2674 3275 2727 te
3325 2670 3480 2731 Deus

1832 2758 2033 2827 Filius,
2068 2757 2359 2814 illuminet
2390 2763 2443 2814 te
2474 2757 2728 2832 Spiritus
2758 2763 3018 2816 sanctus.
3051 2762 3273 2833 Corpus
3314 2766 3478 2819 tuum

1833 2848 2126 2904 custodiat
2155 2846 2414 2903 animam
2446 2850 2608 2902 tuam
2639 2846 2840 2914 salvet,
2875 2864 2976 2904 cor
3021 2852 3187 2903 tuum
3219 2848 3480 2920 irradiet,

1833 2941 1892 2992 et
1919 2937 1991 2991 ad
2024 2953 2279 3010 superna
2307 2940 2362 2991 te
2384 2935 2683 3009 perducat,
2712 2952 3080 3008 perseverare
3116 2939 3171 2991 te
3214 2936 3482 2995 Christus

1834 3026 1894 3082 in
1926 3042 2033 3081 sue
2060 3030 2264 3081 sancto
2295 3024 2528 3081 servitio
2558 3024 2754 3090 faciat,
2786 3028 2843 3081 et
2872 3024 3152 3098 perducat
3182 3028 3236 3081 te
3284 3025 3344 3080 in
3394 3026 3480 3082 vi-

1835 3120 1953 3170 tam
1986 3119 2281 3169 aeternam.
2306 3114 2535 3169 Partem
2559 3112 2836 3170 merearis
2858 3112 3074 3170 habere
3103 3130 3237 3169 cum
3260 3115 3482 3171 sanctis

143 3206 282 3261 Αιία,
331 3205 580 3263 Domine
622 3210 824 3264 sancte
883 3209 1051 3264 Pater
1097 3192 1471 3284 άωοίροιθηε
1514 3219 1726 3272 meum
1756 3192 1797 3257 C
1833 3208 1889 3259 et
1916 3203 2117 3260 electis
2145 3201 2266 3260 Dei.
2300 3201 2610 3274 Indulgeat
2656 3200 2761 3258 tibi
2811 3202 2967 3259 Deus
3016 3201 3216 3258 omnia
3245 3207 3482 3276 peccata

80 3291 244 3360 Deus,
274 3294 380 3368 qui
412 3298 502 3351 est
526 3294 620 3352 via
660 3299 719 3353 et
753 3296 965 3355 veritas
994 3301 1051 3353 et
1076 3298 1217 3371 vita,
1250 3301 1461 3358 exaudi
1503 3306 1560 3359 et
1586 3320 1722 3360 cen-

76 3397 232 3438 serva
279 3382 444 3439 hunc
501 3381 791 3441 famulum
840 3388 1033 3454 tuum,
1066 3402 1242 3459 quem
1291 3388 1474 3459 pretio
1508 3406 1723 3463 magno

76 3471 422 3528 redemendo
474 3472 780 3529 viviﬁcasti
830 3490 995 3530 sacro
1047 3476 1335 3549 sanguine
1365 3477 1469 3533 filii
1500 3478 1587 3535 tui
1615 3480 1724 3536 Do-

79 3559 214 3616 mini
246 3562 338 3617 nri
372 3560 480 3617 Ihu
529 3561 637 3635 Xpi
688 3561 789 3635 qui
833 3566 1028 3619 tecum
1079 3564 1215 3621 vivit
1262 3570 1322 3623 et
1364 3571 1585 3641 regnat.
1615 3571 1724 3627 Hie

74 3652 501 3706 communicetur
535 3652 708 3722 (146).
745 3650 860 3706 Pax
889 3655 946 3708 et
974 3654 1427 3712 communicatio
1462 3658 1722 3729 corporis

83 3740 137 3795 et
164 3738 478 3813 sanguinis
514 3739 622 3796 Dni
676 3740 768 3795 nri
816 3740 923 3796 lbu
969 3740 1077 3813 Xpi
1128 3750 1431 3802 conservet
1459 3747 1721 3804 animam

74 3829 226 3883 tuam
260 3827 323 3883 in
353 3829 533 3885 vitam
565 3833 862 3885 aeternam.
894 3832 1100 3887 Amen.

660 3918 805 3974 Aliae
833 3918 1135 3976 Orationes.

136 4007 389 4064 Oremus
446 4007 655 4064 fratres
705 4006 857 4063 Dnm
917 4025 1050 4063 nrm
1106 4026 1211 4081 pro
1270 4011 1447 4069 fratre
1496 4018 1717 4084 nostro,

71 4109 241 4166 quem
272 4096 424 4151 dure
454 4096 527 4152 ad
560 4113 815 4170 praesens
845 4095 1068 4153 malum
1091 4095 1390 4172 languoris
1416 4101 1642 4176 affligit,
1658 4107 1723 4161 ut

70 4198 199 4238 eum
231 4184 467 4241 Domini
496 4184 686 4257 pietas
712 4183 1052 4243 coelestibus
1072 4186 1346 4259 dignetur
1364 4206 1568 4248 curare
1599 4208 1722 4249 me-

69 4271 297 4347 dicinis,
324 4277 394 4330 ut
424 4274 527 4346 qui
551 4274 712 4330 dedit
738 4273 917 4331 vitam
940 4276 1038 4332 det
1062 4275 1336 4335 salutem.
1370 4278 1497 4335 Per.

133 4362 387 4419 Domine
416 4362 547 4419 Iesu
577 4361 826 4431 Christe,
854 4364 956 4436 qui
1005 4364 1373 4438 corripiendo
1421 4368 1615 4441 parcis
1665 4375 1724 4427 et

72 4451 364 4521 parcendo
387 4451 657 4519 remittis,
678 4451 779 4523 qui
810 4451 1159 4525 ﬂagellande
1190 4454 1434 4528 corripis
1465 4461 1524 4515 et
1551 4458 1721 4517 mise-

1831 3296 1953 3359 tua,
1985 3291 2333 3349 misereatur
2364 3289 2468 3346 tibi
2498 3289 2765 3346 Christus
2793 3289 2953 3348 filius
2986 3289 3109 3362 Dei,
3144 3307 3376 3364 semper
3422 3296 3477 3348 te

1831 3398 2043 3438 sanum
2074 3386 2131 3437 et
2159 3379 2506 3438 incolomem
2540 3384 2597 3435 et
2625 3383 2947 3452 protectum
2979 3380 3053 3435 ab
3083 3380 3358 3437 omnibus
3386 3380 3477 3437 in-

1831 3470 2000 3527 sidiis
2030 3470 2403 3526 inimicorum
2433 3468 2699 3525 omnium
2742 3467 3033 3525 custodiat
3070 3473 3243 3525 Pater
3288 3469 3479 3527 omni-

1831 3561 2038 3629 potens
2069 3558 2170 3629 qui
2200 3561 2256 3613 te
2285 3555 2500 3613 creavit
2528 3573 2632 3629 per
2662 3556 2901 3612 unicum
2924 3555 3111 3612 filium
3136 3573 3311 3613 suum
3326 3557 3479 3613 Dnm

1831 3663 1963 3701 nrm
1993 3645 2094 3719 qui
2126 3663 2259 3702 cum
2291 3645 2493 3702 eodem
2527 3645 2691 3701 Patre
2721 3649 2778 3700 et
2792 3644 3011 3719 Spiritu
3043 3650 3243 3702 sancto
3264 3644 3404 3703 vivit
3423 3649 3482 3703 et

1829 3738 2035 3808 regnat
2064 3735 2123 3790 in
2154 3734 2367 3791 szecula
2394 3733 2763 3791 sazculorum.
2795 3736 3002 3790 Amen.

1901 3826 2047 3881 Alia.
2078 3825 2291 3880 Adesto
2320 3824 2441 3880 Dne
2472 3822 3001 3897 supplicationibus
3033 3823 3381 3893 nostris,nec
3402 3824 3481 3882 sit

1828 3915 1901 3971 ab
1932 3916 2041 3971 hec
2073 3913 2290 3970 t‘amulo
2338 3917 2439 3970 tuo
2490 3911 2810 3969 clementia:
2860 3912 3113 3987 benigna
3156 3913 3479 3983 miseratio,

1829 4022 1974 4062 sana
1998 4004 2260 4069 vulnera,
2293 4002 2537 4075 eiusque
2568 4001 2796 4059 remitte
2834 4008 3089 4074 peccata,
3125 4007 3190 4058 ut
3237 4002 3416 4060 nullis
3446 4020 3481 4059 a

1828 4098 1885 4150 te
1915 4092 2325 4167 iniquitatibus
2355 4092 2479 4149 suis
2510 4096 2815 4164 separatus
2846 4091 2950 4148 tibi
2982 4108 3215 4165 semper
3232 4091 3355 4148 Dne
3385 4090 3478 4148 ad-

1831 4182 2046 4240 haerere
2075 4181 2283 4239 valeat.
2317 4181 2444 4238 Per.

1901 4274 2057 4328 Alia.
2093 4270 2264 4327 Parce
2299 4269 2546 4327 Domine
2594 4286 2766 4343 parce
2798 4268 3020 4325 famulo
3052 4273 3152 4324 tuo
3181 4284 3354 4340 quem
3386 4284 3477 4323 re-

1831 4361 2064 4418 demisti
2091 4359 2317 4417 Christo
2346 4358 2633 4432 sanguine
2663 4364 2785 4426 tuo,
2816 4375 2887 4414 ne
2933 4358 2992 4412 in
3040 4361 3318 4412 aeternum
3370 4355 3479 4412 ira-

1830 4451 2016 4509 scaris
2045 4448 2117 4506 ei.
2151 4450 2258 4505 Hic
2303 4447 2655 4505 decantentur
2696 4445 3097 4518 prenitentiales
3137 4443 3344 4516 psalmi
3392 4442 3481 4500 l’ll

66 4540 250 4596 rando
273 4540 589 4612 convertis,
620 4557 801 4614 argue
831 4540 1122 4599 famulum
1154 4546 1320 4601 tuum
1351 4545 1420 4600 N.
1455 4546 1515 4602 in
1547 4548 1722 4604 mise-
1752 4559 1798 4625 D
1828 4558 1955 4597 cum
1983 4540 2211 4597 laetania
2239 4538 2390 4609 infra
2416 4538 2639 4602 inserta.

66 4627 317 4685 ricordia
345 4633 466 4699 tua,
498 4633 556 4686 et
589 4646 707 4686 non
740 4629 800 4687 in
832 4630 1050 4700 furore,
1070 4631 1172 4704 qui
1201 4649 1337 4690 cum
1367 4637 1723 4694 correctione
1762 4624 1765 4625 ν
1832 4630 2000 4704 Kyrie
2032 4628 2103 4686 el.
2135 4629 2255 4702 Xpe
2286 4626 2359 4684 el.
2391 4626 2511 4698 Xpe
2539 4624 2675 4682 audi
2708 4641 2835 4681 nos.

63 4717 163 4775 tua
212 4718 570 4793 corrigatur,
616 4719 981 4793 indulgentia
1028 4721 1380 4792 consoletur,
1412 4725 1725 4800 disciplina

67 4806 390 4875 erudiatur,
444 4807 737 4865 medicina
795 4814 1050 4878 curetur,
1090 4811 1324 4869 verbere
1380 4814 1720 4888 castigetur,

70 4893 287 4964 pietate
320 4899 578 4952 sanetur.
602 4896 831 4954 Placeat
860 4914 997 4971 ergo
1026 4898 1133 4955 tibi
1164 4900 1411 4958 Domine
1427 4919 1564 4960 eum
1584 4902 1723 4961 libeo

68 4997 216 5052 rare,
248 4983 561 5057 corripere,
596 4986 819 5059 eripere
848 4992 905 5045 et
934 5006 1051 5045 non
1082 4989 1437 5063 disperdere.
1468 4995 1597 5049 Per.

134 5072 285 5128 Alia.
319 5072 408 5130 Da
450 5074 621 5132 nobis
652 5075 775 5133 Dne
807 5081 870 5134 ut
898 5076 1052 5138 sicut
1099 5079 1400 5151 publicani
1447 5082 1720 5154 precibus

135 5176 286 5261 £145)
558 5182 679 5261 hinc
711 5201 862 5261 pars_
876 5184 1134 5261 corporis
1164 5186 1356 5261 desiit,
1372 5204 1549 5261 quam
1579 5189 1718 5246 olim

66 5246 776 5330 solam_'.etiam'_unctam
832 5246 1014 5330 fuisse
1062 5257 1192 5328 jam
1240 5246 1613 5330 Mabillonius
1657 5261 1719 5317 in

65 5317 405 5387 praefatione
458 5325 531 5380 ad
581 5325 723 5382 Saac.
756 5344 775 5382 ι
805 5317 1223 5385 Benedictinum
1252 5347 1287 5385 a
1327 5328 1553 5387 Christo
1584 5348 1718 5388 vero

65 5393 198 5475 nato
249 5395 485 5475 sextum
536 5396 861 5475 observavit
909 5415 978 5475 ex
1031 5398 1150 5456 vita
1205 5399 1262 5456 S.
1296 5402 1584 5475 Augendi,
1617 5402 1718 5475 qui

63 5463 324 5540 extremo
383 5465 739 5524 decumbens
796 5470 1023 5540 morbo,
1052 5478 1238 5526 vocato
1281 5463 1514 5527 unovad
1557 5463 1721 5529 se'de

61 5532 511 5623 (retribuam;
543 5555 689 5623 “(mm
749 5532 1019 5623 libertate
1048 5542 1323 5623 peculiari
1366 5543 1502 5599 olim
1530 5621 1537 5623 ξ
1553 5546 1720 5623 etiam

60 5606 414 5679 perungunti
470 5609 715 5682 inﬁrmos
782 5626 916 5687 opus
973 5606 1316 5687 iniunxerat,
1370 5616 1720 5673 secretissime

1828 4719 2094 4777 Salvator
2116 4716 2321 4773 mundi
2352 4716 2563 4772 adiuva
2592 4732 2721 4772 nos.

1826 4814 2038 4865 Sancta
2068 4808 2251 4864 Maria
2277 4823 2379 4863 ora
2407 4823 2511 4878 pro
2542 4805 2730 4861 nobis.

1828 4900 2045 4956 Sancta
2073 4896 2258 4953 Maria
2286 4895 2387 4952 Dei
2416 4894 2669 4968 genitrix
2698 4911 2801 4949 ora
2823 4910 2926 4965 pro
2959 4891 3179 4949 famulo
3208 4896 3326 4948 tuo.

1828 4991 2038 5045 Sancta
2065 4990 2123 5044 et
2146 4990 2429 5060 perpetua
2455 4985 2614 5056 virgo
2646 4999 2923 5040 succurre
2953 4983 3012 5039 in
3035 4982 3325 5055 angustiis
3346 4998 3476 5039 cen-

1900 5080 2129 5135 stituto.

1828 5202 2038 5259 quoque
2085 5184 2195 5239 sibi
2245 5180 2619 5255 pectusc-ulum
2668 5182 2844 5254 petiit,
2894 5189 2958 5238 ut
3012 5181 3183 5237 moris
3239 5188 3335 5249 est,
3386 5180 3473 5234 in-

1826 5274 1958 5313 una:
1970 5300 1982 5312 .

1925 5321 2049 5402 146)
2077 5325 2209 5402 V_id._
2260 5321 2504 5402 Launoii
2549 5322 2697 5402 l_ibe_r
2743 5323 2836 5380 cui
2885 5322 3109 5402 titulus
3141 5340 3155 5378 :
3187 5321 3474 5402 Explicata

1826 5393 1973 5456 vetus
2002 5393 2262 5472 Ecclesia?
2281 5393 2514 5472 traditio
2541 5394 2607 5450 de
2634 5394 2763 5450 data
2805 5396 3216 5472 gnﬁrmis__post
3254 5393 3471 5472 auctio-

1824 5488 1952 5527 nem
1977 5468 2356 5543 Eucharistia;
2387 5465 2541 5543 unde
2572 5458 3001 5543 paucade'hoe
3026 5458 3291 5543 rit'uz'qui
3312 5458 3472 5540 .ubi-

1828 5558 1941 5614 que
1970 5539 2241 5614 obtinuit,
2268 5534 2591 5614 dicendum
2613 5537 2935 5597 existimavi
2952 5540 3030 5592 -P.
3063 5552 3103 5593 ιι
3131 5534 3382 5605 disquis.
3413 5544 3470 5599 v,

1829 5609 1878 5671 6.
1912 5614 1967 5682 3,
2002 5629 2060 5669 η.
2090 5611 2145 5682 3,
2177 5626 2235 5685 p.
2269 5609 2393 5667 486.
