3892 6212
446 340 559 401 995

442 474 658 530 Omnes
689 475 876 531 sancti
907 474 1110 549 Angeli
1141 479 1299 533 orate
1332 493 1435 549 pro
1465 476 1574 532 hoc
1605 474 1857 532 infirmo.

444 562 660 619 Omnes
691 564 876 620 sancti
908 564 1255 639 Archangeli
1288 569 1445 621 orate
1475 581 1530 636 p.
1566 564 1623 619 h.
1657 564 1760 619 inf.

443 653 661 709 Omnes
692 652 878 710 sancti
910 653 1258 711 Patriarchze
1291 658 1448 710 orate
1480 672 1537 727 p.
1573 653 1631 709 h.
1665 654 1769 709 inf.

440 741 661 797 Omnes
690 741 877 798 sancti
908 741 1207 816 Propheta:
1239 747 1398 800 orate
1427 760 1484 816 p.
1518 742 1578 799 h.
1611 741 1715 798 inf.

442 829 653 886 Sancte
684 830 973 888 Iohannes
1004 830 1260 905 Baptista
1288 848 1389 888 ora
1418 849 1474 905 p.
1512 831 1571 888 h.
1602 830 1704 887 inf.

440 918 497 974 S.
533 918 695 977 Petre
726 937 827 976 ora
856 938 960 993 pro
990 920 1099 977 hoc
1129 921 1382 977 infirmo.

439 1007 498 1062 S.
531 1007 707 1065 Paule
737 1025 839 1066 ora
866 1026 969 1084 pro
999 1008 1109 1066 huc
1140 1009 1394 1066 infirmo.

439 1096 496 1152 S.
528 1097 761 1153 Andrea
786 1113 888 1155 ora
914 1112 1020 1171 pro
1052 1099 1161 1156 hoc
1192 1098 1447 1156 infirmo.

439 1184 497 1240 S.
524 1184 811 1243 Iohannes
837 1191 893 1243 et
921 1188 1110 1245 caeteri
1139 1189 1240 1261 qui
1272 1192 1616 1262 sequuntur.
1634 1191 1792 1244 orate
1824 1205 1879 1260 p.
1904 1186 2085 1243 h.int.

436 1275 653 1331 Omnes
703 1274 890 1331 sancti
940 1277 1199 1351 Apostoli
1246 1281 1303 1334 ct
1349 1275 1747 1350 Evangelistae.
1781 1281 1941 1333 orate
1985 1293 2089 1349 pro

508 1364 618 1420 hoc
639 1362 893 1422 infirmo.
1978 1359 1991 1375 “

433 1459 648 1516 Omnes
683 1456 870 1514 sancti
906 1456 1211 1528 Martyres.
1241 1459 1399 1511 orate
1430 1472 1485 1527 p.
1519 1455 1578 1510 h.
1613 1454 1715 1509 inf.

433 1548 649 1605 Omnes
681 1546 869 1604 sancti
901 1545 1291 1601 Confes'sores.
1324 1548 1484 1600 orate
1512 1561 1569 1617 p.
1603 1544 1661 1599 h.
1695 1544 1799 1599 inf.

436 1637 650 1693 Omnes
676 1639 888 1693 sanctae
918 1633 1208 1707 Virgines.
1241 1637 1400 1690 orate
1434 1650 1490 1707 p.
1523 1632 1582 1688 h.
1616 1632 1718 1689 inf.

434 1726 650 1782 Omnes
680 1722 869 1781 sancti
899 1723 973 1779 ab
1005 1721 1181 1778 inicio
1213 1721 1419 1778 mundi
1463 1738 1651 1794 usque
1699 1722 1769 1777 ad
1806 1737 2081 1794 praesens.

504 1819 663 1871 orate
692 1830 797 1889 pro
826 1812 937 1869 hoc
968 1811 1224 1867 inﬁrmo.

433 1903 725 1976 Prdpitius
754 1906 878 1958 esto
909 1905 966 1957 et
996 1900 1179 1956 libera
1204 1908 1339 1956 eum
1370 1899 1510 1955 Dne.

432 1992 722 2066 Pr0pitius
752 1994 967 2048 esto‘et
996 2005 1167 2063 parce
1197 1989 1248 2044 ei
1282 1989 1422 2045 Dne.

429 2083 515 2138 Ab
544 2081 705 2137 omni
736 2080 891 2137 malo
920 2079 1103 2135 libera
1130 2092 1264 2133 eum
1297 2078 1439 2133 Dne.

373 2175 386 2185 '
427 2171 513 2227 Ab
544 2171 631 2225 ira
659 2174 760 2227 tua
787 2168 970 2224 libera
997 2184 1131 2224 eum
1163 2168 1304 2223 Dne.

428 2261 513 2316 Ab
544 2259 746 2332 iniqua
774 2264 960 2315 morte
991 2257 1175 2314 libera
1203 2273 1338 2312 eum
1364 2257 1506 2312 Dne.

428 2350 512 2405 Ab
545 2349 704 2404 omni
738 2346 1116 2403 immunditia
1145 2345 1337 2402 cordis
1368 2351 1426 2401 et
1455 2346 1715 2419 corporis
1746 2345 1847 2401 lib.
1889 2363 1939 2401 e.
1974 2346 2041 2402 D.

427 2441 473 2493 A
502 2435 752 2494 vinculis
780 2434 999 2491 diaboli
1030 2434 1216 2492 libera
1247 2451 1382 2489 eum
1415 2434 1557 2490 Dne.

428 2528 535 2582 Per
564 2541 794 2581 crucem
824 2528 986 2579 tuam
1019 2522 1203 2578 libera
1231 2539 1365 2579 eum
1398 2523 1539 2579 Dne.

428 2617 535 2671 Per
556 2613 888 2687 passionem
920 2614 1081 2667 tuam
1113 2610 1297 2670 libera
1323 2628 1456 2667 cum
1490 2612 1629 2667 Dne.

431 2706 533 2761 Per
563 2703 876 2758 adventum
906 2704 1076 2756 tuum
1110 2700 1292 2756 libera
1318 2717 1453 2759 eum
1482 2700 1624 2757 Due.

429 2793 785 2849 Peccatores.
820 2791 900 2846 Te
930 2806 1207 2863 rogamus
1238 2788 1397 2846 audi.

427 2881 500 2938 Ut
530 2896 730 2954 pacem
758 2884 1099 2952 perpetuam
1129 2878 1181 2933 ei
1207 2878 1408 2934 dones.
1434 2879 1512 2935 Te
1544 2894 1665 2950 reg.

428 2970 499 3027 Ut
530 2970 747 3025 fontem
780 2967 1169 3041 lacrymarum
1200 2966 1252 3023 ei
1285 2967 1487 3023 dones.
1517 2967 1594 3024 'l‘e
1626 2983 1749 3041 rog.

426 3059 498 3117 Ut
527 3058 774 3133 gratiam
808 3057 993 3113 sancti
1040 3056 1298 3129 Spiritus
1350 3055 1510 3113 cordi
1556 3056 1716 3114 illius
1762 3052 2070 3116 infundere

386 3156 391 3161 '
495 3148 773 3222 digneris.
809 3147 888 3204 Te
917 3162 1214 3220 rogamus.

2112 1848 2162 1915 Β

1229 342 1567 404 APPEND.
1610 343 1713 403 AD
1759 341 1949 404 SIEC.
1993 341 2066 401 X.
2097 373 2177 386 --
2211 338 2714 404 MONUMENTA
2755 341 3071 405 LITUBG.
3754 346 3825 402 QE

2120 475 2179 544 Α
2210 478 2325 531 tcm
2358 474 2415 530 in
2448 475 2604 531 hunc
2637 476 2948 548 mundum,
2978 475 3257 532 iilumina
3288 491 3654 548 quaesumus
3683 476 3827 531 coris

2208 562 2351 619 muli
2398 563 2484 620 tui
2516 564 2714 637 gratiae
2747 568 2860 621 tua:
2892 565 3227 638 splendore,
3256 570 3325 621 ut
3356 566 3561 638 digna
3591 565 3831 620 mniestai

2205 657 2317 709 tua:
2344 653 2618 727 cogitare,
2653 658 2709 709 et
2741 654 2984 727 diligere
3011 654 3219 711 valeat.
3255 655 3388 711 Per.

2273 743 2419 799 Atia.
2454 741 2693 799 Dimitte
2718 743 2840 799 Dne
2868 748 3106 816 peccata
3134 747 3340 802 nostra
3369 748 3438 799 et
3488 741 3688 798 tribue
3716 743 3833 798 nobs

2203 830 2666 888 misericordiam
2698 835 2861 887 tuam
2896 848 3015 904 qua
3042 831 3162 888 oris
3218 833 3410 889 nostri
3468 831 3729 903 alloquio
3768 831 3836 885 de-

2148 928 2151 929 '
2201 924 2495 993 precatus,
2531 919 2736 976 famuli
2768 920 2853 975 tui
2884 919 3283 978 humilitatem
3316 925 3377 977 et
3412 920 3751 995 angustiam
3768 923 3831 975 ad-

2144 1016 2149 1019 ’
2201 1009 2428 1077 tendas,
2452 1008 2687 1065 vincula
2714 1008 2923 1077 solvas,
2949 1009 3161 1066 delicta
3190 1008 3831 1079 deleas,tribulatione:

2200 1097 2503 1170 inspicias,
2552 1097 2940 1171 effectumque
2998 1098 3273 1171 peticioni
3335 1103 3573 1157 nostra
3633 1097 3832 1171 largiens

2200 1186 2515 1244 clementer
2568 1186 2863 1242 exaudias.
2900 1186 3022 1243 Per.
3087 1189 3192 1245 llis
3252 1190 3334 1244 ita
3388 1188 3693 1261 explicitis
3730 1202 3831 1255 mea

2198 1274 2447 1331 sacerdos
2476 1278 2750 1348 confessor
2780 1276 2991 1346 inﬁrmi
3030 1276 3170 1332 alios
3212 1277 3564 1345 sacerdotes,
3595 1285 3655 1332 ut
3696 1278 3830 1331 dm:

2198 1381 2363 1437 super
2389 1381 2513 1420 cum
2541 1367 2814 1421 orationes
2842 1365 2959 1432 has,
2992 1381 3120 1437 qua?
3144 1374 3276 1421 sunt
3306 1366 3374 1421 de
3425 1368 3833 1423 reconciliatione

2196 1455 2510 1525 pamitentis
2537 1453 2613 1509 ad
2639 1461 2887 1509 mortem.

2919 1542 3125 1598 Oratio.

2270 1632 2423 1689 Deus
2454 1631 2805 1700 misericors,
2836 1631 2989 1689 Deus
3018 1632 3479 1689 clemens.Ah‘a.
3509 1633 3829 1689 Maiestatm

2197 1725 2382 1777 tuam.
2406 1721 2929 1777 Alia.Maiestatem
2953 1724 3114 1776 tuam
3137 1738 3503 1794 quaesumus
3530 1722 3659 1778 Dne
3678 1730 3829 1779 sancte

2197 1810 2367 1865 Pater
2394 1810 2763 1882 omnipotens
2813 1813 3024 1865 aeterne
3072 1810 3227 1866 Deus
3278 1811 3383 1882 qui
3422 1827 3553 1866 non
3603 1819 3829 1877 mortem,

2193 1899 2293 1955 sed
2351 1903 2717 1971 peccatorum
2773 1898 2949 1954 vitam
3006 1915 3239 1970 semper
3296 1900 3611 1972 inquiris;
3656 1901 3830 1971 respice

2195 1987 2432 2044 flentem
2465 1986 2751 2043 famulum
2777 1992 2968 2056 tuum,
3000 1989 3252 2043 adtende
3283 1992 3689 2061 prostratum,
3717 1989 3832 2045 eius-

2191 2095 2304 2150 que
2335 2076 2635 2149 planctum
2656 2076 2717 2131 in
2734 2076 3017 2150 gaudium
3040 2080 3140 2131 tua
3160 2076 3561 2134 miseratione
3583 2082 3829 2134 converte.

2190 2166 2404 2222 Scinde
2450 2164 2798 2221 delictorum
2852 2180 3107 2231 saccum,
3141 2170 3203 2221 et
3249 2165 3441 2222 indue
3494 2184 3639 2223 eum
3670 2166 3829 2221 laetitia

2189 2255 2528 2323 salutari,ut
2558 2258 2691 2327 post
2716 2254 2949 2327 longam
2984 2255 3530 2328 peregrinationem
3561 2258 3762 2312 famem
3778 2257 3825 2309 de

2189 2346 2409 2400 sanctis
2439 2343 2724 2400 altaribus
2746 2344 2865 2399 tuis
2889 2344 3612 2418 satietur,ingressusque
3632 2347 3827 2402 cubicu-

2188 2433 2312 2489 lum
2344 2433 2519 2506 regis,
2554 2433 2613 2488 in
2647 2432 2836 2505 ipsius
2865 2432 3002 2490 aula
3034 2434 3344 2489 benedicat
3392 2452 3626 2491 nomen
3668 2435 3826 2508 glori:

2188 2527 2300 2577 tuae
2334 2539 2582 2594 semper.
2617 2522 2743 2578 Per.
2776 2523 2980 2577 Deinde
3015 2524 3231 2593 faciant
3275 2541 3490 2595 aquam
3530 2526 3827 2581 Medicae

2183 2613 2299 2667 sate
2329 2627 2610 2683 aspersam
2637 2619 2687 2667 et
2716 2620 3008 2683 aspergunt
3035 2628 3176 2679 eam,
3209 2628 3339 2668 cum
3386 2614 3622 2685 amipli.
3653 2623 3703 2669 et
3734 2632 3828 2667 m-

2184 2701 2424 2756 tionibus
2450 2716 2615 2772 super
2639 2701 2819 2772 ipsum
2842 2702 3147 2771 inﬁrmum,
3165 2710 3219 2757 et
3249 2704 3311 2757 in
3341 2702 3529 2769 domo,
3562 2721 3674 2775 qua
3700 2706 3821 2757 iam.

2184 2795 2312 2846 Post
2341 2791 2460 2846 haec
2486 2807 2521 2844 a
2541 2789 2813 2846 sacerdote
2840 2790 3058 2846 dicatur
3084 2793 3284 2847 oratio.

2253 2879 2497 2935 Domine
2527 2879 2701 2947 Deus,
2737 2878 2838 2951 qui
2872 2896 2976 2951 per
3026 2879 3362 2952 apostolum
3416 2884 3595 2937 tuum
3627 2881 3822 2937 locatas

2180 2985 2264 3036 es,
2297 2968 2631 3023 infirmatur
2676 2967 2808 3040 quis
2855 2968 2916 3023 in
2968 2968 3132 3024 vobis
3183 2967 3434 3025 inducat
3475 2972 3821 3042 presbyteros

2180 3055 2467 3125 Ecclesiae,
2501 3061 2558 3113 et
2586 3061 2754 3113 orent
2783 3073 2960 3129 super
2993 3073 3152 3125 eum,
3174 3064 3513 3131 unguentes
3542 3076 3684 3115 eum
3722 3059 3818 3114 oleo

2186 3150 2386 3203 sancto
2417 3146 2477 3200 in
2509 3145 2743 3202 nomine
2763 3146 3079 3213 Domini,et
3107 3146 3294 3203 oratio
3328 3148 3470 3204 ﬁdei
3495 3148 3822 3204 salvabitin-

425 3239 496 3296 Ut
528 3214 792 3311 spacium
850 3214 1226 3310 pcenitentize,
1261 3235 1309 3292 si
1357 3235 1479 3291 ﬂeri
1524 3240 1732 3309 potest,
1765 3236 1817 3293 ei
1866 3237 2068 3295 dones.
2102 3214 2147 3281 Ο
2186 3235 2509 3303 firmum,et
2537 3234 2808 3291 allevabit
2840 3251 2975 3290 eum
3004 3235 3392 3303 Dominus,st
3421 3237 3474 3293 si
3506 3237 3566 3293 in
3597 3236 3817 3310 peccans

406 3332 416 3338 ’
493 3329 575 3384 Te
607 3343 902 3401 rogamus.

402 3418 498 3475 ‘Ut
528 3416 1005 3473 intercessionem
1038 3418 1094 3471 et
1124 3414 1402 3471 solatium
1435 3418 1771 3470 sanctorum
1795 3414 1845 3471 ei
1868 3416 2070 3474 dones.

492 3507 573 3561 Te
602 3521 896 3578 rogamus.

424 3595 497 3651 Ut
526 3596 585 3650 in
616 3592 887 3666 praesenti
920 3592 1179 3666 periculo
1210 3591 1263 3648 ei
1294 3608 1632 3649 succurrere
1678 3591 1957 3666 digneris.
1992 3594 2072 3650 Te

639 3699 790 3737 mus.

639 3699 790 3737 mus.
1698 3708 1705 3711 ν

424 3699 773 3843 Utrgeggellas
799 3769 872 3825 ab
902 3784 968 3825 eo
995 3785 1198 3824 omnes
1230 3768 1522 3841 principes
1564 3768 1960 3824 tenebrarum.
1994 3771 2071 3827 Te

496 3875 792 3932 rogamus.

423 3948 495 4004 Ut
525 3948 595 4004 ad
628 3946 844 4019 gaudia
874 3950 1085 4001 aeterna
1132 3962 1266 4002 eum
1314 3947 1627 4019 perducere
1674 3946 1954 4022 digneris.
1988 3949 2070 4004 To

496 4052 791 4109 rogamus.

422 4126 498 4184 Ut
526 4124 843 4182 Ecclesiam
876 4128 1037 4180 tuam
1065 4123 1124 4179 in
1146 4140 1213 4180 eo
1238 4123 1490 4181 exaltare
1513 4125 1793 4198 digneris.
1822 4128 1888 4182 T.
1914 4145 1959 4183 r.

423 4216 496 4273 Ut
525 4232 632 4271 nos
662 4214 934 4271 exaudire
956 4213 1232 4286 digneris.
1267 4215 1348 4270 Te
1380 4230 1675 4287 rogamus.

423 4304 528 4362 Fili
558 4304 681 4361 Dei.
707 4304 787 4359 Te
821 4319 1097 4376 rogamus
1119 4302 1257 4358 audi
1291 4320 1418 4360 nos.
1454 4303 1551 4359 Ill.

419 4398 581 4467 Agne
611 4392 709 4449 Dei
740 4392 841 4465 qui
875 4391 1032 4448 tollis
1064 4395 1299 4465 peccata
1330 4392 1555 4448 mundi.
1582 4391 1755 4450 Parce
1799 4393 1895 4449 isti
1926 4394 2067 4450 Dne.

372 4486 377 4491 ⁴
417 4486 540 4540 Anc
569 4483 671 4540 Dei
702 4480 803 4555 qui
834 4480 991 4538 tollis
1023 4486 1256 4554 peccata
1294 4481 1519 4538 mundi.
1553 4481 1824 4539 Miserere
1870 4482 1970 4539 isti
2000 4484 2065 4539 D.

418 4572 539 4645 Xpe
569 4571 707 4628 audi
738 4588 864 4627 nos.
895 4571 990 4626 ΙΙΙ.
1017 4570 1186 4643 Kyrie
1213 4570 1285 4626 el.

419 4661 539 4733 Xpe
568 4660 808 4717 eleison.
843 4658 1013 4732 Kyrie
1042 4658 1280 4716 eleison.

420 4754 592 4804 Pater
620 4754 838 4804 noster.
872 4749 943 4803 Et
972 4765 1044 4804 ne
1074 4764 1180 4804 nos
1204 4748 1325 4803 ind.

421 4836 660 4893 Salvum
693 4841 780 4893 {ac
810 4853 1043 4894 servum
1074 4843 1262 4893 tuum.

422 4925 587 4980 Mitte
616 4925 667 4980 ei
700 4925 963 4981 Domine.

420 5012 647 5085 Exurge
678 5014 937 5070 Domine.

1005 5139 1263 5213 Sequitur
1292 5138 1498 5197 Oratio.

494 5277 876 5351 Omnipotens
936 5278 1248 5337 mitissime
1304 5282 1460 5338 Deus
1514 5281 1737 5354 respice
1780 5281 2068 5355 propitius

422 5384 624 5442 preces
654 5371 972 5439 nostras,et
1000 5366 1183 5424 libera
1211 5386 1309 5425 cor
1331 5369 1536 5426 famuli
1557 5369 1643 5426 tui
1674 5370 1747 5426 de
1777 5370 2067 5427 malarum

420 5455 804 5529 temptatione
862 5456 1305 5529 cogitationum,
1336 5463 1403 5512 ut
1448 5459 1636 5515 sancti
1683 5458 1936 5531 Spiritus
1980 5459 2068 5515 di-

421 5564 603 5622 gnum
636 5547 758 5602 fieri
790 5545 1194 5606 habitaculum
1227 5544 1571 5601 inveniatur.
1602 5548 1724 5602 Per.

489 5636 639 5701 Alia.
655 5636 808 5695 Deus
830 5635 933 5713 qui
955 5633 1253 5695 illuminas
1268 5647 1504 5691 omnem
1527 5634 1825 5696 hominem
1836 5636 2068 5697 venien-

2182 3324 2280 3391 sit,
2311 3322 2691 3380 dimittuntur
2721 3323 2794 3380 ei.
2838 3324 2991 3381 Cura
3038 3340 3385 3397 puassumus
3417 3326 3715 3382 redemtor
3740 3342 3816 3381 no-

2182 3418 2302 3471 ster
2330 3413 2518 3485 gratia
2548 3412 2802 3485 Spiritus
2833 3413 3023 3469 sancti
3053 3412 3370 3487 languores
3393 3414 3568 3472 istius
3602 3416 3815 3477 inﬁrmi,

2126 3518 2132 3522 ‘
2182 3503 2424 3576 eiusque
2454 3519 2599 3558 sana
2626 3500 2887 3570 vulnera,
2908 3518 2974 3559 ac
3006 3502 3235 3558 dimitte
3266 3508 3531 3576 peccata,
3548 3506 3723 3577 atque
3742 3504 3819 3558 dc-

2183 3590 2336 3648 lores
2364 3595 2606 3649 cunctos
2637 3592 2830 3647 cordis
2853 3608 2920 3647 ac
2960 3592 3220 3664 corporis
3269 3592 3346 3648 ab
3395 3608 3465 3650 eo
3508 3592 3749 3667 expelle,
3774 3596 3818 3646 et

2181 3679 2416 3752 plenam
2431 3680 2482 3736 ei
2503 3680 2750 3738 interius
2772 3679 3144 3752 exteriusque
3167 3680 3490 3737 sanitatem
3516 3681 3815 3737 misericor-

2181 3770 2332 3825 diter
2360 3768 2558 3837 redde,
2591 3773 2661 3826 ut
2686 3785 2792 3842 ope
2825 3767 3237 3825 misericordiae
3278 3774 3392 3826 tum
3422 3768 3745 3838 restitutus,
3772 3775 3817 3823 et

2182 3862 2424 3915 sanatus
2454 3857 2526 3914 ad
2552 3858 2803 3930 pristina
2830 3857 3065 3931 pietatis
3114 3862 3227 3913 tua:
3277 3863 3586 3930 reparetur
3626 3860 3813 3915 ofﬁcia.

2180 3947 2287 4012 Qui
2320 3963 2453 4002 cum
2486 3946 2653 4002 Patre
2700 3946 2839 4002 vivit
2882 3950 2941 4002 et
2990 3951 3196 4021 regnat
3246 3951 3419 4003 Deus.
3452 3948 3519 4002 Et
3546 3950 3633 4003 sic
3662 3948 3815 4016 ﬂectat

2179 4053 2378 4109 genua,
2410 4037 2508 4108 qui
2533 4044 2611 4092 est
2640 4035 2938 4106 languidus
2965 4036 3037 4091 ad
3063 4035 3317 4093 dextram
3359 4036 3657 4093 sacerdotis
3682 4038 3757 4091 sic
3778 4044 3818 4090 et

2179 4125 2494 4182 decantetur
2512 4124 2635 4181 Ant.
2651 4124 2808 4181 Sana
2825 4124 2947 4180 Due
2971 4125 3277 4182 inﬁrmum
3308 4125 3492 4183 istum
3516 4126 3682 4181 cuius
3700 4140 3817 4181 ossa

2180 4214 2527 4271 conturbata
2554 4217 2714 4283 sunt,
2745 4219 2802 4269 et
2830 4213 2998 4269 cuius
3038 4213 3237 4270 anima
3266 4215 3517 4275 turbata
3532 4220 3624 4273 est
3650 4214 3813 4277 valde,

2181 4304 2283 4361 sed
2332 4308 2395 4358 tu
2442 4303 2686 4359 Domine
2733 4307 3065 4358 convertere
3111 4307 3168 4358 et
3216 4319 3365 4359 sana
3404 4320 3564 4371 eum,
3594 4305 3814 4374 deripe

2181 4392 2441 4450 animam
2472 4391 2600 4447 eius
2628 4408 2663 4447 a
2711 4395 2918 4447 morte.
2966 4396 3057 4448 Ps.
3090 4391 3338 4448 Domine
3389 4409 3462 4448 ne
3510 4392 3570 4447 in
3622 4393 3816 4448 furore.

2183 4483 2315 4540 Cum
2348 4480 2560 4538 Gloria.

2098 4587 2147 4654 Ι)
2252 4571 2457 4627 Oratio.
2491 4570 2736 4626 Oremus
2769 4569 2920 4626 Dnm
2978 4586 3107 4625 nrm
3154 4569 3360 4626 Jesum
3392 4570 3564 4644 Xpm,
3599 4572 3657 4627 et
3698 4584 3812 4625 cum

2177 4660 2337 4718 omni
2388 4659 2810 4732 supplicatione
2858 4675 3156 4732 rogemus,
3202 4665 3269 4715 ut
3328 4660 3489 4716 hunc
3549 4660 3811 4715 famulum

2176 4767 2352 4808 suum
2383 4765 2486 4822 per
2515 4746 2788 4821 angelum
2819 4764 2994 4804 suum
3023 4752 3295 4804 sanctum
3323 4748 3585 4815 visitare,
3618 4754 3677 4804 et
3703 4743 3813 4804 edn-

2180 4840 2394 4895 fortare
2423 4837 2717 4910 dignetur.
2749 4836 2856 4900 Qui
2885 4835 3044 4892 vivit.

2245 4928 2508 4999 Sequitur
2574 4926 2796 4997 Antiph.
2856 4924 3020 4981 Dnus
3076 4924 3310 4981 locutus
3370 4930 3461 4982 est
3530 4923 3810 4998 discipaiis

2180 5017 2327 5084 suis,
2358 5016 2419 5071 in
2470 5014 2706 5070 nomine
2764 5031 2893 5071 meo
2950 5013 3243 5071 daemonia
3298 5015 3630 5082 eiicientur,
3661 5029 3812 5086 super

2181 5106 2447 5161 infirmos
2493 5119 2705 5160 manus
2763 5103 3065 5175 imponite,
3099 5107 3157 5159 et
3206 5104 3354 5160 bene
3385 5094 3706 5159 habebunt.
3734 5103 3807 5157 Ps

2177 5195 2332 5252 Deus
2374 5195 2640 5250 deorum.
2698 5195 2837 5250 Cum
2894 5190 3110 5248 Gloria.
3168 5192 3430 5265 Sequitur
3476 5194 3639 5249 Orat.
3680 5192 3809 5247 Deus

2178 5282 2279 5355 qui
2338 5281 2557 5338 famulo
2614 5286 2715 5337 tuo
2773 5280 3046 5338 Ezechiae.
3091 5282 3295 5338 lterum
3348 5283 3474 5337 Ant.
3528 5280 3643 5337 Cor
3695 5294 3809 5334 eon-

2177 5372 2388 5428 tritum
2431 5375 2488 5427 et
2536 5367 2915 5427 humiliatum
2971 5369 3127 5426 Deus
3175 5386 3294 5425 non
3336 5368 3652 5441 despicias.
3682 5365 3806 5424 Pal.

2177 5461 2451 5517 Miserere
2507 5459 2623 5515 mei
2676 5459 2853 5515 Deus.
2915 5459 3049 5514 Cum
3104 5458 3320 5515 Gloria.
3378 5457 3530 5514 Orat.
3588 5458 3808 5528 Respia

2178 5550 2299 5605 Due
2354 5548 2644 5605 famulum
2710 5552 2875 5603 taum
2934 5547 2994 5602 in
3073 5547 3291 5603 infirm.
3357 5549 3481 5602 Aut.
3546 5547 3810 5603 Succam

2176 5639 2297 5699 Dne
2328 5636 2565 5696 inﬁrmo
2608 5636 2706 5696 isti
2748 5636 2810 5695 in
2839 5635 3489 5715 presenti-aegritudine
3538 5639 3599 5698 et
3650 5621 3811 5693 meai-
