3892 6212
105 345 202 410 997
790 365 798 390 ι

1297 341 1326 401 J
1341 337 1668 404 UDIClUM
1718 337 2248 401 POENITENTIS.

3354 345 3474 404 998
3529 303 3540 314 ’

104 475 316 539 camino,
374 477 435 526 ut
490 473 548 527 in
612 471 859 544 pristina
918 474 1164 528 sanitate
1213 491 1246 528 a
1297 478 1348 529 te
1406 474 1711 531 restitutus
1743 472 2330 548 Aconsolationibus
2385 473 2509 528 suis
2561 472 2820 541 adtollat,
2853 475 3067 546 quibus
3117 478 3288 533 etde
3339 472 3480 551 prae-

104 564 385 639 gratiarum
414 562 516 616 tibi
550 562 608 616 in
642 562 887 618 ecclesia
915 568 1014 618 tua
1046 581 1226 618 sanus
1277 563 1487 618 referat
1536 563 1714 619 actio-

104 672 208 710 nes.
235 653 317 707 Ps.
347 651 424 706 Ad
477 650 647 706 Dnm.
701 668 822 706 cum
869 652 1085 708 Gloria.
1137 652 1285 708 Orat.
1334 653 1547 708 Adesto
1595 657 1716 707 Dne

103 739 589 815 supplicationibus
660 740 896 809 nostris,
956 758 1060 797 nec
1119 742 1194 796 sit
1251 742 1324 796 ab
1381 742 1507 796 hoc.
1571 742 1714 796 Alia.

102 833 203 888 Dne
232 829 326 885 Ihu
356 829 489 900 Xpe,
527 829 625 901 qui
660 846 722 884 es
773 829 1014 885 salvatio
1063 835 1119 886 et
1167 830 1446 886 redemtio
1496 833 1714 896 nostra,

103 925 150 975 et
173 919 261 992 qui
293 935 350 973 es
377 934 509 972 vera
552 917 714 974 salus
761 922 819 973 et
871 919 1185 984 medicina,
1215 923 1272 974 et
1299 936 1333 974 a
1363 936 1479 992 quo
1525 917 1718 974 omnis

101 1007 296 1064 sanitas
323 1010 375 1062 et
405 1007 899 1062 medicamentum
941 1008 1101 1063 venit
1133 1025 1146 1064 :
1183 1009 1282 1080 qui
1335 1006 1583 1081 apostoli
1632 1006 1718 1062 tui

98 1113 214 1151 voce
250 1112 346 1151 nos
393 1094 659 1161 instruis,
693 1099 757 1150 ut
804 1095 1115 1170 languidos
1165 1097 1274 1154 olei
1317 1096 1543 1170 liquore
1591 1100 1717 1151 tan-

98 1189 278 1258 gentes
325 1187 432 1239 tua:
491 1183 860 1256 postulemus
916 1186 1378 1242 misericordiam
1447 1185 1715 1259 pietatis;

99 1271 294 1344 respice
339 1273 623 1345 propitius
677 1290 852 1346 super
898 1273 1055 1329 hunc
1108 1274 1395 1330 famulum
1446 1279 1612 1329 tuum
1647 1273 1718 1328 ab

97 1361 184 1416 illa
210 1361 449 1416 mirabili
483 1362 762 1417 sumitate
804 1360 1104 1430 caelorum,
1140 1368 1204 1418 ut
1253 1380 1425 1436 quem
1473 1363 1722 1435 languor

98 1456 272 1505 curvat
299 1451 364 1505 ad
411 1451 653 1515 exitum,
687 1455 740 1506 et
789 1451 1000 1507 virium
1054 1454 1373 1509 contractio
1415 1453 1539 1524 jam
1592 1468 1720 1523 per-

96 1539 251 1593 trahit
279 1540 343 1594 ad
376 1555 672 1605 occasum,
710 1539 935 1595 medela
983 1545 1095 1596 tuae
1147 1541 1343 1614 gratia:
1392 1541 1563 1597 saluti
1601 1557 1718 1594 res-

93 1629 246 1682 tituat
300 1627 672 1700 castigatum.
715 1629 998 1702 Extingue
1050 1630 1106 1684 in
1155 1631 1358 1686 eodem
1404 1630 1718 1686 libidinum

94 1721 141 1772 et
185 1715 416 1771 febrium
468 1722 656 1784 actus,
689 1717 955 1773 dolorum
1009 1719 1301 1786 stimulos,
1335 1736 1399 1775 ac
1449 1719 1720 1773 vitiorum

94 1804 330 1876 opprime
389 1806 708 1875 cruciatus,
761 1807 1197 1880 aegritudinum,
1231 1813 1288 1863 et
1333 1808 1718 1880 cupiditatum

1825 563 1972 618 senti
2045 567 2441 634 consequatur
2507 562 2790 620 auxilium
2843 570 2899 619 et
2956 570 3168 622 aeterna
3224 568 3476 624 remedia

1825 651 2298 724 comprehendat.
2334 655 2458 707 Per.

1958 739 2123 795 Missa
2154 741 2368 811 quando
2398 743 2588 796 anima
2618 743 2676 796 in
2702 759 2873 812 agone
2901 745 3083 799 exitus
3114 745 3342 801 laborat.

1897 829 2018 884 Ant.
2065 829 2586 886 Circumdederunt
2650 847 2743 885 me.
2799 832 3054 904 gemitus
3108 834 3332 890 mortis.
3387 836 3476 890 Ps.

1827 917 2076 991 Diligam
2139 922 2194 973 te
2255 918 2396 974 Dne.
2459 918 2841 992 Omnipotens
2895 921 3248 992 sempiterna
3302 923 3478 989 Deus,

1827 1011 2198 1062 conservator
2239 1007 2589 1075 animarum,
2625 1007 2722 1080 qui
2779 1025 2924 1080 quos
2969 1009 3166 1084 diligis
3213 1011 3478 1086 corripis,

1829 1100 1884 1150 et
1915 1112 2060 1168 quos
2095 1095 2304 1168 recipis
2345 1095 2441 1168 pia
2489 1097 2896 1154 emendatione
2944 1115 3195 1166 coerces,
3230 1105 3283 1156 te
3328 1103 3480 1158 invo-

1829 1201 2033 1240 camus
2079 1184 2220 1252 Dne,
2257 1189 2319 1238 ut
2367 1185 2653 1242 medelam
2705 1190 2868 1241 tuam
2913 1189 3173 1246 conferre
3223 1189 3481 1263 digneris

1829 1273 2049 1328 famulo
2099 1279 2219 1345 tuo,
2262 1273 2360 1345 qui
2409 1274 2468 1328 in
2517 1290 2754 1346 corpore
2803 1276 3025 1348 patitur
3081 1278 3480 1335 membrorum

1830 1361 2212 1428 debilitatem,
2245 1361 2361 1416 vim
2422 1361 2659 1431 laboris,
2713 1363 2984 1420 stimulos
3033 1366 3477 1437 infirmitatum;

1831 1450 1906 1504 da
1935 1449 1986 1505 ei
2016 1449 2256 1505 Domine
2287 1450 2534 1523 gratiam
2576 1455 2738 1507 tuam
2788 1452 2846 1508 in
2897 1453 3038 1510 hora
3086 1456 3276 1512 exitus
3327 1456 3485 1513 illius

1839 1539 1908 1592 de
1939 1555 2196 1610 corpore,
2231 1543 2291 1594 ut
2341 1539 2562 1611 absque
2609 1541 2828 1612 peccati
2875 1543 3105 1599 macula
3147 1545 3249 1600 tibi
3297 1546 3484 1602 datori

1830 1627 2063 1699 proprio
2095 1644 2197 1699 per
2239 1645 2449 1683 manus
2501 1634 2836 1685 sanctorum
2888 1632 3229 1705 angelorum
3282 1652 3485 1708 repres-

1831 1717 2046 1772 sentari
2081 1722 2375 1773 mereatur
2404 1719 2531 1789 ejus
2565 1718 2779 1774 anima.
2815 1720 2938 1776 Per.

2589 1807 2734 1863 Alia.

99 1856 327 1876 'l'l'"""
395 1856 708 1875 """""“’
764 1856 1197 1880 ‘VC“'—"'""""
1233 1856 1287 1863 ν’
1337 1856 1718 1880 “’“Ῑ’“““’“’“”““”’“”
2589 1856 2734 1863 ’⁵⁷⁷⁷⁷⁷

95 1898 359 1949 tormenta
418 1895 695 1964 dissolve,
754 1896 1041 1969 superbiae
1100 1896 1485 1960 inflationem,
1545 1896 1718 1951 timo-
1753 1856 1797 1921 Β
1903 1893 2289 1951 Afflictionem
2324 1894 2527 1950 famuli
2561 1896 2644 1951 tui
2688 1913 3027 1969 quaesumus
3076 1904 3196 1956 Dne
3246 1901 3482 1960 intende

97 1999 314 2054 remque
342 1999 670 2056 compesce,
706 1983 900 2040 ulcera
949 1988 1004 2039 et
1054 1986 1392 2057 putredines
1450 1985 1719 2039 vitiorum

98 2088 310 2142 evacua,
368 2072 660 2128 viscerum
729 2073 977 2141 interna,
1039 2074 1424 2147 eordiumque
1479 2091 1543 2129 ac
1603 2089 1722 2129 me-

98 2159 366 2216 dullarum
418 2165 480 2216 et
528 2161 947 2234 cogitationum
1001 2181 1144 2218 sana
1192 2162 1552 2230 discrimina,
1587 2179 1722 2217 con-

95 2248 448 2305 scientiarum
499 2254 674 2322 atque
726 2250 1028 2324 plagarum
1080 2253 1353 2308 obducite
1402 2252 1722 2318 cicatrices,

94 2337 348 2409 physicis,
388 2338 719 2411 typicisque
767 2341 966 2395 adesto
1015 2341 1310 2412 periculis,
1342 2346 1564 2396 veteres
1614 2341 1723 2394 im-

93 2442 424 2499 mensasque
479 2444 708 2483 remove
757 2429 1081 2500 passiones,
1133 2447 1308 2503 opera
1357 2429 1549 2485 carnis
1599 2447 1728 2484 san-

91 2515 383 2588 guinisque
445 2517 753 2572 materiam
802 2534 1104 2590 compone,
1137 2536 1202 2574 ac
1251 2519 1598 2574 delictorum
1646 2518 1726 2572 illi

97 2603 304 2660 veniam
337 2605 688 2677 propitiatus
739 2607 1016 2673 atlrihue,
1049 2607 1250 2679 sicque
1299 2607 1464 2662 illum
1505 2607 1730 2679 jugiter

94 2693 363 2748 custodiat
420 2693 609 2766 pietas
666 2701 790 2762 tua,
853 2699 917 2749 ut
983 2712 1086 2751 nec
1154 2696 1224 2751 ad
1294 2696 1727 2768 corruptionem

94 2779 392 2852 aliquando
449 2783 695 2850 sanitas,
729 2800 834 2840 nec
894 2785 964 2838 ad
1029 2785 1413 2856 perditionem
1465 2789 1520 2840 te
1573 2784 1731 2839 auxi-

85 2867 251 2924 liante
283 2887 442 2926 nunc
480 2872 762 2944 perducat
811 2872 1124 2928 infirmitas
1157 2891 1170 2928 :
1205 2874 1422 2945 fiatque
1473 2872 1556 2928 illi
1611 2873 1730 2928 haec

93 2957 190 3012 olei
227 2975 391 3015 saera
441 2961 746 3033 perunctio
795 2965 996 3018 contra
1045 2962 1232 3017 morbi
1283 2962 1586 3034 praesentis
1635 2979 1728 3016 ex-

95 3046 293 3118 pulsio,
323 3053 380 3103 et
441 3052 813 3121 peccatorum
869 3049 1133 3106 omnium
1195 3054 1392 3122 optata
1440 3049 1730 3121 remissio,

94 3139 143 3189 te
171 3137 540 3205 concedente,
594 3138 858 3195 Salvator
917 3139 1146 3206 mundi,
1198 3140 1296 3212 qui
1349 3139 1493 3195 vivis
1536 3143 1591 3195 et
1639 3157 1730 3194 re—

93 3240 308 3296 regnas.

841 3316 988 3372 Alia.

159 3403 512 3475 Propitietur
544 3403 705 3460 Dnus
737 3405 966 3461 cunctis
997 3403 1408 3478 iniquitatibus
1441 3404 1618 3479 hujus
1652 3408 1738 3462 in-

95 3489 343 3559 ﬁrmi,et
396 3497 567 3548 sanet
623 3509 829 3549 omnes
882 3493 1196 3567 languores
1254 3494 1433 3562 illius,
1466 3495 1738 3550 redimat-

92 3593 195 3648 que
240 3579 311 3635 de
366 3581 609 3636 interitu
669 3585 957 3654 perpetuae
1011 3583 1214 3638 mortis
1273 3583 1451 3638 vitam
1509 3583 1656 3652 ejus,
1683 3589 1739 3640 et

91 3668 419 3726 corroboret
487 3687 553 3725 ac
617 3670 788 3725 faciet
843 3671 900 3725 in
962 3671 1131 3726 bonis
1186 3672 1462 3728 omnibus
1518 3673 1740 3728 deside-

91 3754 233 3811 rium
269 3756 482 3829 ipsius,
518 3759 618 3830 qui
649 3757 811 3814 solus
845 3759 903 3814 in
941 3761 1227 3816 Trinitate
1274 3779 1428 3816 unus
1479 3762 1632 3818 Deus
1663 3763 1741 3818 vi-

87 3842 246 3900 vitet
285 3851 498 3918 regnat
546 3864 649 3919 per
696 3847 1051 3904 immortalia
1108 3849 1320 3905 szscula
1367 3849 1734 3907 saeculorum.

84 3934 278 3989 Amen.
313 3937 409 3991 His
460 3938 535 3991 ita
584 3939 840 4008 peractis,
872 3946 1071 4009 septem
1119 3941 1402 3994 continuos
1448 3939 1562 3996 dies
1593 3941 1738 4013 (147)

83 4023 128 4074 si
152 4027 447 4080 necessitas
506 4026 812 4094 contigerit,
849 4034 960 4081 tam
1010 4026 1075 4082 de
1120 4031 1519 4096 communione,
1576 4047 1736 4101 quam

81 4107 142 4164 de
166 4111 278 4168 alio
309 4115 495 4185 ofﬁcio
523 4116 735 4186 faciant
764 4115 872 4183 illi,
905 4119 962 4170 et
1001 4115 1310 4171 suscitabit
1356 4134 1489 4173 eum
1541 4118 1738 4174 Domi-

81 4214 189 4254 nus
220 4201 292 4256 ad
331 4202 608 4269 salutem,
643 4208 700 4258 et
729 4203 777 4258 si
809 4202 868 4258 in
911 4203 1163 4276 peccatis
1217 4205 1409 4274 fuerit,
1443 4205 1740 4263 dimittan-

78 4288 170 4342 tur
198 4289 272 4358 ei,
308 4299 373 4346 ut
404 4292 682 4364 apostolus
707 4292 860 4348 dicit.
897 4295 1102 4348 Debent
1137 4295 1307 4349 etiam
1351 4311 1422 4349 ea:
1465 4297 1738 4351 ministris

77 4385 282 4434 sanctae
348 4381 610 4438 Ecclesia?
674 4397 799 4436 cum
864 4398 1076 4437 summa
1140 4385 1443 4439 reverentia
1502 4386 1739 4455 inﬁrmis

77 4465 371 4525 decantare
434 4486 537 4542 per
599 4471 844 4540 singulos
907 4471 1021 4526 dies
1082 4473 1466 4544 vespertinales
1521 4482 1572 4530 et
1618 4492 1739 4530 ma-

75 4557 340 4613 tutinales
410 4558 599 4614 laudes
664 4575 789 4614 cum
862 4561 1076 4630 antiph.
1145 4569 1197 4616 et
1263 4577 1560 4633 responsor.
1628 4565 1741 4618 sive

75 4642 408 4701 lectionibus
437 4656 488 4702 et
517 4649 858 4704 orationibus
887 4648 957 4704 ad
1004 4650 1102 4704 hoc
1143 4651 1567 4720 pertinentibus.
1603 4653 1736 4708 Ora-

72 4734 165 4786 tio.
223 4734 619 4808 Omnipotens
672 4736 1024 4810 sempiterne
1083 4743 1255 4804 Deus,
1306 4739 1407 4810 qui
1462 4741 1737 4797 subvenis

72 4819 128 4873 in
189 4823 480 4894 periculis
534 4830 592 4881 et
644 4826 702 4880 in
761 4826 1105 4883 necessitate
1156 4826 1560 4885 laborantibus
1621 4848 1740 4886 ma-

62 4908 346 4977 jestatem
413 4915 573 4968 tuam
630 4914 974 4987 suppliciter
1031 4933 1358 4985 exoramus,
1402 4923 1468 4973 ut
1510 4919 1740 4975 mittere

72 4995 344 5068 digneris
399 5007 668 5058 sanctum
719 5003 990 5076 angelum
1041 5009 1232 5072 tuum,
1286 5006 1383 5078 qui
1449 5008 1736 5064 famulum

66 5087 238 5143 tuum
283 5087 350 5144 in
407 5092 698 5164 angustiis
757 5096 815 5148 et
871 5094 1317 5150 necessitatibus
1377 5095 1738 5153 laborantem

111 5264 492 5349 .(147)_Hunc
513 5269 691 5325 ritum
706 5270 1096 5349 continuandi
1119 5289 1220 5349 per
1241 5278 1463 5349 septem
1486 5275 1742 5349 integros

65 5333 195 5418 dies
221 5340 918 5418 extremamrunctionegm
938 5333 1549 5418 sequu‘ntucplerique
1571 5333 1744 5404 ritua-

64 5401 151 5460 les
184 5411 330 5463 ante
365 5413 424 5464 et
453 5417 582 5482 post
603 5429 822 5468 annum
839 5401 1052 5468 Christi
1077 5401 1547 5473 millesi‘mum‘ac
1567 5401 1741 5474 etiam

62 5490 338 5557 sequens
377 5482 934 5557 saeculumixu,quo
966 5485 1282 5540 Gaufridus
1336 5489 1742 5546 Vindoctnensis

207 5567 276 5616 ιι,
309 5549 486 5622 epist.
529 5555 614 5627 19.
650 5556 744 5611 Ivo
773 5545 1119 5627 'Ca‘rnotensis
1149 5558 1303 5627 apud
1325 5561 1596 5614 eumdem
1624 5545 1741 5627 epi-

61 5618 222 5680 stola
265 5618 566 5695 sequenti,
599 5626 970 5684 Theobaldus
1015 5618 1344 5686 Senoriensis
1375 5631 1431 5687 S.
1466 5618 1745 5690 Columbae

1835 1982 2120 2054 placatus,
2157 1988 2221 2038 ut
2254 1982 2481 2038 indulta
2510 1985 2675 2039 venia
2703 1989 3071 2056 peccatorum
3105 1989 3175 2044 de
3196 1990 3313 2046 tuis
3340 2007 3484 2047 sem-

1839 2085 1942 2142 per
1973 2071 2271 2128 beneficiis
2311 2071 2610 2146 glorietur.
2647 2073 2768 2129 Per.
2802 2077 2945 2131 Alia.
2985 2077 3194 2134 Praesta
3243 2079 3485 2136 Domine

1836 2159 2058 2215 famulo
2109 2164 2208 2216 tuo
2261 2177 2597 2232 quaesumus
2629 2162 3046 2221 consolationis
3095 2167 3396 2236 auxilium,
3430 2175 3487 2226 et

1843 2247 2138 2304 diuturnis
2169 2250 2607 2306 calamitatibus
2633 2250 2993 2308 laborantem
3027 2256 3313 2327 pr0pitius
3366 2275 3486 2314 res-

1842 2338 2031 2408 pirare
2060 2340 2326 2393 concede.
2365 2338 2484 2393 Per.

2263 2429 2400 2482 Lect.
2435 2428 2724 2484 Hieremias
2752 2431 3054 2501 Propheta}.

1910 2513 1968 2566 In
2028 2515 2236 2570 diebus
2294 2515 2410 2569 illis
2465 2515 2608 2570 dixit
2665 2516 3004 2574 Hieremias.
3067 2520 3307 2590 Domne,
3368 2541 3487 2579 om-

1838 2619 1964 2668 nes,
2022 2604 2119 2674 qui
2190 2609 2244 2658 te
2314 2605 2727 2676 derelinquunt
2792 2608 3240 2664 confundentur.
3312 2612 3487 2668 Rece-

1839 2691 2102 2746 dentesa
2140 2696 2195 2747 te
2253 2691 2308 2746 in
2369 2697 2524 2749 terra
2579 2695 2930 2763 scribentur,
2991 2697 3267 2768 quoniam
3325 2701 3488 2756 dere-

1838 2778 2138 2852 liquerunt
2183 2797 2387 2836 venam
2437 2798 2723 2854 aquarum
2775 2784 3093 2842 viventium
3149 2787 3486 2846 Dominum.

1841 2869 1996 2924 Sana
2029 2885 2120 2924 me
2171 2869 2416 2925 Domine
2463 2875 2519 2925 et
2566 2872 2836 2940 sanabor,
2871 2890 3097 2946 salvum
3160 2892 3251 2931 me
3301 2877 3388 2934 fac
3435 2883 3494 2935 et

1841 2957 2036 3013 salvus
2094 2975 2211 3026 ero,
2265 2958 2544 3030 quoniam
2594 2958 2722 3014 laus
2773 2977 2902 3016 mea
2951 2966 3014 3016 tu
3063 2980 3146 3018 es.
3189 2964 3332 3020 Ecce
3379 2966 3491 3039 ipsi

1841 3048 2044 3102 dicunt
2092 3048 2162 3102 ad
2212 3063 2324 3116 me,
2378 3047 2475 3102 ubi
2529 3052 2617 3104 est
2672 3049 2913 3105 verbum
2974 3050 3247 3108 Domini?
3276 3056 3487 3111 veniat.

1841 3137 1911 3191 Et
1935 3153 2040 3209 ego
2071 3153 2185 3191 non
2219 3153 2352 3191 sum
2383 3135 2656 3192 turbatus
2687 3141 2740 3193 te
2788 3143 3080 3210 pastorem
3129 3158 3401 3214 sequens,
3438 3149 3494 3200 et

1764 3223 2000 3290 Cdiem
2065 3225 2324 3280 hominis
2399 3242 2512 3280 non
2589 3226 2931 3283 desideravi.
3000 3229 3083 3284 Tu
3146 3231 3262 3287 scis
3335 3234 3491 3304 quod

1847 3331 2145 3387 egressum
2180 3318 2268 3370 est
2297 3315 2368 3369 de
2400 3313 2570 3369 labiis
2602 3315 2767 3382 meis,
2803 3320 3022 3372 rectum
3070 3320 3127 3373 in
3178 3326 3493 3392 conspectu

1847 3407 1947 3458 tuo
1996 3403 2122 3458 fuit.
2157 3403 2278 3457 Non
2331 3402 2412 3458 sis
2469 3403 2612 3458 mihi
2668 3408 2728 3458 tu
2787 3405 3116 3464 formidinis
3174 3425 3308 3482 spes
3367 3427 3494 3467 mea

1846 3496 1909 3547 tu
1941 3492 2000 3547 in
2055 3492 2147 3548 die
2195 3491 2547 3548 afﬂictionis.
2591 3492 3035 3551 Confundantur
3081 3498 3178 3570 qui
3231 3515 3323 3554 me
3374 3517 3496 3572 per-

1847 3585 2131 3636 secuntur
2185 3585 2241 3636 et
2286 3597 2400 3636 non
2451 3583 2778 3637 confundar
2826 3599 2968 3656 ego;
3003 3592 3250 3658 paveant
3303 3587 3408 3655 illi,
3441 3593 3497 3644 et

1848 3689 1961 3726 non
1995 3687 2232 3742 paveam
2279 3687 2403 3742 ego.
2438 3671 2617 3725 Indue
2663 3689 2840 3744 super
2884 3690 2983 3729 eos
3033 3675 3186 3730 diem
3237 3676 3498 3733 afﬂictio-

1848 3759 1960 3825 nis,
2018 3764 2075 3815 et
2127 3759 2344 3832 duplici
2405 3760 2764 3816 contricione
2816 3767 3047 3819 contere
3104 3781 3203 3821 eos
3253 3765 3496 3822 Domine

1847 3849 2002 3905 Deus
2033 3853 2248 3904 noster.

1920 3936 2331 3992 Grad.Adiutor
2360 3953 2526 3992 meus
2567 3941 2624 3994 et
2673 3929 2950 3995 liberator
2998 3958 3166 3998 meus
3215 3948 3359 4013 esto,
3395 3944 3500 4001 Do-

1848 4025 2025 4093 mine,
2062 4042 2132 4080 ne
2164 4026 2504 4082 tardaveris.
2538 4043 2591 4081 v.
2627 4027 3076 4086 Confundantur
3105 4036 3162 4088 et
3193 4050 3498 4089 reverean-

1847 4120 1944 4170 tur
1975 4113 2197 4170 inimici
2229 4115 2366 4181 mei,
2401 4115 2502 4188 qui
2536 4122 2806 4187 quaerunt
2854 4119 3113 4176 animam
3163 4138 3374 4178 meam.
3407 4123 3498 4176 Se-

1846 4204 2085 4259 cundum
2114 4204 2455 4260 Iohannem.
2491 4205 2552 4259 In
2587 4204 2686 4261 illo
2717 4209 2976 4278 tempore
3020 4209 3164 4265 dixit
3194 4209 3290 4265 Ihs
3321 4211 3498 4265 disci-

1847 4293 2003 4366 pulis
2028 4292 2170 4347 suis.
2206 4297 2387 4347 Amen
2421 4309 2592 4348 amen
2625 4293 2753 4349 dico
2785 4295 2967 4363 votis,
3002 4297 3142 4368 quia
3171 4297 3496 4369 plorabitis,

1846 4387 1903 4436 et
1940 4380 2155 4436 flebitis
2186 4397 2306 4435 vos.
2331 4381 2587 4436 Mundus
2618 4387 2811 4437 autem
2843 4385 3140 4456 gaudebit,
3169 4403 3272 4442 vos
3302 4391 3497 4444 autem

1847 4469 2360 4526 contristabimini.
2423 4469 2534 4524 Sed
2594 4470 2833 4527 tristitia
2887 4477 3080 4530 vestra
3129 4479 3383 4534 vertetur
3439 4475 3498 4531 in

1769 4591 1818 4657 Β
1848 4558 2150 4632 gaudium.
2185 4557 2394 4612 Mulier
2425 4576 2558 4632 cum
2592 4561 2744 4632 parit
2784 4560 3084 4618 tristitiam
3136 4563 3329 4635 habet,
3361 4565 3500 4636 quia

1848 4649 2003 4705 venit
2033 4647 2174 4703 hora
2195 4647 2342 4719 ejus.
2376 4647 2519 4703 Cum
2554 4653 2746 4704 autem
2777 4651 3062 4722 pepererit
3092 4654 3498 4725 puerum,jam

1851 4756 1966 4794 non
2001 4737 2270 4793 meminit
2303 4755 2587 4810 pressurae
2621 4742 2858 4811 propter
2891 4741 3195 4813 gaudium,
3229 4742 3368 4816 quia
3396 4760 3500 4798 na-

1845 4834 1943 4884 tus
1971 4832 2060 4883 est
2092 4827 2266 4881 homo
2299 4827 2355 4880 in
2386 4828 2694 4883 mundum.
2731 4829 2795 4883 Et
2825 4846 2926 4885 vos
2959 4831 3140 4904 igitur
3171 4849 3326 4887 nunc
3374 4831 3503 4904 qui-

1849 4918 1980 4972 dem
2016 4915 2317 4972 tristitiam
2347 4915 2594 4972 habetis.
2629 4917 2845 4973 lterum
2892 4924 3087 4975 autem
3136 4921 3344 4978 videbo
3375 4939 3498 4991 vos,

1850 5011 1905 5062 et
1931 5005 2210 5080 gaudebit
2255 5022 2353 5060 cor
2393 5010 2672 5061 vestrum.
2707 5007 2775 5062 Et
2805 5009 3086 5080 gaudium
3117 5016 3374 5067 vestrum
3408 5029 3504 5068 ne-

1852 5112 1947 5150 mo
1978 5094 2143 5150 tollet
2173 5111 2206 5150 a
2233 5095 2417 5150 vobis.

1852 5274 2035 5329 abbas
2065 5271 2280 5342 aliique
2313 5272 2684 5329 infirmorum
2721 5277 3056 5334 unctionem
3084 5297 3195 5335 non
3229 5279 3416 5336 solum
3442 5279 3500 5333 in

1851 5343 2450 5420 eadein_aegritudine,
2485 5346 2583 5400 sed
2618 5346 2675 5400 in
2708 5347 2936 5420 diversa
2965 5349 3138 5405 etiam
3172 5368 3286 5407 non
3315 5350 3502 5420 magis

1852 5414 2177 5492 iterandam
2211 5415 2545 5492 censebant
2568 5434 2744 5488 quam
2790 5419 3170 5492 baptismum,
3198 5414 3504 5492 contirrﬁa—

1851 5487 2070 5541 tionem
2121 5489 2178 5538 et
2226 5485 2480 5540 ordines.
2515 5485 2772 5552 Quorum
2829 5485 3176 5547 sententiam
3231 5489 3504 5547 ret'utavit

1854 5559 2057 5612 Petrus
2083 5554 2482 5626 Cluniacensis,
2515 5559 2848 5617 Lombardus
2879 5566 2935 5617 et
2965 5561 3080 5618 alii.
