3892 6212
433 310 547 371 999
1215 308 1553 369 APPEND.
1600 310 1699 373 AD
1746 308 1932 367 S/EC.
1983 307 2058 366 X.
2089 337 2169 353 --
2198 303 2701 366 MONUMENTA
2745 304 3061 367 LITURG.
3691 305 3803 361 illi}

504 442 688 514 Οῇενι.
723 441 1066 498 Benedictus
1097 458 1159 498 es
1189 442 1433 499 Domine
1480 443 1621 498 doce
1671 457 1763 498 me
1784 439 2080 513 ‘justilica-
2108 440 2167 509 Α
2194 442 2306 494 tua:
2337 436 2537 512 gloria:
2569 452 2837 510 regnum.
2870 438 2996 493 Per.
3021 439 3461 509 Infranctﬂanc
3486 435 3672 508 igitur
3693 435 3805 490 abls

432 530 620 587 tiones
648 530 1158 586 tuas.Benedictus
1180 545 1243 587 es
1268 530 1388 586 Due
1419 530 1561 585 doce
1592 546 1685 585 me
1705 527 2081 600 justiﬁcatio-
2192 528 2412 583 tionem
2443 544 2620 598 quam
2652 526 2757 581 tibi
2784 527 3083 584 offerimus
3113 542 3217 599 pro
3247 526 3464 582 famulo
3489 529 3597 580 tuo
3619 524 3806 596 Nque-

432 634 536 674 nes
560 621 694 674 tuas
726 617 785 673 in
818 616 990 675 labiis
1020 618 1167 675 meis
1200 616 1578 691 pronunciavi
1618 618 1817 674 omnia
1855 616 2084 689 judicia
2190 634 2400 673 sumus
2430 617 2552 672 Dne
2583 620 2646 671 ut
2673 615 2937 689 placatus
2970 616 3243 688 accipias,
3274 620 3333 670 et
3360 615 3463 670 des
3502 613 3569 669 ‘ei
3621 612 3805 668 scelesti

431 706 551 763 oris
579 706 685 763 tui.
1898 728 1909 735 ·
2192 705 2549 763 desiderium
2581 703 2642 761 in
2689 705 2847 761 exitu
2898 706 2971 765 de
3014 722 3255 776 corpore
3297 720 3424 771 suo,
3454 708 3521 759 et
3572 702 3807 775 spiritum

499 800 736 853 Secreta.
769 797 982 853 Adesto
1012 796 1134 853 Dne
1162 814 1266 869 pro
1304 800 1407 853 tua
1454 796 1666 868 pietate
1711 794 2083 868 supplicatio-
2191 795 2494 869 refrigerii.
2531 795 2654 851 Per.

433 884 877 958 nibusnostris,
908 892 967 941 et
996 885 1229 958 suscipe
1258 885 1720 958 bostiam,quam
1752 884 1855 941 tibi
1888 883 2079 941 oll‘eri-
2262 885 2410 942 Com.
2442 884 2684 941 Redime
2733 899 2828 941 me
2879 888 3032 941 Deus
3076 883 3274 941 Israel.
3317 883 3397 939 Ad
3438 879 3805 952 complendus;

431 991 565 1030 mus
595 957 699 1047 pro
729 973 949 1031 famulo
972 978 1072 1031 tuo
1093 957 1387 1046 Njacente
1410 975 1467 1030 in
1497 957 1767 1047 grabatto
1796 978 2080 1046 praestans
2190 972 2423 1030 Gratias
2454 972 2684 1047 agimus
2720 978 2838 1029 Dne
2860 972 3288 1045 multiplicibus
3305 970 3687 1044 largitatibus
3702 971 3803 1027 tuis.

429 1060 679 1119 salutem
713 1080 827 1120 non
859 1064 1142 1137 corporis,
1176 1064 1277 1121 sed
1308 1064 1516 1120 animas
1547 1081 1664 1119 suae
1703 1067 1935 1135 petente
1981 1080 2081 1135 prs
2188 1080 2257 1119 ex
2286 1062 2503 1134 quibus
2529 1061 2758 1118 animas
2788 1061 2848 1118 in
2878 1066 2936 1118 te
2964 1062 3329 1134 operantium
3358 1073 3573 1116 sanare
3602 1074 3805 1115 censue

429 1168 598 1224 omps
612 1150 1171 1225 Dnsindulgentiam
1186 1153 1238 1209 ei
1262 1153 1529 1211 omnium
1552 1151 1929 1225 iniquitatum
1952 1168 2081 1208 sua-
2188 1152 2343 1207 visti.
2380 1151 2526 1206 Nam
2557 1151 2763 1208 conﬁsi
2797 1152 2868 1207 de
2895 1156 3000 1208 tua
3027 1152 3240 1224 pietate
3282 1167 3619 1222 precamur,
3653 1153 3709 1204 ut
3734 1151 3804 1202 [Dl-

428 1258 561 1296 rum
608 1246 845 1314 propter
892 1242 1244 1299 immensam
1299 1242 1764 1298 misericordiam
1805 1246 1988 1308 tuam,
2021 1245 2080 1297 et
2189 1257 2380 1296 serere
2408 1240 2669 1313 digneris
2702 1238 2921 1296 famulo
2952 1244 3073 1306 tuo,
3106 1258 3178 1295 ne
3209 1238 3522 1311 praevaleat
3566 1238 3803 1293 adversa:
3844 1242 3845 1245 ‘

427 1346 530 1402 per
554 1329 1033 1387 intercessionem
1062 1332 1330 1389 omnium
1363 1333 1709 1387 Sanctorum
1741 1333 2081 1397 tuorum,ut
2187 1346 2321 1385 eum
2353 1328 2722 1387 adversarius
2751 1328 2809 1383 in
2842 1329 2987 1385 hora
3016 1328 3224 1385 mortis
3272 1327 3431 1384 illius
3476 1328 3555 1384 de
3585 1344 3802 1398 corpore,

428 1434 530 1490 per
554 1417 663 1474 hoc
694 1419 851 1490 quod
883 1418 1136 1474 sustinet
1166 1419 1485 1491 ﬂagellum,
1519 1436 1553 1474 a
1583 1420 1803 1474 sanctis
1854 1419 2078 1491 angelis
2189 1419 2290 1474 sed
2321 1418 2633 1474 transitum
2667 1422 2960 1475 mereatur
2988 1418 3059 1474 ad
3091 1418 3291 1473 vitam.
3327 1417 3447 1472 Per.

425 1506 543 1562 tuis
572 1513 848 1580 suscepta
894 1509 1021 1578 ejus
1070 1508 1269 1565 anima
1326 1507 1623 1580 pervenire
1682 1510 1975 1564 mereatur
2005 1508 2076 1563 ad

1155 1845 1463 1960 OBDO
1530 1849 1685 1958 AD
1750 1844 2466 1960 VlSlTANDUM
2534 1845 3114 1956 INFIRMUM

1620 2045 1725 2117 (Ex
1755 2043 1881 2100 cod.
1916 2043 2219 2115 Rhenang.
2252 2060 2380 2099 saec.
2412 2059 2473 2101 xx
2504 2043 2634 2112 cir.)

1915 2174 2329 2191 ὴ

492 2308 625 2362 Cum
654 2306 934 2378 ungendus
962 2314 1044 2362 est
1073 2308 1347 2376 inﬁmus,
1380 2314 1512 2361 tunc
1549 2304 1797 2360 sacerdos
1846 2301 2072 2358 indutus
2101 2304 2148 2368 B
2181 2302 2323 2357 bant
2344 2302 2609 2358 inﬁrmos
2641 2302 2817 2360 variis
2845 2302 3231 2375 languoribus
3256 2303 3554 2358 ducebant
3598 2302 3720 2357 illos
3744 2302 3797 2356 ad

417 2397 547 2451 alba
575 2403 625 2451 et
667 2396 821 2463 stola,
867 2394 1131 2467 praecedit
1187 2411 1312 2449 cum
1357 2394 1471 2450 oleo
1528 2394 1893 2465 inﬁrmorum,
1927 2409 2071 2463 aqua
2179 2390 2383 2447 Jesum
2415 2396 2473 2447 et
2503 2392 2880 2447 curabantur.

419 2482 716 2548 benedicta,
747 2498 925 2548 cruce,
956 2490 1008 2536 et
1061 2481 1270 2537 duobus
1321 2481 1683 2548 candelabris,
1733 2488 1786 2536 et
1833 2496 2068 2535 conven-

417 2580 503 2627 tus
548 2573 815 2643 sequitur,
874 2571 1082 2643 psalmo
1141 2570 1413 2625 Miserere
1471 2572 1750 2641 imposito,
1805 2568 2068 2624 dicendu—

415 2676 520 2733 que
569 2661 750 2732 primo
802 2660 921 2717 haec
975 2660 1199 2716 collecta
1246 2677 1280 2714 ιι
1326 2659 1622 2715 sacerdote.
1684 2657 2066 2729 Omnipotens

416 2749 769 2822 sempiterne
840 2753 1019 2816 Deus,
1084 2747 1186 2820 qui
1262 2765 1365 2821 per
1428 2749 1664 2803 beatum
1733 2746 2062 2819 apostolum

414 2842 582 2894 tuum
633 2836 850 2894 dixisti.
905 2838 1243 2893 Infirmatur
1302 2837 1435 2909 quis
1493 2837 1549 2892 in
1609 2836 1795 2903 vobis,
1824 2835 2065 2891 inducat

414 2928 783 3001 presbyteros
840 2926 1118 2993 ecclesia,
1176 2931 1233 2983 et
1283 2931 1451 2983 orent
1504 2943 1682 2999 super
1735 2942 1892 2992 eum,
1955 2943 2061 2981 un-

413 3019 615 3089 gentes
672 3032 807 3072 eum
871 3015 998 3073 oleo
1056 3016 1116 3072 in
1175 3015 1410 3072 nomine
1461 3013 1828 3072 Dominizet
1878 3012 2060 3070 oratio

415 3105 550 3162 fidei
596 3105 846 3162 salvabit
886 3104 1210 3173 inﬁrmum,
1242 3109 1300 3161 et
1347 3104 1639 3160 alleviabit
1688 3120 1823 3160 eum
1871 3102 2062 3158 Domi-

414 3212 552 3266 nus,
599 3199 656 3251 et
719 3193 770 3251 si
836 3194 895 3251 in
960 3194 1220 3267 peccatis
1284 3194 1381 3262 sit,
1433 3193 1814 3249 dimittuntur
1876 3191 1947 3248 ei.
1981 3192 2061 3247 Te

414 3283 759 3358 suppliciter
808 3300 1144 3351 exoramus,
1175 3287 1239 3340 ut
1293 3283 1388 3340 hic
1446 3282 1708 3338 famulus
1765 3286 1902 3339 tuus
1959 3297 2063 3353 per

414 3371 808 3430 ministerium
884 3376 1095 3429 1105th
1156 3372 1471 3439 unctionis,
1534 3375 1597 3428 et
1660 3372 1882 3426 donum
1947 3373 2059 3424 tua).

413 3467 628 3520 sancta:
658 3461 912 3535 pietatis,
944 3467 1315 3534 peccatorum
1365 3476 1608 3518 suorum
1653 3458 1883 3516 veniam
1931 3473 2063 3515 con-

411 3553 600 3625 sequi,
632 3556 690 3608 et
724 3552 797 3607 ad
845 3551 1024 3606 vitam
1072 3554 1348 3607 mternam
1402 3548 1699 3622 pervenire
1746 3549 2057 3603 mereatur.

412 3643 878 3801 Perlmponuntur
911 3729 1028 3784 νυ.
1058 3729 1262 3800 psalmi
1288 3744 1410 3782 cum
1439 3727 1752 3799 antiphonis
1784 3727 1901 3782 istis
1931 3744 1950 3779 :

482 3818 607 3872 Ant.
637 3818 791 3873 Sana
820 3833 913 3870 me
943 3816 1207 3883 Domine,
1243 3814 1519 3887 quoniam
1546 3815 1893 3885 conturbata
1920 3816 2061 3869 sunt

411 3921 549 3962 ossa
578 3921 726 3971 mea,
760 3908 816 3960 et
840 3902 1037 3959 anima
1066 3920 1196 3959 mea
1225 3903 1460 3959 turbata
1486 3908 1577 3959 est
1611 3902 1779 3959 valde
1813 3920 1825 3958 :
1860 3903 1963 3959 sed
1994 3906 2057 3958 tu

411 3993 656 4051 Domine
688 3994 1040 4060 convertere,
1067 3996 1127 4047 et
1156 3991 1314 4064 eripe
1348 3991 1607 4048 animam
1656 4008 1868 4048 meam.
1901 3992 2054 4047 Psal.

410 4078 656 4136 Domino
685 4095 757 4136 ne
781 4078 841 4135 in
873 4079 1084 4135 furore.

480 4170 603 4225 Ant.
635 4169 773 4225 Erat
799 4166 1040 4241 quidam
1073 4166 1509 4241 regulus,cujus
1533 4167 1689 4224 ﬁlius
1718 4168 2056 4225 infirmatis.-

408 4262 507 4315 tur
534 4257 943 4331 Capharnaum
969 4274 985 4312 :
1008 4256 1102 4313 hic
1125 4273 1258 4312 cum
1282 4255 1707 4330 audisset,quia
1727 4258 1887 4314 Iesus
1908 4255 2059 4314 veni-

407 4351 497 4404 ret
523 4346 584 4403 in
619 4345 1170 4420 Galileam,rogabat
1189 4350 1416 4412 eum,ut
1436 4350 1673 4403 sanaret
1693 4346 1882 4403 lilium
1904 4347 2052 4417 ejus.

407 4439 501 4493 Ps.
536 4435 717 4503 Beati,
749 4453 1021 4509 quorum.

474 4527 598 4583 Ant.
630 4525 877 4583 Domine
906 4543 1050 4599 puer
1078 4543 1245 4581 meus
1281 4527 1441 4596 jacet
1483 4524 1825 4598 paraliticus
1861 4524 1922 4580 in
1952 4524 2055 4580 do-

405 4619 598 4685 mo,et
617 4614 768 4672 male
799 4616 1313 4687 torquetur.Amen
1343 4613 1472 4670 dico
1504 4614 1634 4681 tibi,
1665 4631 1771 4688 ego
1802 4613 2053 4683 veniam,

404 4709 461 4761 et
488 4704 707 4761 curabo
737 4720 894 4760 eum.
927 4709 1022 4760 Ps.
1057 4703 1179 4760 Due
1211 4720 1281 4759 ne
1312 4704 1371 4758 in
1404 4703 1616 4760 furore.

474 4794 597 4849 Ant.
633 4793 743 4849 Cor
769 4792 1108 4860 contritum,
1141 4796 1198 4848 et
1226 4791 1604 4847 humiliatum
1636 4797 1789 4848 Deus
1818 4809 1890 4848 ne
1921 4791 2053 4847 des-

403 4879 622 4953 picias;
655 4882 755 4936 sed
788 4885 1024 4954 propter
1052 4897 1330 4953 magnam
1375 4880 1837 4937 misericordiam
1889 4885 2052 4936 tuam

404 4968 683 5025 miserere
713 4969 827 5025 mei
857 4970 1035 5026 Deus.
1066 4971 1156 5026 Ps.
1184 4969 1478 5026 Miserere.

3027 2397 3122 2448 Ps.
3156 2391 3403 2447 Domine
3429 2391 3658 2447 exaudi.

2246 2482 2475 2536 Interim
2502 2481 2749 2538 sacerdos
2792 2482 2890 2538 hoc
2933 2480 3089 2537 mdo
3136 2483 3275 2553 facit
3318 2483 3631 2537 unctionem
3658 2499 3676 2535 :
3704 2482 3798 2536 ρει.

2177 2568 2276 2623 lici
2303 2570 2482 2626 oleum
2513 2571 2709 2640 illinit,
2739 2579 2792 2626 et
2816 2587 2939 2626 cum
2966 2571 3163 2642 pollice
3186 2573 3415 2639 signum
3438 2572 3703 2642 imprimit
3726 2586 3797 2623 sn-

2170 2673 2272 2728 per
2300 2667 2595 2731 utrumque
2619 2660 2838 2717 oculum
2868 2661 2947 2714 ita
2974 2658 3219 2727 dicendo,
3251 2660 3487 2730 singulis
3528 2668 3709 2715 autem
3731 2660 3796 2712 ri-

2173 2748 2327 2804 cibus
2359 2748 2647 2821 repetendo
2679 2767 2697 2803 :
2729 2750 2837 2805 Per
2856 2748 3028 2804 istam
3051 2747 3476 2814 unetionem,et
3493 2764 3664 2805 suam
3683 2746 3796 2821 piis-

2173 2835 2386 2894 simam
2419 2837 2880 2895 misericordiam
2913 2836 3216 2911 indulgeat
3236 2838 3345 2893 tibi
3370 2838 3650 2894 Dominus
3679 2837 3792 2899 (les.

2172 2925 2406 2989 Christ.)
2441 2927 2729 2999 quidquid
2788 2927 3007 2999 peccati
3058 2925 3409 2999 (deliquisti)
3450 2944 3556 2999 per
3609 2926 3792 2990 visum,

2172 3030 2275 3085 per
2301 3015 2592 3084 auditum,
2627 3033 2727 3088 per
2753 3020 3017 3089 gustum,
3050 3032 3153 3088 per
3195 3016 3525 3083 odoratum,
3562 3032 3662 3087 per
3696 3019 3790 3069 tae.

2170 3106 2317 3170 tum,
2352 3121 2454 3175 per
2481 3104 2780 3161 incessum
2809 3105 3090 3177 (pedum),
3120 3121 3228 3177 per
3246 3105 3512 3161 ardorem
3532 3104 3791 3159 libidinis.

2275 3196 2469 3248 Postea
2490 3209 2676 3264 preces
2707 3195 2829 3251 ista“
2857 3210 2981 3249 cum
3009 3210 3118 3266 seq.
3141 3194 3381 3250 collectis
3408 3194 3661 3250 dicuntur
3686 3212 3705 3247 :

2241 3280 2478 3337 Salvum
2520 3281 2784 3346 (salvam)
2843 3284 2934 3339 fac
2989 3299 3222 3340 servum
3284 3282 3598 3344 (ancillam)
3648 3288 3789 3336 tuum

2171 3368 2400 3442 (tuam).

2242 3458 2405 3515 Mitte
2433 3460 2485 3514 ei
2516 3458 2758 3517 Domine
2785 3459 3070 3517 auxilium
3099 3461 3170 3517 de
3199 3464 3425 3517 sancto.

2240 3546 2397 3602 Nihil
2428 3549 2698 3620 proficiat
2721 3540 3000 3605 inimicus
3030 3549 3091 3604 in
3121 3566 3190 3605 eo
3220 3549 3354 3622 (ea).

2242 3636 2377 3692 Esto
2401 3637 2453 3693 ei
2482 3638 2725 3696 Domine
2757 3638 2937 3696 turris
2968 3639 3353 3694 fortitudinis.

2482 3727 2831 3784 Domminus
2859 3728 3182 3784 vobiscum.
3262 3727 3509 3784 Oremus.

2240 3819 2413 3883 Deus,
2447 3816 2549 3888 qui
2580 3817 2797 3873 famulo
2828 3822 2930 3873 tuo
2961 3821 3050 3874 ter
3077 3816 3293 3889 quinos
3323 3834 3514 3873 annos
3543 3817 3613 3872 ad
3637 3818 3783 3871 vitam

2168 3903 2421 3972 donasti,
2456 3904 2536 3960 ita
2565 3910 2623 3962 et
2670 3905 2960 3961 famulum
3010 3910 3177 3961 tuum
3210 3904 3424 3962 alecto
3471 3902 3785 3980 egritudinis

2168 3996 2271 4048 tua
2299 3993 2559 4065 potentia
2586 3994 2772 4067 erigat
2799 3995 2871 4050 ad
2901 3993 3169 4053 salutem.
3202 3995 3330 4051 Per.

2238 4080 2480 4154 Respice
2513 4082 2759 4139 Domine
2801 4081 3089 4140 famulum
3136 4088 3307 4139 tuum
3356 4083 3687 4139 inﬁrmitate
3713 4079 3783 4136 sui

2167 4170 2426 4242 corporis
2456 4170 2842 4238 laborantem,
2864 4176 2922 4229 et
2941 4172 3202 4229 animam
3235 4174 3632 4246 refove.quam
3658 4186 3785 4227 crea-

2166 4258 2278 4327 sti;
2314 4263 2377 4315 ut
2406 4260 2891 4333 castigationibus
2922 4262 3272 4319 emendatus
3303 4262 3583 4319 continuo
3601 4278 3659 4317 se
3683 4275 3784 4314 sca-

2166 4346 2277 4403 tiat
2305 4351 2407 4405 tua
2437 4349 2727 4406 medicina
2755 4349 3495 4407 salvatum.PerChristum
3510 4349 3779 4407 Dominum

2165 4441 2454 4495 nostrum.

2235 4525 2390 4583 Deus
2420 4527 2523 4599 qui
2552 4527 2789 4584 facturae
2820 4531 2932 4584 tuo:
2963 4528 3058 4601 pio
3098 4544 3332 4601 semper
3375 4527 3688 4585 dominaris
3708 4524 3778 4580 af-

2165 4614 2564 4683 fectu,inclina
2584 4632 2787 4673 aurem
2819 4621 2981 4674 tuam
3014 4615 3551 4690 supplicationibus
3580 4613 3777 4677 nostris.

2164 4707 2223 4759 et
2249 4704 2538 4761 famulum
2568 4710 2737 4763 tuum
2776 4723 2846 4762 ex
2892 4707 3136 4764 adversa
3182 4705 3521 4764 valetudine
3561 4702 3779 4777 corporis

2163 4790 2526 4849 laborantem
2558 4794 2822 4866 placatus
2862 4795 3108 4868 respice,
3137 4799 3194 4851 et
3235 4794 3411 4853 visita
3458 4796 3519 4851 in
3573 4788 3778 4850 salutari

2164 4885 2284 4948 tuo,
2328 4899 2393 4938 ac
2447 4881 2698 4939 cmlestis
2748 4884 2951 4956 gratiae
3008 4889 3225 4957 praesta
3272 4885 3649 4940 medicinam.
3700 4881 3781 4935 Per

2162 4969 2480 5027 Christum.

471 5057 595 5113 Ant.
629 5057 871 5113 Domine
915 5058 1224 5126 descende,
1256 5063 1321 5115 ut
1367 5076 1540 5115 sanes
1591 5058 1779 5116 filium
1829 5076 2046 5129 meum,
2077 5042 2128 5109 D
2229 5059 2384 5116 Deus
2411 5060 2512 5133 qui
2543 5060 2803 5119 humano
2847 5062 3070 5135 generi,
3103 5067 3159 5118 et
3205 5061 3419 5119 salutis
3468 5059 3777 5118 remedium.

402 5145 748 5219 priusquam
797 5145 1080 5202 moriatur
1113 5163 1126 5202 :
1161 5147 1312 5203 Dicit
1356 5147 1407 5203 ei
1449 5148 1623 5205 Jesus
1657 5164 1669 5203 :
1702 5148 1846 5204 vade
1894 5147 2052 5204 filius

400 5238 541 5291 tuus
559 5233 718 5289 vivit.
864 5240 958 5292 Ps.
991 5235 1238 5291 Domine
1269 5236 1497 5293 exaudi.

469 5325 594 5382 Ant.
629 5322 874 5379 Domine
905 5339 1019 5379 non
1053 5340 1187 5379 sum
1218 5323 1453 5396 dignus,
1485 5330 1550 5381 ut
1578 5324 1763 5382 intres
1793 5326 1903 5382 sub
1934 5328 2049 5383 tec-

397 5417 526 5469 tum
584 5428 802 5480 meum,
839 5412 939 5468 sed
990 5414 1223 5467 tantum
1273 5412 1365 5468 dic
1411 5414 1607 5483 verbo,
1641 5418 1698 5470 et
1745 5414 2051 5471 sanabitur

398 5517 546 5575 puer
577 5518 768 5558 meus.
920 5506 1014 5558 Ps.
1048 5506 1128 5557 De
1158 5501 1483 5573 profundis.

467 5592 591 5651 Ant.
625 5590 771 5650 Cum
803 5588 889 5649 sol
922 5595 1117 5648 autem
1148 5590 1476 5662 occidisset,
1509 5608 1713 5648 omnes
1743 5592 1844 5667 qui
1875 5592 2048 5651 habe-

2161 5152 2220 5203 et
2248 5148 2375 5205 vitae
2406 5154 2630 5236 cetera?
2665 5168 2912 5208 munera
2958 5150 3288 5218 contulisti;
3321 5166 3604 5207 conserva
3645 5149 3695 5204 in
3721 5145 3779 5199 fa-

2159 5236 2321 5293 mulo
2352 5242 2452 5295 tuo
2494 5244 2734 5296 tuarum
2779 5242 2935 5297 dona
2982 5240 3261 5296 virtutum
3295 5255 3309 5295 :
3340 5242 3403 5295 et
3448 5238 3706 5303 concede,
3733 5238 3777 5287 υε

2161 5327 2448 5384 medelam
2479 5333 2642 5385 tuam
2676 5346 2791 5385 non
2824 5329 3017 5386 solum
3049 5329 3107 5384 in
3139 5344 3400 5401 corpore,
3431 5328 3537 5384 sed
3556 5322 3775 5385 etiamin

2159 5415 2357 5472 anima
2386 5418 2616 5476 sentiat.
2650 5418 2776 5474 Per.

2228 5506 2529 5563 Virtutum
2560 5507 2883 5565 cmlcstium
2916 5513 3086 5577 Deus,
3118 5508 3220 5580 qui
3253 5506 3329 5563 ab
3360 5504 3641 5562 humanis
3678 5516 3773 5559 cor-

2156 5596 2398 5669 poribus
2427 5613 2663 5654 omnem
2693 5580 3121 5672 languorem,et
3142 5612 3380 5654 omnem
3409 5592 3778 5652 inﬁrmitati
