3892 6212
54 289 215 350 1001

1099 291 1309 352 OltDO
1351 292 1455 350 AD
1504 291 1985 353 VlSl'l‘AliDUM
2034 296 2457 363 INFIRMUM.

3322 330 3479 391 1002

52 423 345 532 praecepti
366 423 447 477 tui
478 425 765 532 potestate
788 421 1250 532 repellisfd‘esto
1274 423 1561 532 propitius
1582 422 1717 479 huic
1747 422 1801 489 Α
1830 429 2087 532 secunda
2116 432 2430 532 possideat.
2456 436 2584 532 ’l‘ibi
2616 456 2722 513 ego
2755 444 3318 525 Domine,supplices
3348 476 3475 532 pre-

50 511 293 568 famulo
327 516 456 578 tuo;
492 516 558 567 ut
588 511 800 583 fugatis
830 510 1275 566 inﬁrmitatibus
1297 517 1353 566 et
1376 513 1597 567 viribus
1630 529 1720 567 re-

49 600 270 672 ceptis,
310 617 519 656 nomen
552 604 821 655 sanctum
854 605 1023 655 tuum
1075 600 1404 656 instaurata.
1451 602 1720 674 protinus

49 689 319 744 sanitate
352 688 677 744 benedicat.
712 689 818 743 Per
846 692 918 742 X.

120 777 382 832 Domine
408 781 607 833 sancte
655 777 823 833 Pater
866 778 1236 850 omnipotens
1285 783 1496 835 aeterne
1545 784 1715 841 Deus.

49 868 151 939 qui
188 865 572 938 fragilitatem
604 866 955 921 conditionis
988 872 1201 923 nostrae
1249 867 1442 924 infusa
1485 869 1717 925 virtutis

48 961 162 1009 tua:
195 954 545 1028 dignatione
575 956 911 1021 conﬁrmas,
944 960 1007 1010 ut
1035 954 1394 1011 salutaribus
1443 957 1717 1013 remediis

48 1044 297 1116 pietatis
330 1048 442 1098 tua
471 1058 713 1115 corpora
742 1048 942 1098 nostra
970 1048 1026 1097 et
1069 1044 1332 1099 membra
1377 1049 1718 1117 vegetentur

51 1151 235 1205 super
266 1133 429 1188 hunc
460 1131 750 1187 famulum
798 1136 991 1199 tuum,
1025 1132 1374 1204 propitiatus
1414 1133 1661 1189 intende
1696 1150 1710 1188 ί

50 1226 115 1279 ut
145 1222 316 1277 omni
348 1221 691 1276 necessitate
721 1236 1009 1292 corporeae
1062 1221 1426 1278 inﬁrmitatis
1476 1221 1714 1278 exclusa

50 1314 244 1387 gratia
276 1312 341 1365 in
372 1327 439 1366 eo
464 1310 725 1382 pristinae
766 1309 1039 1365 sanitatis
1088 1310 1341 1381 perfecta
1386 1316 1709 1384 reparatur.

51 1404 159 1458 Per
187 1401 535 1456 Dominum.

124 1487 851 1559 Exaudi,Domine,preces
884 1491 1137 1553 nostras,
1161 1491 1217 1543 et
1246 1487 1349 1543 tibi
1380 1490 1710 1546 conﬁtentis

50 1599 223 1655 parce
258 1578 550 1652 peccatis;
584 1582 651 1633 ut
682 1595 857 1650 quem
891 1577 1258 1633 conscientia:
1305 1583 1500 1634 reatus
1544 1596 1711 1636 accu-

52 1665 543 1740 sat,indulgentia
572 1670 685 1721 tuae
719 1666 1112 1722 miserationis
1143 1667 1423 1722 absolvat.
1457 1668 1581 1723 Per.

1834 531 1947 583 ces,
1981 516 2086 572 tibi
2122 520 2319 577 ﬁctum
2353 525 2545 583 cordis
2576 530 2967 605 effundimus;
2996 516 3057 594 tu
3087 516 3255 612 parce
3294 516 3473 606 ednfi-

1831 605 1998 709 tenti,
2033 612 2095 709 ut
2109 607 2293 709 "sic-in
2326 611 2813 709 haemortalitate
2843 605 3216 695 peccata-sua
3238 641 3290 689 te
3312 639 3473 709 adju-

1826 698 1997 788 vante
2030 696 2255 767 defleat,
2291 702 2543 773 qualiter
2571 707 2628 762 in
2661 711 2946 768 tremendi
2971 716 3181 788 judicii
3221 724 3313 780 die
3343 696 3474 785 sen-

1827 782 2070 885 tentiam
2128 791 2354 844 aeternas
2412 793 2807 855 damnationis
2869 782 3092 875 evadat,
3127 812 3183 864 et
3230 782 3472 885 nesciat,

1825 874 1980 975 quod
2015 877 2189 975 terret
2220 877 2275 932 in
2301 882 2771 975 ‘tenebris,gquod
2816 891 3025 949 stridet
3071 874 3130 952 in
3183 874 3470 975 ﬂammis;

1825 965 1999 1033 atque
2031 964 2103 1065 ab
2133 966 2347 1023 erroris
2376 970 2468 1024 via
2498 973 2566 1028 ad
2593 973 2704 1030 iter
2728 978 2972 1037 reversis
2990 983 3237 1052 justitiae
3259 964 3474 1065 nequa:

1823 1065 2001 1146 quam
2028 1050 2183 1108 ultra
2211 1055 2554 1116 vulneribus
2584 1064 2899 1135 sauciatur,
2934 1050 3034 1126 sed
3068 1050 3368 1150 integrum;
3394 1083 3472 1139 sit

1822 1137 2087 1235 eiet-que-
2108 1146 2478 1235 perpetuum,
2510 1152 2569 1203 et
2597 1152 2750 1221 quod
2783 1156 2970 1225 gratia
3000 1160 3101 1214 tua
3132 1137 3471 1235 cobtulit,et

1822 1228 1975 1297 quod
2012 1228 2411 1289 misericordia
2442 1236 2791 1297 reformavit.
2810 1242 2916 1299 Per
2945 1250 3215 1308 eundem.

1896 1321 2045 1418 Deus
2077 1318 2437 1418 inﬁrmitatis
2467 1323 2738 1383 humanae
2760 1331 3075 1406 singularis
3100 1343 3464 1418 praesidium,

1820 1404 2019 1460 auxilii
2050 1407 2137 1462 tui
2169 1426 2344 1482 super
2374 1412 2675 1472 inﬁrmum
2706 1404 2972 1479 nostrum
3006 1404 3245 1487 ostende
3292 1404 3469 1492 virtu:

1820 1496 1956 1561 tem,
1992 1499 2058 1550 ut
2087 1512 2195 1569 ope
2226 1500 2635 1559 misericordiae
2664 1511 2775 1564 tuae
2806 1512 3043 1584 adjutus
3075 1519 3323 1578 ecclesiae
3354 1526 3466 1582 tuae

1819 1588 2034 1639 sanctas
2064 1592 2446 1658 representari
2476 1600 2788 1654 mereatur.
2824 1598 2947 1657 Per.

1890 1673 2134 1772 Domine
2165 1683 2364 1734 sancte
2394 1681 2565 1737 Pater
2612 1687 2983 1760 omnipotens
3031 1698 3241 1753 aeterne
3291 1700 3467 1772 Deus,

120 1757 448 1858 Prae‘veniat
474 1753 633 1811 hunc
665 1753 856 1854 (hanc)
883 1753 1165 1854 famulum
1193 1755 1515 1858 (fa-mulam)
1742 1792 1786 1857 Β
1817 1760 1916 1832 qui
1934 1762 2483 1825 benedictionistum
2504 1772 2753 1844 gratiam
2776 1753 2944 1851 .mgris
2970 1753 3330 1845 infundendo

54 1846 259 1920 (tuam)
293 1862 638 1920 quaesumus
671 1843 909 1900 Domine
939 1843 1338 1900 misericordia
1357 1848 1457 1899 tua
1479 1862 1492 1899 :
1518 1849 1583 1901 ut
1604 1845 1710 1901 ini-

55 1938 312 2010 quitates
344 1936 475 2007 ejus
502 1931 673 1989 celeri
704 1932 1072 2005 indulgentia
1103 1932 1427 1990 deleantur.
1463 1934 1586 1991 Per.

121 2026 375 2083 Domine
405 2024 559 2079 Deus
590 2024 808 2089 noster,
845 2020 945 2093 qui
977 2021 1294 2078 otfensione
1343 2028 1544 2078 nostra
1593 2041 1708 2080 non

56 2117 327 2179 vinceris,
362 2113 464 2169 sed
497 2110 895 2168 satisfactione
928 2109 1195 2182 placaris,
1231 2110 1454 2183 respice
1477 2129 1707 2184 quassu-

58 2223 186 2261 mus
216 2205 289 2258 ad
322 2203 484 2259 hunc
514 2202 806 2256 famutum
840 2204 1028 2268 tuum,
1062 2200 1161 2273 qui
1196 2217 1258 2256 se
1288 2200 1392 2255 tibi
1434 2218 1707 2273 peccasse

60 2294 306 2367 graviter
336 2292 670 2361 conﬁtetur,
692 2293 860 2345 tuum
889 2305 1015 2344 esse
1047 2287 1406 2345 ablutionem
1440 2290 1577 2347 dare
1601 2291 1708 2346 cri-

59 2384 306 2447 minum,
340 2384 399 2437 et
429 2378 657 2434 veniam
692 2382 962 2452 praestare
995 2378 1381 2449 peccantium,
1417 2374 1518 2450 qui
1558 2378 1707 2434 dixi-

61 2473 127 2527 sti
154 2470 558 2545 pmnitentiam
591 2472 645 2523 te
678 2466 849 2522 malle
898 2469 1287 2538 peccatorum,
1323 2484 1499 2539 quam
1550 2485 1706 2523 mor-

34 2564 202 2633 ,tem;
236 2558 492 2615 concede
522 2573 657 2629 ergo
689 2556 930 2610 Domine
978 2553 1120 2624 hoc;
1154 2560 1216 2611 ut
1264 2556 1367 2611 tibi
1419 2557 1706 2628 poeniten-

63 2650 144 2703 tiae
175 2648 455 2707 excubias
489 2643 757 2711 celebret,
789 2646 844 2700 et
870 2643 1141 2700 correctis
1168 2645 1394 2701 actibus
1418 2645 1542 2701 suis
1574 2664 1707 2702 con-

59 2738 183 2793 ferri
216 2736 332 2793 sibi
366 2753 402 2792 a
430 2739 488 2791 te
519 2733 874 2807 sempiterna
905 2733 1121 2805 gaudia
1163 2733 1507 2806 gratuletur.
1541 2736 1666 2792 Per.

124 2828 334 2883 Adesto
370 2823 613 2881 Domine
644 2821 1174 2896 supplicationibus
1222 2824 1457 2891 nostris,
1496 2840 1598 2879 nec
1630 2825 1707 2881 sit

63 2917 127 2971 ab
158 2916 265 2971 hoc
296 2912 520 2970 famulo
552 2917 652 2968 tuo
680 2911 749 2966 N.
785 2908 1102 2966 clementia:
1126 2914 1235 2973 tua:
1258 2910 1582 2985 longinqua
1603 2914 1706 2969 mi-

65 3006 262 3060 seratio
297 3021 310 3061 :
345 3020 492 3067 sana
519 3000 780 3067 vulnera,
814 3000 1060 3071 ejusque
1093 3000 1323 3056 remitte
1355 3006 1607 3072 peccata,
1642 3007 1707 3058 ut

66 3094 230 3157 nullis
250 3091 666 3165 iniquitatibus
688 3107 722 3144 a
745 3092 801 3143 te
824 3093 1128 3161 separatus
1150 3089 1253 3143 tibi
1283 3089 1526 3145 Domino
1550 3108 1705 3148 sem-

68 3199 159 3256 per
184 3183 372 3239 valeat
401 3176 710 3235 adhzerere.
742 3176 868 3233 Pcr.

129 3273 337 3327 Adesto
372 3269 615 3325 Domine
656 3264 1189 3339 supplicationibus
1239 3268 1493 3335 nostris;
1527 3272 1582 3324 et
1614 3284 1706 3326 me

72 3361 157 3431 qui
190 3361 365 3417 etiam
401 3356 801 3415 misericordia
830 3362 931 3410 tua
953 3357 1180 3428 primus
1202 3357 1708 3431 indigeo,clemen-

73 3454 150 3503 ter
175 3449 383 3505 exaudi
420 3465 433 3503 :
469 3452 531 3502 ut
563 3463 737 3518 quem
769 3462 887 3500 non
920 3445 1195 3501 electione
1218 3445 1408 3503 meriti
1432 3445 1529 3502 sed
1554 3449 1706 3504 dono

75 3540 176 3593 iure
207 3538 405 3611 gratiae
435 3534 791 3593 constituisti
815 3535 1007 3606 operis
1031 3534 1209 3605 hujus
1237 3535 1610 3604 ministrum;
1635 3538 1709 3593 da

77 3627 337 3683 ﬁduciam
371 3626 455 3681 tui
488 3624 749 3680 muneris
798 3623 1140 3695 exequendi,
1176 3629 1230 3679 et
1262 3624 1386 3697 ipse
1416 3625 1476 3679 in
1510 3630 1708 3682 nostro

75 3714 409 3783 ministerio,
442 3714 597 3787 quod
624 3718 736 3768 tuae
771 3710 1002 3787 pietatis
1040 3717 1146 3780 est,
1182 3730 1438 3787 operare.
1474 3714 1598 3770 Per.

138 3805 346 3862 Praesta
379 3819 717 3877 quaesumus
749 3801 991 3857 Domine
1020 3801 1157 3856 huic
1182 3803 1399 3858 famulo
1422 3807 1519 3859 tuo
1540 3804 1709 3859 N.di-

78 3907 245 3962 gnum
276 3891 631 3967 pcenitentiaa
664 3891 1013 3959 fructum,ut
1043 3890 1295 3947 ecclesiae
1328 3897 1440 3947 tuze
1473 3898 1707 3963 sanctaa,

79 3996 108 4033 a
135 3983 297 4054 cujus
328 3981 661 4055 integritate
692 3979 951 4036 deviaret
982 3981 1296 4052 peccando,
1316 3980 1709 4037 admissorum

79 4070 342 4126 reddatur
371 4069 648 4126 innoxius
674 4070 907 4125 veniam
939 4070 1370 4142 consequendo.
1408 4071 1530 4125 Per.

141 4158 287 4215 Deus
318 4159 564 4216 humani
613 4158 842 4232 generis
891 4158 1315 4231 benignissime
1364 4160 1630 4216 conditor
1658 4164 1716 4216 et

81 4247 611 4306 misericordissime
641 4249 1006 4313 reformator,
1040 4248 1137 4320 qui
1168 4247 1467 4304 hominem
1493 4248 1715 4305 invidia

84 4335 280 4393 diaboli
311 4339 385 4395 ab
416 4337 732 4394 aeternitate
781 4337 1069 4408 dejectum
1122 4337 1277 4392 unici
1329 4337 1430 4392 ﬁlii
1470 4339 1554 4394 tui
1585 4356 1715 4395 san-

84 4424 241 4493 guine
257 4427 553 4483 redemisti
571 4426 829 4494 ;viviﬁca
848 4425 1006 4481 hunc
1032 4426 1316 4486 famulum
1338 4430 1713 4501 tuum,quem

1820 1852 2061 1951 poribus
2094 1853 2376 1951 facturam
2410 1863 2572 1951 tuam
2608 1863 2917 1937 multiplici
2952 1870 3163 1941 pietate
3185 1878 3465 1951 custodis,

1820 1940 1890 1995 ad
1922 1940 2346 2001 invocationem
2376 1949 2629 2006 nominis
2682 1953 2765 2008 tui
2815 1940 3105 2031 benignus
3152 1970 3382 2036 assiste,
3411 1940 3469 2026 et

1819 2029 1975 2123 hunc
2009 2031 2295 2123 famulum
2328 2040 2497 2093 tuum
2539 2038 2848 2100 liberatum
2898 2029 2979 2102 ab
3019 2029 3379 2123 zegritudine'
3411 2064 3468 2115 et

1818 2120 2054 2175 sanitati
2086 2122 2366 2179 donatum
2394 2126 2629 2184 dextera
2658 2134 2759 2187 tua
2790 2139 3002 2207 ertgas,
3025 2120 3237 2199 virtute
3259 2147 3467 2203 conﬁr-

1818 2214 2283 2309 mes-potestate
2314 2217 2552 2282 tuearis,
2586 2223 2641 2273 et
2670 2221 2924 2279 ecclesiae
2960 2230 3091 2297 tum,
3127 2234 3465 2309 sanctisque

1816 2298 2109 2393 altaribus
2130 2301 2248 2358 tuis
2279 2320 2411 2359 cum
2440 2307 2599 2363 omni
2623 2309 2947 2369 desiderata
2971 2321 3353 2393 prosperitate
3368 2298 3464 2381 .re-

1815 2389 2048 2446 stituas.
2082 2391 2206 2447 Per.

1886 2479 2038 2535 Deus
2098 2480 2450 2552 misericors,
2483 2484 2633 2542 Deus
2683 2489 2958 2566 clemens,
2991 2497 3091 2569 qui
3142 2504 3465 2561 secundum

1817 2568 2257 2626 multitudinem
2292 2573 2727 2634 miserationem
2760 2568 3267 2659 tuarumipeccata
3289 2592 3466 2665 poeni-

1814 2658 2061 2713 tentium
2097 2659 2340 2727 deles,et
2368 2665 2789 2734 praeteritorum
2815 2658 3127 2732 criminum
3152 2658 3354 2752 culpas
3376 2698 3465 2739 ve-

1816 2747 1914 2802 nia
1946 2748 2311 2806 remissionis
2340 2756 2847 2830 evacuas,respice
2878 2778 3055 2835 super
3083 2747 3463 2829 hunc-fama.-

1816 2835 1937 2891 lum
1972 2842 2161 2905 tuum,
2197 2843 2253 2894 et
2284 2842 2690 2901 remissionem
2725 2847 2836 2903 sibi
2885 2851 3149 2910 omnium
3200 2864 3465 2929 peccato-

1814 2942 1947 2981 rum
1979 2944 2221 2983 suorum
2253 2932 2374 2985 tota
2399 2932 2592 2988 cordis
2623 2936 2985 2997 confessione
3017 2950 3348 3015 poscentem
3373 2950 3468 3006 de-

1813 3019 2086 3086 precatus
2115 3018 2343 3073 exaudi.

1734 3151 1776 3218 C
1887 3104 2120 3160 Renova
2148 3104 2208 3159 in
2256 3124 2320 3161 eo
2371 3108 2636 3180 piissime
2680 3113 2866 3181 Pater,
2902 3119 3187 3193 quidquid
3237 3128 3467 3184 terrena

1816 3192 2125 3247 fragilitate
2156 3198 2609 3247 corruntum_vel
2638 3202 2923 3247 nnidnnirl
2958 3208 3237 3247 smmum.
3266 3214 3465 3247 r.......a..

1870 3192 2125 3264 agilitate
2156 3198 2611 3268 corruptum,vel
2638 3202 2924 3276 quidquid
2958 3192 3243 3268 diabolica
3266 3214 3466 3273 fraude

1812 3280 2091 3338 violatum
2124 3287 2243 3351 est;
2278 3285 2421 3341 etin
2467 3290 2691 3347 unitate
2738 3296 2995 3365 corporis
3044 3300 3300 3357 ecclesiae
3350 3307 3463 3359 tua:

1817 3372 2210 3426 membrorum
2245 3376 2556 3445 perfectam
2591 3381 2994 3440 remissionem
3028 3389 3466 3449 restitueMise-

1816 3477 1941 3515 rere
1984 3460 2225 3517 Domine
2270 3464 2619 3535 gemituum,
2655 3471 2929 3529 miserere
2978 3474 3375 3547 lacrimarum,
3411 3482 3469 3537 et

1817 3564 1932 3603 non
1966 3547 2278 3605 habentem
2310 3552 2585 3610 ﬁduciam
2620 3557 2729 3613 nisi
2755 3559 2810 3613 in
2836 3565 2938 3617 tua
2963 3563 3362 3624 misericordia
3396 3566 3468 3633 ad

1819 3640 2252 3693 sacramentum
2285 3641 2772 3703 reconciliationis
2802 3649 3063 3709 admitte.
3102 3653 3225 3711 Per.

1889 3727 2264 3819 hlajestatem‘
2284 3731 2445 3786 tuam
2479 3735 2720 3791 Domine
2752 3739 3046 3812 supplices
3068 3744 3471 3819 deprecamur,

1821 3819 1885 3869 ut
1914 3814 2053 3869 huic
2084 3815 2304 3871 famulo
2330 3821 2430 3874 tuo
2458 3821 2729 3893 squalore
2776 3814 3162 3898 pmnitentiaz‘
3183 3814 3475 3893 macerato

1822 3903 2217 3999 miserationis
2248 3911 2360 3962 tuae
2389 3910 2617 3966 veniam
2653 3911 2851 3988 largiri
2891 3918 3150 3992 digneris
3183 3939 3196 3979 :
3232 3929 3296 3979 ut
3326 3943 3476 3999 nup-

1822 3992 1948 4047 tiali
1978 3997 2134 4048 veste
2162 4001 2392 4067 recepta
2412 3998 2482 4053 ad
2507 4001 2760 4074 regalem
2782 4011 3234 4078 mensam,unde
3257 3992 3477 4084 ejectus

1822 4081 2037 4145 fuerat,
2070 4088 2366 4140 mereatur
2394 4086 2656 4146 introire.
2690 4092 2816 4150 Per.

1892 4169 2139 4260 Absolve
2186 4171 2429 4228 Domine
2481 4176 2741 4233 animam
2792 4181 2997 4239 famuli
3028 4184 3113 4256 (ac)
3145 4185 3228 4241 tui
3259 4186 3347 4258 (aa)
3375 4202 3480 4260 per

1824 4257 2305 4314 intercessionem
2334 4261 2688 4320 beatissima:
2722 4268 2816 4323 Dei
2848 4271 3149 4343 genitricis
3175 4257 3396 4342 Mariae,
3421 4274 3479 4331 et

1825 4347 1977 4402 beati
2010 4347 2179 4415 Petri,
2213 4353 2267 4404 et
2299 4350 2562 4406 omnium
2592 4354 2937 4414 Sanctorum
2972 4360 3044 4415 ab
3066 4361 3223 4416 omni
3246 4361 3476 4425 vinculo

1824 4433 2191 4508 delictorum,
2258 4441 2573 4509 antequam
2644 4449 2948 4514 separetur
2993 4464 3027 4503 a
3075 4449 3475 4506 membrorum

85 4510 174 4567 tibi
206 4516 537 4572 nullatenus
571 4515 715 4571 mori
747 4515 1082 4583 desideras;
1116 4519 1172 4571 et
1202 4515 1301 4588 qui
1342 4531 1457 4571 non
1506 4517 1715 4573 dereli-
1749 4521 1792 4585 D
1825 4524 2169 4596 compagine
2202 4528 2585 4595 terrenorum,
2614 4534 2670 4585 et
2700 4510 2912 4603 praesta
2944 4539 3007 4590 ut
3053 4553 3186 4591 cum
3239 4538 3478 4610 cmperit

86 4603 245 4671 quisti
278 4605 773 4674 devium,assume
793 4606 1415 4663 correctum.Moveant
1441 4607 1714 4678 pietatem

88 4693 234 4748 tuam
266 4711 605 4765 quaesumus
642 4694 901 4761 Domine,
934 4694 1112 4765 hujus
1158 4695 1363 4751 famuli
1414 4696 1497 4751 tui
1531 4696 1716 4769 lacry-

89 4793 236 4836 mosa
265 4783 537 4856 suspiria.
570 4785 657 4841 Tu
688 4786 815 4856 ejus
849 4786 1079 4841 medere
1126 4784 1504 4853 vulneribus;
1540 4790 1601 4840 tu
1623 4787 1715 4858 ja-

89 4869 491 4927 centimanum
523 4872 752 4947 porrige
796 4873 1136 4939 salutarem,
1172 4891 1273 4928 nec
1323 4875 1568 4931 ecclesia
1616 4881 1719 4931 tua

90 4952 270 5027 aliqua
299 4961 388 5016 sui
424 4961 682 5034 corporis
714 4962 975 5033 portione
994 4967 1287 5031 vastetur;
1322 4980 1392 5019 ne
1419 4981 1556 5036 grex
1582 4970 1718 5020 tuus

90 5040 485 5105 detrimentum
519 5050 825 5117 sustineat,
861 5067 930 5105 ne
963 5052 1034 5106 de
1069 5051 1298 5107 familiae
1344 5057 1453 5108 tuae
1503 5054 1719 5111 damno

90 5127 344 5195 inimicus
376 5138 723 5210 exultet,nec
751 5145 1018 5197 renatum
1039 5140 1265 5199 lavacro
1290 5141 1534 5200 salutari
1561 5160 1720 5202 mors

392 5698 652 5770 ΡΑΤΞλΟΙ..
700 5702 1073 5769 CXXXVIII.

1825 4629 1859 4666 a
1888 4629 2127 4683 corpore
2157 4614 2435 4686 separari,
2472 4624 2763 4675 mereatur
2783 4639 2817 4677 a
2838 4623 3194 4681 beatissimis
3225 4630 3281 4685 et
3312 4627 3477 4683 beni-

1825 4699 2132 4773 gnissimis
2163 4703 2387 4776 angelis
2417 4706 2659 4779 suscipi,
2687 4714 2862 4781 atque
2892 4713 3010 4768 tuis
3032 4713 3317 4786 piissimis
3347 4732 3479 4772 con-

1827 4790 2127 4861 spectibus
2158 4794 2513 4863 praesentari,
2546 4801 2603 4852 et
2634 4797 2689 4851 in
2719 4799 2917 4855 sinum
2949 4802 3128 4857 beatae
3165 4804 3389 4876 requiei
3422 4809 3478 4862 te

1828 4879 2081 4935 donante
2114 4881 2343 4937 deduci.
2378 4883 2498 4940 Per.

1899 4968 1960 5024 Si
1986 4970 2166 5025 exitus
2196 4971 2312 5042 ejus
2343 4972 2552 5029 tardior
2577 4977 2749 5047 fuerit
2778 4978 2989 5048 agenda
3019 4988 3097 5037 est
3122 4982 3236 5055 ipso
3283 4983 3477 5043 domno

1780 5083 1784 5086 -
1830 5057 2029 5116 Abbalc
2058 5060 2140 5115 vel
2183 5061 2375 5118 Priore
2418 5066 2812 5135 pronuntiante
2854 5070 3085 5128 Letam‘a
3131 5071 3228 5130 hoc
3272 5072 3472 5133 modo:

3080 5710 3159 5777 32
