3892 6212
422 280 580 343 1003

1203 276 1536 339 APPEND.
1586 276 1688 336 AD
1735 273 1920 337 S/EC.
1970 272 2046 334 X.
2080 306 2157 317 —
2185 271 2688 335 MONUMENTA
2735 270 3050 334 LITURG.
3680 269 3770 329 1M

1304 589 1642 682 ORDO
1704 592 1850 678 DE
1912 588 2290 678 SACRIS
2346 586 2964 677 ORDINIBUS

490 940 812 1009 Psalmista,
846 939 903 995 id
925 945 1006 995 est
1044 946 1253 1007 cantor,
1283 946 1637 1011 posteaquam
1681 939 1749 993 ab
1795 938 2073 993 archidia-
2104 938 2158 1005 Α
2190 944 2282 994 tur
2327 937 2568 1009 qualiter
2615 938 2677 992 in
2723 937 2967 1009 ofﬁctum
3012 937 3132 1008 ejus
3177 953 3358 1007 agere
3402 937 3604 992 debeat.
3631 937 3711 992 Sed
3740 940 3780 991 ai

418 1044 550 1086 cono
580 1031 879 1085 instructus
907 1029 1101 1100 fuerit,
1128 1035 1300 1100 potest
1332 1029 1533 1099 absque
1560 1028 1791 1082 scientia
1822 1026 2077 1099 Epi.sola

418 1117 661 1176 iussione
684 1117 979 1189 prcsbiteri
1007 1117 1253 1188 ofﬁcium
1299 1118 1593 1188 suscipere.
1627 1114 1790 1183 Vide,
1824 1121 1887 1170 ut
1917 1115 2073 1187 quod

420 1222 518 1262 ore
578 1209 802 1273 cantas,
834 1205 1007 1262 corde
1064 1205 1291 1273 credas,
1324 1209 1381 1262 et
1420 1205 1573 1278 quod
1635 1204 1807 1261 corde
1864 1203 2074 1274 credis,

422 1294 697 1368 operibus
730 1294 962 1367 probes.

495 1384 769 1441 Ostiarius
796 1401 922 1440 cum
950 1382 1261 1449 ordinatur,
1281 1390 1569 1456 postquam
1600 1383 1667 1438 ab
1697 1381 2081 1439 archidiacono

425 1475 732 1531 instructus
760 1474 951 1545 fuerit,
982 1475 1218 1547 quatitcr
1248 1475 1309 1528 in
1337 1473 1491 1529 domo
1521 1474 1619 1528 Dei
1647 1472 1838 1527 debeat
1866 1486 2081 1527 conver-

425 1565 564 1632 sari,
588 1563 659 1619 ad
694 1564 1093 1633 suggestionem
1138 1561 1516 1617 archidiaconi
1562 1560 1736 1617 tradet
1779 1562 1834 1615 ei
1876 1561 2085 1631 episco-

423 1668 528 1725 pus
552 1652 727 1707 claues
754 1651 1000 1707 ecclesia)
1027 1650 1093 1705 de
1138 1651 1316 1706 altare
1357 1650 1542 1706 dicens
1572 1669 1590 1704 :
1622 1649 1717 1705 Sic
1762 1664 1866 1721 age
1913 1647 2084 1721 quasi

430 1740 770 1797 redditurus
800 1740 884 1795 sis
916 1744 1031 1795 Deo
1063 1739 1348 1795 rationem
1381 1756 1484 1811 pro
1515 1738 1607 1794 his
1639 1739 1814 1794 rebus
1835 1754 2084 1810 quaeque

429 1829 561 1886 istis
592 1828 856 1885 clavibus
888 1828 1291 1885 recluduntur.
1323 1829 1387 1883 Et
1416 1828 1592 1885 tradet
1619 1829 1673 1884 ei
1699 1828 1963 1884 diaconus
1994 1843 2085 1882 os-

430 1920 571 1976 tium
596 1919 859 1976 ecclesia.

958 2023 1247 2063 PREFATIO
1294 2023 1538 2062 OSTIARII
1547 2047 1560 2060 .

506 2101 687 2153 Deum
715 2096 942 2152 Patrem
973 2096 1433 2169 omnipotentem
1457 2094 1803 2167 suppliciter
1822 2095 2089 2167 depreca-

435 2190 661 2254 mur,ut
689 2185 846 2244 hunc
877 2185 1166 2241 famulum
1197 2190 1366 2241 tuum
1400 2183 1636 2239 nomine
1658 2183 2089 2239 ill.benedieere

439 2276 735 2349 dignetur,
768 2291 945 2347 quem
978 2275 1037 2329 in
1068 2274 1328 2330 officium
1361 2273 1598 2328 Ostiarii
1630 2273 1844 2345 eligere
1883 2272 2088 2346 digna-

436 2367 534 2420 tus
564 2366 730 2432 es,ut
758 2363 835 2418 sit
862 2362 914 2418 ei
946 2362 1291 2419 fidelissima
1320 2379 1461 2417 cura
1490 2360 1548 2416 in
1575 2361 1781 2417 diebus
1814 2378 1880 2417 ac
1905 2362 2090 2417 nocti-

438 2453 550 2508 bus
581 2451 654 2507 ad
685 2450 1125 2506 distinctionem
1173 2448 1452 2505 horarum
1502 2453 1794 2506 certarum
1826 2450 1898 2506 ad
1930 2450 2094 2506 invo-

440 2540 695 2597 candum
725 2555 938 2595 nomen
966 2538 1098 2606 Dni,
1129 2554 1254 2610 per.

942 2643 1276 2683 BBNEDICTIO
1316 2643 1594 2683 EIUSDEM.

512 2720 635 2772 Dne
666 2719 867 2773 sancte
900 2715 1069 2771 Pater
1097 2716 1469 2789 omnipotens
1500 2720 1710 2771 teterne
1742 2716 2096 2786 Deus,hene-

444 2806 637 2863 dicere
665 2804 925 2878 digneris
952 2804 1111 2861 hunc
1142 2804 1428 2861 famulum
1472 2810 1641 2861 tuum
1672 2804 1755 2860 ill.
1790 2805 2095 2872 ostiarum,

444 2899 512 2951 ut
541 2894 694 2950 inter
713 2894 999 2966 janitores
1029 2893 1287 2951 ecclesias
1318 2898 1482 2967 paret
1528 2894 1832 2967 obsequia,
1863 2899 1921 2950 et
1950 2893 2098 2951 elec-

444 2988 537 3041 tos
566 2987 701 3041 tuos
735 2986 962 3056 partem
991 2988 1156 3040 tuam
1185 2988 1521 3041 mereantur
1550 2982 1767 3041 habere
1810 2983 2099 3041 mercedis

445 3090 568 3147 per.

958 3178 1264 3219 ORDINATIO
1304 3179 1590 3219 LECTORIS.

524 3252 708 3309 Lector
736 3268 862 3308 cum
888 3252 1199 3321 ordinatur,
1220 3254 1357 3325 facit
1383 3252 1448 3309 de
1475 3253 1573 3309 illo
1620 3254 1843 3309 verbum
1873 3255 2103 3325 Episco-

446 3357 552 3414 pus
576 3341 647 3396 ad
674 3341 906 3413 plebem,
939 3341 1199 3414 judicans
1245 3342 1363 3414 ejus
1406 3342 1568 3414 ﬁdem
1612 3358 1677 3397 ac
1722 3344 1913 3411 vitam,
1945 3352 2105 3415 atque

451 3431 758 3500 ingenium.
790 3431 918 3486 Post
958 3430 1077 3487 hac
1130 3438 1440 3502 expectante
1481 3431 1658 3503 plebe,
1708 3431 1883 3487 tradet
1924 3434 1978 3488 ei
2023 3449 2106 3489 co-

448 3518 647 3587 dicem,
679 3518 746 3576 de
791 3535 895 3591 quo
945 3519 1182 3575 lecturus
1228 3527 1305 3576 est
1348 3519 1531 3576 dicens
1577 3520 1647 3576 ad
1694 3537 1820 3577 eum
1848 3539 1867 3576 :
1897 3521 2107 3595 Accipe

2188 1025 2576 1081 archidiacono
2604 1027 2841 1097 accipiat
2865 1027 3302 1097 cereoferarium
3322 1042 3454 1081 cum
3475 1030 3781 1093 cereo,utsrist

2186 1130 2243 1171 se
2279 1114 2618 1171 accendenda
2647 1116 2893 1172 ecclesia
2917 1115 3227 1170 luminaria
3255 1117 3595 1187 mancipare.
3622 1118 3784 1186 accipiat

2187 1210 2239 1258 et
2262 1204 2530 1259 orciolum
2560 1219 2794 1259 vacuum
2821 1202 2891 1259 ad
2920 1204 3338 1273 suggerendum
3368 1204 3559 1259 vinum
3580 1205 3629 1257 in
3647 1204 3783 1258 choris

2189 1292 2269 1347 tia
2295 1293 2557 1365 corporis.
2590 1291 2835 1347 Domine
2863 1296 3064 1348 sancte
3096 1292 3296 1349 Pater.

2192 1442 2325 1481 ITEM
2363 1442 2515 1482 onno
2553 1434 2835 1489 ουΑιὶτειι
2873 1443 2933 1481 IN
2991 1443 3231 1483 nou/ma
3292 1443 3457 1482 SEDIS
3510 1442 3783 1482 APOSTOUC!

2230 1513 2575 1553 PRESBYTER]
2618 1514 2843 1553 DIACONI
2884 1514 2953 1552 ET
2981 1515 3337 1554 SUBDIACONI
3371 1515 3621 1554 EUGBNDI
3642 1515 3763 1553 SUN’l’.

2264 1615 2468 1670 Mensis
2493 1615 2669 1685 primi
2696 1614 2885 1685 quarti
2909 1615 3132 1687 septimi
3158 1621 3213 1670 ct
3259 1613 3474 1670 decimi
3515 1612 3783 1669 sabbatorum

2192 1702 2281 1758 die
2313 1705 2369 1757 in
2400 1702 2518 1759 XII.
2549 1702 2669 1758 lect.
2702 1703 2773 1758 ad
2801 1710 3051 1759 sanctum
3080 1703 3313 1759 Petrum
3364 1704 3467 1758 ubi
3510 1705 3661 1758 missa
3696 1703 3783 1757 cel:-

2198 1792 2405 1847 bratur.
2429 1799 2712 1864 postquam
2744 1799 2925 1848 autem
2972 1791 3044 1848 ad
3092 1794 3401 1849 introitum
3447 1792 3670 1848 dixerint
3703 1790 3783 1846 dea

2196 1879 2443 1934 oratione
2468 1877 2764 1934 adnuntiat
2792 1880 3054 1951 Pontifex
3091 1882 3154 1935 in
3195 1881 3404 1953 populo
3452 1880 3641 1935 dicens.
3666 1878 3785 1934 Auxi-

2195 1966 2375 2023 liante
2408 1967 2651 2023 Domino
2682 1968 2799 2024 Deo
2829 1971 2888 2023 et
2912 1967 3213 2025 Salvatore
3264 1973 3474 2025 nostro
3520 1969 3644 2024 Jesu
3676 1967 3783 2023 Chri-

2197 2058 2521 2112 sttherum
2549 2055 2684 2111 dicit
2712 2054 3031 2113 auxiliante
3058 2057 3182 2113 Dno
3211 2062 3273 2114 ct
3318 2058 3609 2114 Salvatore
3647 2060 3783 2111 nostm

2197 2144 2336 2200 Jesu
2368 2144 2621 2200 Christo.
2657 2144 2955 2218 Elegimus
2977 2145 3037 2200 in
3070 2146 3279 2202 ordine
3315 2146 3544 2202 diaconi
3582 2146 3681 2201 sive
3700 2160 3784 2216 pne-

2200 2232 2437 2306 sbyteri.
2471 2231 2529 2287 ill
2540 2276 2558 2306 ,ι
2586 2233 3012 2290 subdiaconum
3034 2235 3105 2290 de
3122 2234 3298 2292 titulo
3316 2236 3493 2292 illo.si
3511 2235 3629 2308 quis
3650 2239 3782 2289 autem

2116 2310 2167 2376 Β
2198 2321 2373 2378 habet
2398 2321 2621 2395 aliquid
2653 2327 2854 2378 contra
2882 2323 2990 2380 hos
3019 2324 3174 2380 viros
3204 2342 3319 2398 pro
3362 2325 3600 2381 Domino
3625 2328 3673 2378 et
3695 2338 3783 2395 pm-

2203 2415 2332 2484 pter
2361 2411 2675 2467 Dominum
2706 2428 2842 2467 cum
2874 2412 3091 2470 fiducia
3120 2418 3311 2484 exeat,
3346 2415 3522 2470 dicat.
3553 2412 3784 2468 Verumta-

2204 2517 2339 2556 men
2365 2517 2589 2557 memor
2617 2500 2695 2557 sit
2723 2501 3126 2558 communioni
3152 2520 3299 2570 sua),
3332 2511 3387 2560 et
3423 2512 3542 2576 post
3580 2502 3785 2558 modum

2204 2589 2559 2645 intervallum
2581 2605 2711 2645 mox
2740 2592 3017 2663 incipiunt
3042 2607 3228 2648 omnes
3281 2592 3442 2649 Kirie
3486 2591 3677 2648 eleison
3703 2598 3807 2644 raw

2206 2679 2452 2735 laetania.
2484 2681 2595 2735 Hac
2620 2680 2833 2752 expleta
2863 2680 3162 2737 ascendunt
3209 2684 3327 2754 ipsi
3370 2683 3525 2738 electi
3564 2680 3627 2736 ad
3663 2679 3783 2735 sate:

2200 2768 2498 2840 pontiﬁcis,
2528 2776 2579 2824 et
2605 2768 2871 2824 benedicit
2898 2785 2987 2825 eos
3016 2787 3051 2825 a
3078 2786 3183 2843 quo
3212 2773 3394 2828 vocati
3418 2778 3544 2827 sunt
3565 2778 3613 2827 et
3632 2770 3783 2825 dexter

2206 2856 2345 2913 dunt
2371 2864 2518 2914 stant
2547 2858 2606 2914 in
2635 2857 2827 2915 ordine
2852 2874 2952 2915 suo
2982 2859 3224 2915 benedic.
3253 2870 3472 2935 pcepta.

2515 3018 2792 3058 CAPITULA
2829 3018 3027 3059 SANCTI
3064 3020 3340 3061 GREGORII
3381 3022 3555 3062 ΡΑΡιε.

2281 3136 2447 3194 Sicut
2475 3136 2577 3208 qui
2608 3135 2889 3193 invitatus
2918 3137 3113 3194 renuit
3142 3138 3418 3212 quesitus
3446 3138 3638 3213 refugit
3656 3134 3781 3193 sacris

2210 3229 2302 3283 est
2330 3225 2615 3282 altaribus
2648 3227 3067 3296 removendus;
3102 3228 3186 3283 sic
3216 3228 3318 3301 qui
3366 3228 3516 3285 ultro
3559 3227 3709 3284 ambit
3725 3222 3781 3277 vel
3834 3226 3835 3229 ‘

2213 3315 2589 3388 importunus
2620 3332 2681 3371 se
2710 3315 2944 3388 ingerit,
2978 3322 3067 3373 est
3096 3317 3300 3389 procul
3351 3319 3529 3375 dubio
3571 3312 3781 3389 mpellen'
3834 3306 3835 3381 l

2214 3404 2360 3473 dus;
2387 3421 2525 3460 nam
2556 3405 2659 3477 qui
2691 3404 2899 3461 nititur
2923 3406 2997 3461 ad
3028 3406 3237 3462 altiora
3275 3408 3661 3469 conscendam,
3684 3400 3779 3474 quid

2213 3494 2355 3566 agit,
2388 3493 2501 3549 nisi
2536 3498 2599 3549 ut
2627 3495 2941 3551 crescendo
2965 3495 3279 3565 decrescat,
3313 3513 3425 3553 cur
3453 3513 3559 3552 non
3601 3506 3777 3568 perpen-

447 3610 507 3663 et
535 3578 659 3663 esto
687 3578 847 3664 verbi
902 3608 1001 3663 Dei
1044 3607 1276 3674 relator,
1303 3608 1634 3671 habiturus,
1667 3611 1717 3665 si
1767 3608 2018 3665 fideliter
2214 3583 2373 3638 diu”
2400 3582 2539 3674 qm“
2566 3582 2894 3674 besedi°ti°
2926 3583 3011 3674 im
3042 3584 3104 3674 ίιι
3147 3584 3527 3643 ωδλθάίθίυω
3570 3578 3775 3640 mundi"

446 3696 670 3752 utiliter
697 3696 1029 3769 impleveris
1078 3671 1359 3765 officium,
1394 3704 1618 3771 partem
1669 3717 1803 3755 cum
1854 3699 1967 3767 his,
1999 3700 2100 3773 qui
2129 3678 2174 3748 Ο
2212 3672 2502 3773 ξυνείῖυίδ
2538 3673 2616 3773 διὰ.
2661 3671 2792 3773 P00»
2826 3677 2894 3728 ut
2936 3673 3422 3773 ﬁathhfretic-us,
3471 3674 3774 3773 promovetur.

444 3784 689 3840 verbum
719 3782 821 3841 Dei
854 3785 1349 3854 ministraverint;
1382 3786 1606 3860 eligunt
1644 3792 1700 3844 te
1750 3788 1958 3845 fratres
1989 3789 2096 3859 tui,

446 3876 513 3927 ut
543 3872 625 3927 sis
658 3871 837 3929 lector
868 3873 927 3928 in
958 3873 1132 3929 domo
1166 3874 1268 3930 Dei
1298 3875 1408 3941 tui,
1434 3880 1491 3930 et
1519 3892 1804 3948 agnoscas
1835 3878 2097 3933 officium

442 3963 709 4027 tuum,ut
739 3960 987 4033 impleas
1018 3960 1162 4017 illud
1186 3979 1201 4031 ;
1235 3967 1445 4035 potens
1467 3969 1555 4019 est
1578 3963 1734 4020 enim
1762 3970 1914 4022 Deus
1936 3971 2096 4036 tuus,

445 4051 512 4103 ut
542 4052 755 4122 augeat
777 4048 878 4104 tibi
901 4049 1335 4123 gratiam,quod
1358 4052 1483 4123 ipse
1504 4058 1776 4125 praestare
1803 4054 2095 4128 dignetur,

446 4137 548 4211 qui
581 4141 785 4211 regnat
813 4154 949 4194 cum
980 4142 1148 4194 Patre
1170 4139 1230 4195 in
1255 4140 1479 4196 unitate
1500 4141 1755 4214 Spiritus
1781 4144 2100 4218 sancti,per

444 4226 645 4283 omnia
676 4225 890 4283 saecula
920 4224 1293 4297 saeculorum,
1326 4246 1517 4286 amen.

518 4315 652 4385 Quae
680 4316 772 4373 hic
798 4317 906 4374 loci
934 4319 992 4373 in
1017 4317 1197 4374 codice
1230 4320 1508 4376 Turicensi
1534 4322 1599 4377 ob
1628 4322 1827 4393 folium
1855 4326 2100 4380 excisum

444 4404 845 4476 desiderantur,
877 4408 1093 4479 integra
1139 4408 1335 4465 damus
1381 4426 1451 4465 ex
1496 4410 1850 4481 Einsidlensi,
1899 4428 2028 4470 saec.
2062 4431 2098 4468 x

443 4511 579 4553 εινο.

924 4599 1233 4643 ORDINATIO
1273 4602 1614 4644 EXORCISTE.

514 4671 759 4729 Domine
790 4679 991 4731 sancte
1020 4674 1256 4731 Pater...
1285 4676 1570 4733 Exorcista
1609 4694 1735 4733 cum
1780 4678 2093 4749 ordinat-ur,

441 4764 675 4834 accipiet
702 4761 767 4818 de
812 4780 984 4820 manu
1040 4765 1277 4837 episcopi
1331 4766 1600 4832 libellum,
1650 4768 1711 4821 in
1759 4783 1864 4839 quo
1906 4771 2100 4841 scripti

440 4860 569 4906 sunt
598 4853 894 4907 exorcismi
923 4852 1138 4910 dicente
1167 4854 1278 4910 sibi
1319 4855 1582 4928 episcopo.
1614 4854 1822 4928 Accipe
1851 4861 1908 4913 et
1937 4874 2098 4915 com-

442 4940 657 4995 menda
687 4942 1005 5009 memoriae,
1041 4947 1098 4999 et
1129 4943 1340 5001 habeto
1369 4948 1716 5017 potestatem
1757 4945 2096 5019 imponendi

441 5045 685 5087 manum
718 5046 895 5101 super
924 5034 1376 5105 energuminum
1417 5034 1538 5091 sive
1587 5034 1945 5109 baptizatum
1977 5039 2098 5096 sive
2123 5049 2174 5116 D

440 5116 885 5175 oaticuminum.

1012 5226 1259 5269 PREFAT.
1319 5230 1519 5270 EXORC.

509 5295 697 5353 Deum
729 5293 958 5352 Patrem
1005 5298 1486 5371 omnipotentem.
1543 5304 1791 5360 Benedic.
1842 5306 2089 5364 Exoreis.

438 5385 687 5446 Domine
716 5388 915 5441 sancte
946 5385 1114 5442 Pater
1141 5390 1510 5462 omnipotens
1542 5399 1754 5450 :eterne
1780 5395 1954 5452 Deus.

972 5491 1280 5533 ORDINATIO
1317 5495 1533 5537 ACOLITI
1543 5522 1555 5536 .

504 5566 752 5629 Acolitus
780 5581 905 5626 cum
933 5565 1233 5625 ordinatur
1254 5568 1501 5642 primum
1529 5571 1598 5627 ab
1628 5574 1873 5651 episwpo
1900 5576 2091 5635 docea-

2212 3760 2427 3817 Paulus
2456 3759 2757 3833 apostolus
2805 3763 3078 3835 praecepit
3125 3763 3458 3832 Timotheo,
3492 3766 3668 3821 Manus
3702 3759 3775 3812 cito

2209 3850 2428 3907 nemini
2461 3850 3027 3924 imposueris,neque
3057 3854 3571 3912 communicaveris
3596 3846 3776 3925 peccatis

2210 3938 2450 4008 alienis;
2485 3939 2625 4012 quid
2656 3943 2764 4007 est,
2797 3940 2911 3996 cito
2938 3941 3159 3997 nemini
3190 3958 3438 4000 manum
3485 3936 3773 4014 imposueris.

2210 4028 2326 4083 nisi
2357 4032 2491 4084 ante
2520 4032 2749 4084 nitatem
2780 4029 3185 4086 maturitatis?
3215 4037 3351 4088 ante
3382 4038 3599 4104 tempus
3619 4023 3776 4084 exemi-

2210 4116 2346 4173 nis?
2375 4121 2511 4173 ante
2542 4117 2821 4173 meritum
2854 4117 3070 4175 laboris
3087 4118 3116 4174 ?
3145 4124 3279 4176 ante
3300 4119 3679 4195 experientiam
3700 4114 3775 4168 dis-

2209 4205 2481 4278 ciplinae?
2511 4205 2665 4262 sicut
2694 4206 2830 4262 boni
2860 4208 3053 4280 operis
3083 4208 3375 4266 confortat
3406 4204 3777 4277 fructus.quire-

2208 4299 2369 4351 ctum
2402 4299 2699 4351 scrutatur
2728 4295 2788 4350 in
2817 4295 3084 4368 eligendo
3116 4299 3419 4356 sacerdote
3436 4297 3703 4373 judicium,
3722 4292 3774 4345 ita

2207 4384 2367 4456 gravi
2401 4383 2783 4456 semetipsum
2814 4384 2992 4441 efﬁcit
3020 4386 3439 4463 damnum,qui
3459 4389 3513 4443 in
3532 4402 3634 4443 suae
3647 4377 3776 4453 digni-

2206 4472 2347 4529 tatis
2376 4472 2687 4547 collegium
2718 4472 3001 4530 sublimat
3029 4475 3363 4549 indignum.

2682 4615 2991 4657 ORDINATIO
3028 4617 3385 4660 SUBDIAGONI.

2279 4713 2687 4771 Subdiaconus
2712 4732 2848 4771 cum
2879 4716 3204 4787 ordinatur,
3227 4719 3369 4792 quia
3400 4735 3593 4777 manus
3617 4711 3769 4786 inposi-

2206 4804 2427 4861 tionem
2457 4812 2577 4860 non’
2604 4804 3113 4878 accipit,patenam
3147 4808 3219 4864 de
3250 4824 3433 4865 manu
3463 4803 3686 4883 Episcopi
3708 4815 3771 4855 ac—

2208 4894 2387 4967 cipiat
2420 4910 2664 4950 vacuam
2697 4898 2754 4951 et
2783 4894 3022 4952 calicem
3053 4913 3342 4967 vacuum;
3377 4900 3450 4956 de
3498 4912 3647 4954 manu
3681 4903 3768 4945 vero

2207 4982 2617 5040 Archidiaconi
2647 4984 2895 5057 accipiat
2924 4984 3207 5043 orciolum
3236 5004 3372 5044 cum
3401 4980 3715 5063 aquamanile
3728 4991 3768 5031 ιε

2205 5073 2594 5147 manutergio.

2683 5207 2972 5249 PREFATIO
3019 5209 3371 5251 SUBDIACONI.

2274 5306 2521 5363 Oremus
2551 5306 2734 5363 Deum
2759 5324 2825 5363 ac
2846 5307 3159 5365 Dominum
3182 5314 3450 5367 nostrum
3471 5312 3645 5367 Jesum
3661 5297 3767 5358 Chri-

2202 5398 2383 5468 stum,
2415 5401 2480 5453 ut
2511 5413 2744 5453 servum
2775 5414 2949 5453 suum
2981 5398 3062 5454 ill.
3091 5416 3266 5472 quem
3298 5401 3370 5456 ad
3393 5418 3559 5456 suum
3578 5397 3766 5453 diacona-

2204 5491 2300 5543 tus
2329 5486 2589 5542 officium
2621 5504 2861 5545 evocare
2889 5488 3166 5561 dignatus
3198 5490 3572 5560 est,infundat
3599 5477 3761 5542 benedi-

2204 5578 2454 5637 ctionem
2485 5582 2541 5636 et
2568 5578 2819 5654 gratiam
2850 5584 3113 5651 suam,ut
3140 5578 3200 5636 in
3233 5586 3545 5657 conspectu
3570 5592 3656 5635 suo
3670 5570 3763 5629 ﬁde'
