3892 6212
128 347 273 411 1005

1197 347 1406 407 ORDO
1450 346 1552 407 DE
1593 344 1868 409 SACRIS
1912 348 2367 414 ORDINlBUS.

3344 354 3502 418 1006

126 481 245 536 liter
272 478 538 546 serviens,
573 476 981 549 praedestinata
1009 477 1226 534 sanctis
1259 477 1497 551 praemia
1544 494 1745 535 conse-
1774 479 1830 547 Α
1858 497 2089 554 semper
2144 484 2421 555 praevales
2468 489 2523 541 et
2573 486 2833 544 admissa
2881 503 3148 561 purgare,
3180 492 3237 545 et
3265 504 3332 545 ea
3374 506 3500 562 quae

125 570 340 641 quatur,
374 583 493 640 per.

552 679 887 720 BENEDIC’I‘IO
928 680 1290 720 SUBDIACONI.

182 762 293 817 Dne
323 763 518 817 sancte
541 760 710 816 Pater
729 760 1103 833 omnipotens
1130 764 1343 817 mterne
1366 761 1540 826 Deus,
1572 760 1745 817 bene-

119 852 293 907 dicere
322 848 578 922 digneris
610 849 766 904 hunc
798 848 1088 905 famulum
1138 852 1304 905 tuum
1351 848 1433 904 ill.
1468 865 1642 922 quem
1673 849 1740 904 ad

115 938 551 996 subdiaconatus
572 937 832 994 ofﬁcium
855 937 1097 1011 ellegere
1118 938 1395 1011 dignatus
1414 938 1589 1005 es,uti
1608 954 1743 993 eum

115 1027 350 1084 sacrario
375 1030 474 1081 tuo
494 1031 694 1081 sancto
725 1031 1029 1082 strenuum
1058 1025 1494 1099 sollicitumque
1525 1025 1743 1081 cmlesti

116 1115 319 1171 militiae
341 1115 638 1184 instituas,
672 1119 729 1169 et
757 1115 977 1171 sanctis
1005 1114 1287 1171 altaribus
1319 1115 1567 1170 ﬁdeliter
1605 1115 1743 1171 sub-

114 1203 451 1271 ministrent,
482 1208 539 1259 et
570 1202 940 1275 requiescant
970 1220 1147 1275 super
1192 1220 1327 1260 eum
1375 1204 1619 1276 spiritus
1657 1220 1746 1258 sa-

113 1293 327 1367 plet]th
353 1296 411 1347 et
440 1290 795 1360 intellectus,
830 1291 1075 1364 spiritus
1107 1292 1336 1348 consilii
1366 1298 1423 1349 et
1453 1291 1743 1347 fortitudi-

112 1381 211 1447 nis,
226 1381 464 1454 spiritus
496 1380 751 1435 scientiae
786 1385 842 1435 et
872 1380 1137 1452 pietatis;
1171 1379 1329 1453 reple
1358 1398 1493 1436 cum
1534 1380 1742 1453 spiritu

111 1470 321 1525 timoris
351 1469 459 1537 tui,
494 1473 559 1524 ut
587 1486 721 1524 eum
755 1468 1082 1525 ministerio
1113 1468 1305 1524 divine
1334 1470 1745 1533 conlirmes,ut

110 1558 368 1614 obediens
400 1559 573 1626 facto,
607 1562 780 1629 atque
810 1557 966 1614 dicto
1017 1575 1248 1631 parens,
1282 1561 1446 1613 tuam
1494 1558 1742 1631 gratiam

110 1650 505 1720 consequatur,
539 1663 659 1720 per.

625 1761 930 1801 OBDINATIO
970 1762 1213 1802 DIACONI.

172 1844 457 1900 Diaconus
504 1860 639 1899 cum
685 1842 1012 1911 ordinatur,
1049 1843 1210 1900 solus
1266 1842 1608 1915 Episcopus,
1641 1842 1739 1914 qui
1773 1848 1821 1913 Β

107 1950 227 1988 eum
258 1931 568 1999 benedicit,
596 1948 837 1987 manum
888 1948 1064 2005 super
1111 1937 1288 2004 caput
1330 1931 1493 1986 illius
1534 1936 1739 2003 ponat;

109 2021 233 2093 quia
261 2037 374 2077 non
403 2021 480 2077 ad
515 2018 933 2086 sacerdotium,
956 2020 1057 2076 sed
1089 2021 1161 2076 ad
1194 2019 1588 2076 ministerium
1611 2035 1743 2075 con-

109 2115 370 2167 secratur.

590 2223 926 2263 BBNEDICTIO
966 2224 1242 2263 EJUSDEM.

168 2307 401 2363 Oremus
429 2304 800 2362 dilectissimi
824 2306 1007 2361 Deum
1031 2310 1257 2377 patrem
1280 2305 1741 2377 omnipotentem

94 2412 263 2471 super
289 2396 451 2451 hunc
471 2393 757 2450 famulum
785 2398 952 2449 tuum
974 2392 1058 2448 ill.
1076 2410 1249 2467 quem
1272 2393 1330 2448 in
1354 2411 1518 2449 sacro
1539 2395 1743 2451 ordine

101 2485 358 2558 dignatus
386 2501 456 2541 es
487 2499 811 2550 assumere,
842 2482 1268 2539 benedictionis
1320 2500 1438 2539 suae
1494 2483 1743 2557 gratiam

104 2573 400 2630 clementer
462 2573 746 2640 effundat,
796 2572 967 2644 eique
1014 2573 1237 2627 donum
1287 2573 1744 2629 consecrationis

104 2662 406 2736 indulgeat,
447 2678 550 2735 per
578 2661 734 2733 quod
766 2676 902 2717 eum
950 2661 1021 2716 ad
1072 2661 1319 2733 praemia
1364 2665 1577 2717 aeterna
1612 2678 1741 2734 per-

107 2750 282 2807 ducat.

841 2849 987 2904 Alia.

168 2947 371 3005 Exaudi
398 2948 529 3004 Dne
558 2961 762 3019 preces
786 2949 1111 3013 nostras,et
1149 2961 1326 3019 super
1362 2946 1519 3002 hunc
1553 2946 1740 3003 famu-

103 3035 213 3092 lum
242 3041 405 3093 tuum
449 3035 530 3091 ill.
560 3035 832 3109 spiritum
862 3039 975 3091 tuae
1004 3034 1428 3091 benedictionis
1450 3034 1744 3101 emitte,ut

104 3126 304 3182 caelesti
336 3141 587 3182 munere
618 3124 838 3180 ditatus
867 3127 925 3179 et
952 3127 1066 3179 tuae
1097 3123 1298 3197 gratiae
1344 3123 1528 3196 possit
1560 3125 1742 3195 maje-

1858 574 1996 625 sunt
2025 573 2252 644 agenda
2280 575 2613 631 concedere.

1928 660 2140 717 Emitte
2164 662 2220 717 in
2240 678 2373 718 eum
2403 664 2525 719 Dne
2546 681 2886 736 quaesumus
2904 664 3187 739 Spiritum
3212 670 3500 734 sanctum,

1856 748 2011 818 quod
2042 748 2102 804 in
2134 765 2281 822 opus
2311 750 2623 808 ministerii
2666 752 2913 809 ﬁdeliter
2954 754 3275 825 exequendi
3326 755 3504 827 septi-

1856 835 2059 892 formis
2090 838 2290 911 gratiae
2321 856 2564 897 munere
2594 841 3268 911 roborentur,habundet
3288 842 3348 898 in
3369 859 3504 899 eum

1853 924 2034 982 totius
2083 927 2269 984 forma
2309 929 2563 997 virtutis,
2597 929 2933 999 auctoritas,
2967 931 3274 1001 modestia,
3317 932 3507 1004 pudor

1854 1016 2500 1083 constans,innocentiae
2532 1019 2848 1091 puritas,et
2869 1018 3155 1091 spiritulis
3176 1019 3504 1077 observatio

1853 1102 2194 1176 disciplinae,
2229 1105 2286 1161 in
2317 1108 2580 1163 moribus
2629 1123 2853 1173 eorum,
2886 1109 3035 1179 ejus,
3069 1113 3355 1181 prmcepta
3401 1113 3505 1164 tua

1853 1191 2135 1265 fulgeant,
2168 1199 2234 1250 ut
2292 1213 2409 1251 sua:
2456 1196 2743 1252 castitatis
2772 1196 3035 1269 exemplo
3066 1196 3501 1253 inmitationem

1853 1285 2065 1337 sanctae
2098 1282 2283 1355 plebis
2317 1284 2651 1357 adquirant,
2666 1289 2722 1340 et
2750 1285 2969 1341 bonum
3001 1285 3367 1342 conscientia:
3390 1289 3503 1342 tes-

1852 1369 2163 1426 timonium
2196 1371 2787 1443 proferentes,ﬁrmus
2818 1377 2875 1428 et
2902 1373 3134 1430 stabilis
3152 1378 3499 1446 perseveret,

1853 1459 2166 1531 dignisque
2196 1461 2570 1518 successibus
2602 1463 2674 1517 de
2702 1462 2960 1517 inferiori
2994 1464 3178 1535 gradu
3220 1480 3323 1536 per
3368 1479 3500 1536 gra-

1853 1546 1995 1603 tiam
2030 1551 2190 1603 tuam
2224 1565 2429 1622 capere
2459 1549 2687 1622 potiora
2717 1554 3032 1618 mereatur,
3064 1567 3185 1623 per.

2315 1654 2620 1694 0RDINATIO
2662 1650 3011 1694 PRESBYTER]
3022 1682 3035 1694 .

1926 1723 2212 1781 Presbiter
2243 1742 2376 1781 cum
2403 1725 2728 1795 ordinatur,
2764 1726 3048 1799 Episcopo
3078 1742 3212 1783 eum
3263 1727 3502 1784 benedi-

1852 1817 2039 1881 cente,
2072 1818 2128 1869 et
2157 1830 2399 1869 manum
2441 1831 2618 1887 super
2663 1820 2841 1886 caput
2885 1817 3012 1887 ejus
3042 1818 3293 1883 tenente,
3327 1816 3503 1873 etiam

1851 1918 2056 1957 omnes
2087 1902 2416 1975 presbiteri,
2450 1903 2547 1975 qui
2580 1907 2894 1975 praesentes
2926 1921 3139 1960 manus
3171 1922 3309 1962 snas
3332 1906 3504 1978 juxta

1852 2006 2065 2047 manus
2097 1991 2360 2063 Episcopi
2385 2007 2562 2063 super
2589 1995 2767 2063 caput
2791 1991 2951 2049 illius
2979 1997 3237 2049 teneant.

2235 2095 2566 2135 BENEDICTIO
2605 2094 3110 2137 PRESBYTERORUM.

1923 2167 2168 2223 Oremus
2190 2167 2557 2223 dilectissimi
2572 2167 2755 2224 Deum
2776 2168 3000 2223 Patrem
3019 2168 3501 2242 omnipotentem,

1852 2260 1919 2310 ut
1948 2273 2126 2328 super
2154 2256 2310 2311 hunc
2342 2256 2629 2312 famulum
2663 2273 2837 2312 suum
2872 2256 3147 2329 ill.quem
3180 2259 3251 2313 ad
3278 2260 3501 2331 presbi-

1853 2345 1984 2400 terii
2017 2361 2234 2401 munus
2265 2343 2458 2418 elegit,
2474 2344 2731 2402 ccelcstia
2762 2346 2915 2401 dona
2947 2345 3383 2419 multiplicet,et
3402 2348 3505 2420 qui

1852 2435 1980 2506 ejus
2025 2434 2423 2507 dignationem
2475 2433 2826 2507 suscipiunt,
2860 2440 2919 2491 et
2969 2435 3097 2507 ejus
3144 2441 3508 2509 exequentur

1854 2521 2089 2590 auxilio,
2124 2541 2245 2596 per.

2439 2613 2699 2684 Sequitur
2724 2614 2920 2669 oratio.

1925 2701 2142 2756 Exaudi
2177 2718 2283 2758 nos
2306 2701 2429 2758 Dne
2455 2703 2607 2758 Deus
2638 2706 2919 2772 noster,et
2935 2719 3114 2775 super
3132 2701 3288 2759 hunc
3312 2703 3503 2759 famu-

1850 2789 1975 2846 lum
2005 2794 2175 2845 tuum
2208 2791 2671 2846 benedictionem
2701 2790 2886 2847 sancti
2920 2791 3195 2864 Spiritus,
3214 2795 3271 2847 et
3300 2792 3499 2864 gratia:

1850 2877 2228 2935 sacerdotalis
2257 2878 2488 2935 effunde
2518 2878 2886 2943 virtutem,ut
2913 2895 3089 2951 quem
3120 2885 3232 2934 tuae
3266 2880 3503 2951 pietatis

1852 2966 2185 3039 aspectibus
2202 2968 2501 3023 offerimus
2523 2968 3354 3041 consecrandum,perpetuam
3379 2986 3505 3026 mu-

1851 3056 2009 3112 neris
2036 3054 2368 3128 largitatcm
2401 3055 2799 3129 consequaris,
2833 3074 2955 3129 per.

2474 3162 2875 3201 CONSECRATIO.

103 3220 297 3271 statem
338 3214 674 3287 adquirere,
708 3218 763 3270 et
794 3214 939 3269 bene
967 3212 1191 3269 vivendi
1225 3212 1355 3268 aliis
1404 3213 1738 3286 enemplum

1925 3233 2166 3289 Domine
2194 3237 2394 3290 sancte
2423 3234 2591 3289 Pater
2636 3233 3009 3307 omnipotens
3060 3239 3271 3291 aeterne
3320 3234 3499 3302 Deus,

100 3304 356 3376 praebere.

709 3416 1114 3457 CONSECRATIO.

160 3499 362 3556 Adesto
420 3515 770 3571 quaesumus
821 3497 1192 3571 omnipotens
1241 3497 1414 3566 Deus,
1448 3498 1737 3554 honorum

98 3587 273 3656 dator,
307 3587 705 3661 ordinumque
736 3587 1102 3655 distributor,
1117 3590 1173 3642 et
1193 3586 1518 3642 ofﬁciorum
1542 3587 1739 3659 dispo-

98 3677 249 3746 sitor,
279 3678 375 3751 qui
408 3677 475 3733 in
503 3681 561 3733 te
610 3693 857 3733 manens
906 3675 1150 3732 innovas
1181 3677 1400 3742 omnia,
1432 3679 1487 3732 et
1529 3679 1742 3731 cuncta

95 3764 383 3839 disponis;
417 3783 529 3839 per
555 3766 799 3822 verbum
852 3770 909 3821 et
955 3765 1228 3821 virtutem
1275 3764 1741 3837 sapientiamque

94 3858 244 3910 tuam
274 3855 483 3912 Jesum
534 3854 833 3911 Christum
867 3853 1056 3909 ﬁlium
1089 3858 1256 3909 tuum
1290 3854 1439 3909 Dnm
1473 3858 1738 3910 nostrum

95 3945 447 4017 sempiterna
470 3944 832 4017 providentia
863 3960 1177 4016 prisparas,
1211 3946 1270 3997 et
1315 3942 1563 4016 singulis
1611 3942 1739 4014 qui-

96 4031 312 4105 busque
327 4032 697 4106 temporibus
714 4032 968 4105 aptanda
983 4032 1319 4104 dispensas;
1339 4033 1508 4103 cujus
1530 4048 1742 4103 corpus

95 4121 381 4179 ecclesiam
417 4127 581 4178 tuam
613 4121 939 4178 caelestium
971 4120 1292 4194 gratiarum
1324 4119 1598 4176 varietate
1628 4120 1745 4177 dis-

94 4210 351 4283 tinctam,
383 4226 751 4283 suorumque
781 4225 1099 4265 connexam
1138 4209 1518 4265 distinctione
1558 4225 1741 4265 mem-

93 4298 458 4373 brorum,per
474 4299 664 4372 legem
688 4298 1015 4354 mirabilem
1037 4297 1219 4353 totius
1236 4297 1600 4371 compaginis
1618 4296 1744 4353 uni-

93 4391 228 4455 tam,
252 4389 309 4444 in
333 4393 723 4462 augmentum
748 4385 953 4459 templi
984 4385 1068 4441 tui
1092 4402 1371 4455 crescere,
1395 4385 1743 4459 dilatarique

92 4475 316 4551 largiris
346 4477 501 4534 sacri
530 4476 794 4533 muneris
822 4474 1307 4542 virtutem,trinis
1329 4476 1611 4548 gradibus
1633 4474 1742 4530 mi-

1849 3322 2138 3378 honorum
2168 3326 2368 3378 auctor
2387 3326 2443 3377 et
2472 3321 2817 3378 distributor
2832 3321 3097 3378 omnium
3122 3322 3500 3395 dignitatum,

1848 3428 1952 3484 per
1982 3428 2157 3483 quem
2188 3411 2504 3484 proﬁciunt
2533 3411 2832 3480 universa;
2853 3428 2957 3484 per
2977 3428 3153 3483 quem
3172 3416 3385 3468 cuncta
3405 3414 3501 3468 ﬁr-

1849 3499 2487 3572 mantur,ampliﬁcatis
2508 3516 2741 3572 semper
2762 3500 2821 3555 in
2852 3498 3063 3556 melius
3093 3505 3311 3556 natura:
3336 3500 3511 3557 ratio-

1850 3588 1999 3646 nalis
2032 3589 2411 3645 incrementis
2443 3606 2545 3662 per
2574 3588 2838 3645 ordinem
2863 3606 3120 3662 congrua
3143 3589 3367 3646 ratione
3390 3591 3510 3646 dis-

1848 3679 2137 3753 positum;
2168 3678 2325 3734 unde
2354 3682 2412 3734 et
2442 3677 2831 3734 sacerdotales
2857 3680 3278 3751 gradus,atque
3308 3679 3508 3735 ofﬁcia

1846 3768 2153 3825 levitarum
2186 3766 2583 3823 Sacramentis
2609 3766 2857 3822 misticis
2877 3766 3149 3824 instituta
3169 3772 3500 3836 creverunt;

1850 3862 1917 3913 ut
1932 3874 2065 3914 cum
2085 3856 2389 3930 pontiﬁces
2408 3873 2673 3912 summos
2687 3856 2957 3929 regendis
2975 3856 3207 3929 populis
3220 3857 3506 3930 praefecis-

1850 3964 1912 4003 se
1934 3948 2004 4002 ad
2028 3963 2229 4002 eorum
2253 3945 2547 4001 societatis
2567 3945 2824 4017 etoperis
2840 3945 2909 3999 ad
2908 3946 3245 4016 jumentum
3262 3962 3506 4019 sequen-

1847 4037 1925 4092 tis
1946 4034 2168 4091 ordinis
2198 4035 2352 4090 viros
2385 4038 2441 4090 et
2466 4035 2735 4089 secundae
2766 4034 3071 4107 dignitatis
3114 4035 3391 4109 elegeris;
3416 4034 3500 4091 sic

1849 4124 1909 4179 in
1923 4125 2160 4179 heremo
2175 4140 2276 4196 per
2295 4122 2670 4196 septuaginta
2682 4122 2937 4178 virorum
2955 4123 3332 4195 prudentium
3347 4140 3506 4179 men-

1848 4217 1967 4269 tem
1991 4212 2173 4285 Moysi
2206 4212 2481 4284 spiritum
2502 4210 2862 4284 propagasti,
2880 4210 3095 4282 quibus
3112 4209 3209 4267 ille
3226 4210 3505 4282 adjutori-

1850 4303 1962 4357 bus
1993 4318 2137 4357 usus
2166 4300 2225 4355 in
2262 4298 2474 4372 populo
2503 4299 2846 4354 innumeras
2880 4298 3289 4355 multitudines
3338 4298 3504 4355 facile

1852 4387 2218 4463 gubernavit.
2243 4388 2337 4443 Sic
2371 4388 2431 4441 in
2464 4386 2735 4443 Eleazaro
2764 4391 2821 4442 et
2850 4386 2911 4440 in
2935 4386 3228 4442 Ithamare
3251 4391 3503 4459 paternas

1851 4475 2233 4533 beatitudinis
2265 4473 2732 4531 habundantiam
2765 4475 3159 4542 transfudisti,
3191 4479 3257 4531 ut
3284 4477 3358 4531 ad
3396 4476 3500 4531 ho-

93 4565 407 4622 nistrorum
425 4564 651 4621 nomini
671 4569 775 4621 tuo
797 4563 1049 4619 militare
1064 4563 1657 4632 constituens,electis
1670 4563 1740 4619 ab
1770 4583 1820 4651 D
1853 4567 1998 4622 stias
2029 4564 2313 4621 salutares
2345 4568 2403 4619 et
2433 4562 2854 4635 frequentiores
2892 4562 3083 4620 ofﬁcia
3127 4564 3505 4620 Sacramenta

92 4653 250 4710 initio
280 4655 413 4710 Levi
446 4653 608 4720 ﬁliis,
634 4653 735 4725 qui
768 4652 1029 4726 mysticis
1058 4650 1497 4724 operationibus
1528 4652 1741 4709 domus

90 4746 196 4798 tua:
225 4743 503 4800 ﬁdelibus
533 4742 772 4799 excubis
797 4745 1205 4814 permanentes
1227 4740 1626 4796 haereditatem
1649 4741 1744 4796 be-

92 4833 438 4888 nedictionis
469 4838 694 4888 internae
727 4834 882 4887 sorte
913 4835 1195 4903 perpetua
1225 4830 1620 4902 possiderent;
1649 4847 1742 4885 su-

91 4938 188 4992 per
208 4921 365 4977 hunc
387 4937 620 4993 quoque
653 4919 939 4975 famulum
965 4925 1134 4974 tuum
1154 4918 1238 4972 ill.
1262 4935 1604 4991 qua-sumus
1620 4920 1741 4974 Dne

91 5009 351 5081 placatus
382 5009 642 5073 intende,
677 5026 848 5082 quem
882 5008 1000 5064 tuis
1050 5008 1233 5063 sacris
1283 5008 1633 5065 serviturum
1680 5008 1737 5063 in

91 5098 345 5154 ofﬁcium
378 5098 736 5157 Diaconatus
766 5097 1111 5170 suppliciter
1141 5095 1502 5164 dedicamus,
1532 5101 1588 5152 et
1636 5114 1741 5152 nos

92 5188 325 5260 quidem
359 5191 673 5261 tamquam
703 5187 972 5243 homines
992 5186 1172 5242 divini
1192 5201 1401 5240 sensus
1422 5189 1478 5241 et
1494 5202 1738 5241 summae

92 5276 331 5334 rationis
352 5277 540 5350 ignari
564 5276 745 5349 hujus
776 5276 1272 5348 vitam,quantum
1296 5290 1742 5346 possumus,zes-

91 5364 390 5421 timamus.
412 5366 492 5421 Te
522 5370 720 5421 autem
753 5365 876 5420 Dne
902 5381 989 5435 ea,
1007 5381 1132 5436 quae
1166 5364 1335 5419 nobis
1357 5367 1497 5419 sunt
1516 5362 1739 5436 ignota,

92 5467 205 5506 non
231 5455 560 5518 transeunt,
590 5456 647 5509 te
679 5451 908 5508 occulta
938 5469 1053 5508 non
1085 5450 1327 5517 fallunt;
1363 5452 1449 5505 ’l‘u
1477 5451 1742 5522 cognitor

92 5556 152 5593 es
178 5545 557 5608 secretorum,
588 5546 651 5597 tu
685 5541 972 5598 scrulator
1002 5559 1063 5597 es
1093 5540 1377 5611 cordium,
1401 5544 1461 5595 tu
1513 5556 1737 5613 eorum,

91 5628 235 5700 ejus,
269 5629 448 5686 vitam
480 5628 697 5687 ccelesti
729 5630 946 5703 poteris
974 5629 1309 5687 examinare
1349 5627 1591 5701 judicio,
1624 5644 1739 5701 quo

1850 4654 2242 4713 ministerium
2261 4652 2553 4709 sufﬁceret
2564 4652 2943 4707 Sacerdotum
2961 4670 2974 4722 ;
2993 4651 3114 4707 haec
3137 4651 3504 4724 providentia

1851 4750 1969 4801 Dne
1997 4741 2288 4816 Apostolis
2324 4740 2427 4796 ﬁlii
2459 4740 2545 4795 tui
2577 4740 2839 4795 doctores
2872 4739 3003 4795 ﬁdei
3035 4740 3363 4812 presbiterii
3404 4756 3502 4796 co-

1851 4834 2023 4889 mites
2053 4832 2351 4898 addidisti,
2386 4830 2603 4903 quibus
2631 4828 2716 4883 illi
2746 4830 2945 4885 orbem
2984 4833 3174 4884 totum
3222 4829 3500 4886 secundis

1851 4921 2331 4995 praedicatoribus
2364 4918 2757 4991 inpleverunt;
2793 4923 3150 4991 quapropter
3171 4918 3500 4976 inﬁrmitati

1851 5025 2084 5081 quoque
2114 5013 2325 5063 nostrae
2352 5005 2473 5060 Dne
2501 5022 2844 5077 quaesumus
2874 5006 2995 5062 haec
3026 5007 3367 5079 adjumenta
3391 5007 3502 5064 lar-

1851 5097 1994 5171 gire,
2016 5097 2115 5169 qui
2148 5098 2366 5167 quanto
2400 5094 2590 5166 magis
2621 5094 2946 5167 fragiliores
2978 5113 3207 5165 sumus,
3223 5100 3385 5155 tanto
3406 5096 3500 5152 his

1848 5185 2118 5257 pluribus
2149 5182 2502 5254 indigemus.
2521 5183 2603 5237 Da
2633 5200 2975 5254 quaesumus
3004 5184 3376 5259 omnipotens
3400 5185 3502 5242 Pa-

1849 5278 1938 5330 ter
1966 5272 2025 5328 in
2056 5273 2213 5328 hunc
2244 5270 2532 5326 famulum
2563 5276 2732 5326 tuum
2766 5273 3097 5345 presbiterii
3129 5273 3498 5347 dignitatem,

1849 5364 2061 5419 innova
2091 5362 2152 5417 in
2172 5359 2497 5431 visceribus
2528 5361 2657 5432 ejus
2680 5361 2964 5434 Spiritum
2988 5362 3502 5429 sanctitatis,acce—

1849 5457 2014 5526 ptum
2043 5468 2076 5506 a
2104 5454 2162 5507 te
2182 5449 2336 5505 Deus
2363 5450 2685 5505 secundum
2722 5451 2911 5507 meriti
2944 5469 3159 5507 munus
3176 5449 3496 5515 obtineant,

1849 5555 2278 5614 censuramque
2310 5555 2538 5597 mornm
2580 5540 2844 5614 exemplo
2891 5558 3008 5597 sua:
3041 5535 3496 5597 conversationis

1851 5628 2299 5699 insinuent,sint
2315 5626 2479 5704 probi
2496 5632 2896 5702 cooperatores
2915 5625 3138 5684 ordinis
3159 5619 3495 5693 nostri,elu-
