3892 6212
108 371 250 438 1009

1204 374 1412 440 anno
1457 373 1558 436 DE
1603 369 1871 436 SACltlS
1918 347 2365 440 onoiNIets.

3342 375 3497 443 10ἰο

104 509 378 568 Orationes
434 503 569 588 ista;
599 505 854 588 dicendis
908 515 1036 568 sunt
1073 525 1105 568 a
1139 505 1336 588 domno
1381 525 1525 585 papa
1571 522 1736 581 super
1763 503 1820 574 Α
1850 507 1972 565 lum
1995 527 2028 565 a
2048 505 2479 584 spiritualibus,
2499 511 2598 568 sed
2631 508 2806 569 etiam
2834 527 2868 569 a
2897 509 3294 586 corporalibus
3315 507 3497 588 hujus

452 583 917 656 archiepiscopum
949 590 1081 640 ante
1108 583 1364 657 pol-tium.

184 671 280 740 (Ex
311 685 418 727 ms.
451 671 702 728 Vindob.
733 671 914 729 theol.
946 674 1072 741 277,
1108 689 1239 729 szec.
1273 689 1374 741 xu,
1401 671 1488 728 vel
1522 669 1646 742 xm)

166 759 395 816 Domine
423 760 578 816 Deus
607 761 978 833 omnipotens
999 762 1185 832 Pater,
1211 762 1309 836 qui
1339 778 1454 817 non
1479 759 1737 834 prepriis

101 849 542 921 suffragantibus
562 850 810 917 meritis,
837 852 938 906 sed
963 851 1087 908 sola
1109 852 1387 908 ineffabili
1405 849 1595 924 gratia
1625 855 1738 903 tua:

99 936 348 1010 largitate
379 939 556 994 istum
589 939 878 995 famulum
907 941 1100 996 tuum.
1135 941 1200 996 N.
1220 941 1434 1015 populo
1463 946 1566 996 tuo
1601 956 1741 1012 prae-

97 1041 211 1082 esse
226 1027 456 1096 jussisti
483 1042 496 1095 ;
531 1028 720 1085 tribue
754 1029 805 1085 ei
836 1047 940 1102 per
983 1031 1234 1103 gratiam
1265 1032 1520 1104 Spiritus
1553 1015 1741 1086 saneti

97 1115 174 1171 tui
200 1116 367 1189 digne
397 1116 502 1172 tibi
532 1116 866 1190 persolvere
911 1117 1306 1177 ministerium
1357 1119 1739 1176 sacerdotalis

97 1205 281 1271 ol'tlcii,
303 1209 358 1261 et
379 1205 790 1264 ecclesiasticis
809 1208 1224 1266 convenienter
1245 1208 1458 1266 servire
1475 1209 1738 1264 ministe-

95 1295 206 1361 riis,
231 1294 578 1368 plebemque
597 1297 980 1354 commissam
1002 1299 1074 1352 ad
1095 1297 1347 1372 gloriam
1373 1299 1456 1354 tui
1483 1297 1738 1354 nominis

94 1383 225 1438 tein
257 1384 532 1440 omnibus
577 1389 916 1458 protegente
964 1387 1294 1459 gubernare
1325 1387 1598 1467 concede.
1633 1386 1739 1442 Per

97 1472 368 1542 ejusdem.

161 1561 296 1616 Alia.
321 1561 478 1617 Deus
499 1560 846 1619 innocentiae
869 1565 1170 1622 restitutor
1190 1570 1246 1620 et.
1271 1569 1518 1634 amator,
1553 1564 1740 1637 dirige

92 1648 235 1704 hunc
263 1649 551 1706 famulum
583 1657 754 1707 tuum
781 1653 847 1708 N.
883 1655 1140 1726 Spiritus
1183 1655 1270 1710 tui
1304 1657 1545 1722 fervore,
1579 1657 1645 1709 ut
1677 1653 1738 1709 in

93 1739 195 1793 ﬁde
221 1737 551 1795 inveniatur
579 1740 828 1808 stabilis,
863 1747 919 1797 et
949 1744 1009 1798 in
1051 1745 1327 1818 cperihus
1358 1745 1477 1801 tuis
1510 1745 1735 1801 efﬁcax.

93 1827 345 1884 illumina
365 1844 502 1884 eum
523 1827 746 1886 lumine
767 1833 1090 1904 sapientize,
1117 1835 1340 1890 munda
1360 1851 1493 1890 eum
1525 1839 1581 1890 et
1603 1852 1736 1890 san-

93 1916 286 1986 ctiﬁca,
311 1917 457 1974 duci
481 1917 794 1976 consilium
817 1925 1062 1990 rectum,
1089 1921 1414 1978 doctrinam
1447 1929 1733 1990 sanctam,

95 2007 152 2061 ut
171 2005 264 2078 qui
282 2023 421 2062 eum
443 2007 596 2063 inter
617 2023 890 2067 summos
922 2011 1250 2068 sacerdotes
1272 2012 1508 2069 voluisti
1527 2031 1736 2069 nume-

96 2111 229 2166 rare,
256 2096 529 2164 concede,
561 2101 648 2162 ut,
679 2096 831 2169 quod
886 2099 1146 2157 humano
1196 2118 1294 2157 ore
1337 2119 1473 2157 eum
1504 2101 1735 2158 voluisti

92 2184 288 2251 vocari,
306 2183 492 2241 hocin
509 2192 825 2258 conspectu
849 2193 952 2244 tuo
971 2207 1076 2262 per
1094 2191 1340 2262 gratiam
1367 2196 1477 2246 tlltB
1501 2191 1734 2263 pietatis

93 2273 264 2344 possit
283 2273 432 2342 fieri,
457 2279 525 2329 ut
555 2289 690 2331 cum
721 2274 920 2334 electis
947 2278 1066 2334 tuis
1089 2283 1314 2335 aeternae
1337 2279 1460 2336 vitae
1485 2279 1732 2336 beatitu-

92 2361 274 2418 dinem
305 2363 603 2436 percipere
635 2371 948 2422 mereatur.
985 2368 1108 2424 Per.

509 2455 650 2509 Dato
677 2455 851 2526 pallio
879 2455 1089 2512 dicitur
1111 2460 1306 2514 oratio.

151 2539 389 2597 Domine
443 2546 646 2598 sancte
695 2541 864 2600 Pater
911 2546 1282 2618 omnipotens
1326 2551 1536 2604 aeterne
1579 2547 1734 2605 Deus

92 2646 282 2702 regum
311 2634 369 2686 et
398 2630 686 2687 Dominus
707 2632 1158 2703 dominantium,
1179 2635 1548 2692 clementiam
1570 2641 1732 2693 tuam

95 2716 382 2774 humiliter
411 2730 742 2787 sacramus,
769 2739 876 2778 nec
905 2739 1022 2778 non
1053 2727 1109 2779 et
1151 2725 1436 2798 unigeniti
1486 2725 1614 2782 Filii
1645 2727 1732 2782 tui

95 2806 193 2862 Dni
224 2806 308 2864 uri
338 2807 458 2864 Jhu
483 2807 612 2881 Xpi,
647 2809 744 2882 qui
777 2825 980 2867 omnes
1013 2817 1226 2870 {sterno
1259 2815 1598 2886 pontificatu
1632 2831 1732 2870 su-

97 2895 474 2966 pereminens,
497 2897 660 2954 solus
681 2897 806 2955 sine
825 2901 1056 2957 macula
1085 2903 1442 2960 sacerdotale
1465 2903 1730 2959 ministe-

97 2983 235 3038 rium
255 2985 543 3058 implevit,
558 2986 852 3061 simulque
868 2989 1054 3046 sancti
1076 2990 1351 3063 Spiritus,
1370 2993 1540 3062 cujus
1562 2991 1736 3064 septi-

92 3072 283 3130 formis
313 3074 504 3147 gratia
533 3075 750 3132 caelesti
799 3077 1010 3134 virtute
1048 3084 1258 3136 cuncta
1287 3081 1633 3147 sanctiﬁcat,
1668 3086 1732 3138 ut

93 3159 236 3217 hunc
265 3162 559 3218 famulum
591 3169 758 3221 tuum
785 3161 852 3222 Ν.
887 3166 1095 3225 divina:
1125 3168 1498 3240 providentiae
1541 3171 1732 3243 gratia

91 3249 358 3323 largiente
387 3267 424 3308 a
446 3253 774 3312 minoribus
803 3271 992 3329 usque
1021 3258 1094 3314 ad
1125 3260 1349 3330 majora
1378 3275 1482 3331 per
1510 3259 1728 3333 gradus
1759 3251 1801 3317 C

91 3341 495 3396 ascendentem
541 3358 807 3415 supernae
850 3345 1082 3416 pietatis
1109 3350 1208 3402 tuo
1241 3349 1462 3421 gremio
1495 3353 1732 3421 gratan-

90 3433 171 3483 ter
205 3428 518 3501 suscipias,
549 3433 606 3486 et
654 3432 792 3504 quia
843 3433 1013 3490 nobis
1069 3435 1346 3509 indignis,
1379 3453 1526 3509 quos
1575 3439 1730 3494 sedis

91 3517 413 3588 apostolicae
475 3534 835 3592 summaque
886 3523 1188 3579 ministros
1246 3525 1564 3594 servitutis,
1613 3543 1731 3582 non

90 3605 452 3678 exigentibus
520 3607 768 3676 meritis,
829 3613 931 3667 sed
1011 3613 1162 3668 dono
1237 3613 1558 3670 clementia:
1616 3619 1730 3670 tuae

93 3695 466 3762 constituisti,
497 3695 856 3754 salutaribus
904 3699 1267 3758 indumentis
1297 3702 1370 3757 ad
1402 3702 1550 3758 sacri
1581 3702 1732 3759 alta-

92 3783 168 3837 ris
198 3784 462 3840 officium
495 3786 650 3842 foras
678 3788 924 3844 vestitus
955 3787 1013 3844 in
1045 3789 1316 3860 praesenti
1366 3796 1628 3864 apparet,
1659 3794 1732 3848 ab

92 3872 362 3929 omnibus
405 3873 721 3932 criminum
771 3877 1055 3950 contagiis
1085 3879 1424 3951 castigatus,
1457 3887 1734 3954 perpetuo

92 3961 342 4034 Spiritus
363 3961 451 4018 tui
475 3965 933 4022 sanctificatione
969 3966 1130 4022 intus
1159 3967 1387 4040 impleri
1418 3974 1732 4042 mereatur,

91 4050 351 4122 vivisque
371 4051 550 4108 fontis
571 4049 808 4110 ﬂuentis
828 4053 1134 4128 irrigatum
1148 4057 1431 4112 virtutum
1450 4058 1738 4116 fructibus

91 4154 367 4206 crescere,
387 4143 446 4194 et
466 4155 660 4196 coram
687 4139 963 4198 omnibus
988 4143 1304 4200 clarescere
1335 4147 1639 4216 concedas,
1674 4153 1740 4202 ut

91 4226 214 4297 ejus
232 4227 355 4284 vita
379 4226 512 4284 aliis
539 4229 727 4300 possit
753 4230 1018 4303 exempla
1048 4233 1321 4304 praebere.
1351 4233 1438 4290 Sit
1469 4235 1520 4290 ei
1553 4235 1742 4291 honor

91 4315 242 4387 pallii
268 4321 683 4374 ornamentum
706 4317 998 4386 animaa,et
1018 4321 1172 4377 unde
1193 4321 1426 4378 advenit
1442 4323 1739 4397 fastigium

90 4402 334 4474 visibile,
369 4404 504 4461 inde
535 4407 803 4463 florescat
839 4425 1005 4464 amor
1033 4407 1364 4479 invisibilis,
1397 4415 1501 4467 tua
1549 4411 1742 4468 divina

90 4491 348 4564 potentia
371 4510 505 4549 eum
525 4497 874 4563 corroboret,
896 4498 980 4552 tui
1009 4497 1133 4553 Filii
1163 4499 1348 4554 virtus
1374 4499 1595 4556 viscera
1615 4503 1744 4573 ejus

93 4581 406 4682 fmcuudct,
429 4583 516 4680 tui
540 4583 792 4655 Spiritus
814 4586 1003 4658 gratia
1021 4585 1300 4641 interiora
1319 4587 1448 4656 ejus
1468 4588 1740 4660 impleat:
1779 4619 1823 4682 Β

93 4683 193 4740 per
211 4673 269 4726 te
291 4667 632 4727 firmitatem
654 4673 788 4729 ﬁdei
818 4673 1113 4730 catholicae
1147 4692 1261 4730 non
1296 4674 1487 4731 solum
1509 4677 1747 4734 sibimet

95 4758 385 4826 servandi,
418 4761 519 4815 sed
549 4761 725 4817 etiam
758 4761 905 4820 alios
936 4763 1180 4820 docendi
1213 4781 1391 4820 causa
1416 4771 1744 4822 conservet:

95 4861 196 4918 per
209 4850 266 4904 te
287 4847 578 4905 cathedrae
599 4851 947 4924 episcopalis
977 4853 1228 4909 ecclesiae
1259 4859 1489 4910 scutum
1514 4871 1630 4911 non
1661 4871 1750 4912 so-

165 4963 317 5032 (150)
372 4961 581 5042 Νμρθιῂ
624 4966 977 5042 Benedictus
1028 4969 1181 5042 XIV,
1224 4967 1324 5042 qui
1383 4969 1452 5024 de
1511 4970 1749 5042 synodis

95 5029 195 5114 libi.
227 5029 307 5114 η(
329 5049 382 5114 c.
411 5029 754 5114 6,'_os_t_endit
783 5039 1117 5112 pontificem
1151 5029 1218 5095 R.
1241 5029 1428 5096 ‘etiam
1459 5029 1748 5114 episcopis

95 5107 444 5185 potestatem
471 5107 706 5185 dedisse
727 5107 912 5185 λόῖμον,
943 5120 1318 5185 πολυπάμριογ,
1341 5127 1445 5167 seu
1477 5107 1743 5185 ᾦαινόλῖον,

97 5179 167 5256 ut
191 5175 411 5256 Graecis
439 5179 682 5250 pallium
711 5175 1250 5256 dic'itur,gestand'i,
1286 5175 1748 5256 benedictionem

97 5243 288 5335 etiam!
304 5243 626 5335 solemnem
661 5253 821 5335 pallii
849 5243 1158 5335 ordinavit.
1181 5243 1340 5335 Licet
1357 5255 1622 5335 enim,_ut
1637 5257 1754 5335 sin-

99 5315 290 5398 gulari
321 5315 484 5398 bulla
511 5338 638 5398 eam
661 5315 718 5380 in
755 5343 874 5398 rem
906 5327 1063 5382 edita
1081 5325 1362 5398 loquitur,
1385 5315 1751 5398 nonrdubita—

97 5389 438 5464 Ferit._quin
483 5393 642 5464 pallii
691 5397 990 5454 traditioni
1046 5389 1627 5453 seu-transmissioni
1656 5415 1750 5452 so-

99 5456 576 5538 lemnis—semper
605 5467 906 5536 praemissa
936 5469 1108 5523 fuerit
1135 5469 1480 5535 benedictio,
1513 5471 1643 5538 quia
1674 5477 1752 5524 ta-

98 5543 236 5610 men.
253 5529 568 5610 huiusmodi
596 5529 986 5596 lienedictionis
1013 5542 1152 5595 ritus
1177 5529 1476 5595 nonnullas
1502 5529 1754 5595 mutatio-

101 5615 195 5655 nes
211 5605 280 5683 in
306 5605 609 5683 evolutione
639 5619 941 5681 temporum
967 5612 1196 5666 subiisse
1223 5611 1756 5681 dignoscitur.ofﬁcii

102 5677 298 5736 ποδενί,
337 5677 542 5748 pergit,
569 5695 681 5738 esse
701 5677 1074 5753 jztdicavimus
1106 5683 1257 5738 illius
1286 5677 1522 5752 turmam
1555 5677 1754 5753 mpe-

1848 599 2040 655 saeculi
2076 599 2526 657 adversitatibus
2555 601 2772 658 habere
2802 607 3126 658 mereatur:
3159 619 3262 674 per
3288 606 3344 659 te
3366 619 3500 675 apo-

1849 689 2062 745 stolicae
2093 690 2394 762 dignitatis
2429 691 2484 746 in
2517 691 2678 747 coelis
2727 695 2784 746 et
2832 691 2891 746 in
2933 691 3124 758 terris,
3159 689 3417 747 solvendi
3445 695 3502 746 et

1847 777 2067 851 ligandi
2098 797 2213 834 non
2264 779 2453 834 solum
2505 797 2770 852 corpora,
2801 781 2903 836 sed
2945 783 3002 836 et
3034 779 3262 836 animas
3307 779 3505 834 divina

1849 867 2094 924 Deitatis
2123 869 2312 939 gratia
2359 869 2720 926 dominicum
2767 869 3072 942 suscipiat,
3104 874 3170 924 ut
3201 868 3281 923 ita
3311 868 3505 941 dignis

1851 959 2222 1013 successibus
2281 959 2482 1014 devote
2540 960 2756 1032 degens
2811 960 2882 1013 ad
2945 957 3235 1014 destinata
3284 957 3504 1012 sanctis

1849 1047 2090 1117 praimia
2111 1048 2472 1120 perveniens,
2493 1052 2768 1104 aeternam
2787 1047 3034 1121 accipiat
3051 1045 3498 1102 beatitudinem.

1850 1129 1956 1190 Per
1985 1135 2157 1207 (150).

2223 1241 2528 1282 GREGORIUS
2565 1241 2787 1282 VICTORI
2831 1243 3101 1282 EPISCOPO
3112 1267 3121 1279 .

1956 1314 2060 1385 (Ex
2091 1331 2200 1370 ms.
2233 1313 2480 1370 Vindob.
2516 1315 2691 1370 theol.
2727 1317 2850 1385 277,
2878 1332 2988 1370 saec
3018 1330 3096 1370 xu
3127 1311 3213 1368 vel
3245 1313 3390 1384 xm.)

1919 1421 2196 1494 Quisquis
2243 1420 2846 1494 metropolitanorum,
2879 1421 3032 1492 quod
3085 1419 3324 1476 minime
3375 1436 3498 1475 cre-

1848 1511 2065 1579 dimus,
2099 1511 2224 1567 sine
2250 1510 2425 1582 pallio
2459 1509 2716 1582 aliquem
2747 1509 3015 1566 ordinare
3039 1507 3497 1580 praesumpserit,

1848 1600 2245 1665 etordinatur,
2260 1599 2424 1672 etqui
2440 1599 2762 1666 ordinatur,
2779 1603 2835 1654 et
2857 1602 3260 1670 cooperatores
3282 1598 3500 1652 irrecu-

1848 1687 2184 1762 perabiliter
2207 1689 2278 1744 ab
2301 1687 2458 1743 omni
2482 1687 2684 1742 ordine
2711 1685 3504 1758 deponantur.0remusdile-

1849 1777 2098 1834 ctissimi
2122 1778 2421 1844 fratres,ut
2441 1776 2594 1834 Deus
2618 1780 2673 1832 et
2694 1777 2815 1830 Dus
2841 1794 2908 1830 nr
2926 1774 3032 1830 Jhs
3053 1773 3170 1847 Xps
3193 1791 3299 1829 nos
3314 1778 3370 1828 et
3391 1773 3503 1830 ele-

1769 1881 1814 1946 Β
1847 1872 2006 1922 ctum
2025 1871 2292 1922 nostrum
2309 1865 2499 1938 gratia
2514 1863 2766 1937 Spiritus
2785 1864 2970 1920 sancti
2990 1862 3284 1918 illustrare
3306 1862 3503 1934 digne-

1849 1956 2159 2012 tur.Per.in
2176 1955 2395 2011 unitate
2409 1953 2692 2025 ejusdem.
2706 1953 2906 2010 Deinde
2920 1951 3137 2007 dicatur
3153 1952 3248 2006 iste
3258 1953 3497 2006 versicu-

1846 2045 2030 2102 lus.Et
2049 2043 2301 2114 exaltant
2321 2059 2456 2100 eum
2481 2043 2538 2098 in
2564 2039 2807 2097 ecclesia
2829 2039 3035 2112 plebis.
3055 2039 3122 2094 Et
3142 2038 3200 2092 in
3225 2038 3500 2094 cathedra

1845 2114 2144 2194 seniorum
2174 2133 2414 2188 laudent
2447 2147 2603 2186 eum.
2636 2133 2762 2184 Post
2789 2129 3044 2184 mittatur
3073 2130 3130 2183 in
3163 2126 3495 2192 cathedram,

1841 2235 1892 2283 et
1921 2225 2137 2281 dicatur
2167 2225 2284 2279 limo
2312 2221 2510 2276 oratio.
2535 2217 2917 2288 Omnipotens
2938 2217 3107 2272 Pater
3132 2220 3330 2270 sancte
3345 2220 3497 2269 Deus

1845 2318 2152 2380 aaterne,tu
2183 2310 2480 2366 hominem
2513 2307 2786 2378 dignatus
2815 2315 2878 2362 es
2901 2306 2960 2360 in
2981 2303 3316 2360 coelestibus
3349 2303 3496 2358 sedi-

1843 2406 1954 2460 bus
1985 2401 2274 2466 ordinare,
2301 2404 2366 2454 ut
2396 2397 2477 2452 ait
2505 2395 2836 2451 Psalmista.
2856 2393 3098 2450 Domine
3129 2394 3188 2448 in
3215 2399 3493 2448 aeternum

1843 2494 2150 2566 permanet
2167 2488 2423 2544 Verbum
2455 2490 2624 2540 tuum
2649 2483 2708 2538 in
2731 2481 2894 2549 coelo,
2918 2479 3158 2554 angelos
3179 2485 3236 2537 et
3256 2480 3497 2536 archan-

1843 2581 2004 2656 gelos
2046 2595 2151 2636 suo
2181 2575 2288 2632 tibi
2322 2575 2523 2632 ordine
2552 2569 2872 2644 mancipari
2904 2569 3160 2638 voluisti,
3188 2571 3243 2624 in
3271 2569 3495 2625 Veteris

1841 2667 2195 2728 Testamenti
2220 2659 2518 2738 privilegio
2539 2662 2774 2734 Moysen
2795 2666 2855 2716 at
2874 2661 3063 2714 Aaron
3085 2664 3140 2714 et
3161 2657 3493 2715 Samuelem

1843 2762 1996 2816 inter
2025 2774 2123 2814 eos
2155 2757 2213 2810 in
2247 2752 2648 2814 sacerdotibus
2680 2749 2823 2816 suis,
2847 2748 2946 2821 qui
2980 2747 3252 2802 invocant
3279 2763 3492 2802 nomen

1842 2851 1971 2922 ejus
1997 2839 2412 2920 praedestinati,
2438 2838 2800 2912 patriarchas
2821 2842 2880 2892 et
2901 2833 3214 2909 prophetas
3238 2833 3492 2922 perungi

1841 2921 2150 3006 ordinasti,
2173 2933 2232 2988 in
2256 2948 2402 2987 novo
2428 2946 2530 3001 per
2551 2927 2763 2982 Filium
2791 2930 2960 2980 tuum
2981 2925 3181 2980 Jesum
3195 2921 3490 2979 Christum

1841 3024 2136 3099 apostolos
2157 3023 2391 3077 sanctos
2417 3017 2586 3072 nobis
2609 3012 2882 3072 omnibus
2904 3013 3021 3068 tuis
3043 3010 3222 3068 servis
3244 3012 3314 3067 ad
3339 3009 3486 3068 sola-

1840 3114 1987 3170 tium
2009 3107 2256 3183 elegisti,
2290 3105 2546 3179 primum
2579 3105 2814 3158 Petrum
2839 3101 3170 3174 apostolum
3191 3100 3252 3154 in
3283 3100 3482 3158 cathe-

1839 3203 2006 3258 dram
2025 3196 2264 3255 honoris
2285 3191 2798 3259 enumerasti,etin
2820 3193 3485 3246 numerumsanctorum

1839 3289 2104 3346 omnium
2137 3283 2532 3358 apostolorum
2566 3279 2836 3344 evocasti,
2869 3282 2934 3333 ut
2963 3278 3216 3350 Spiritus
3249 3283 3489 3342 sanctus

1839 3380 1921 3436 ait
1945 3394 2049 3450 per
2081 3373 2427 3446 Prophetam
2461 3387 2474 3424 :
2509 3371 2571 3424 In
2631 3367 2906 3424 cathedra
2952 3367 3248 3422 seniorum
3296 3364 3493 3420 laudet

1839 3485 1994 3523 eum.
2025 3465 2086 3520 1n
2119 3463 2232 3520 illis
2266 3459 2628 3533 temporibus
2659 3455 2854 3512 divino
2887 3461 3030 3510 nutu
3061 3455 3132 3509 de
3163 3451 3293 3509 aliis
3326 3453 3489 3508 simi-

1839 3556 1995 3612 libus
2025 3554 2120 3608 his
2151 3551 2366 3607 similia
2397 3547 2784 3618 contigerunt.
2809 3545 2877 3598 Et
2907 3549 2964 3598 tu
2999 3542 3236 3598 Domine
3261 3559 3364 3614 pro
3393 3547 3494 3596 tua

1839 3645 2132 3702 immensa
2162 3635 2564 3695 misericordia
2593 3633 2648 3688 in
2687 3632 2901 3690 nostris
2931 3631 3294 3704 temporibus
3315 3632 3388 3684 da
3420 3629 3493 3686 si-

1843 3732 2042 3789 milem
2067 3729 2317 3803 gratiam
2349 3725 2510 3780 fratri
2547 3729 2748 3778 nostro
2771 3723 2838 3776 N.
2863 3721 3126 3776 adinstar
3157 3722 3490 3774 sanctorum

1842 3818 2241 3894 apostolorum
2265 3821 2498 3871 tuorum
2523 3811 2852 3876 sedentium
2875 3809 2933 3863 in
2955 3807 3233 3864 cathedra
3255 3806 3494 3894 honoris

1842 3893 1900 3968 et
1924 3904 2404 3982 dignitatis,utin
2434 3905 2747 3973 conspectu
2780 3897 3104 3970 majestatis
3133 3901 3246 3992 tuae
3279 3893 3495 3992 dignus

1843 3999 2065 4062 honore
2090 3998 2386 4068 appareat,
2417 3990 2562 4047 etin
2609 3990 2734 4061 ipso
2787 3988 3006 4043 honore
3053 3985 3328 4041 omnibus
3381 3983 3492 4039 sibi

1846 4085 2146 4160 subjectis,
2174 4082 2620 4154 omnigenarum
2643 4075 2906 4149 exempla
2937 4075 3222 4129 virtutum
3249 4071 3418 4126 dictis
3439 4073 3496 4126 et

1848 4177 2017 4233 factis
2048 4173 2208 4230 omni
2240 4169 2574 4227 humilitate
2606 4165 2912 4239 praebendo
2940 4167 3250 4226 mercatur,
3274 4163 3340 4213 ut
3366 4163 3497 4230 post

1846 4265 1999 4322 hanc
2014 4263 2196 4318 vitam
2213 4261 2363 4316 inter
2375 4255 2666 4328 angelicos
2679 4252 2885 4308 choros
2907 4253 3252 4305 aeternarum
3267 4245 3496 4302 sedium

1851 4353 1992 4410 solio
2023 4349 2394 4406 sublimetur.
2427 4346 2534 4400 Per
2561 4342 2854 4399 eumdem.

1853 4466 2156 4518 Pontiﬁeale
2177 4477 2274 4513 ms.
2296 4456 2827 4525 liiblioth._San—Blas.
2851 4467 2973 4525 sieo.
2993 4467 3094 4525 xiv.
3109 4449 3194 4500 Ad
3204 4447 3500 4525 faciendun;

1914 4511 2337 4579 atii-acssarros
2386 4521 2593 4570 statutis
2648 4515 2958 4579 temporibus
3003 4515 3163 4564 ritum
3203 4511 3445 4560 Similiter
3471 4523 3502 4558 θ.

1916 4577 2190 4654 psalmista
2207 4585 2592 4654 ordituilsecus
2612 4595 2672 4630 ac
2693 4577 2996 4654 Pontiﬁcale
3017 4579 3332 4632 Romanum,
3349 4586 3378 4621 a
3393 4585 3502 4636 quo

1917 4643 2075 4704 etiam
2108 4653 2302 4716 passim
2332 4648 2522 4696 (lilii-rt.
2555 4646 2634 4694 Ita
2661 4656 2789 4692 vero
2815 4643 3006 4702 incipit
3033 4654 3044 4688 :

1925 4761 2004 4818 Ad
2032 4755 2413 4816 celebrandum
2459 4765 2642 4808 sacros
2686 4749 2910 4806 ordines
2956 4734 3238 4816 cpiscopus
3279 4741 3502 4797 indutus

1851 4852 2032 4926 plenis
2055 4844 2464 4922 pontiﬁcalibus
2495 4847 2556 4896 ut
2581 4855 2750 4911 supra
2780 4839 3025 4892 notatum
3053 4841 3150 4901 est,
3175 4847 3296 4887 cum
3325 4831 3503 4887 debito

1857 4970 1967 5024 tuis
1997 4965 2205 5037 [Muris
2255 4957 2586 5030 temporibus
2631 4951 3021 5037 olisemfuruiayn
3060 4949 3503 5037 constituere-ac

1851 5019 2216 5112 priis'entimn
2246 5019 2536 5112 litoﬁaran‘t
2581 5019 3502 5112 auctoritatenﬁrn‘zare.Agepstitnu-

1855 5092 2072 5167 tionem
2099 5107 2247 5161 hanc
2269 5101 2429 5157 dedit
2451 5101 2734 5168 integram
2757 5100 2869 5168 Jos.
2895 5093 3210 5168 Catalanus
3229 5093 3306 5147 t.l
3330 5092 3505 5146 Caere-

1858 5166 2132 5238 monialis
2163 5178 2227 5232 S.
2257 5175 2323 5230 R.
2353 5173 2440 5236 E.,
2475 5188 2530 5239 p.
2565 5166 2825 5239 3711;19gi
2855 5166 3028 5221 etiam
3058 5168 3506 5239 merentumqua‘:

1859 5188 2132 5238 monialls
2163 5188 2227 5232 ὃ.
2257 5188 2323 5230 tt.
2353 5188 2440 5236 ω..
2519 5212 2530 5225 .
2565 5188 2825 5239 adluegl
2855 5188 3028 5221 etiam
3058 5188 3506 5234 ﬂlereuuu',quw

1859 5255 1994 5308 item
2028 5251 2088 5304 in
2120 5188 2734 5319 Cmremonialinepisc.
2767 5239 2886 5319 t.‘l,
2919 5255 2970 5319 ρ.
3003 5239 3089 5306 l6,
3206 5250 3506 5319 cumulet);

1859 5301 2147 5380 interﬁcis
2183 5319 2371 5372 forma
2424 5301 2610 5386 pallii:
2642 5301 2979 5386 decuria-vlg
2999 5301 3184 5386 cui-pia
3235 5304 3378 5386 sisti
3406 5301 3506 5386 ‘lV

1859 5371 2046 5451 ἕιζιέἧὲ.
2068 5371 2208 5444 Κτίά.
2243 5371 2516 5462 idemrad
2568 5382 2904 5462 Ponti-{irate
2929 5379 3036 5462 ιη,
3070 5371 3170 5462 iis.
3208 5373 3364 5462 tuti}.
3383 5371 3502 5462 “vix,

1861 5443 2215 5534 ijhEihgius,
2239 5459 2311 5513 de
2331 5455 2624 5534 inferioris
2645 5456 2743 5509 aevi
2779 5443 3287 5534 nun‘iisuia'tibusg
3305 5443 3504 5534 6A7”?

1859 5514 2346 5604 iojvlliacrago’nius
2373 5528 2433 5604 in
2467 5526 2683 5604 proleg.
2731 5526 2800 5604 ad
2861 5514 3291 5604 cliroqolo‘gi‘am
3345 5515 3410 5568 It.
3446 5514 3505 5566 Ρ.

2138 5587 2407 5660 Ὁζςιίθηδίε
2439 5587 2487 5653 οἶ
2525 5587 2977 5663 10,“Βαι·ι1161ἱυε
3007 5593 3077 5647 de
3103 5587 3302 5644 Pallio.
