3892 6212
381 338 530 403 1011

376 476 566 535 Ordine
589 473 969 531 ministrorum
1012 475 1239 531 missam
1281 474 1528 530 dicturus
1576 474 1644 530 ad
1692 474 1866 529 altare
1892 490 2017 545 pro-
2048 471 2101 538 Α

377 564 531 621 cedat
577 572 630 621 et
670 563 813 620 dicta
868 563 1051 635 prima
1107 563 1348 631 collecta,
1398 570 1654 619 vocentur
1707 561 2023 629 ordinandi,

376 663 428 711 et
457 653 643 710 sedens
671 670 835 725 super
861 652 1039 709 sedem
1084 669 1243 708 suam
1286 655 1429 722 legat
1477 654 1557 708 vel
1583 669 1683 725 per
1710 653 1889 709 alium
1920 653 2027 724 legi

376 744 553 820 faciat
578 743 1007 816 prohibicionem
1039 743 1223 798 istam.

447 830 801 887 Auctoritate
822 829 929 885 Dni
955 829 1042 885 nri
1064 832 1199 885 Jcsu
1231 829 1443 886 Christi
1474 835 1532 886 et
1561 829 1815 886 Ecclesie
1836 829 2025 885 omni-

376 921 491 977 bus
511 920 675 975 vobis
696 919 805 975 sub
826 917 1611 991 excommunicacionispena
1635 918 1876 974 firmiter
1896 935 2025 990 pre-

379 1009 633 1081 cipimus
654 1012 711 1064 et
732 1006 1332 1073 mandamus,utnulli
1355 1007 1501 1063 servi
1526 1007 1898 1062 dominorum
1913 1006 2025 1062 nisi

380 1096 727 1153 manumissi
741 1096 877 1159 sint,
896 1094 1037 1150 nulli
1054 1094 1241 1150 clerici
1267 1094 1507 1151 alterius
1529 1095 1792 1168 dyocesis
1804 1097 2027 1167 absque

380 1185 621 1242 licencia
651 1202 753 1241 seu
800 1183 1011 1239 litteris
1061 1182 1579 1239 dimissiorialihus
1624 1184 1712 1240 sui
1745 1185 2023 1257 cpisc0pi,

378 1274 523 1330 nulli
555 1272 1215 1337 excommunicati,nulli
1251 1272 1553 1344 illegitime
1578 1273 1718 1340 nati,
1745 1274 1855 1328 nisi
1891 1292 2024 1329 cum

377 1364 463 1420 eis
490 1363 845 1419 sufficienter
872 1363 1044 1417 fuerit
1074 1362 1499 1433 dispensatum,
1527 1362 1670 1418 nulli
1697 1363 1904 1418 furtive
1927 1367 2030 1418 aut

378 1453 436 1509 in
469 1451 749 1509 membris
799 1452 923 1507 suis
980 1452 1295 1505 enormiter
1350 1451 1563 1517 viciati,
1598 1451 1707 1507 nisi
1761 1470 1829 1507 ex
1870 1455 2028 1507 certa

379 1541 623 1596 scientia
676 1539 1139 1596 examinatorem
1201 1540 1429 1610 probati
1481 1539 1619 1604 sint,
1652 1544 1709 1594 et
1758 1539 2023 1606 admissi,

379 1628 526 1684 nulli
556 1629 789 1685 ordines
820 1627 1075 1683 minores
1106 1644 1239 1682 cum
1273 1626 1468 1700 aliquo
1491 1627 1692 1684 ordine
1714 1645 1897 1695 sacro,
1928 1632 2029 1684 aut

378 1717 554 1774 etiam
577 1734 808 1773 sacrum
833 1733 962 1771 cum
986 1733 1150 1772 sacro
1172 1715 1347 1771 simul
1372 1715 1722 1789 recipiendo,
1740 1716 1884 1773 nulli
1907 1721 2027 1773 eta-

376 1808 499 1906 tem
510 1806 914 1906 sufficientem
946 1822 1061 1860 non
1090 1804 1392 1872 habentes,
1425 1804 1570 1859 nulli
1602 1822 1706 1878 per
1734 1805 1950 1861 saltum
1972 1810 2029 1862 et
2059 1840 2107 1906 Β

379 1893 545 1961 nulli,
570 1892 669 1967 qui
700 1893 1209 1966 prophanaverunt
1257 1896 1457 1949 contra
1488 1895 1765 1950 mandata
1796 1899 2025 1968 aposto-

379 1982 509 2049 lica,
541 1981 655 2039 nisi
687 1998 819 2037 cum
850 1982 934 2038 eis
978 1982 1337 2038 sufficienter
1383 1981 1557 2037 fuerit
1598 1982 2024 2056 dispensatum,

378 2076 480 2128 aut
509 2072 726 2145 quibus
753 2070 899 2129 alias
930 2071 1274 2128 canonicum
1297 2072 1491 2127 obstat
1514 2070 2024 2144 impedimentum.

376 2160 471 2217 hic
501 2178 841 2235 expressum
871 2160 959 2217 vel
1001 2178 1116 2217 non
1166 2176 1530 2233 expressum,
1564 2167 1910 2233 presumant
1937 2179 2027 2218 ac-

376 2251 597 2319 cedere,
621 2267 727 2306 nec
758 2250 831 2306 ad
870 2249 978 2306 hoc
1006 2267 1202 2306 sacros
1242 2250 1477 2305 ordines
1508 2250 1804 2307 accedant.
1840 2252 1897 2307 Si
1929 2269 2025 2308 se-

375 2356 482 2395 cus
503 2342 909 2411 attemptatum
934 2339 1109 2393 fuerit
1124 2355 1157 2392 a
1171 2354 1469 2409 quoquam
1490 2338 1717 2393 irritum
1731 2340 2028 2398 cernimus

374 2433 431 2485 et
455 2428 647 2495 inane,
666 2431 724 2484 et
742 2444 952 2500 penam
976 2426 1371 2499 supradictam
1397 2428 2026 2487 excommunicacionis

374 2533 438 2574 se
470 2517 691 2572 noverit
720 2514 1062 2570 incurrisse.

447 2608 604 2661 Lecta
628 2604 1003 2677 prohibicione
1032 2605 1156 2677 ista,
1190 2602 1609 2661 archidiaconus
1641 2606 1722 2660 vel
1750 2606 1909 2672 alter,
1935 2608 2028 2661 cui

374 2664 653 2767 episcopus
682 2692 990 2764 injunxerit
1014 2664 1094 2747 ad
1119 2664 1455 2764 faciendum,
1478 2709 1576 2764 per
1593 2693 1814 2749 modum
1842 2664 2025 2751 lectio-

374 2785 462 2839 nis
493 2782 657 2838 dicat.
683 2779 947 2837 Postulat
988 2785 1187 2836 sancta
1220 2786 1406 2836 mater
1437 2781 1687 2837 Ecclesia
1717 2785 2026 2840 reverenda

374 2873 540 2945 pater
558 2870 666 2926 hos
688 2869 841 2925 viros
863 2868 1170 2925 ordinibus
1195 2874 1362 2941 aptos
1394 2886 1427 2925 a
1454 2874 1647 2925 vestra
1676 2873 2025 2943 paternitate

372 2958 718 3017 consecrari.
751 2958 1044 3030 Episcopus
1072 2957 1257 3013 dicat:
1292 2958 1453 3026 Vide,
1489 2961 1554 3014 ut
1583 2964 1812 3027 natura,
1837 2960 2024 3018 scien-

373 3052 463 3107 cia
482 3054 538 3106 et
559 3048 822 3105 moribus
842 3048 989 3104 tales
1011 3065 1112 3122 per
1133 3052 1188 3103 te
1219 3047 1683 3117 introducantur,
1709 3049 1891 3106 immo
1921 3068 2027 3124 per

371 3153 479 3193 nos
506 3135 653 3192 tales
685 3135 744 3190 in
775 3136 948 3191 domo
976 3133 1083 3190 Dni
1117 3135 1462 3190 ordinentur
1484 3152 1730 3209 persone
1753 3154 1855 3209 per
1876 3155 2022 3212 quas

369 3225 654 3300 dyabolus
685 3222 883 3297 procul
915 3222 1185 3296 pellatur,
1218 3228 1274 3279 et
1304 3208 1495 3280 clerus
1522 3225 1649 3281 Deo.
1672 3208 2023 3299 multiplice-
2056 3208 2099 3275 C

365 3317 482 3370 tur.
516 3318 653 3370 Item
679 3314 910 3369 clericus
934 3330 953 3367 :
986 3312 1278 3376 Quantum
1310 3312 1381 3367 ad
1424 3312 1750 3370 humanum
1801 3321 2023 3388 spectat

367 3406 876 3468 examen,natura,
892 3399 1134 3456 scicntia
1150 3404 1207 3456 et
1224 3400 1486 3457 moribus
1517 3402 1679 3475 digni
1708 3402 2018 3473 habentur,

366 3496 425 3547 et
453 3491 617 3564 probi
650 3492 1050 3562 cooperatores
1078 3488 1134 3543 in
1170 3487 1262 3544 his
1293 3489 1410 3545 Deo
1440 3489 1666 3546 volente
1697 3492 1845 3548 efﬁci
1884 3510 2022 3566 pos-

367 3583 527 3636 sunt.
561 3580 735 3651 Episc.
769 3597 788 3634 :
818 3576 1146 3633 Auxiliante
1179 3582 1298 3633 Dno
1343 3578 1458 3634 Deo
1502 3582 1558 3634 et
1586 3579 1885 3638 Salvatore
1918 3599 2019 3639 no-

368 3670 488 3723 stro
510 3667 647 3723 Jesu
670 3664 898 3722 Christo
920 3664 1195 3738 eligimus
1216 3666 1322 3721 hos
1352 3666 1506 3723 viros
1539 3671 1966 3727 consecrandos
2000 3688 2014 3728 :

367 3756 554 3828 siquis
575 3758 772 3810 autem
795 3754 973 3809 habet
1003 3753 1223 3826 aliquid
1259 3760 1460 3810 contra
1491 3755 1646 3823 illos,
1676 3774 1779 3829 pro
1811 3759 1928 3814 Deo
1960 3764 2019 3817 et

364 3847 603 3917 propter
630 3848 809 3897 Deum
833 3859 966 3897 cum
994 3842 1209 3897 fiducia
1236 3848 1399 3899 exeat
1421 3849 1479 3900 et
1499 3845 1674 3901 dicat.
1709 3847 2017 3905 Verumta-

365 3948 500 3987 men
542 3945 769 3985 memor
799 3929 876 3985 sit
906 3930 1262 3986 condicionis
1293 3948 1418 3986 sue.
1451 3937 1579 3989 Post
1610 3933 1708 3989 hec
1734 3936 2016 4008 episcopus

356 4019 681 4091 procumbat
701 4033 865 4089 super
890 4017 1069 4073 sedem
1095 4034 1253 4073 suam
1280 4019 1440 4088 ﬂetis
1476 4022 1724 4091 genibus,
1757 4031 1809 4079 et
1834 4030 2016 4081 cante-

359 4115 452 4164 tur
478 4124 514 4163 a
543 4106 750 4162 duobus
779 4104 1000 4162 clericis
1016 4098 1227 4161 'letania
1253 4116 1417 4179 prout
1442 4125 1611 4180 supra
1636 4119 1885 4168 notatum
1911 4124 2014 4181 est,

359 4198 422 4253 in
450 4213 561 4269 qua
610 4196 721 4252 loco
767 4211 866 4251 suo
914 4202 1122 4267 surgat,
1154 4204 1207 4252 et
1250 4211 1536 4253 conversus
1573 4198 1645 4253 ad
1681 4199 2014 4257 ordinandas

359 4285 523 4341 dicat.
550 4284 624 4340 Ut
645 4284 788 4340 istos
817 4284 1173 4340 ordinandos
1204 4285 1582 4351 benetdicere
1611 4288 2013 4356 sanctifﬁcare

359 4379 418 4431 et
445 4377 823 4439 consetcrare
852 4371 1129 4446 digneris.
1157 4373 1234 4428 Te
1262 4390 1540 4445 rogamus
1584 4376 1719 4430 audi
1752 4393 1875 4432 nos.
1918 4380 2014 4435 Ter

357 4464 522 4536 episc.
556 4462 704 4518 istud
730 4470 954 4535 repetat.
989 4462 1054 4517 Et
1097 4470 1282 4533 postea
1337 4462 1406 4518 ab
1456 4464 1571 4519 illis
1616 4466 1832 4521 clericis
1861 4482 2009 4522 com-

352 4553 570 4625 pleatur
590 4553 813 4607 letania.
838 4550 911 4606 Ut
922 4550 1252 4623 pontificem
1286 4569 1418 4613 nrm
1437 4552 1494 4607 in
1511 4558 1711 4609 sancta
1732 4554 2011 4627 religione
2040 4576 2086 4640 Ι)

356 4657 697 4697 conservare
727 4640 1006 4713 digneris.
1040 4640 1118 4695 Te
1142 4655 1419 4710 rogamus
1450 4641 1586 4696 audi
1619 4658 1747 4696 nos.

428 4734 561 4785 Item
589 4730 871 4801 episcopus
900 4736 1128 4800 reponat
1153 4745 1211 4784 se
1237 4744 1402 4800 super
1442 4729 1619 4784 sedem
1645 4745 1805 4785 suam
1834 4746 2004 4803 usque

353 4816 425 4872 ad
455 4819 619 4888 ﬁnem
649 4818 865 4873 letanie.
892 4817 1006 4885 Qua
1027 4818 1188 4888 ﬁnita
1214 4817 1394 4874 sedeat
1422 4834 1584 4889 super
1612 4818 1790 4874 sedem
1818 4836 1998 4891 suam,

353 4913 405 4961 et
433 4905 756 4961 ordinandis
788 4906 971 4962 tradat
1014 4906 1466 4978 antiphonarium
1514 4906 1697 4962 dicens
1730 4924 1743 4962 :
1777 4908 2000 4976 Videte,

353 4995 598 5064 utquod
631 5010 729 5049 ore
759 4995 1026 5059 cantatis,
1062 4995 1235 5050 corde
1263 4995 1534 5061 credatis,
1559 4999 1613 5051 et
1644 4997 1797 5068 quod
1831 4998 2002 5055 corde

353 5081 610 5149 creditis,
645 5082 918 5152 operibus
949 5083 1359 5155 comprobetis.
1394 5084 1506 5152 Quo
1533 5083 1696 5152 dicto,
1726 5095 1925 5159 surgat
1953 5096 2006 5144 et

351 5170 502 5226 dicat
526 5185 691 5242 super
716 5185 809 5225 eos
838 5172 1158 5227 orationem.
1192 5172 1395 5228 Stando
1423 5175 1542 5229 sine
1566 5176 1749 5230 mitra.

924 5262 1084 5314 Dnus
1113 5260 1434 5315 vobiscum.

425 5349 673 5405 Oremus
696 5346 1061 5402 dilectissimi
1087 5347 1294 5403 fratres
1314 5349 1462 5405 Dnm
1486 5367 1615 5406 nrm
1628 5351 1828 5408 Jesum
1843 5352 2003 5408 Chri-

349 5443 509 5495 stum
535 5455 637 5510 pro
660 5436 755 5492 his
775 5434 1014 5491 famulis
1035 5436 1179 5516 suis,
1204 5437 1304 5507 qui
1323 5437 1394 5492 ad
1408 5438 1781 5510 deponendas
1803 5458 2001 5498 comas

347 5529 606 5599 capitum
631 5542 870 5582 suorum
898 5540 999 5598 pro
1020 5524 1148 5596 ejus
1172 5541 1367 5580 amore
1400 5527 1695 5595 festinant,
1732 5534 1795 5584 ut
1826 5531 2003 5587 donet

350 5616 437 5673 eis
463 5617 747 5689 Spiritum
774 5619 1065 5682 sanctum,
1088 5613 1188 5686 qui
1206 5613 1475 5669 habitum
1507 5615 1804 5689 religionis
1836 5619 1891 5674 in
1916 5621 1999 5677 eis

1164 337 1503 403 APPEND.
1550 340 1651 401 AD
1697 338 1887 403 S/EC.
1932 335 2005 398 X.
2038 367 2117 381 --
2146 333 2640 401 MONUMENTA
2690 337 3008 401 LITURG.

3652 338 3762 401 1013

2134 475 2479 545 perpetuum
2493 475 2810 541 conservet,
2826 477 2884 527 et
2900 489 2933 527 a
2951 472 3161 528 mundi
3183 471 3617 546 impedimento
3634 478 3764 544 atate

2133 577 2168 617 a
2189 559 2436 617 seculari
2464 560 2753 617 desiderio
2787 561 2963 618 corda
2991 578 3199 618 eorum
3233 560 3548 627 defendat,
3569 565 3629 616 ut
3653 562 3765 618 sicut

2135 649 2532 705 immutantur
2550 649 2831 717 vultibus,
2855 650 2937 706 ita
2956 668 3172 707 manus
3196 652 3450 706 dextera
3481 649 3582 706 Dei
3600 650 3678 706 eis
3691 652 3767 706 vir-

2133 742 2327 794 tutum
2364 739 2586 795 tribuat
2616 739 2996 805 incrementa,
3028 744 3087 795 et
3116 739 3190 794 ab
3222 739 3395 796 omni
3428 739 3662 795 cecitate
3685 742 3767 811 spi.

2136 827 2288 882 ritali
2324 827 2410 882 vel
2444 827 2706 883 humana
2736 828 2937 884 oculos
2984 845 3187 883 eorum
3236 828 3498 900 aperiat,
3530 832 3585 882 et
3611 826 3765 883 lumen

2134 917 2219 973 eis
2249 922 2444 973 eterna
2473 917 2669 989 gracie
2700 917 2997 972 concedat.
3023 917 3131 982 Qui
3161 917 3304 971 vivit
3334 920 3399 972 et
3431 922 3632 989 regnat
3654 921 3765 972 Deus

2134 1021 2239 1078 per
2269 1005 2467 1060 omnia
2500 1005 2699 1061 secula
2739 1004 3095 1061 seculorum.
3131 1005 3351 1062 σιω-ηδ.
3387 1007 3599 1060 Amen.
3627 1007 3764 1076 ἱρέες.

2135 1094 2404 1150 Oremus.
2436 1096 2747 1165 Dyaconus.
2783 1094 3114 1149 Flectamus
3143 1094 3765 1167 genua.chate.Episr.

2134 1185 2437 1238 orationem
2484 1183 2687 1239 dicat:
2743 1183 2959 1257 Tradat
3014 1182 3487 1255 superpelicium
3528 1200 3543 1236 :

2136 1271 2386 1327 Domine
2444 1271 2981 1344 supplicationibus
3029 1272 3273 1339 nostris,
3307 1277 3371 1327 et
3405 1271 3519 1327 hos
3562 1272 3768 1327 famulos

2137 1365 2268 1416 tuos
2319 1361 2701 1425 benctdicerc
2750 1360 3011 1433 dignare,
3045 1360 3265 1433 quibus
3312 1360 3376 1415 in
3425 1365 3530 1415 tuo
3578 1361 3767 1415 nomine

2136 1449 2403 1505 habitum
2439 1449 2735 1523 religionis
2766 1449 3148 1521 imponimus,
3169 1452 3234 1505 ut
3266 1452 3325 1504 te
3358 1448 3672 1505 auxiliante
3696 1449 3763 1504 de

2134 1538 2250 1593 voti
2284 1538 2339 1593 in
2376 1538 2623 1595 ecclesia
2669 1541 2773 1594 tua
2823 1538 3136 1611 persistere
3182 1542 3242 1594 et
3272 1539 3469 1593 vitam
3521 1538 3766 1611 ρει-[ἥρω

2137 1632 2476 1683 mereantur
2503 1632 2789 1684 sternam.
2821 1644 2879 1698 p.
2913 1627 3086 1683 Dnm.
3117 1626 3302 1698 Episc.
3329 1627 3526 1683 sedeat
3551 1634 3603 1682 et
3625 1626 3764 1681 ἀίεαις

2135 1715 2219 1770 Tu
2249 1732 2311 1771 es
2343 1715 2486 1785 Dne,
2517 1715 2616 1789 qui
2649 1713 2923 1772 restitues
2971 1714 3373 1772 hereditatem
3410 1731 3607 1771 meam
3636 1715 3765 1781 mihi,

2137 1808 2249 1860 etc.

2422 1908 2625 1948 ORATIO
2663 1909 2736 1948 AD
2775 1909 3023 1949 SPONSAS
3060 1909 3523 1949 BENEDICENDAS.

2137 1982 2242 2055 (Ea:
2272 1980 2379 2037 cod.
2422 1982 2562 2038 Bibl.
2596 1982 2733 2039 Caes.
2763 1984 2837 2038 th.
2875 1982 2996 2051 149,
3034 1998 3161 2039 saec.
3195 2000 3273 2049 ιι,
3326 1983 3473 2039 olim
3517 1982 3763 2055 Augiensis

2772 2056 3139 2120 monasterii.)

2207 2159 2425 2214 Exaudi
2477 2176 2583 2215 nos
2634 2159 3004 2231 omnipotens
3051 2164 3109 2217 et
3156 2159 3508 2217 misericors
3537 2160 3695 2224 Deus,
3718 2164 3763 2213 ut

2136 2248 2293 2321 quod
2342 2252 2539 2304 nostro
2593 2248 2963 2305 ministratur
3010 2248 3224 2317 ofﬁcio,
3260 2253 3366 2305 tua
3398 2248 3763 2307 benedictione

2136 2338 2333 2410 potius
2363 2336 2699 2410 impleatur.
2732 2338 2862 2393 Per.

2206 2425 2440 2481 Secreta.
2473 2425 2714 2497 Suscipe
2772 2442 3116 2498 quaesumus
3177 2426 3426 2483 Domine
3476 2444 3579 2499 pro
3632 2443 3765 2482 sacra

2136 2514 2414 2571 connubii
2446 2513 2571 2587 lege
2603 2532 2820 2570 munus
2852 2514 3138 2584 oblatum,
3171 2519 3232 2572 et
3260 2517 3439 2588 cujus
3470 2515 3762 2589 largitores

2137 2603 2351 2677 operis,
2376 2607 2500 2659 esto
2526 2602 2864 2676 dispositor.
2899 2604 3027 2659 Per.

2205 2694 2491 2765 Prze/‘atio.
2537 2692 2653 2747 VD.
2689 2696 2748 2748 et
2768 2692 3003 2764 justum
3033 2696 3123 2750 est
3151 2711 3389 2766 aequum
3423 2699 3484 2750 et
3516 2693 3759 2749 salutare.

2135 2780 2243 2845 Qui
2275 2781 2492 2836 fmdera
2534 2780 2875 2852 nuptiarum
2933 2779 3150 2837 blando
3195 2766 3529 2839 concordia:
3569 2783 3761 2856 jugoet

2135 2868 2434 2925 insolubili
2469 2868 2628 2941 pacis
2659 2868 2891 2925 vinculo
2923 2870 3198 2939 nexuisti,
3232 2875 3296 2927 ut
3328 2871 3693 2944 adoptionem
3713 2870 3762 2923 li-

2134 2957 2347 3014 liorum
2382 2961 2721 3013 sanctorum
2754 2957 3185 3015 connubiorum
3218 2959 3555 3016 fecunditas
3584 2958 3759 3032 pudica

2135 3050 2483 3102 servaretur.
2499 3047 2623 3101 Tua
2644 3045 2801 3102 enim
2829 3046 3070 3103 Domine
3092 3047 3464 3119 providentia
3492 3052 3590 3103 tua
3605 3047 3760 3121 gratia

2134 3138 2451 3207 utrumque
2467 3134 2787 3207 dispensat,
2810 3139 2874 3190 ut
2890 3137 3046 3207 quod
3063 3136 3366 3209 generatio
3389 3137 3596 3192 mundi
3611 3134 3759 3192 edidit

2138 3224 2210 3279 ad
2241 3227 2534 3291 ornatum,
2568 3224 2926 3296 regeneratio
2958 3225 3030 3279 ad
3062 3224 3321 3281 ecclesias
3368 3226 3645 3299 perducat
3669 3241 3755 3278 au-

2134 3317 2461 3386 gmentum.
2484 3313 2555 3368 Et
2578 3312 2706 3368 ideo
2727 3329 2861 3368 cum
2884 3311 3107 3386 angelis
3130 3319 3189 3369 et
3208 3313 3598 3389 archangelis.
3627 3313 3753 3368 Hanc

2133 3400 2676 3475 igituroblationem
2698 3401 3055 3458 famulorum
3074 3406 3311 3459 tuorum
3337 3421 3519 3476 quam
3542 3402 3636 3458 tibi
3649 3401 3753 3456 olle-

2132 3494 2271 3545 runt
2294 3507 2397 3563 pro
2419 3490 2643 3546 famula
2661 3493 2763 3546 tua
2782 3489 2863 3545 ill.
2889 3507 3066 3563 quam
3089 3491 3411 3563 perducere
3435 3492 3750 3565 dignatuses

2131 3579 2203 3634 ad
2227 3583 2448 3635 statum
2479 3596 2768 3635 mensurae
2795 3584 2852 3635 et
2880 3580 2952 3635 ad
2976 3579 3132 3635 diem
3165 3580 3511 3653 nuptiarum
3540 3596 3636 3653 pro
3662 3593 3750 3648 qua

2129 3668 2427 3741 majestati
2457 3686 2575 3725 suae
2623 3668 2919 3742 supplices
2968 3669 3276 3725 fundimus
3306 3686 3537 3741 preces,
3566 3674 3626 3723 ut
3648 3681 3749 3722 eam

2127 3756 2415 3829 propitius
2436 3773 2571 3812 cum
2592 3756 2714 3814 viro
2736 3775 2843 3813 suo
2864 3756 3137 3829 copulare
3152 3757 3750 3829 dignerisouaasumus

2128 3844 2373 3902 Domine
2404 3850 2468 3900 ut
2498 3844 2762 3917 placatus
2792 3845 3063 3918 accipias.
3092 3847 3401 3919 Antequam
3428 3847 3636 3902 dicatxir
3659 3843 3748 3897 Pax

2126 3933 2378 4002 Domini,
2410 3934 2545 3990 dicit
2575 3937 2896 3991 orationem.

2197 4021 2515 4093 Propitiare
2541 4021 2785 4079 Domine
2811 4020 3346 4095 supplicationibus
3366 4022 3600 4089 nostris,
3616 4023 3665 4075 et
3681 4018 3744 4072 in-

2126 4111 2351 4167 stitutis
2382 4110 2500 4166 tuis
2530 4110 2746 4183 quibus
2773 4110 3251 4184 propagationem
3278 4111 3526 4168 humani
3551 4105 3741 4184 generis

2124 4198 2433 4263 ordinasti,
2464 4199 2756 4271 benignus
2815 4199 3057 4267 adsiste,
3113 4203 3179 4255 ut
3234 4201 3395 4272 quod
3440 4205 3499 4256 te
3545 4200 3739 4254 auctore

2115 4288 2408 4361 jungitur,
2442 4292 2497 4342 te
2527 4287 2841 4344 auxiliante
2866 4293 3145 4343 servetur.
3181 4288 3288 4344 Per
3316 4288 3386 4345 D.

2197 4377 2526 4433 Benedictio.
2562 4381 2712 4433 Deus
2738 4376 2835 4449 qui
2870 4380 3155 4449 potestate
3182 4377 3423 4434 virtutis
3442 4381 3550 4433 tum
3576 4375 3640 4429 de
3664 4370 3737 4427 ni-

2122 4465 2243 4522 hilo
2266 4470 2478 4521 cuncta
2500 4464 2685 4520 fecisti
2713 4481 2725 4519 :
2752 4464 2851 4536 qui
2875 4464 3177 4538 dispositis
3200 4464 3596 4522 universitatis
3613 4477 3737 4517 exor-

2122 4553 2235 4608 diis
2264 4552 2562 4608 hominem
2595 4553 2666 4607 ad
2690 4551 3006 4625 imaginem
3030 4553 3128 4609 Dei
3151 4553 3303 4609 facto
3325 4554 3455 4610 ideo
3476 4553 3735 4622 insepara-

2118 4641 2235 4697 bile
2257 4640 2521 4696 mulieris
2543 4641 2610 4695 ad
2613 4642 2903 4712 jutorium
2924 4642 3266 4710 condidisti,
3289 4647 3355 4697 ut
3378 4643 3618 4698 femineo
3643 4653 3736 4692 cor-

2114 4731 2239 4803 pori
2272 4731 2344 4786 de
2372 4729 2523 4785 virili
2556 4730 2727 4786 dares
2758 4747 2932 4786 carne
2959 4731 3342 4803 principium,
3370 4732 3583 4787 docens
3608 4724 3732 4799 quod

2113 4838 2182 4876 ex
2203 4836 2319 4875 uno
2342 4818 2659 4892 placuisset
2679 4818 3241 4892 institui,nunquam
3262 4818 3465 4877 liceret
3488 4813 3731 4889 disjungi.

2115 4909 2270 4965 Deus
2290 4908 2390 4980 qui
2422 4912 2543 4962 tam
2564 4906 2863 4963 excellenti
2892 4907 3166 4979 mysterio
3197 4908 3562 4982 conjugalem
3586 4919 3729 4975 copu-

2113 4996 2228 5054 lam
2250 4995 2624 5062 consecrasti,
2650 5000 2715 5051 ut
2735 4995 2945 5052 Christi
2969 5001 3025 5053 et
3046 4996 3313 5053 Ecclesia:
3334 4997 3727 5053 sacramentum

2114 5084 2497 5159 prmsignares
2532 5083 2590 5138 in
2620 5084 2831 5140 laedere
2880 5084 3242 5157 nuptiarum.
3280 5086 3436 5143 Deus
3464 5101 3563 5158 per
3584 5095 3724 5154 quem

2115 5173 2325 5231 mulier
2332 5172 2736 5246 jungiturviro
2753 5177 2809 5229 et
2826 5173 3073 5230 societas
3084 5173 3484 5247 principaliter
3497 5171 3728 5230 ordinata

2112 5280 2180 5319 ea
2208 5261 2609 5318 benedictione
2638 5261 2911 5330 donatur,
2940 5279 3066 5334 qua:
3106 5261 3233 5318 sola
3262 5279 3368 5318 nec
3397 5280 3496 5335 per
3514 5260 3726 5333 origina-

2113 5351 2185 5408 lis
2214 5350 2430 5423 peccati
2464 5367 2718 5422 poznam,
2756 5366 2857 5405 nec
2892 5368 2992 5422 per
3041 5349 3243 5406 diluvii
3289 5357 3378 5407 est
3408 5349 3591 5407 ablata
3618 5361 3723 5402 scn-

2112 5444 2373 5497 tentiam.
2408 5438 2646 5511 Respice
2707 5439 2990 5512 propitius
3048 5457 3226 5512 super
3270 5440 3423 5496 hanc
3478 5435 3719 5495 famulam

2109 5536 2293 5595 tuam,
2324 5546 2472 5601 qum,
2508 5527 2757 5583 maritali
2782 5528 3085 5601 jungenda
3113 5528 3425 5595 consortio,
3458 5534 3555 5583 tua
3581 5538 3718 5595 expe-

2108 5621 2178 5676 tit
2199 5617 2550 5692 protectione
2575 5616 2812 5672 muniri.
2836 5618 2922 5673 Sit
2944 5617 3002 5672 in
3024 5633 3092 5672 ea
3105 5617 3317 5689 jugum
3344 5613 3652 5674 dilectionis
3675 5614 3717 5664 et

3602 1183 3767 1237 Adeste
