3892 6212
379 337 532 406 10Ιὸ

711 489 915 530 ORATIO
954 487 1182 536 QUANDO
1223 487 1459 528 MULTUM
1498 485 1683 526 PLUI'I‘.

445 563 691 620 Domine
720 564 894 630 Deus,
931 564 1030 635 qui
1062 563 1122 618 in
1157 561 1434 634 mysterio
1479 574 1766 632 aquarum
1817 556 2028 618 salutis

370 656 483 709 tute
511 653 680 709 nobis
729 653 1107 708 Sacramenta
1149 650 1416 718 sanxisti,
1449 648 1658 704 exaudi
1702 648 2026 704 orationem

372 742 570 816 populi
624 743 731 808 tui,
758 747 814 798 et
853 743 999 814 jubc
1049 746 1297 798 terrores
1329 738 1747 795 inundantium
1797 753 2027 792 cessare

371 831 1144 905 pluviarum,ﬂagellumque
1163 831 1343 902 hujus
1366 829 1635 884 elementi
1663 829 1732 883 ad
1756 829 2026 884 effectum

370 919 456 976 tui
506 925 774 976 converte
824 919 1104 993 mysterii,
1157 923 1223 974 ut
1267 918 1366 991 qui
1426 936 1486 973 se
1549 916 2028 990 regenerantibus

371 1009 540 1081 aquis
570 1010 828 1082 gaudent
860 1013 1112 1078 renatos,
1146 1009 1442 1081 gaudeant
1472 1007 1564 1063 his
1597 1005 2026 1078 castigantibus

370 1115 500 1175 esse
531 1102 844 1154 correctos.
879 1099 1005 1154 Per.

441 1189 585 1242 Atia.
619 1189 966 1252 Quaasumus
1025 1187 1396 1259 omnipotens
1446 1187 1602 1242 Deus
1649 1184 2024 1240 clementiam

369 1280 554 1342 tuam,
587 1280 650 1331 ut
678 1275 1084 1332 inundantium
1121 1277 1443 1332 CflhtDI'CCilS
1473 1273 1847 1340 imbrium,et
1877 1273 2023 1328 hila-

368 1363 600 1420 ritatem
631 1364 716 1420 tui
749 1365 945 1420 vultus
974 1365 1144 1420 nobis
1174 1364 1462 1438 impertiri
1495 1362 1774 1436 digneris.
1808 1364 1935 1418 Per.

940 1471 1144 1508 ORATIO
1183 1471 1242 1508 IN
1281 1471 1427 1508 ΑΒΕΔ
1437 1494 1450 1506 .

437 1541 765 1613 Multiplica
787 1542 1032 1598 Domine
1059 1542 1210 1598 hanc
1231 1558 1428 1598 aream
1455 1541 1732 1596 frumenti
1757 1541 1842 1596 tui
1870 1541 2024 1596 dona

368 1631 590 1703 repleta
609 1634 732 1701 (sic)
755 1635 812 1687 et
835 1632 988 1688 sicut
1010 1631 1284 1688 ﬁdelibus
1313 1631 1431 1687 tuis
1454 1629 1818 1687 tricesimum
1846 1635 2023 1702 atque

366 1720 798 1792 sexagesimum
829 1720 917 1776 vel
949 1720 1338 1777 centesimum
1371 1719 1625 1776 fructum
1650 1721 1869 1776 donare
1891 1737 2023 1776 con-

1167 336 1508 406 APPEND,
1548 334 1649 395 AD
1695 333 1882 395 SJEC.
1931 330 2002 392 Χ.
2039 362 2112 378 -
2144 329 2644 402 MONUMENTA
2687 332 2998 395 LITUllG.

2053 467 2107 540 Α
2137 470 2308 536 stras,
2345 470 2410 524 ut
2457 467 2531 524 ad
2577 468 2789 526 Sancta
2845 471 3182 524 sanctorum
3241 463 3412 540 puris
3464 478 3770 522 mereamur

3649 332 3766 392 ίῡιε

2139 558 2438 616 mentibus
2467 557 2727 613 introire.
2762 557 2868 615 Per
2898 557 3066 614 Dom.

2352 665 2556 703 ORATIO
2596 665 2654 702 IN
2696 664 3066 702 DEDICATIONE
3103 663 3385 702 nccwsuz
3417 645 3601 716 (155).

2210 741 2456 792 Domum
2501 741 2662 791 tuam
2700 753 3038 808 quzesumus
3081 736 3322 791 Domine
3363 735 3694 792 clementer
3714 736 3782 789 in-

2135 827 2464 898 gredere,et
2485 826 2540 880 in
2567 831 2804 881 tuorum
2836 825 2941 880 tibi
2973 826 3147 881 corde
3170 825 3438 881 ﬁdelium
3463 829 3783 896 perpetuam

2137 915 2428 971 constitue
2459 915 2846 982 mansionem,
2883 922 2946 970 ut
2975 917 3147 987 cujus
3177 914 3578 970 aedificatione
3613 915 3781 968 subsi-

2138 1007 2258 1074 stit,
2293 1005 2473 1075 hujus
2505 1007 2605 1060 iiut
2633 1005 2996 1060 habitatione
3026 1003 3326 1076 praeclara.
3357 1004 3492 1059 Per.

2481 1111 2688 1150 ORATIO
2727 1112 2866 1150 POST
2901 1111 3168 1150 VELATUM
3207 1111 3448 1149 ALTABE.

2205 1185 2528 1240 Descendat
2557 1201 2898 1256 quaesumus
2930 1183 3175 1238 Domine
3196 1183 3354 1238 Deus
3376 1185 3588 1238 noster
3621 1182 3779 1252 Spiri-

2131 1277 2230 1328 tus
2259 1277 2497 1328 sanctus
2526 1276 2666 1328 tuus
2695 1289 2874 1344 super
2901 1273 3010 1328 hoc
3039 1271 3242 1336 altare,
3265 1271 3366 1343 qui
3387 1275 3448 1328 et
3481 1271 3686 1342 pepuli
3713 1275 3777 1324 iui

2133 1363 2288 1420 dona
2338 1362 2663 1419 sanctiﬁcet
2717 1366 2776 1418 et
2822 1361 3188 1418 sumentium
3246 1359 3424 1418 corda
3484 1359 3782 1432 dignanter

2133 1451 2431 1508 emundet.
2466 1451 2590 1508 Per.

2793 1557 2868 1595 AD
2908 1556 3133 1598 MISBAS.

2203 1630 2358 1686 Deus
2387 1629 2490 1702 qui
2519 1628 2894 1686 invisibiliter
2921 1627 3120 1685 omnia
3167 1627 3460 1693 contines,
3494 1632 3614 1684 etc.
3657 1639 3714 1682 ut
3739 1629 3782 1682 in

2129 1721 2346 1775 missati
2377 1721 2526 1776 Rom.

369 1807 630 1912 suevisti,
659 1809 740 1864 ita
769 1813 827 1912 et
857 1809 1074 1865 famulo
1124 1813 1224 1912 tuo
1245 1807 1356 1912 “ill.
1384 1809 1696 1912 praesentis
1735 1808 2020 1881 temporis
2053 1839 2102 1912 Β
2200 1811 2342 1864 Alia.
2371 1810 2537 1912 Deus
2560 1809 2660 1881 qui
2693 1808 3116 1908 secundorum
3144 1806 3251 1864 tibi
3272 1813 3486 1912 auctor
3505 1824 3574 1864 es
3597 1823 3776 1862 mune-

277 1962 281 1966 _
368 1897 606 1954 uberius
635 1902 738 1954 tua
767 1899 921 1955 dona
942 1899 1211 1955 concede.
1245 1899 1356 1956 Per
1383 1899 1555 1954 Dnm.

721 2005 926 2044 ORATIO
966 2006 1073 2044 PRO
1113 2005 1284 2044 PESTE
1321 2005 1672 2044 ANIMALIUM.

436 2075 591 2132 Deus
638 2077 738 2150 qui
785 2077 1090 2134 laboribus
1142 2078 1451 2135 hominum
1492 2078 1667 2133 etiam
1699 2077 2020 2134 deminutis

365 2165 722 2222 animalibus
740 2167 948 2224 solatia
970 2167 1625 2242 subrogasti,supplices
1639 2171 1696 2222 te
1719 2183 2019 2239 rogamus,

367 2257 432 2310 ut
462 2256 587 2312 sine
617 2256 833 2327 quibus
865 2275 979 2312 non
1013 2256 1264 2313 habetur
1284 2257 1431 2330 (153)
1457 2257 1719 2312 humana
1741 2257 2016 2325 conditio,

367 2344 584 2400 nostris
613 2345 792 2400 facias
823 2345 1032 2401 usibus
1065 2363 1180 2401 non
1213 2346 1421 2417 perire.
1457 2346 1580 2401 Per.

809 2451 1015 2490 ORATIO
1055 2453 1126 2490 DE
1163 2452 1570 2489 MOR'I‘ALI'I‘ATE.

437 2521 590 2576 Deus
621 2522 722 2594 qui
755 2538 870 2576 non
895 2527 1144 2577 mortem
1166 2523 1266 2578 sed
1292 2523 1693 2594 pmnitentiam
1720 2523 2018 2579 desideras
2065 2576 2070 2582 .

367 2613 762 2682 peccatorum,
789 2610 1077 2682 populum
1108 2615 1276 2665 tuum
1310 2629 1653 2683 quaesumus
1686 2613 1756 2668 ad
1789 2617 1844 2668 te
1875 2629 2017 2668 con-

363 2703 520 2753 verte
549 2699 696 2768 (154)
727 2700 1038 2772 propitius,
1065 2705 1130 2755 ut
1161 2701 1300 2755 dum
1334 2700 1436 2756 tibi
1471 2701 1712 2757 devotus
1743 2701 2014 2769 extiterit,

363 2787 679 2844 iracundiae
713 2792 822 2844 tua:
869 2789 940 2846 ab
991 2807 1058 2845 co
1108 2789 1337 2862 ﬂagella
1385 2805 1676 2846 amoveas.
1713 2790 1834 2846 Per.
1871 2791 2013 2846 Alia.

368 2875 655 2948 Populum
687 2881 856 2933 tuum
888 2894 1230 2950 quaesumus
1261 2878 1632 2951 omnipotens
1662 2881 1816 2936 Deus
1837 2880 1908 2934 ab
1933 2879 2018 2934 ira

363 2969 466 3020 tua
495 2965 564 3020 ad
596 2971 653 3021 te
683 2966 1111 3039 confugientcm
1154 2972 1396 3040 paterna
1445 2967 1633 3040 recipe
1688 2969 1920 3040 pietate,
1953 2973 2018 3024 ut

363 3053 466 3125 qui
495 3058 606 3109 tua;
637 3056 966 3128 majestatis
999 3055 1228 3130 ﬂagella
1276 3055 1612 3126 formidant,
1646 3057 1715 3113 dc
1762 3061 1864 3112 tua
1893 3073 2014 3112 me-

363 3147 604 3198 reantur
631 3144 800 3201 venia
831 3144 1032 3200 laetari.
1068 3147 1175 3201 Per
1199 3147 1372 3201 Dum.

615 3259 816 3298 ORATIO
855 3261 1085 3306 QUANDO
1125 3261 1422 3300 LEVANTUR
1461 3259 1762 3307 RELIQUhE.

890 3315 989 3388 (Em
1019 3316 1222 3372 eodem
1254 3316 1498 3384 codice.)

437 3411 614 3467 Aufer
635 3429 671 3468 a
692 3412 862 3469 nobis
893 3429 1236 3486 quaesumus
1270 3413 1507 3471 nomine
1536 3413 1878 3487 iniquitates
1911 3430 2014 3468 no-

2131 1916 2284 1954 rum.
2316 1900 2461 1954 Alia.
2497 1899 2651 1954 Deus
2685 1899 2784 1970 qui
2817 1915 2886 1953 ex
2915 1898 3074 1952 omni
3106 1896 3501 1970 coaptatione.

2201 1987 2434 2044 Secreta.
2469 1987 2854 2061 Omnipotens
2883 1987 3240 2060 sempiterna
3270 1987 3448 2053 Deus,
3476 1987 3665 2042 altare
3693 2003 3778 2041 no-

2131 2077 2276 2134 mini
2307 2081 2407 2134 tuo
2441 2077 2720 2144 dicatum,
2747 2082 2856 2133 etc.

2170 2153 2486 2237 'Prazfatio.
2518 2165 2635 2220 γι).
2669 2169 2727 2221 et
2747 2167 2980 2236 justum
3014 2169 3104 2221 est
3133 2181 3368 2236 aequum
3412 2168 3470 2220 et
3515 2163 3769 2226 salutare,

2131 2271 2238 2311 nos
2268 2255 2372 2310 tibi
2405 2271 2635 2326 semper
2663 2260 2721 2310 et
2752 2255 2968 2326 ubique
3017 2253 3237 2326 gratias
3286 2271 3482 2326 agere.
3519 2255 3647 2309 Due
3686 2269 3772 2307 sne

2127 2344 2300 2401 Pater
2329 2345 2700 2416 omnipotens
2731 2349 2944 2400 aeterne
2974 2344 3126 2400 Deus
3179 2360 3285 2415 per
3331 2343 3641 2398 Christum
3673 2343 3770 2397 Do-

2129 2435 2358 2490 minum
2414 2439 2704 2493 nostrum.
2759 2433 2866 2489 Per
2911 2449 3087 2504 quem
3135 2438 3192 2488 te
3240 2431 3542 2504 supplices
3593 2433 3770 2502 depre-

2128 2541 2354 2590 camur,
2384 2527 2452 2578 ut
2483 2523 2662 2580 altare
2702 2522 2812 2578 hoc
2861 2523 3083 2578 sanctis
3129 2521 3342 2577 usibus
3391 2527 3767 2594 praeparatum

2129 2611 2345 2668 caelesti
2405 2611 2768 2668 dedicatione
2825 2610 3174 2676 sanctifices,
3213 2615 3280 2664 ut
3333 2609 3488 2666 sicut
3547 2608 3769 2665 Melchi-

2128 2701 2339 2758 sedech
2372 2701 2688 2756 sacerdotis
2722 2700 2996 2772 praecipui
3041 2699 3398 2756 oblationem
3447 2699 3768 2770 dignatione

2129 2790 2386 2848 mirabili
2433 2789 2767 2862 suscepisti,
2795 2788 2878 2844 ita
2920 2789 3197 2860 imposita
3239 2805 3389 2844 novo
3433 2787 3574 2843 huic
3621 2787 3767 2842 altari

2127 2897 2374 2942 munera
2424 2896 2654 2952 semper
2683 2882 2921 2950 accepta
2969 2879 3116 2934 ferre
3161 2876 3460 2949 digneris;
3489 2881 3560 2932 ut
3605 2893 3766 2949 popu-

2126 2968 2240 3034 lus,
2273 2969 2374 3040 qui
2429 2968 2579 3024 hanc
2640 2968 2698 3023 in
2747 2965 3006 3023 ecclesiae
3057 2967 3300 3022 domum
3345 2971 3617 3022 sanctam
3647 2981 3762 3019 cum

2123 3057 2300 3124 venit,
2357 3075 2460 3129 per
2516 3057 2636 3112 haec
2691 3055 2977 3110 libamina
3047 3053 3267 3111 caelesti
3325 3054 3765 3111 sanctiﬁcatiene

2126 3145 2422 3213 salvatus,
2473 3147 2808 3202 animarum
2895 3162 3128 3216 quoque
3207 3160 3450 3200 suarum
3532 3142 3758 3198 salutem

2045 3210 2087 3276 Ο
2127 3210 2470 3307 perpetuam
2548 3210 3144 3306 consequentum-Ad
3220 3235 3377 3290 Com.
3436 3232 3760 3296 Quaesumus

2123 3324 2388 3392 Domine,
2450 3329 2514 3380 ut
2578 3324 2688 3380 hoc
2770 3323 2830 3378 in
2907 3322 3055 3390 loco,
3125 3340 3304 3396 quem
3369 3320 3596 3377 nomini
3655 3324 3754 3376 tuo.

2125 3417 2232 3474 etc.

727 3759 1033 3872 OllDO
1101 3759 1654 3890 QUOMODO
1723 3757 2271 3876 ECGLESIA
2339 3762 2786 3872 DEBEAT
2855 3759 3408 3927 DliDltlAlll

1529 3985 1661 4066 (Ea:
1689 3984 1816 4048 cod.
1859 3985 2164 4048 Turicensi
2187 4003 2318 4048 saec.
2351 4002 2412 4050 1x
2443 3985 2616 4068 circ.)

1855 4169 2254 4184 *

431 4315 700 4371 Primitus
729 4315 1200 4387 enim,antequam
1223 4318 1481 4388 Ponti/ea:
1509 4317 1743 4374 introeat
1762 4319 1818 4373 in
1845 4318 2014 4376 eccle-
2045 4320 2091 4384 D
2122 4326 2306 4374 menta
2334 4334 2504 4390 usque
2531 4319 2723 4374 dicunt
2749 4321 2950 4390 Agnus
2979 4315 3078 4372 Dei
3111 4317 3214 4388 qui
3245 4315 3407 4372 tollis
3439 4318 3676 4389 peccata,
3703 4318 3749 4365 ut

359 4405 521 4468 siam,
546 4405 966 4460 intuminanlur
991 4406 1098 4460 XII.
1122 4405 1374 4463 candela:
1401 4423 1500 4478 per
1525 4408 1820 4462 circuitum
1848 4407 2015 4462 eccle-

361 4495 484 4559 siae,
517 4502 568 4550 et
595 4494 832 4550 induunt
853 4511 908 4550 se
936 4497 1270 4552 vestimentis
1300 4498 1496 4564 sacris,
1531 4503 1582 4552 et
1608 4513 1732 4551 cum
1771 4497 2018 4551 venerint

361 4581 431 4638 ad
462 4583 700 4638 hostium
723 4584 967 4641 ecclesia?
995 4587 1300 4647 percutiens
1330 4593 1536 4640 terram
1563 4601 1727 4656 super
1755 4585 2016 4640 liminare

360 4670 426 4727 de
451 4672 703 4728 cambuta
725 4690 826 4728 sua
845 4673 978 4729 dicit
997 4674 1354 4746 antiphonam
1373 4695 1393 4740 ;
1414 4671 1624 4729 Tollite
1641 4676 1838 4744 portas
1860 4672 2014 4744 prin-

361 4760 522 4832 cipes
548 4766 790 4832 vestras,
813 4766 870 4817 et
895 4761 1202 4818 elevamini
1235 4766 1412 4834 portae
1443 4760 1764 4816 mternales.
1788 4766 1880 4816 Ps.
1903 4759 2012 4814 Dni

363 4852 452 4903 est
479 4855 652 4904 term.
673 4851 892 4906 Canunt
922 4853 1102 4923 ipsum
1117 4853 1391 4923 psalmum
1418 4858 1589 4906 totum
1607 4857 1734 4904 ante
1752 4839 2010 4917 hostium,

362 4945 622 5008 etaperto
651 4938 824 4994 hostio
856 4941 1123 4995 intrantes
1165 4941 1356 4996 dicunt
1386 4958 1404 4994 :
1437 4939 1552 4994 Pax
1600 4938 1737 4994 huic
1786 4937 2010 4993 domui.

363 5026 564 5080 Deinde
592 5028 786 5097 incipit
813 5029 990 5084 clerus
1011 5032 1383 5096 Letaniam,et
1410 5045 1534 5083 cum
1565 5028 1810 5084 venerint
1831 5025 2016 5082 Sacer-

361 5113 510 5170 dotes
542 5116 622 5170 vet
643 5117 846 5173 Levita:
864 5125 990 5173 ante
1020 5119 1571 5191 altare,prosternunt
1590 5133 1648 5172 se
1675 5132 1839 5188 super
1867 5122 2012 5170 stra-

438 5265 584 5338 (153)
617 5266 940 5338 Pontiﬁcaie
969 5268 1116 5322 Rom.
1150 5267 1348 5324 alitur.

617 5335 761 5416 idem
781 5335 808 5392 ’τ
839 5339 922 5393 Ad
955 5343 1018 5416 te,
1041 5345 1423 5416 revertentem
1447 5337 2010 5416 propitiusrespice.

437 5357 583 5406 una)
617 5357 761 5392 mem
791 5357 808 5392 :
839 5357 922 5393 Ad
955 5357 1010 5392 te
1041 5357 1423 5410 revertentem
1447 5357 1738 5465 propitius
1766 5357 2010 5410 respice.

437 5409 584 5482 (155)
617 5410 750 5474 Qum
773 5415 1102 5482 sequuntur
1124 5412 1331 5481 partim
1359 5411 1418 5465 iu
1490 5409 2010 5482 ontilicali,partim

365 5480 422 5535 in
446 5480 680 5535 'inissali
718 5480 868 5536 Rom.
899 5480 1197 5553 leguntUr.

435 5553 680 5626 (mtiliti
702 5559 802 5626 cst
831 5551 1327 5626 alphabetum,rut
1357 5553 1510 5623 apud
1563 5554 1731 5626 Mart.
1765 5555 1831 5626 (ιτ
1857 5552 1903 5626 ll
1937 5551 2013 5606 Dc

367 5623 802 5695 antiqucclcs.
835 5623 954 5695 rit.,
988 5624 1025 5680 l.
1060 5641 1122 5682 ιι.
1146 5640 1196 5680 c.
1231 5625 1316 5692 13,
1352 5641 1408 5696 p.
1443 5641 1522 5680 m.
1557 5625 1702 5694 726),
1737 5623 1834 5678 ubi
1866 5623 2012 5678 inte-

2126 4415 2308 4463 autem
2327 4410 2672 4464 surrexerint
2699 4408 2768 4462 ab
2797 4408 3059 4472 oratione,
3096 4421 3203 4461 non
3234 4407 3370 4462 a'icit
3391 4407 3639 4474 Pontifex
3660 4402 3748 4457 Do-

2127 4495 2324 4552 minus
2371 4496 2694 4563 vobiscum,
2727 4497 2824 4552 sed
2873 4504 3089 4552 tantum
3117 4495 3390 4561 Oremus,
3420 4505 3476 4551 et
3515 4496 3748 4550 Diam”

2122 4585 2454 4642 Flectamus
2485 4603 2696 4658 genua,
2718 4595 2769 4643 et
2795 4594 3082 4658 postquam
3109 4589 3394 4641 creverint
3420 4584 3556 4640 dicit
3572 4602 3590 4639 :
3612 4584 3749 4638 Leva-

2124 4677 2197 4742 ιθ,
2219 4683 2271 4730 ct
2298 4676 2548 4748 sequitur
2575 4677 2751 4731 oratio
2777 4694 2797 4730 .·
2830 4673 3202 4746 Magniﬁcam
3233 4674 3356 4730 Dne
3397 4677 3552 4730 Deus
3586 4673 3748 4726 πνείει·

2123 4762 2182 4816 in
2206 4762 2428 4818 sanctis
2449 4762 2651 4830 tuis,et
2670 4763 2854 4818 hocin
2876 4762 3095 4836 templo
3116 4761 3522 4818 aediﬁcationis
3543 4772 3745 4834 appara,

2123 4855 2188 4904 ut
2207 4851 2310 4922 qui
2329 4851 2528 4906 omnia
2546 4850 2605 4905 in
2629 4851 2766 4908 ﬁliis
2795 4850 3126 4924 adeptionis
3154 4851 3440 4924 operaris,
3465 4850 3589 4922 ipse
3620 4861 3744 4904 sem-

2123 4955 2227 5011 per
2255 4939 2312 4994 in
2346 4944 2450 4994 tua
2479 4939 2817 4996 haereditate
2863 4940 3142 5006 lauderis,
3176 4955 3298 5012 per.
3333 4939 3542 4996 Deinde
3587 4933 3748 5005 incipit

2120 5031 2372 5100 pontifex
2417 5029 2483 5084 de
2528 5031 2754 5086 sinistro
2785 5029 2989 5098 angulo
3042 5029 3111 5085 ab
3154 5029 3365 5084 oriente
3391 5029 3634 5083 scribens
3667 5036 3746 5094 per

2119 5120 2489 5189 pavimentum
2517 5135 2642 5174 cum
2669 5120 2908 5176 cambita
2933 5135 3036 5182 sua
3063 5136 3086 5173 :
3115 5135 3170 5174 a.
3203 5117 3254 5172 ὁ.
3287 5133 3337 5172 c.
3366 5114 3598 5172 diu-ium
3628 5111 3742 5184 (156,

2123 5285 2295 5341 grum
2321 5269 2648 5342 exhibetur,
2683 5269 2944 5342 antiquis
2973 5267 3187 5342 litteris
3207 5267 3428 5342 Graecis
3457 5268 3742 5342 exaratum.

2123 5339 2373 5418 quarum
2406 5340 2679 5418 quaelibet
2709 5342 2768 5418 in
2800 5339 3010 5418 vertice
3037 5339 3533 5418 geritascriptnm
3557 5339 3745 5418 quani—1'

2123 5400 2302 5466 tatem
2338 5400 2698 5468 nuinericam
2746 5413 2786 5481 1,
2823 5413 2890 5474 II.
2926 5400 3110 5478 ωλι
3161 5411 3248 5466 sic
3293 5400 3592 5482 deinceps:
3625 5400 3740 5482 conf.

2124 5482 2330 5552 pontit'.
2366 5483 2430 5538 Π.
2467 5485 2538 5538 de
2565 5484 2822 5540 Dedicat.
2859 5483 3008 5539 Eccl.
3045 5482 3142 5540 ubi
3172 5483 3230 5536 iu
3287 5481 3569 5552 formam“
3591 5481 3743 5552 crucis

2123 5549 2386 5634 Graecum
2419 5553 2530 5610 sim
2543 5554 2597 5610 ul
2632 5571 2697 5610 ac
2729 5555 3002 5612 Latinum
3036 5553 3416 5625 alphabetum
3442 5549 3746 5620 seribiprc-

2123 5630 2358 5696 cipitur.
