3892 6212
59 381 220 446 10ιῖ

1097 381 1308 445 ORDO
1352 381 1454 444 DE
1499 379 2028 443 DEDICA'l‘ION'E
2072 379 2490 446 ECGIESUE.

3334 369 3492 444 4018

55 529 232 588 usque
263 515 327 571 in
375 513 572 572 dextro
624 513 827 586 angulo
875 515 1194 584 orientalis;
1225 516 1492 588 incipiens
1530 517 1730 572 iterum
1764 517 1806 582 Α
1845 531 1975 571 casa
2001 530 2161 572 sacra
2189 531 2526 591 quacunque
2571 517 2642 574 ad
2688 517 2899 574 cultum
2949 518 3052 575 Dei
3095 516 3166 574 ad
3206 519 3486 576 ecclesiam

55 605 324 662 similiter
351 604 426 660 de
457 604 646 661 deatro
675 605 962 661 orientalis
990 622 1051 662 a.
1087 605 1136 662 b.
1159 621 1204 661 e.
1237 605 1463 662 durium
1491 608 1733 663 scribens

56 711 226 766 usque
255 695 318 749 in
347 695 584 750 sinistro
616 695 819 765 angulo
845 694 1101 753 basilicae
1125 695 1493 752 occidentalis.
1522 695 1735 752 Deinde

53 786 276 841 veniens
307 791 448 840 ante
481 784 654 840 altare
681 784 854 840 dicit:
875 785 1030 840 Deus
1053 785 1112 839 in
1145 785 1504 856 adjutorium
1537 802 1731 840 meum

56 871 316 938 intende,
351 887 489 926 cum
517 870 710 926 Gloria
740 871 942 943 absque
986 871 1242 928 alleluia.
1276 873 1412 929 Inde
1466 874 1732 929 benedicit

51 962 221 1015 salem
247 967 305 1014 et
335 976 548 1031 aquam
575 976 700 1015 cum
728 961 908 1016 cinere
939 963 1131 1029 mixto,
1155 970 1204 1017 ct
1232 961 1368 1018 dicit
1415 964 1556 1018 hanc
1599 980 1729 1018 ora-

50 1051 250 1105 tionem
280 1066 301 1104 :
334 1048 524 1115 Deus,
549 1049 649 1114 qui
681 1049 754 1104 ad
787 1049 1037 1106 salutem
1069 1050 1312 1106 humani
1346 1053 1729 1125 generis,ma-

53 1139 330 1210 ximaque
363 1142 744 1194 sacramenta
773 1138 831 1193 in
864 1156 1150 1210 aquarum
1184 1141 1514 1196 substantia
1536 1143 1730 1198 condi-

57 1226 214 1282 disti.
246 1231 363 1282 etc.
393 1231 524 1299 Ipsa
551 1229 765 1298 expleta
797 1230 992 1299 incipit
1021 1230 1234 1301 antiph.
1261 1231 1514 1286 Introibo
1547 1231 1617 1286 ad
1650 1231 1731 1288 al-

56 1320 178 1371 tare
201 1315 335 1382 Dei;
371 1317 450 1372 ad
486 1321 670 1372 Deum
701 1316 801 1388 qui
827 1317 1082 1374 lmtiﬁcat
1101 1319 1474 1389 juventutem
1511 1337 1724 1376 meam.

59 1406 146 1459 Ps.
176 1403 396 1460 Judica
430 1422 526 1461 me
557 1411 729 1463 Deus.
761 1409 886 1478 Ipsa
913 1407 1154 1464 canendo
1185 1425 1312 1464 cum
1356 1411 1471 1480 ipso
1517 1411 1727 1481 psalmo

67 1493 216 1549 vadit
255 1506 389 1550 ante
441 1495 638 1563 altare,
672 1503 726 1552 et
764 1495 974 1569 fundit,
1009 1497 1149 1568 quod
1201 1499 1465 1554 remansit
1510 1498 1575 1554 de
1605 1501 1727 1570 ipsa

74 1599 216 1654 aqua
246 1583 320 1638 ad
353 1583 548 1640 basem
573 1585 794 1651 altaris,
823 1594 874 1642 et
901 1589 1204 1658 extergitur
1231 1588 1406 1643 altare
1433 1587 1499 1643 de
1527 1589 1728 1654 linteo;

66 1681 248 1742 postea
281 1674 574 1730 incensum
604 1675 846 1746 offert,et
869 1677 1045 1732 mittit
1069 1677 1247 1733 oleum
1275 1693 1438 1749 super
1461 1679 1637 1734 altare
1667 1679 1726 1732 in

60 1761 236 1817 medio
263 1779 492 1818 crucem
517 1765 804 1835 facions,et
833 1781 998 1836 super
1016 1775 1252 1838 quatuor
1269 1767 1500 1838 angulos
1530 1768 1726 1823 altaris

1838 607 2114 677 pertinere
2141 606 2424 675 debentur,
2460 607 2725 664 benedicit
2754 609 3010 680 Pontifex
3039 609 3127 664 his
3156 611 3352 666 verbis.

2196 739 2484 780 ramento
2523 725 2673 795 (160)
2714 742 3134 781 LINTEAMINUM.

1915 844 2034 894 Dne
2065 843 2216 894 Deus
2247 838 2636 912 omnipotens,
2669 841 2819 895 sicut
2847 841 2921 922 ab
2955 841 3120 898 initio
3151 841 3492 898 hominibus

1839 927 2008 984 utilia
2032 934 2087 984 et
2119 929 2448 984 necessaria
2478 930 2705 996 creasti,
2725 936 2784 985 et
2813 948 2938 1002 quae
2973 932 3043 986 ad
3076 933 3316 986 modum
3341 932 3491 1003 (164)

1837 1017 2188 1074 vestimenta
2207 1018 2584 1092 pontiﬁcialia
2604 1020 3006 1076 sacerdotibus
3035 1025 3090 1076 et.
3111 1020 3215 1077 levi
3225 1022 3300 1078 tis
3321 1039 3491 1078 orna-

1842 1111 2157 1180 mentaque
2186 1114 2243 1164 et
2273 1107 2615 1166 linteamina
2647 1110 2768 1164 ﬁeri
2802 1108 3022 1165 famulo
3051 1113 3153 1166 tuo
3185 1111 3364 1184 Moysi
3391 1128 3494 1183 per

1839 1197 2226 1268 quadraginta
2257 1198 2381 1254 dies
2412 1198 2682 1264 docuisti,
2707 1198 2826 1254 sive
2859 1197 3032 1253 etiam
3065 1216 3286 1271 ea,quas
3310 1200 3494 1256 Maria

1838 1285 1976 1342 texit
2006 1291 2062 1342 ot
2091 1286 2224 1342 fecit
2257 1287 2314 1341 in
2349 1305 2522 1342 usum
2557 1287 2864 1343 ministerii
2911 1287 3268 1344 tabernaculi
3315 1289 3492 1343 {cede-

1837 1374 1937 1442 ris,
1971 1376 2334 1432 sanctiticare
2366 1377 2512 1449 (162)
2558 1393 3010 1450 consecrareque
3061 1376 3322 1450 digneris
3371 1377 3492 1434 haec

1836 1464 2183 1520 linteamina
2211 1465 2269 1520 in
2305 1483 2480 1522 usum
2513 1465 2714 1522 altaris
2745 1466 2939 1534 tui,ad
2973 1467 3288 1538 tegendum
3311 1465 3489 1522 invol-

1835 1555 2210 1627 vcndumque
2241 1573 2450 1627 corpus
2472 1560 2528 1609 et
2559 1556 2907 1628 sanguinem
2930 1555 3030 1609 ﬁlii
3062 1555 3148 1610 tui
3173 1556 3276 1610 Dni
3301 1555 3488 1614 noctri

1833 1643 1974 1699 Jcsu
2001 1643 2240 1711 Christi,
2261 1644 2360 1716 qui
2392 1643 2530 1698 vivit
2561 1649 2618 1700 et
2649 1647 2852 1716 regnat
2885 1648 3034 1700 Deus
3067 1644 3127 1699 in
3159 1644 3372 1700 saecula
3394 1661 3494 1700 saa-

1835 1731 2124 1790 culorum.
2157 1734 2365 1789 Amen.

70 1865 190 1904 cum
217 1852 530 1922 antiphona
559 1852 800 1908 canendo
830 1871 852 1908 :
880 1852 1072 1908 Erexit
1099 1854 1315 1910 Jacobo
1356 1854 1611 1926 lapidem
1665 1856 1720 1910 in
1758 1889 1804 1956 Β
1873 1873 2008 1912 ιτΕΜ
2048 1874 2490 1914 ΒΕΝΕΟΙΟἸΊΟΝΕΒ
2529 1875 2600 1913 ΑΙ)
2640 1875 2822 1914 omnm
2863 1877 2921 1914 m
2961 1875 3126 1915 usus!
3166 1875 3450 1915 BASll.lC£.

61 1937 596 2004 titulum,l‘undens
627 1940 822 1997 oleum
853 1942 1124 2015 desuper.
1155 1945 1244 1998 Ps.
1281 1945 1466 2010 Quam
1489 1945 1722 2001 dilecta.

67 2034 256 2095 totum;
285 2037 338 2084 et
367 2037 586 2098 anguet
611 2047 740 2086 eum
769 2048 938 2087 manu
965 2049 1068 2087 sua
1115 2033 1306 2106 lapide
1349 2035 1488 2104 ipso,
1521 2051 1732 2106 semper

67 2117 346 2172 incensum
377 2119 438 2173 in
477 2120 714 2176 circuitu
745 2121 920 2191 ipsius
949 2121 1154 2177 altaris
1183 2123 1331 2178 ali-us
1357 2123 1606 2179 sacerdos
1635 2125 1730 2198 fa-

71 2205 335 2262 ciendum.
367 2209 505 2264 Post
527 2209 740 2280 empleto
765 2209 980 2280 psalmo
1007 2212 1178 2266 mittit
1208 2213 1406 2268 iterum
1435 2211 1616 2268 oleum
1650 2213 1729 2268 si-

73 2295 270 2351 militer
293 2298 442 2352 sicut
461 2300 623 2368 prius
651 2299 893 2356 canendo
915 2302 1125 2372 antipb.
1150 2301 1538 2357 Sanctiﬁcavit
1573 2307 1730 2357 Dnus

77 2383 516 2444 tabernaculum
550 2403 726 2446 suum
757 2393 816 2444 et
846 2389 1100 2444 ﬁrmavit
1126 2405 1254 2445 eam
1289 2406 1466 2462 super
1497 2391 1755 2447 ﬁrmam-

81 2475 318 2543 petram.
348 2476 445 2532 Ps.
483 2481 636 2532 Deus
668 2481 883 2534 noster.
917 2479 1035 2550 Ipso
1075 2479 1284 2550 psalmo
1312 2480 1523 2550 expleto
1565 2483 1733 2538 mittit

81 2561 324 2631 chrysma
349 2565 621 2620 similiter
649 2566 886 2622 canendo
936 2575 1049 2622 ant.
1081 2568 1224 2622 Ecce
1266 2567 1410 2622 odor
1461 2567 1565 2624 ﬁlii
1616 2571 1728 2626 mei

83 2648 224 2706 sicut
252 2652 398 2708 odor
427 2653 555 2725 agri
588 2652 764 2726 pleni,
799 2671 970 2727 quem
1025 2655 1325 2729 benedixit
1368 2659 1524 2714 Dnus
1559 2663 1728 2714 Deus.

85 2741 167 2795 Ps.
203 2740 616 2800 Fundamenta
666 2744 814 2815 ejus.
848 2743 1056 2800 Deinde
1099 2746 1158 2800 in
1209 2747 1450 2802 circuitu
1489 2749 1734 2805 eccls‘siee

81 2842 172 2896 per
192 2832 430 2899 parietes
459 2831 527 2888 de
558 2831 748 2889 dextro
777 2835 838 2888 in
867 2835 1093 2890 sinistro
1120 2836 1330 2905 faciens
1357 2851 1574 2891 crucem
1608 2853 1734 2892 cum

82 2915 264 2984 pollice
288 2919 355 2976 de
381 2920 644 2991 chrysma
674 2923 827 2992 ipsa;
859 2921 985 2976 inde
1011 2923 1220 2992 faciens
1261 2939 1478 2979 crucem
1523 2926 1736 2980 incensi

85 3020 234 3076 super
259 3007 447 3066 altwe
460 3030 482 3077 ;
506 3009 636 3066 inde
661 3011 842 3066 dicit:
875 3011 1150 3078 Oremus;
1183 3019 1237 3067 et
1261 3013 1525 3069 diaconus
1551 3021 1614 3070 ut
1637 3031 1733 3069 su-

83 3107 176 3162 pra
202 3095 334 3154 dicit
357 3099 508 3154 hanc
537 3101 840 3156 orationem
865 3115 1032 3170 super
1049 3101 1227 3156 altare
1247 3119 1266 3157 :
1286 3101 1384 3156 Dei
1407 3102 1594 3158 Patris
1615 3120 1735 3158 om-

88 3181 391 3254 nipotentis
421 3187 912 3254 misericordiam,
955 3187 1322 3245 dilectissimi
1368 3190 1597 3258 fratres,
1631 3191 1730 3247 de-

88 3284 396 3343 precemur,
425 3281 492 3331 ut
522 3275 630 3332 hoc
661 3276 840 3333 altare
870 3276 1171 3333 sacriﬁciis
1201 3277 1483 3350 spiritalis
1532 3297 1730 3336 conse—
1759 3260 1802 3327 Ο

90 3361 356 3420 crandum
388 3365 552 3422 vocis
585 3371 796 3422 nostra
840 3367 1168 3422 exorandus
1218 3367 1409 3423 ol'ﬁcio
1459 3370 1729 3440 praesenti

88 3445 478 3510 benedictione
509 3454 928 3522 sanctiﬁcet,ut
955 3454 1016 3512 in
1049 3472 1115 3512 eo
1145 3472 1380 3529 semper
1407 3457 1730 3514 oblationes

91 3533 431 3598 famulorum
451 3557 698 3598 suorum
720 3543 914 3599 studio
937 3559 1056 3600 suae
1077 3543 1401 3600 devotionis
1423 3544 1731 3617 impositas

89 3620 416 3686 benedicere
449 3634 506 3685 et
532 3631 898 3687 sanctiﬁcare
927 3632 1220 3705 dignetur,
1235 3637 1293 3689 et
1321 3633 1585 3706 spiritale
1613 3633 1733 3705 pla-

91 3716 241 3771 catus
269 3715 583 3776 incensum
613 3719 760 3792 (457)
795 3719 1028 3777 familias
1075 3726 1386 3794 promptus
1428 3721 1732 3780 exauditor

89 3801 302 3874 existat,
361 3825 488 3880 per.
547 3808 750 3868 Iterum
802 3809 934 3866 dicit
999 3809 1294 3868 Oremus:
1329 3814 1614 3869 Diaconus
1667 3820 1730 3870 ut

93 3905 265 3962 supra.

469 4021 754 4068 ssourrur.
783 4021 1135 4086 sesumam.
1165 4007 1334 4078 (158).

155 4105 296 4162 Deus
321 4109 718 4182 omnipotens,
749 4111 811 4166 in
841 4112 1012 4184 cujus
1056 4111 1334 4169 honorem
1390 4113 1571 4170 altare
1617 4116 1727 4170 sub

93 4187 436 4256 invocatione
469 4199 617 4274 (159)
648 4200 733 4254 tui
765 4217 1199 4272 consecremus,
1225 4201 1479 4259 clemens
1508 4207 1566 4258 et
1596 4221 1726 4276 pro-

95 4276 259 4348 pitius
289 4302 492 4358 preces
525 4294 737 4344 nostrae
770 4288 1122 4346 humilitatis
1155 4290 1386 4357 exaudi,
1406 4295 1464 4347 et
1494 4297 1724 4366 prmsta,

95 4371 154 4422 ut
179 4369 232 4425 in
259 4371 408 4432 hanc
439 4393 708 4434 mensam
739 4375 860 4433 sint
887 4377 992 4433 tibi
1023 4372 1306 4434 libamina
1335 4383 1590 4452 accepta,
1611 4381 1729 4437 sint

96 4463 264 4528 grata,
296 4464 414 4520 sint
445 4465 706 4539 pinguia,
740 4471 805 4523 ut
834 4467 1090 4540 Spiritus
1129 4467 1312 4524 sancti
1365 4467 1449 4522 tui
1499 4485 1731 4542 semper

97 4557 210 4601 ιότθ
231 4549 492 4624 perfusa;
526 4560 593 4610 ut
622 4553 780 4611 omni
815 4561 1076 4628 tempore
1117 4555 1176 4610 in
1207 4555 1314 4610 hoc
1360 4553 1484 4612 loco
1509 4557 1730 4631 suppli-

97 4637 266 4692 cantis
292 4640 398 4698 tibi
428 4641 662 4700 familiae
689 4648 803 4700 tum
832 4643 1150 4700 anxietates
1173 4643 1412 4710 releves,
1440 4629 1732 4720 aegritudi-
1762 4629 1808 4693 Π

99 4734 190 4776 nes
213 4741 394 4798 cures,
411 4748 610 4804 preces
641 4732 1087 4801 exaudias,vota
1117 4732 1425 4806 suscipias,
1441 4733 1731 4791 desideria

98 4811 410 4886 conﬁrmes,
433 4817 729 4891 postulata
759 4819 1064 4889 concedas,
1085 4837 1188 4893 per
1216 4824 1384 4876 Dum.
1409 4822 1610 4878 Deinde
1637 4823 1730 4880 di-

100 4895 166 4950 cit
185 4905 530 4975 antiphonam
561 4927 580 4962 :
609 4906 904 4964 Conﬁrma
933 4908 1044 4964 hoc
1077 4913 1152 4964 De
1171 4926 1179 4936 '
1199 4898 1411 4982 etquod
1456 4917 1730 4984 Operatus

100 4996 155 5036 es
183 4986 236 5042 in
265 4995 430 5052 nobis
461 5011 495 5050 θ.
521 4996 742 5068 templo
765 5001 966 5052 sancto
997 4999 1290 5070 tuo,quod
1323 5003 1413 5054 est
1441 4998 1500 5054 in
1533 4999 1730 5055 Hieru-

103 5071 287 5133 salem.
317 5098 440 5139 cum
467 5084 670 5157 gloria.
703 5085 908 5142 Deinde
931 5095 1165 5144 tenentes
1211 5087 1466 5144 Subdiac.
1500 5090 1582 5145 vel
1630 5089 1726 5146 Ac-

100 5162 239 5220 coliti
262 5168 601 5242 linteamina,
628 5174 712 5230 vel
757 5177 943 5232 omnia
981 5169 1301 5232 ornamenta
1346 5178 1603 5246 ecclesiae,
1635 5194 1730 5235 seu

165 5305 560 5392 U5?)_In_0rd.
595 5315 688 5384 1X,
730 5317 888 5392 apud
937 5318 1182 5376 Mal-ten.
1212 5317 1250 5374 l.
1278 5337 1330 5392 c.
1367 5336 1424 5390 p.
1454 5319 1584 5376 751.
1617 5319 1728 5392 leg.

105 5369 164 5462 ξξ
199 5369 452 5462 spiritali
467 5369 724 5462 placatus
740 5369 992 5444 hinﬁcEns‘o’
998 5369 1308 5460 “iniiinii
1320 5369 1584 5462 'fdmi

105 5455 359 5520 PrQInptus
379 5455 664 5514 exauditor
691 5462 932 5515 assistat.

168 5515 309 5592 (458)
341 5526 400 5583 In
430 5529 753 5586 Pontiﬁcali
786 5531 1023 5586 Romano
1051 5530 1287 5587 initium
1305 5533 1492 5588 variat
1515 5551 1528 5588 :
1554 5533 1730 5588 etiam

111 5595 349 5672 seq-genus
369 5600 630 5672 Praefatio
663 5603 890 5658 lintean.

178 5657 308 5733 (159)
337 5657 570 5730 Martén.
604 5671 642 5728 l.
672 5689 723 5729 c.
765 5673 876 5730 sub
926 5672 1286 5731 invocatione
1337 5675 1423 5732 tui
1474 5673 1731 5733 nominis

1917 1983 2159 2056 Dignare
2182 1987 2330 2039 Deus
2357 1984 2748 2055 omnipotens,
2767 1984 2882 2040 Rex
2905 2001 3106 2056 rogum
3133 1989 3187 2040 et
3209 1984 3494 2041 Dominus

1839 2071 2291 2139 dominantium,
2327 2073 2609 2128 Sacerdos
2640 2073 2927 2140 omnium,
2961 2072 3222 2130 Pontifex
3263 2073 3489 2130 univer-

1840 2177 2062 2228 sorum,
2097 2177 2198 2233 per
2227 2178 2402 2232 quem
2434 2179 2552 2216 una
2573 2178 2706 2219 cum
2738 2163 2904 2218 Patre
2936 2166 3254 2234 sanctoque
3270 2161 3490 2233 Spiritu

1841 2251 1993 2304 facta
2021 2253 2159 2304 sunt
2191 2251 2478 2306 universa.
2501 2249 2725 2305 Christe
2749 2251 2887 2306 Jcsu
2917 2250 3487 2317 benedicere,conse-

1841 2355 2001 2393 crare
2019 2342 2074 2394 et
2099 2337 2458 2394 sanctiﬁcare
2487 2339 2745 2410 digneris
2771 2355 2909 2394 vasa
2941 2338 3059 2394 haec
3091 2355 3224 2396 cum
3254 2337 3363 2394 hoc
3406 2338 3489 2394 al-

1837 2431 1983 2494 tare,
2019 2426 2482 2492 linteaminibus,
2516 2427 2856 2499 ueterisque
2899 2425 3089 2494 vasis;
3118 2431 3175 2482 et
3207 2427 3488 2498 quemad-

1840 2516 2081 2571 modum
2115 2515 2489 2571 sanctiﬁcasti
2523 2515 2714 2572 ofﬁcia
2756 2513 3116 2572 tabernaculi
3172 2515 3490 2570 testimonii

1841 2604 1980 2660 olim
2011 2622 2141 2660 cum
2175 2604 2351 2661 archa
2375 2603 2608 2662 oracula
2633 2603 2924 2660 Cherubin
2951 2603 3127 2659 alosis
3150 2602 3367 2672 (alatis)
3396 2621 3492 2659 ve-

1839 2691 1934 2760 lis,
1971 2692 2298 2759 columnas,
2330 2691 2895 2760 candelabra,altare
2917 2693 3208 2764 argenteis
3225 2693 3492 2755 basibus,

1839 2781 2057 2838 tabulis
2087 2781 2400 2849 deauratis,
2431 2781 2808 2848 holocaustis,
2841 2781 3076 2848 hostiis,
3115 2798 3262 2837 aereo
3311 2781 3491 2838 altare

1841 2887 1975 2925 cum
1991 2871 2166 2926 aeneis
2182 2869 2356 2938 vasis,
2381 2870 2666 2938 tentoriis,
2683 2869 2946 2935 funibus,
2962 2865 3156 2926 oleum
3174 2870 3489 2940 unctionis,

1841 2963 1898 3014 et
1927 2959 2148 3014 caeteris
2179 2959 2310 3014 aliis
2349 2959 2408 3012 in
2441 2959 2685 3028 ﬁguram
2721 2957 2924 3022 nostri,
2957 2974 3058 3029 per
3104 2974 3316 3014 manus
3354 2975 3489 3014 san-

1841 3052 2067 3104 ctorum
2099 3046 2478 3103 sanctiﬁcasti
2507 3046 2920 3112 Sacerdotum;
2953 3045 3035 3100 ita
3064 3062 3218 3100 nunc
3247 3063 3492 3102 manens

1841 3136 1900 3191 in
1922 3141 2203 3191 internum
2227 3152 2455 3190 summe
2476 3135 2756 3192 Sacerdos
2774 3135 3140 3190 sacerdotum
3164 3135 3490 3190 secundum

1841 3223 2104 3279 ordinem
2137 3221 2580 3282 Melchisedech.
2617 3227 2681 3278 ut
2711 3223 2986 3290 diximus,
3013 3227 3283 3293 patenam
3315 3223 3488 3291 hanc,

1841 3317 1898 3367 et
1927 3311 2165 3367 calicem
2187 3312 2429 3378 hunc,et
2453 3310 2649 3366 omnia
2671 3311 3063 3366 instrumenta
3087 3311 3290 3366 altaris
3312 3311 3492 3383 hujus

1841 3401 2104 3456 Ecclesia:
2153 3417 2255 3456 seu
2305 3399 2579 3465 basilicae,
2613 3417 2738 3471 qua:
2797 3399 2950 3454 inter
2998 3403 3230 3455 nostras
3263 3399 3490 3472 palmas

1840 3489 2151 3553 habentur,
2184 3488 2354 3544 corde
2384 3505 2709 3561 precamur,
2744 3492 2808 3542 ut
2835 3488 3168 3556 benedicas,
3189 3487 3486 3560 puriﬁces.

1839 3593 2162 3644 consecres,
2180 3583 2236 3632 et
2262 3593 2652 3646 consummes,
2675 3575 2891 3648 quibus
2919 3575 3071 3631 inter
3092 3593 3198 3632 nos
3227 3581 3284 3632 et
3325 3581 3488 3632 (Eter

1840 3683 1975 3723 nam
2009 3665 2295 3724 unitatem
2328 3665 2385 3720 in
2409 3682 2684 3738 supremo
2708 3670 2902 3720 meatu
2935 3664 3061 3721 sine
3091 3664 3204 3720 ﬁne
3223 3669 3490 3722 constare

1839 3754 2156 3822 credimus,
2192 3773 2312 3828 per.

1912 3843 2118 3900 Deinde
2146 3843 2354 3899 vadunt
2380 3843 2449 3898 ad
2479 3843 2675 3912 locum,
2702 3845 2760 3899 in
2794 3860 2896 3916 quo
2927 3843 3182 3916 reliquiae
3205 3847 3492 3915 praeterita

1835 3942 1990 3990 nocte
2017 3950 2142 3988 cum
2171 3934 2381 4005 vigiliis
2409 3936 2658 4005 fuerunt,
2679 3941 2730 3989 et
2754 3935 3022 3990 elevantes
3037 3949 3129 3988 eas
3152 3949 3274 3988 cum
3293 3935 3490 4006 feretro

1836 4040 1963 4078 cum
1991 4024 2195 4082 honore
2221 4031 2275 4079 et
2299 4023 2494 4079 laudes
2523 4021 3013 4087 decantando,cum
3043 4023 3295 4078 crucibus
3319 4030 3375 4078 et
3403 4031 3490 4080 tu-

1836 4113 2037 4168 ribulis
2065 4119 2118 4168 et
2145 4113 2451 4168 luminibus
2477 4113 2686 4181 multis,
2719 4113 2989 4168 venientes
3019 4120 3146 4167 ante
3191 4113 3367 4167 altare
3395 4128 3489 4166 eo:-

1836 4209 1982 4258 tenso
2010 4202 2126 4258 velo
2156 4203 2298 4257 inter
2325 4217 2412 4258 eos
2441 4209 2492 4256 et
2508 4201 2804 4272 populum;
2827 4199 3070 4255 recondit
3099 4201 3214 4271 ipse
3239 4201 3489 4271 pontifex

1835 4306 2007 4345 manu
2035 4305 2138 4345 sua
2171 4291 2313 4361 ipsas
2341 4290 2605 4362 reliquias
2635 4291 2696 4343 in
2727 4291 2904 4344 locum
2939 4288 3154 4356 altaris,
3187 4295 3438 4342 canentes
3469 4305 3487 4340 .-

1837 4376 2197 4433 Exultabunt
2217 4377 2414 4432 Sancti
2440 4377 2498 4431 in
2529 4374 3168 4448 gloriaJaatabunturin
3195 4373 3486 4431 cubilibus

1838 4465 1982 4522 suis.
2013 4481 2138 4520 cum
2163 4466 2374 4536 psalmo
2406 4482 2425 4519 :
2457 4463 2695 4519 Cantate
2721 4468 2861 4528 Dno,
2895 4461 3044 4517 laus.
3077 4463 3213 4518 Inde
3248 4479 3370 4518 vero
3401 4461 3485 4518 re-

1837 4557 2071 4610 vertitur
2097 4556 2346 4628 pontifex
2377 4556 2435 4608 in
2463 4555 2706 4609 sacrario
2735 4569 2861 4610 cum
2889 4551 3176 4608 ordinibus
3212 4553 3402 4619 sacris,
3436 4561 3488 4608 et

1837 4643 2079 4700 induunt
2102 4661 2162 4700 se
2191 4643 2523 4698 vestimentis
2553 4643 2684 4698 aliis
2724 4641 3135 4712 sollempnibus,
3166 4649 3218 4696 et
3267 4643 3487 4696 interim

1838 4734 2146 4792 vestiuntur
2157 4733 2330 4789 altare
2349 4732 2430 4787 vel
2445 4731 2758 4800 ecclesia,et
2772 4729 3140 4786 accenduntur
3161 4729 3484 4785 luminaria.

1838 4824 1963 4879 Post
1989 4823 2107 4879 hazc
2134 4823 2318 4878 omnia
2353 4829 2482 4877 tunc
2511 4821 2788 4891 incipiunt
2815 4819 3028 4891 antiph.
3060 4816 3130 4873 ad
3177 4817 3486 4884 In—troitum,

1837 4919 1955 4967 ant.
1989 4909 2292 4966 Terribilis
2323 4912 2410 4966 est
2435 4907 2596 4964 locus
2627 4906 2765 4975 iste;
2799 4906 2894 4962 hic
2919 4907 3130 4962 domus
3159 4905 3258 4962 Dei
3303 4911 3390 4962 est
3433 4895 3495 4962 et

1837 5005 2006 5072 porta
2055 4998 2202 5066 caeli,
2231 5003 2288 5054 et
2333 4997 2634 5053 vocabitur
2675 4994 2978 5052 aula'Dei.
3009 5012 3134 5052 cum
3181 4993 3410 5070 psalmo
3439 5004 3492 5051 et

1838 5089 2052 5146 Gloria.
2085 5090 2296 5144 Interea
2319 5085 2562 5159 procedit
2591 5087 2843 5157 pontifex
2869 5084 2934 5142 de
2961 5087 3206 5142 sacrario
3251 5102 3376 5141 cum
3404 5102 3490 5140 or-

1840 5177 2064 5234 dinibus
2092 5179 2209 5236 suis
2237 5178 2380 5232 sicut
2403 5174 2727 5231 consuetudo
2753 5183 2852 5232 cst.

1839 5319 2065 5377 indismi
2098 5336 2525 5376 censecramus.

1948 5338 2065 5445 lgnl
2098 5338 2525 5376 censecramus.
2655 5389 2667 5401 .
2737 5389 2748 5401 .

1940 5393 2062 5466 lit)“;
2095 5391 2266 5466 Mart.
2299 5390 2338 5466 1:
2371 5407 2422 5446 c.
2458 5389 2811 5466 Benedictio.
3000 5425 3058 5466 γ.
3184 5462 3191 5466 _
3417 5456 3452 5466 η

1940 5393 2062 5458 160)
2095 5393 2266 5446 Mart.
2299 5393 2338 5446 Ι.
2371 5407 2422 5446 c.
2458 5393 2811 5446 Benedictio.

1912 5393 2060 5535 lim)
2091 5462 2252 5529 Ῑδίίίον
2295 5463 2842 5535 _Qucmadmodum_
2889 5425 3239 5518 vestimenta
3293 5456 3484 5535 ponti-

1840 5532 2050 5600 ﬁcalia,
2111 5533 2512 5600 sacerdotalia,
2567 5538 2625 5589 et
2691 5532 2938 5602 levitica,
3007 5532 3485 5598 ornamentaque,

1840 5610 2060 5748 euZlB2)
2092 5677 2197 5746 1b.,
2231 5676 2318 5733 Ita
2349 5675 2768 5745 sanctifﬁcare,
2802 5671 3166 5740 benedicere,
3198 5672 3307 5728 etc.
