3892 6212
365 349 520 413 1019

714 544 721 551 ,
896 496 1101 540 ORATIO
1137 499 1210 539 an
1250 498 1483 539 MISSAM.

430 578 582 631 Deus
612 571 711 647 qui
743 573 1161 629 sacrandornm
1191 572 1297 628 tibi
1325 577 1528 628 auctor
1571 587 1633 627 es
1673 586 2008 641 munerum,

359 663 592 720 effunde
618 678 795 734 super
807 661 959 718 hanc
982 660 1260 717 orationis
1282 661 1523 717 domum
1546 659 2010 715 benedictionem

359 757 547 822 tuam,
579 756 645 807 ut
674 751 745 807 ab
800 750 1076 806 omnibus
1127 750 1535 806 invocantibus
1584 765 1795 804 nomen
1840 752 2010 803 tuum

358 840 714 899 defensionis
745 839 1027 896 auxilium
1063 839 1370 904 sentiatur,
1407 855 1510 910 per
1556 842 1725 892 Dnm.
1754 839 2014 909 Sequitur

360 931 533 986 lectio.
588 928 747 985 Grad.
807 930 993 984 Locus
1039 928 1147 983 iste
1199 945 1233 983 a
1282 931 1395 982 Deo
1445 928 1635 983 factus
1682 931 1788 982 est.
1824 933 1872 991 ir.
1898 925 2008 982 All.

355 1018 623 1075 Adorabo
679 1018 750 1073 ad
818 1017 1104 1089 templum
1164 1020 1433 1072 sanctum
1506 1019 1696 1071 tuum.
1757 1015 2013 1086 Sequitur

355 1109 557 1179 Evang.
590 1106 912 1163 secundum.
948 1107 1133 1179 Offert.
1170 1111 1289 1162 Due
1335 1111 1487 1161 Deus
1522 1106 1578 1160 in
1612 1105 2008 1177 simplicitate.

358 1200 407 1258 ᾖ.
441 1198 628 1269 Super
661 1196 937 1252 oblatam.

426 1286 809 1358 Omnipotens
833 1284 1187 1356 sempiterna
1222 1283 1630 1349 Deus,ctl'nnde
1662 1300 1837 1355 super
1854 1283 2011 1339 hunc

353 1374 546 1430 locum
579 1374 829 1447 gratiam
848 1377 1035 1438 tuam,
1053 1378 1111 1429 et
1132 1373 1205 1428 ab
1231 1373 1507 1428 omnibus
1526 1377 1581 1427 te
1604 1372 2011 1428 invocantibus

356 1462 551 1519 auxilii
588 1462 671 1517 tui
707 1480 922 1517 manus
955 1462 1216 1526 ostende,
1252 1464 1315 1515 ut
1348 1460 1559 1516 horum
1610 1461 2013 1516 Sacramento-

356 1570 486 1608 rum
512 1552 698 1607 virtus
728 1551 992 1607 omnium
1028 1549 1291 1605 ﬁdelium
1324 1550 1503 1607 corda
1531 1550 1856 1606 conﬁrmet.

426 1641 717 1711 Praefatio.
752 1639 869 1693 VD.
904 1638 1011 1695 Per
1040 1638 1339 1695 Christum
1392 1643 1541 1694 Dnm
1586 1643 1877 1704 nostrum,
1909 1656 2011 1711 per

355 1746 529 1803 quem
564 1736 617 1785 te
640 1727 938 1801 supplices
960 1728 1436 1799 deprecamur,ut
1454 1726 1634 1783 altare
1660 1726 1769 1783 hoc
1789 1729 2009 1784 sanctis

355 1818 560 1915 usibus
587 1822 977 1915 praeparatum
1008 1816 1229 1915 cmlesti
1260 1816 1627 1915 dedicatione
1656 1816 2005 1915 sanctiﬁces,
2039 1850 2084 1915 Β

353 1913 412 1965 et
441 1907 594 1964 sicut
619 1906 1045 1963 Melchisedech
1076 1906 1397 1963 sacerdotis
1432 1906 1720 1979 praecipue
1759 1905 2003 1962 oblatio-

354 1997 837 2070 nemdignatione
851 1994 1451 2069 mirabilisuscepisti,
1466 1996 1548 2051 ita
1567 1994 1844 2068 imposita
1857 2012 2006 2053 nova

354 2086 491 2143 huic
516 2084 683 2142 altari
707 2100 953 2141 munera
983 2101 1160 2157 super
1181 2088 1418 2156 accepta
1446 2084 1596 2140 ferre
1628 2084 1915 2158 digneris;
1943 2087 2008 2140 ut

351 2173 605 2249 populus
638 2176 777 2229 tuus
806 2172 867 2229 in
899 2172 1009 2229 hac
1036 2171 1292 2229 ecclesia:
1315 2176 1425 2228 tua:
1457 2173 1631 2229 domo
1654 2178 1857 2229 sancta
1873 2190 2005 2228 con-

352 2268 584 2320 vertens
615 2279 718 2335 per
745 2262 868 2318 haec
899 2278 1047 2333 pura
1088 2260 1375 2317 libamina
1414 2260 1635 2317 caelesti
1676 2262 2004 2318 sanctiﬁca-

353 2351 509 2409 tione
535 2350 816 2419 salvatus,
847 2350 1182 2406 animarum
1215 2367 1451 2423 quoque
1477 2367 1720 2407 suarum
1756 2350 2004 2408 salutem

354 2444 694 2516 perpetuam
725 2437 975 2513 gratiam
1006 2442 1458 2511 consequantur.
1492 2440 1599 2495 Per
1629 2456 1826 2512 quem.

929 2544 1101 2583 INFRA
1139 2544 1443 2584 ACTIONEM.

428 2617 589 2675 Hanc
610 2615 789 2690 igitur
811 2616 1166 2673 oblationem
1188 2616 1395 2672 famuli
1415 2615 1503 2672 vel
1538 2616 1768 2673 famula:
1789 2620 1899 2673 tuae
1920 2616 2004 2673 ill.

354 2707 444 2765 vel
473 2707 850 2779 illius,quam
882 2705 987 2763 tibi
1020 2706 1079 2761 in
1111 2705 1292 2777 hujus
1324 2706 1528 2779 templi
1550 2706 2009 2763 sanctificatione

359 2798 613 2853 oﬁ'erunt
659 2793 1101 2863 immolandum,
1135 2812 1477 2868 quznsumus
1525 2800 1664 2863 Dne,
1699 2796 2010 2870 dignanter

359 2885 618 2957 intende,
650 2889 717 2941 ut
746 2883 962 2953 aulam,
995 2902 1175 2957 quam
1205 2885 1361 2941 beati
1394 2885 1668 2959 martyris
1714 2885 1800 2941 tui
1845 2884 2007 2942 illius

362 2975 587 3032 meritis
606 2973 965 3048 aequiparare
988 2990 1101 3031 non
1129 2975 1338 3048 potuit,
1352 2979 1465 3030 tua;
1486 2974 1789 3032 charitatis
1809 2974 2006 3032 vultus

358 3064 650 3134 inlustret,
678 3064 893 3137 (latque
923 3067 1027 3121 tua
1056 3063 1465 3137 propitiatione
1513 3064 1601 3120 tui
1648 3064 1832 3121 sacris
1869 3082 2004 3121 san-

359 3154 586 3228 ctisque
616 3153 794 3227 digna
823 3153 1149 3227 mysteriis;
1174 3153 1252 3210 sit
1271 3159 1499 3210 aeternae
1527 3152 1676 3210 lucis
1698 3153 2003 3210 habitacu-

1146 348 1483 412 APPEND.
1528 348 1633 411 AD
1679 346 1864 410 SAEG.
1911 343 1963 406 Χ

2184 344 2630 409 UNUMENTA
2668 347 2988 412 LITURG.

2035 476 2091 545 Α

2700 496 2965 555 INCIPIT
3000 483 3192 558 ori-oo

2214 602 2491 649 QUOMODO
2518 604 2575 643 IN
2603 604 2813 645 SANCTA
2842 606 3079 646 ROMANA
3106 605 3371 647 ECCLESIA
3403 605 3704 653 ηειῐοῠιε

2757 677 2904 716 COND
2913 678 3126 718 UNTUR.

2192 749 2447 804 Primum
2475 748 2625 804 vadit
2650 750 2940 822 Episcopus
2970 752 3031 806 in
3055 751 3360 819 ecclesiam,
3392 751 3492 805 ubi
3520 750 3785 822 reliqua:
3850 721 3858 822 ἦ

2118 845 2248 892 sunt
2273 838 2487 909 positae,
2510 845 2563 893 et
2589 838 2725 908 facit
2754 839 3039 905 letaniam,
3060 847 3113 896 et
3140 840 3234 895 dat
3257 841 3569 895 orationem
3600 840 3781 893 hanc:

2191 925 2370 982 Aufer
2415 943 2450 981 a
2498 926 2667 982 nobis
2712 931 2832 983 Dne
2877 926 3222 1000 iniquitates
3276 933 3536 993 nostras,
3586 932 3660 982 ut
3714 929 3777 981 ad

2121 1013 2339 1070 Sancta
2367 1019 2704 1071 sanctorum
2755 1016 2921 1088 puris
2966 1033 3304 1073 mereamur
3349 1017 3663 1073 mentibus
3710 1017 3781 1070 in-
3856 1060 3857 1088 ᾖ

2124 1103 2319 1159 troire.
2354 1104 2479 1160 Per.
2511 1106 2705 1161 Postea
2729 1068 2887 1176 pronit
2913 1107 3181 1178 reliquias
3213 1110 3275 1162 in
3295 1114 3521 1178 patena,
3550 1114 3607 1161 et
3658 1122 3779 1177 ρα-

2121 1192 2256 1261 rigit
2283 1209 2374 1248 eas
2418 1193 2729 1265 presbytero
2764 1196 2821 1249 in
2873 1196 3035 1250 ulnas
3079 1212 3210 1251 suas
3258 1212 3430 1266 super
3468 1194 3778 1269 surdam,

2119 1297 2286 1353 quam
2312 1283 2471 1337 habet
2500 1283 2560 1336 in
2579 1282 2717 1338 collo
2746 1284 3053 1352 ligatam,ct
3079 1286 3317 1355 cooperit
3334 1286 3562 1356 ipsas.et
3578 1290 3777 1339 emat
3856 1282 3857 1285 “

2113 1371 2397 1442 psallendo
2425 1372 2637 1442 untiph.
2672 1390 2692 1426 :
2720 1372 2865 1427 Cum
2886 1373 3258 1444 jocunditate
3282 1372 3540 1429 exibitis.
3562 1373 3635 1427 Et
3662 1389 3776 1444 per-

2118 1462 2200 1530 git
2231 1462 2523 1532 Episcopus
2554 1463 2616 1515 in
2644 1461 2871 1517 ecclesia
2900 1478 3040 1518 nova
3068 1464 3167 1517 ubi
3196 1462 3412 1518 recludi
3437 1462 3639 1517 debent
3663 1463 3777 1517 reli-

2117 1551 2286 1621 quiae,
2317 1558 2368 1605 et
2400 1551 2612 1605 intrant
2642 1551 2704 1605 in
2732 1551 3017 1606 ecclesiam
3043 1567 3171 1606 cum
3196 1567 3259 1607 eo
3280 1552 3536 1606 ministri
3564 1549 3681 1604 duo
3706 1552 3775 1603 rel

2119 1646 2246 1705 tres,
2276 1645 2327 1693 et
2354 1637 2570 1694 claudet
2592 1638 2831 1694 hostium
2858 1640 3122 1705 ecclesiae,
3154 1646 3207 1694 et
3230 1642 3372 1711 facit
3395 1656 3605 1711 aquam
3635 1654 3777 1694 mr-

2116 1729 2372 1793 cizatam,
2402 1735 2455 1783 et
2479 1726 2613 1783 dicit
2640 1729 2949 1783 orationem
2976 1729 3119 1784 hanc
3149 1746 3170 1784 :

2827 1815 3073 1873 Oremus.

2185 1910 2340 1962 Deus
2370 1905 2470 1978 qui
2521 1906 2594 1961 ad
2645 1905 2897 1963 salutem
2945 1906 3193 1963 humani
3242 1906 3481 1981 generis
3526 1905 3775 1963 maxima

2114 2011 2362 2067 qua-que
2393 1995 2772 2052 Sacramenta
2800 1994 2859 2050 in
2892 2012 3180 2068 aquarum
3215 1996 3555 2053 substantia
3584 1995 3774 2053 condi-

2114 2084 2276 2153 disti,
2310 2088 2418 2141 etc.
2445 2085 2511 2141 Et
2535 2086 2706 2141 mittit
2753 2086 2815 2140 in
2854 2101 2919 2141 ea
2963 2087 3227 2153 chrisma,
3253 2094 3304 2142 et
3332 2086 3523 2142 condit
3559 2102 3637 2142 ex
3666 2088 3773 2157 ipse

2110 2190 2259 2247 aqua
2310 2175 2474 2242 calce,
2508 2181 2558 2229 et
2601 2175 2736 2245 facit
2776 2173 3040 2243 maldam,
3072 2175 3219 2231 unde
3263 2174 3585 2231 reclaudere
3632 2174 3777 2230 debet

2116 2264 2264 2335 ipsas
2294 2263 2592 2335 reliquias;
2621 2270 2673 2319 et
2702 2264 2942 2335 baptimt
2971 2264 3149 2335 ipsum
3180 2265 3366 2320 altare
3389 2263 3459 2320 de
3485 2266 3611 2336 ipsa
3638 2280 3769 2336 aqua

2114 2368 2239 2409 cum
2265 2354 2497 2424 spongia
2548 2368 2661 2408 una
2706 2352 2854 2419 vice;
2882 2350 3081 2409 deinde
3106 2353 3243 2408 dicit
3285 2353 3434 2409 scola
3481 2354 3772 2419 letaniam;

2115 2442 2237 2514 ipsa
2264 2442 2525 2513 completa
2571 2441 2851 2511 egreditur
2900 2443 3201 2514 Episcopus,
3231 2449 3286 2499 et
3329 2442 3425 2498 dat
3472 2444 3768 2499 orationem

2115 2540 2243 2589 ante
2270 2533 2528 2589 hostium.

2187 2626 2341 2677 Deus
2361 2619 2465 2693 qui
2483 2619 2541 2675 in
2563 2619 2724 2676 omni
2748 2619 2872 2676 loco
2897 2623 3008 2675 tua:
3031 2618 3455 2676 dominationis
3476 2620 3767 2676 dedicatur

2116 2709 2388 2778 adsistis;
2412 2708 2620 2766 exaudi
2638 2726 2747 2766 nos
2769 2714 3204 2781 quaesumus,ut
3218 2708 3581 2765 inviolabilis
3600 2710 3766 2780 hujus

2117 2803 2459 2873 permaneat
2507 2798 2886 2866 consecratio,
2921 2800 2986 2853 ut
3042 2798 3326 2854 beneficia
3379 2799 3465 2853 tui
3512 2798 3761 2854 muneris

2116 2888 2489 2959 universitas,
2518 2905 2645 2962 qua:
2678 2887 2989 2961 subplicat,
3022 2891 3348 2955 mematur;
3391 2904 3497 2962 per
3516 2887 3685 2959 (163).

2187 2980 2310 3051 Ipsa
2337 2979 2500 3049 ﬁnita
2526 2978 2755 3050 suscipit
2783 2978 2931 3049 ipsas
2961 2976 3223 3048 reliquias
3269 2993 3307 3032 α
3348 2976 3687 3049 presbytero,
3713 2983 3760 3030 ct
3856 3008 3857 3013 η

2109 3075 2291 3141 portat
2315 3084 2408 3124 eas
2439 3082 2563 3123 cum
2592 3067 2797 3123 letania
2824 3065 2895 3121 ad
2933 3066 3111 3122 altare
3144 3066 3295 3121 intus
3343 3066 3403 3121 in
3441 3066 3689 3131 ecclesia,
3717 3072 3759 3119 et
3856 3060 3857 3105 ἲ

2112 3158 2267 3231 ponit
2293 3172 2457 3229 super
2483 3156 2660 3212 altare
2676 3162 2906 3223 novo;et
2924 3163 3217 3228 antequam
3236 3155 3761 3228 recludaiuur,ponit

358 3219 853 3316 lum-temporale,
886 3219 1032 3298 nihil
1057 3219 1151 3297 hic
1181 3242 1493 3299 mundanae
1516 3244 1716 3300 sordes
1746 3242 2005 3300 obscuri-
2034 3219 2077 3287 (ἶ
2112 3219 2373 3321 chrysma
2397 3248 2546 3302 intus
2575 3247 2637 3301 in
2660 3219 2991 3317 confessione
3014 3219 3115 3317 per
3143 3245 3379 3315 angulos
3430 3219 3665 3317 quatuor
3710 3245 3759 3298 in

360 3338 628 3406 tatesque
640 3330 1069 3406 possideant,ut
1083 3331 1323 3388 veniens
1339 3331 1435 3387 hic
1457 3331 1710 3405 populus
1730 3337 1869 3388 tuus
1890 3350 2009 3390 suae

360 3428 757 3498 consequatur
782 3421 1063 3479 orationis
1095 3422 1390 3491 effectum,
1418 3422 1781 3496 dignumque
1816 3423 2009 3480 locum

359 3514 517 3571 hunc
548 3517 657 3568 tuae
689 3511 903 3569 sentiat
924 3512 1394 3584 majestati,dum
1418 3516 1550 3568 ante
1572 3512 1865 3584 postulata
1886 3514 2010 3569 fue-

362 3603 438 3659 rit
466 3605 836 3671 consecutus,
869 3599 1062 3673 sitque
1090 3599 1516 3656 aadificantibus
1547 3601 1852 3674 imperatio
1876 3601 2013 3658 deli-

362 3691 768 3757 ctorum,dum
792 3707 827 3745 a
854 3692 909 3745 te
942 3706 1057 3745 non
1085 3706 1189 3761 pro
1220 3688 1313 3745 sui
1334 3689 1525 3762 operis
1558 3689 2011 3762 quantitate,sed

364 3796 467 3854 pro
498 3779 843 3835 otl‘erentum
876 3777 1052 3834 fuerit
1101 3777 1404 3834 devotione
1438 3783 1729 3851 suscepta.
1764 3779 2014 3852 Diesque

365 3871 621 3925 nostros.

720 4026 728 4033 .
931 3970 1004 4009 Αο
1043 3970 1455 4012 comam-mnum.

436 4043 685 4117 COpiosa
738 4041 1041 4108 beneficia,
1074 4059 1417 4115 quaisumus
1475 4050 1614 4112 Dne,
1656 4046 2015 4105 christianus

365 4132 619 4209 pepulus
651 4132 1031 4204 adsequatur,
1065 4136 1130 4187 ut
1158 4132 1260 4205 qui
1302 4132 1361 4188 in
1410 4132 1630 4190 honore
1680 4141 2015 4193 sanctorum

366 4222 669 4281 sacrandis
699 4219 807 4276 tibi
856 4218 1160 4277 liminibus
1199 4221 1442 4277 devotus
1488 4222 1759 4291 occurrit,
1794 4228 1851 4281 et
1886 4226 2016 4281 vitae

365 4310 632 4370 subsidia
661 4308 966 4384 presentis
998 4308 1264 4383 accipiat,
1283 4313 1341 4367 et
1369 4309 1619 4385 gratiam
1651 4313 2017 4386 sempiternae

366 4399 786 4474 redemptionis
816 4397 1094 4467 inveniat,
1128 4416 1252 4472 per.

938 4505 1444 4562 DENUNTIATIO.

2118 3352 2277 3393 cruce
2306 3337 2384 3392 ita
2412 3333 2655 3391 dicendo.
2682 3334 2747 3389 In
2779 3333 3016 3390 nomine
3047 3332 3235 3389 Patris
3263 3338 3322 3388 et
3343 3332 3473 3388 Filii
3503 3337 3563 3390 et
3594 3331 3757 3407 Spiri-

2118 3429 2217 3482 tus
2247 3423 2432 3482 sancti
2462 3440 2573 3497 pax
2610 3422 2739 3479 tibi.
2770 3428 2823 3490 Ii.
2857 3423 2929 3478 Et
2970 3438 3103 3478 cum
3155 3421 3370 3494 spiritu
3417 3426 3543 3479 tuo.
3575 3420 3759 3479 Deinde

2116 3516 2273 3589 ponit
2301 3523 2408 3570 tres
2424 3515 2698 3585 portiones
2721 3513 2961 3584 corporis
2989 3512 3098 3567 Dni
3136 3513 3283 3567 intus
3314 3512 3375 3566 in
3421 3513 3753 3583 confessione,

2119 3612 2172 3661 et
2200 3612 2306 3660 tres
2333 3603 2399 3659 de
2445 3604 2684 3671 incenso,
2716 3609 2768 3658 et
2816 3601 3177 3658 recluduntur
3219 3601 3482 3673 reliquie
3522 3603 3669 3657 intus
3710 3600 3757 3653 is

2120 3694 2477 3764 confessione,
2506 3698 2559 3748 et
2584 3691 2715 3747 dum
2738 3690 3113 3759 recluduntur,
3144 3698 3353 3745 canunt
3382 3689 3580 3762 antiph
3608 3708 3628 3744 :
3656 3686 3755 3745 Sub

2124 3782 2304 3838 altare
2338 3780 2563 3837 Domini
2596 3781 2765 3836 sedes
2793 3779 3133 3853 accepistis;
3163 3779 3509 3836 intercedite
3538 3795 3643 3851 pro
3671 3792 3757 3832 no.

2124 3870 2236 3938 bis,
2268 3887 2372 3943 per
2420 3886 2594 3942 quem
2644 3868 2963 3925 meruistis.
2995 3868 3061 3923 Et
3106 3869 3267 3940 ponit
3311 3868 3582 3934 tabulam,
3612 3866 3757 3923 etdat

2124 3963 2426 4017 orationem
2453 3960 2595 4015 hanc
2623 3976 2643 4013 :

2197 4048 2464 4105 Oremus.
2481 4052 2631 4103 Deus
2652 4046 2750 4120 qui
2775 4063 2843 4102 ex
2863 4044 3024 4103 omni
3044 4045 3414 4118 coaptatione
3431 4046 3754 4102 Sanctorum

2125 4142 2406 4195 aeternum
2437 4135 2541 4193 tibi
2573 4135 2778 4192 condis
2806 4133 3231 4201 habitaculum,
3266 4134 3345 4190 da
3373 4131 3756 4189 aediﬁcationis

2127 4231 2241 4284 tua:
2269 4224 2628 4281 incrementa
2658 4222 2931 4291 cmlestia,
2963 4228 3031 4279 ut
3055 4239 3309 4296 quorum
3363 4222 3463 4279 hic
3505 4221 3756 4294 reliquias

2127 4314 2223 4389 pio
2272 4329 2471 4369 amore
2520 4311 2984 4384 complectimur,
3015 4328 3217 4367 eorum
3270 4327 3510 4384 semper
3558 4308 3756 4366 meritis

2127 4404 2221 4477 adj
2230 4419 2493 4470 uvemur,
2524 4418 2646 4475 per.

2202 4490 2407 4549 Deinde
2454 4491 2584 4546 linit
2628 4506 2749 4546 eam
2794 4490 2962 4559 calce,
2991 4503 3117 4562 qua
3162 4496 3326 4544 antea
3360 4490 3552 4560 fuerat
3570 4501 3756 4560 praepa-

366 4597 489 4639 CUM
521 4595 801 4643 RELIQUUB
831 4594 1171 4633 mucronum
1201 4594 1523 4634 mammam
1545 4595 1822 4636 romanum
1847 4596 2012 4637 sum.
2047 4599 2094 4665 υ
2120 4590 2272 4649 rata;
2288 4588 2340 4638 et
2358 4588 2642 4652 postquam
2657 4580 2830 4652 fuerit
2846 4579 3170 4650 linita,facit
3186 4576 3419 4649 desuper
3445 4592 3574 4633 eum
3606 4576 3758 4645 chrys-

441 4666 818 4726 Dilectissimi
862 4664 1105 4723 fratres!
1140 4670 1300 4722 Inter
1329 4671 1535 4723 caetera
1580 4666 1865 4724 virtutum
1902 4668 2018 4725 sol-

368 4758 647 4832 lempnia,
681 4772 811 4831 quae
865 4756 940 4811 ad
998 4753 1246 4829 gloriam
1298 4754 1593 4828 pertinent
1648 4756 1863 4813 Christi
1910 4759 2019 4814 Dni

371 4846 575 4913 nostri,
610 4845 718 4901 hoc
749 4860 983 4917 quoque
1031 4843 1158 4899 suis
1210 4843 1481 4916 praestitit
1511 4843 1886 4918 Martyribus,
1918 4848 2021 4919 qui

371 4951 476 5009 pro
508 4933 763 4989 nominis
792 4933 923 5005 ejus
954 4932 1320 4989 confessione
1352 4937 1538 4989 morte
1585 4936 1862 5007 suscepta
1906 4952 2021 4992 coe-

372 5022 546 5080 lestia
574 5020 814 5093 praemia
843 5014 1200 5091 meruerunt,
1236 5026 1301 5076 ut
1332 5021 1594 5077 ﬁdelium
1624 5023 1774 5080 votis
1820 5039 2023 5081 eorum

375 5109 668 5186 prmclaris
700 5108 959 5181 reliquiis
981 5109 1296 5166 conlocatis
1342 5110 1649 5184 integritas
1679 5112 1864 5168 sancti
1898 5130 2024 5170 cor-

376 5197 535 5275 poris
566 5214 695 5253 esse
722 5197 1024 5265 credatur;
1058 5201 1115 5253 et
1142 5197 1272 5254 ideo
1304 5215 1616 5255 monemus
1655 5199 2024 5259 dilectionem

376 5292 650 5357 vestram,
670 5285 948 5359 quoniam
980 5283 1082 5340 illa
1110 5285 1386 5358 feria,illo
1414 5286 1539 5344 loco
1563 5288 1819 5362 reliquiae
1837 5292 2027 5348 sancti

378 5379 539 5435 illius
569 5372 1242 5460 martyris‘onlocandaa
1275 5380 1431 5444 sunt,
1457 5394 1816 5449 quaesumus,
1848 5385 1910 5436 ut
1940 5398 2029 5437 ve-

379 5472 564 5525 stram
596 5463 965 5539 prazscntiam
998 5462 1167 5519 nobis
1197 5465 1573 5522 monentibus
1612 5485 1728 5523 non
1778 5470 2025 5543 negetis.

2128 4688 2219 4727 ma
2248 4670 2473 4727 dicendo
2502 4677 2565 4725 ut
2608 4685 2800 4740 supra,
2833 4677 2885 4724 et
2928 4669 3065 4739 facit
3101 4683 3317 4723 crucem
3351 4667 3618 4722 similiter
3662 4679 3757 4721 cum

2128 4761 2406 4833 chrysma,
2437 4767 2490 4815 et
2514 4774 2613 4830 per
2640 4764 2877 4830 quatuor
2904 4756 3133 4826 angulos
3180 4756 3381 4811 altaris
3428 4754 3657 4825 desuper
3688 4752 3758 4805 di-

2130 4849 2294 4906 cendo
2326 4857 2387 4905 ut
2413 4864 2613 4919 supra;
2633 4855 2685 4904 et
2714 4855 2843 4902 tunc
2868 4847 3010 4902 velat
3037 4846 3231 4913 altare,
3257 4852 3309 4901 et
3342 4844 3441 4900 dat
3488 4844 3758 4901 orationem

2129 4940 2321 4995 hanc:

2839 5022 3084 5079 Oremus.

2207 5113 2544 5180 Descendat,
2577 5128 2917 5185 quaesumus
2946 5116 3066 5169 Dne
3090 5114 3239 5167 Deus
3270 5114 3495 5174 noster,
3527 5107 3754 5181 Spiritus
3856 5114 3857 5119 ‘

2135 5207 2378 5261 sanctus
2394 5207 2532 5259 tuus
2552 5218 2729 5274 super
2747 5201 2857 5257 hoc
2883 5199 3084 5266 altare,
3100 5198 3199 5272 qui
3217 5203 3274 5255 et
3290 5196 3497 5272 populi
3522 5195 3608 5253 tui
3636 5196 3760 5251 dona

2136 5293 2480 5360 sanctificet,
2511 5294 2569 5347 et
2615 5289 2973 5347 sumentium
3003 5288 3180 5345 corda
3206 5287 3508 5344 emundet.
3559 5286 3682 5342 Per.
3714 5281 3761 5336 ει

2138 5391 2267 5439 tunc
2295 5383 2608 5454 conspargit
2635 5396 2836 5451 aquam
2857 5396 2983 5436 cum
3010 5379 3239 5451 hyssopo
3260 5394 3363 5449 per
3410 5383 3579 5432 totam
3621 5372 3758 5430 ealc-

2136 5474 2310 5541 siam;
2333 5474 2511 5544 ipsam
2552 5484 2788 5542 namque
2818 5469 3084 5536 tabulam,
3116 5483 3283 5540 quam
3332 5482 3498 5538 super
3528 5461 3759 5536 reliquias

456 5645 603 5719 (163)
634 5646 958 5718 Sequentes
1014 5640 1303 5698 orationes
1361 5640 1538 5697 etiam
1587 5642 1647 5699 in
1681 5646 2009 5705 Pontiﬁcali
2062 5649 2217 5707 Rom.
2250 5648 2545 5722 leguntur.

3630 343 3857 408 4020';
