3892 6212
65 317 177 375 025

590 454 719 506 Item
748 450 888 505 alibi
916 449 985 504 (td
1018 449 1093 505 id.

92 545 211 596 Due
242 544 398 596 Deus
421 543 588 594 Pater
629 539 1000 612 omnipotens
1044 540 1163 596 Rex
1212 544 1268 597 et
1317 541 1665 613 magniﬁcus

57 629 434 702 riumpbator,
462 629 565 700 qui
602 646 707 700 per
751 636 983 685 sanctos
1031 635 1228 704 patres
1277 636 1531 695 nostros,
1564 630 1665 703 qui

59 720 125 773 ibi
158 719 213 772 in
245 717 588 773 sacerdotali
621 716 822 771 ordine
853 715 1217 789 placuerunt,
1251 718 1464 773 diversi
1492 734 1664 789 gene-

131 811 468 864 ornamcnta
503 810 557 861 et
582 806 929 861 vestimenta
955 805 1338 863 sacerdotalia
1367 807 1579 873 fleri,ct
1608 807 1666 863 in

53 899 114 953 llS
143 897 470 953 sacerdotes
502 896 605 950 tibi
637 896 952 951 servientes
974 896 1667 967 ornarejussisti,exaudi

53 987 310 1059 tropicius
339 986 661 1041 orationem
693 989 974 1051 nostram,
1010 990 1074 1040 ut
1104 986 1253 1041 hanc
1283 985 1497 1051 albam,
1519 985 1668 1041 hanc

54 1076 297 1143 rasulam,
335 1073 571 1140 stolam,
604 1072 896 1145 planctum
931 1091 1037 1129 seu
1063 1074 1433 1147 poderem,ac
1465 1075 1666 1147 cingu-

57 1182 166 1231 um,
214 1165 553 1236 orariosque
600 1164 803 1218 dextra
852 1167 956 1218 tua
1008 1169 1213 1219 sancta
1269 1163 1665 1232 beneidicere,

53 1259 395 1319 :onseicrare
431 1253 839 1318 sancti-Hieme
881 1258 939 1308 et
992 1252 1338 1324 puriiﬁcare
1384 1251 1669 1322 digneris,

53 1350 309 1414 [eatenus
357 1342 468 1397 hoc
513 1342 926 1398 vestimentum
977 1342 1265 1397 ministris
1319 1343 1431 1396 tuis
1482 1341 1669 1396 levitis

53 1438 193 1504 itque
221 1431 620 1487 sacerdotibus
653 1432 725 1485 ad
760 1430 1022 1484 divinum
1067 1429 1290 1486 cultum
1339 1430 1667 1485 ornandum

53 1520 486 1593 :xplendumque
518 1519 844 1591 proﬁciant,
869 1520 1205 1590 sanctisque
1236 1519 1520 1575 altaribus
1555 1518 1670 1573 tuis

54 1611 236 1666 nunde
265 1615 322 1665 et
352 1613 552 1665 ornate
594 1608 653 1663 in
705 1608 813 1665 hac
861 1625 1027 1663 sacra
1074 1613 1235 1664 veste
1280 1607 1668 1667 ministraturi

56 1698 524 1772 rreprebensihile
556 1697 613 1752 in
646 1702 777 1753 actu
810 1701 868 1753 et
891 1698 1010 1753 vita
1030 1697 1278 1753 interius
1298 1696 1670 1769 exteriusque

53 1792 355 1861 ippareant,
390 1787 611 1859 tibique
641 1785 748 1841 soli
782 1790 894 1842 Deo
932 1802 1074 1857 puro
1124 1786 1295 1841 corde
1342 1790 1401 1841 et
1446 1785 1667 1840 mundo

54 1893 256 1948 torpore
284 1875 530 1948 placere,
565 1875 842 1930 omnibus
868 1874 1077 1930 diebus
1107 1874 1223 1929 vite
1272 1891 1376 1930 sue
1420 1874 1665 1946 irreprc-

54 1966 385 2022 iensibiliter
413 1968 751 2021 sanctorum
785 1966 1017 2035 patrum
1049 1962 1315 2036 exempla
1355 1966 1670 2035 sequentes

53 2056 233 2109 tervire
261 2052 728 2124 valeant,hisque
757 2051 938 2107 sacris
973 2051 1314 2106 ministeriis
1343 2051 1669 2107 secundum

53 2160 187 2199 :uam
228 2142 606 2207 voluntatem,
641 2160 718 2215 qn
763 2141 868 2196 tibi
917 2139 1223 2212 placuerit,
1269 2140 1511 2211 expletis
1564 2156 1671 2195 cm—

53 2234 191 2287 lastis
220 2233 375 2306 regni
412 2232 658 2304 gloriam
692 2247 825 2285 cum
856 2230 1129 2284 omnibus
1178 2228 1286 2283 sibi
1340 2226 1671 2281 commissis

53 2325 314 2395 percipere
347 2327 701 2378 mereantur.
736 2319 842 2375 Per
875 2323 1020 2374 Dum
1053 2334 1183 2373 nrm
1231 2318 1432 2374 Jesum
1484 2314 1673 2370 libris-

53 2420 176 2481 tum,
203 2418 306 2468 etc.

664 2497 744 2554 Ad
767 2498 1030 2553 casulam.

110 2596 248 2647 Deus
278 2591 411 2646 l'ons
443 2589 676 2662 pietatis
701 2592 756 2644 et
777 2586 1036 2657 justicie,
1072 2585 1175 2656 qui
1202 2584 1287 2639 tui
1319 2582 1511 2656 operis
1564 2582 1674 2637 mi-

53 2681 239 2737 nistros
268 2681 340 2736 ad
369 2685 698 2735 extremum
730 2676 1079 2731 vestimento
1109 2672 1327 2739 casula,
1354 2674 1524 2743 cujus
1550 2689 1675 2726 mu-

53 2770 246 2828 nimine
272 2769 473 2825 omnia
498 2771 833 2840 tegerentur
860 2763 1059 2819 vestiri
1109 2762 1353 2818 sanxisti
1380 2779 1395 2828 ;
1425 2760 1675 2817 concede

53 2859 409 2930 peticionibus
444 2856 683 2923 nostris,
718 2859 783 2909 ut
812 2870 1018 2910 omnes
1049 2851 1161 2908 hae
1188 2850 1423 2923 planeta
1462 2849 1674 2919 induti,

53 2948 378 3005 enumeratis
398 2947 565 3003 intus
584 2943 852 3000 omnium
873 2942 1156 2997 virtutum
1180 2940 1539 2996 ornamentis
1557 2939 1677 2994 vin-

53 3036 226 3092 culum
257 3036 495 3108 paciliee
525 3032 784 3090 caritatis
816 3046 993 3102 super
1025 3028 1227 3084 omnia
1252 3027 1524 3094 habeant,
1561 3043 1676 3098 quo

54 3128 321 3196 perﬁcere,
353 3140 471 3197 que
501 3122 853 3189 desiderant,
886 3123 943 3177 te
973 3120 1289 3192 prestante,
1321 3116 1567 3172 valeant.

58 3217 148 3271 Per
172 3216 464 3272 Christum
494 3218 669 3269 Dum.

633 3301 713 3357 Ad
739 3299 1069 3371 corporalia.

120 3392 572 3451 dementissime
607 3396 744 3457 Dne,
795 3390 963 3459 cujus
1016 3384 1425 3442 inenarrabilis
1471 3382 1679 3450 virtus,

59 3485 210 3554 cujus
240 3483 502 3540 misteria
548 3479 820 3537 archanis
865 3475 1232 3535 mirabilibus
1277 3474 1678 3541 celebrantur;

62 3574 226 3628 tribue
253 3588 600 3646 quasumus,
637 3574 702 3625 ut
728 3566 1114 3625 lintbeamina
1157 3570 1255 3620 tuo
1303 3562 1680 3635 propiciacio-

60 3663 138 3716 nis
164 3661 560 3718 benedictione
588 3657 1064 3722 sanctifﬁcentur
1101 3654 1172 3708 ad
1220 3652 1679 3708 consecrandum

58 3767 216 3822 super
239 3751 337 3807 illa
363 3752 592 3822 Corpus
623 3748 730 3803 Dni
761 3748 896 3803 Jesu
926 3744 1165 3809 Christi,
1189 3743 1289 3815 qui
1322 3747 1509 3797 tecum
1541 3740 1681 3796 vivit

56 3844 103 3893 et
132 3846 339 3913 regnat,
373 3844 489 3896 etc.

410 3929 545 3991 Item
572 3928 687 3983 alia
713 3925 1006 3981 benedictio
1032 3922 1104 3979 ad
1134 3922 1295 3979 idem.

116 4018 483 4091 Omnipotens
515 4016 865 4087 sempiterna
892 4019 1060 4080 Deus,
1088 4012 1331 4068 benedic
1351 4009 1679 4068 lintheami-

57 4120 121 4158 na
162 4106 266 4161 ista
307 4106 379 4161 ad
430 4102 746 4177 tegendum
793 4100 1323 4171 involvendumque
1369 4116 1580 4172 corpus
1622 4102 1679 4155 et

57 4195 376 4266 sanguinem
411 4194 519 4249 Dni
551 4193 639 4247 nri
673 4192 811 4247 Jesu
844 4189 1076 4257 Christi,
1111 4190 1208 4261 qui
1248 4194 1462 4254 tecum,
1493 4192 1602 4244 etc.

56 4284 343 4342 Benedictio
392 4292 606 4358 patene,
655 4282 845 4337 colicis
893 4288 945 4335 et
988 4281 1225 4336 aliorum
1278 4296 1533 4336 vasorum
1590 4295 1674 4335 ec-

622 4372 873 4429 clesiae...
907 4369 1080 4441 (183.)

114 4461 560 4531 Consecra’rmns
592 4467 712 4516 Dne
740 4466 796 4515 et
825 4460 1299 4525 sanctiilicamus
1337 4459 1488 4516 hanc
1518 4463 1677 4531 pate-

57 4566 175 4607 nam
203 4553 270 4608 ad
302 4551 743 4625 confrigendum
778 4549 836 4604 in
868 4566 936 4604 ea
965 4564 1177 4621 corpus
1202 4547 1306 4604 Dni
1330 4549 1514 4604 nostri
1535 4549 1673 4604 Jesu
1708 4579 1751 4647 ο

55 4638 243 4697 Christi
273 4641 553 4715 pacientis
580 4656 812 4697 crucem
838 4650 943 4711 pro
973 4637 1160 4694 salute
1208 4638 1470 4693 omnium
1518 4655 1670 4705 nrm,

54 4730 141 4798 qui
167 4747 297 4787 cum
325 4732 494 4791 Patre
518 4735 575 4786 et
600 4729 820 4803 Spiritu
855 4732 1076 4796 sancto,
1111 4731 1221 4784 etc.

567 4821 700 4876 Item
724 4820 841 4875 alia
869 4818 938 4877 ad
968 4818 1135 4875 idem.

113 4906 480 4981 Omnipotens
512 4908 866 4981 sempiterna
898 4907 1176 4979 Deus,qui
1200 4905 1475 4979 legalium
1506 4904 1672 4963 insti-

54 4995 192 5050 tutor
219 5015 277 5054 es
304 4996 876 5070 hostiarum,quique
907 4996 1058 5051 inter
1077 5012 1175 5051 eas
1195 5010 1571 5067 conspersum
1594 4994 1674 5048 si-

57 5083 364 5157 milaginem
395 5087 601 5146 deferri
628 5089 686 5142 in
717 5085 944 5158 patenis
974 5086 1166 5142 aureis
1196 5088 1251 5139 et
1282 5083 1570 5157 argenteis
1601 5081 1674 5138 ad

57 5170 217 5229 altare
262 5180 423 5232 tuum
467 5176 720 5248 jussisti,
757 5175 1135 5241 benetdicere
1180 5179 1239 5230 et
1273 5173 1675 5241 sanctiilicare

57 5259 289 5332 digneris
318 5265 464 5321 hanc
493 5266 763 5339 palenam
795 5264 855 5319 in
882 5264 1481 5321 amministracionem
1504 5262 1677 5317 euka-

117 5401 254 5480 (ltili)
277 5405 411 5480 Quae
438 5410 775 5480 sequuntur
796 5407 854 5461 in
887 5406 949 5461 P.
984 5406 1053 5461 .R
1082 5406 1327 5480 variant.

60 5476 347 5604 “(3%?
377 5476 691 5548 OrdellI,
726 5478 897 5535 Mart.
930 5495 987 5552 p.
1021 5479 1146 5535 745.
1180 5479 1249 5535 Et
1278 5482 1343 5537 ut
1372 5478 1434 5535 in
1464 5477 1672 5536 huma-

121 5618 253 5692 (185)
283 5618 321 5676 l.
352 5616 718 5697 perfundere.

1028 318 1240 377 ORDO
1288 316 1386 376 DE
1433 312 1959 378 DliDltlA'l‘lllNE
2002 316 2421 378 ECCLESLE.

1711 3207 1759 3277 Ο

3266 324 3424 388 ιδειθ

1695 467 1751 533 Α
1782 448 1940 505 ristie
1970 449 2109 505 Jesu
2144 449 2356 507 Christi
2387 450 2490 505 lilii
2528 452 2611 506 lui
2642 451 2749 507 Uni
2783 453 2895 522 uri,
2926 456 3024 526 qui
3074 473 3178 527 pro
3227 463 3429 516 nostra

1780 537 2166 611 omniumque
2198 538 2387 595 salute
2422 538 2522 595 tibi
2555 544 2669 597 Deo
2699 541 2848 613 patri
2872 541 2927 597 in
2951 543 3210 615 patibulo
3237 547 3427 604 crucis

1774 627 1949 699 elegit
1981 627 2295 696 immolari,
2331 628 2428 701 qui
2465 634 2656 685 tecum
2686 630 2823 685 vivit
2853 636 2909 685 et
2941 638 3285 703 regnat,eic.
3322 638 3429 691 llic

1772 719 1942 788 faciat
1983 734 2197 773 crucem
2238 734 2363 772 cum
2409 720 2659 774 crz'smatc
2703 736 2865 791 super
2904 730 3161 793 patenum
3209 726 3429 781 trahens

1768 807 2025 877 pollicem
2052 823 2121 862 ea:
2150 806 2373 863 adverso
2404 809 2461 862 in
2493 808 2718 875 lem/am
2755 817 2805 865 ct
2854 811 2909 864 in
2956 812 3125 865 latum
3157 819 3209 867 et
3234 813 3381 868 dicat
3410 832 3429 869 :

1776 894 2182 960 Cousecraire,
2212 900 2267 950 et
2298 896 2697 961 sanctiilicare
2731 897 2987 969 digneris
3018 900 3139 954 Dne
3155 907 3430 973 patenum

1774 982 1928 1039 hanc
1960 1000 2060 1055 per
2086 984 2261 1038 istam
2294 985 2631 1041 unctionem
2662 990 2718 1040 et
2750 1003 2851 1058 per
2882 1004 3049 1042 nram
3075 989 3429 1046 benedictio-

1776 1090 1911 1129 nem
1943 1073 1999 1127 in
2032 1072 2260 1128 Christo
2287 1074 2427 1129 Jesu
2456 1073 2578 1128 Duo
2606 1076 2933 1149 nostro,qui
2965 1081 3178 1133 tecum.

2422 1172 2501 1226 Ad
2531 1171 2776 1227 calicem.

1847 1265 1961 1321 Pax
1992 1271 2206 1322 tecum.
2243 1269 2309 1322 Et
2337 1285 2474 1322 cum
2506 1267 2715 1339 spiritu
2746 1274 2867 1324 tuo.
2897 1270 3142 1327 Oremus
3169 1273 3427 1330 dilectis-

1778 1354 1911 1410 simi
1945 1356 2195 1410 fratres?
2220 1361 2283 1410 ut
2315 1362 2465 1411 Deus
2488 1363 2543 1411 et
2566 1362 2725 1411 Dnus
2750 1364 2946 1413 noster
2968 1361 3137 1415 Iesus
3163 1362 3431 1418 Christus

1778 1443 2017 1498 calicem
2042 1444 2198 1498 hunc
2222 1445 2277 1498 in
2310 1463 2481 1499 usum
2511 1447 2597 1499 sui
2631 1447 2937 1501 ministerii
2969 1452 3430 1507 consecrandum

1778 1532 2009 1587 celestis
2040 1534 2224 1605 gratia
2248 1534 2629 1605 inspiratione
2661 1536 3019 1600 sanetiilicet
3052 1538 3195 1608 (18/1)
3230 1545 3289 1593 ut
3324 1540 3429 1595 bu-

1779 1637 2013 1675 manam
2046 1622 2512 1678 benedictionem
2542 1622 2967 1695 plenitudinem
2998 1625 3177 1680 divini
3222 1628 3433 1684 favoris

1778 1710 2245 1780 accomodet,qui
2269 1711 2425 1766 vivit.

2310 1809 2444 1863 Item
2478 1811 2551 1863 ita
2580 1810 2898 1866 benedictio.

1864 1903 2113 1976 Dignare
2151 1906 2395 1960 Domine
2442 1906 2693 1963 Calicem
2743 1908 2921 1964 istum
2974 1910 3434 1975 benedifcercin

1786 2010 1960 2047 usum
1992 1994 2303 2048 ministerii
2332 1994 2415 2048 tui
2449 1998 2504 2049 et
2536 1995 2631 2066 pia
2653 1996 2973 2051 famulatus
2994 1999 3302 2055 devocione
3327 2003 3437 2056 l‘or-

1782 2086 2007 2135 motum
2039 2099 2107 2136 ea
2138 2083 2634 2147 sanctiﬁcatione
2662 2085 2943 2154 perfunde
2970 2088 3118 2156 (185)
3142 2105 3257 2159 qua
3288 2090 3435 2145 Mel-

1780 2169 2089 2225 cbisedech
2126 2170 2328 2225 famuli
2358 2172 2439 2225 tui
2477 2178 2772 2226 sacratum
2803 2173 3041 2229 calicem
3087 2178 3434 2247 perfodisti?

1781 2264 1839 2312 et
1868 2260 2021 2329 quod
2054 2265 2175 2313 arte
2207 2260 2289 2314 vel
2319 2260 2533 2314 metalli
2559 2261 2750 2315 ol’lieio
2772 2268 2859 2316 est.
2878 2265 3265 2335 compositum
3285 2267 3433 2339 (136)

1783 2348 2066 2403 altaribus
2098 2349 2217 2402 tuis
2243 2347 2485 2420 dignum
2518 2350 2616 2403 fiat
2638 2354 2743 2415 tua
2764 2352 3162 2407 benedictione
3185 2356 3435 2409 sanctili-

1783 2442 1974 2491 catum
2011 2454 2113 2508 per
2141 2436 2440 2492 Christum
2480 2442 2622 2493 Dnm
2656 2445 2943 2495 nostrum.
2978 2444 3078 2497 llic
3104 2443 3277 2515 faciat
3308 2462 3434 2500 cru-

1781 2541 1895 2580 cem
1923 2542 2046 2580 cum
2084 2528 2337 2581 crismate
2384 2528 2536 2597 infra
2582 2543 2875 2583 concavum
2920 2531 3140 2586 trahens
3181 2535 3433 2603 pollicem

1782 2631 1851 2670 ex
1874 2615 2097 2670 aduerso
2129 2618 2187 2670 in
2218 2616 2439 2686 longum
2467 2625 2518 2671 et
2550 2618 2723 2671 latum
2754 2626 2804 2672 et
2832 2618 2978 2673 dicat
3002 2638 3021 2673 :
3047 2620 3437 2687 Conse’rcrare

1783 2707 1839 2757 et
1868 2704 2277 2770 sanctiftlcare
2308 2704 2569 2776 digneris
2599 2711 2715 2760 Une
2766 2706 3005 2761 calicem
3042 2707 3199 2764 hunc
3224 2726 3328 2782 per
3357 2713 3436 2768 is-

1784 2795 1903 2846 tam
1940 2793 2272 2847 unctionem
2305 2798 2362 2847 et
2392 2798 2654 2849 nostram
2690 2796 3153 2853 benedictionem
3181 2799 3239 2854 in
3271 2800 3436 2856 Chri-

1786 2886 1874 2935 sto
1900 2880 2041 2937 Jesu
2072 2885 2195 2936 Dno
2223 2885 2443 2949 nostro,
2477 2881 2575 2953 qui
2608 2887 2823 2938 tecum.

1952 2978 2260 3034 Benedictio
2287 2994 2453 3050 super
2475 2980 2699 3034 calicem
2728 2980 2848 3053 jam
2878 2988 3265 3040 consecratam.

1858 3075 2241 3147 Omnipotens
2293 3076 2645 3147 sempiterna
2696 3081 2866 3143 Deus,
2898 3080 3171 3137 manibus
3219 3084 3436 3139 nostris

1792 3180 2133 3235 quaesumus
2163 3180 2328 3236 opem
2362 3168 2460 3219 tue
2486 3165 2907 3222 benedictionis
2933 3166 3209 3240 infunde;
3244 3176 3308 3228 ut
3335 3189 3439 3247 per

1793 3257 2054 3307 nostram
2086 3252 2550 3308 benedictionem
2573 3253 2681 3308 hoc
2697 3255 2999 3311 vasculum
3020 3260 3431 3330 sanctiﬁcctur,

1790 3346 1846 3396 et
1876 3342 2132 3414 corporis
2163 3346 2215 3396 et
2246 3342 2550 3415 sanguinis
2582 3344 2689 3397 Dni
2710 3343 2801 3398 nri
2822 3344 2960 3401 Jesu
2983 3346 3196 3403 Christi
3220 3366 3432 3406 novum

1791 3429 2167 3501 sepulchrum
2201 3430 2452 3502 Spiritus
2485 3431 2672 3486 sancti
2712 3433 2899 3504 gratia
2945 3435 3296 3507 perﬁciatur.
3330 3439 3436 3495 Per

1789 3519 2086 3574 Christum
2123 3524 2287 3574 Dnm.
2320 3522 2383 3575 Et
2414 3529 2544 3575 tunc
2574 3530 2824 3592 aspergat
2849 3531 3104 3593 patenum
3132 3534 3183 3581 ct
3212 3528 3438 3584 calicem

1787 3625 1910 3663 cum
1955 3626 2097 3682 aqua
2145 3609 2439 3677 benedicat,
2468 3618 2517 3666 et
2559 3610 2752 3665 dicat:
2782 3615 2843 3665 In
2893 3614 3129 3669 nomine
3188 3616 3434 3686 Paitris,

1788 3702 1844 3753 et
1875 3698 2063 3765 Fitlii,
2097 3702 2152 3753 et
2183 3698 2662 3770 Spiritusfsaneti
2698 3700 3037 3757 benedictus
3069 3686 3193 3759 sit.

2232 3796 2311 3852 Ad
2340 3798 2622 3852 vasculum
2647 3799 3009 3857 Eucharistie.

1857 3894 2103 3951 Oremus
2132 3894 2428 3951 karissimi
2454 3896 2752 3963 fratres,ut
2773 3902 2917 3953 Deus
2940 3899 3309 3974 omnipotens
3331 3903 3439 3959 hoc

1784 3982 2089 4040 vasculum
2121 3984 2379 4057 corporis
2413 3984 2536 4040 Filii
2573 3984 2662 4040 sui
2698 3987 2803 4041 Dni
2837 3988 3017 4042 nostri
3050 3989 3187 4046 Jesu
3223 3991 3437 4049 Christi

1785 4072 2057 4143 gerulum
2097 4090 2200 4128 sue
2242 4072 2665 4129 benedictionis
2713 4076 3001 4133 tutamine
3051 4078 3297 4152 Filiique
3344 4082 3437 4138 sui

1785 4162 1893 4217 Dni
1920 4162 2102 4219 nostri
2125 4179 2367 4219 munere
2394 4180 2459 4217 ac
2478 4163 2730 4233 Spiritus
2753 4166 2940 4221 sancti
2964 4166 3174 4223 virtute
3196 4169 3437 4239 implere

1784 4250 2058 4321 dignetur
2088 4267 2189 4322 per
2217 4250 2509 4305 Christum
2546 4257 2691 4306 Dnm
2723 4258 3011 4307 nostrum.
3044 4257 3156 4309 Hac
3191 4259 3437 4314 oratione

1783 4338 1925 4393 dicta
1971 4347 2290 4411 aspergatur
2334 4339 2616 4393 vasculum
2663 4356 2808 4411 aqua
2857 4342 3151 4410 benedicta,
3187 4352 3247 4399 ut
3280 4344 3434 4400 dica-

1784 4437 1877 4485 tur
1906 4448 1924 4485 .·
1956 4429 2020 4485 In
2048 4428 2285 4485 nomine
2314 4428 2501 4482 Patris
2534 4433 2589 4482 et
2620 4427 2726 4482 Fil.
2758 4438 2818 4483 ut
2841 4447 3027 4502 supra.

2049 4525 2359 4581 Benedictio
2386 4526 2715 4580 vexillorum
2741 4535 2791 4581 ct
2820 4530 3167 4598 gmaginum.

1854 4624 2234 4698 Omnipotens
2268 4623 2621 4695 sempiterno
2654 4628 2825 4689 Deus,
2860 4624 2955 4697 qui
2992 4642 3053 4679 es
3086 4632 3432 4684 cunctorum

1784 4714 2128 4781 benedictio,
2179 4717 2235 4768 et
2292 4712 2809 4785 tryumpbancium
2864 4714 3162 4782 fortitudo,
3214 4715 3434 4787 respice

1784 4804 2079 4877 propicius
2109 4803 2181 4857 ad
2216 4820 2414 4873 preces
2444 4801 2794 4857 humilitatis
2827 4807 3108 4868 nostrc,et
3132 4805 3237 4859 hoc
3257 4804 3433 4859 vexil-

1781 4893 1927 4959 lum,
1955 4893 2107 4965 quod
2140 4891 2347 4947 bellico
2380 4890 2512 4947 usui
2544 4896 2934 4963 praipara‘tum
2967 4897 3073 4959 est,
3107 4894 3306 4949 celesti
3332 4896 3430 4949 be-

1784 4982 2110 5038 nedictione
2141 4980 2499 5047 sanctiifica,
2532 4985 2595 5034 ut
2621 4984 2821 5035 contra
2860 4981 3222 5038 adversaries
3255 4987 3312 5039 et
3344 5002 3431 5040 re-

1785 5071 1963 5127 belles
1997 5070 2270 5127 naciones
2300 5069 2375 5123 sit
2403 5068 2681 5134 validum,
2716 5073 2933 5140 tuoque
2965 5073 3292 5128 munimine
3323 5075 3432 5129 cir-

1785 5164 2175 5231 cumscptum.
2210 5158 2414 5231 Sitque
2442 5157 2693 5212 inimicis
2724 5157 3243 5235 christianipopuli
3275 5162 3436 5219 terri-

1784 5248 1917 5315 bile,
1953 5254 2127 5320 atque
2177 5247 2236 5301 in
2288 5250 2343 5301 te
2393 5246 2821 5304 conlidentibus
2869 5248 3344 5317 solidamentum,
3377 5258 3434 5308 et

1781 5337 2016 5394 victoria
2046 5340 2202 5393 certa
2229 5333 2460 5391 ﬁducia.
2490 5335 2575 5391 Tu
2605 5351 2667 5391 es
2698 5338 2857 5394 enim
2880 5341 3159 5411 Deus,qui
3182 5340 3431 5395 conteris

1879 5478 2001 5552 186)
2028 5479 2091 5533 In
2123 5476 2258 5533 0rd.
2292 5475 2385 5552 IV,
2418 5478 2626 5552 p.715.
2660 5477 2729 5552 Et
2760 5481 2914 5552 quod
2947 5484 3068 5535 arte
3088 5480 3173 5535 vel
3196 5478 3432 5552 metallo

1782 5547 1932 5624 efﬁci
1963 5547 2079 5624 non
2108 5552 2299 5624 potest
2322 5547 2605 5605 altaribus
2637 5551 2756 5607 tuis
2779 5547 3052 5624 dignum,
3070 5551 3170 5624 ﬁat
3197 5554 3301 5605 tua
3327 5549 3429 5609 be-

1784 5620 2129 5682 nediotione‘
2145 5620 2393 5700 dignum
2424 5625 2597 5697 atque
2628 5620 3080 5683 sanctificatum.
3107 5621 3234 5681 Per.
