3892 6212
44 270 202 333 1029

1052 277 1264 339 ORDO
1308 276 1410 338 DE
1455 273 1989 339 DEDICATIONE
2032 275 2449 338 ECCI.ESIA£.

3310 281 3473 345 1030

46 404 246 461 Bened.
306 406 381 461 ad
439 407 611 481 albas,
653 409 939 481 planetas,
959 410 1146 477 stelas,
1197 417 1247 466 et
1292 409 1541 478 cingulas
1580 406 1708 464 bene
1736 408 1792 475 Α
1823 424 1947 461 cem
1981 424 2084 479 pro
2118 406 2305 463 salute
2337 409 2598 467 omnium
2630 418 2914 472 nostrum.
2938 415 3043 480 Qui
3078 432 3212 473 cum
3244 415 3430 473 Patre.

750 480 1019 537 dicendos.

117 565 372 624 Domine
396 568 548 624 Deus
576 568 746 625 Pater
760 569 1134 643 omnipotens
1156 586 1255 625 rex
1276 573 1333 626 et
1357 570 1710 643 magnificus

48 655 575 730 triumphator,qui
605 674 709 731 per
737 663 973 715 sanctos
1001 662 1197 731 patres
1219 658 1582 731 nostros,qui
1603 658 1709 713 tibi

56 745 111 801 in
160 745 515 802 sacerdotali
557 747 761 803 ordine
799 746 1167 821 placuerunt,
1215 748 1429 804 diversi
1478 747 1711 821 generis

59 838 411 891 ornamenta
436 838 494 891 et
535 836 888 893 vestimenta
936 837 1325 894 sacerdotalia
1355 837 1501 904 ﬁeri,
1536 840 1593 892 et
1618 835 1711 893 his

58 921 248 977 ornari
280 923 618 979 sacerdotes
636 922 742 978 tibi
764 924 1078 981 servientes
1095 924 1566 996 jussisti,exaudi
1584 941 1716 997 pro-

58 1009 239 1083 pitius
265 1010 594 1068 orationem
628 1017 888 1069 nostram
921 1017 978 1069 et
1008 1013 1159 1069 hanc
1180 1012 1474 1087 planetam
1508 1013 1711 1069 famuli

58 1099 135 1154 tui
167 1100 235 1155 N.
255 1116 363 1156 seu
379 1100 652 1173 poderem
673 1119 739 1157 ac
754 1101 1462 1175 cingulum,orariumque
1477 1102 1713 1159 dextera

56 1194 155 1244 tua
182 1193 390 1245 sancta
422 1189 783 1258 benedicere,
819 1191 1386 1263 sanctiﬁcareque,et
1401 1190 1711 1263 puriﬁcare

57 1277 338 1348 digneris,
376 1282 669 1350 quatenus
700 1278 821 1334 haec
874 1279 1224 1336 vestimenta
1272 1279 1562 1335 ministris
1590 1279 1709 1334 tuis

58 1365 325 1422 levitisac
344 1367 809 1423 sacerdotalibus
839 1369 909 1423 ad
949 1368 1211 1424 divinum
1243 1367 1469 1424 cultum
1497 1386 1709 1424 ornan-

58 1456 194 1510 dum
216 1456 693 1528 explendumque
707 1456 1034 1529 proficiant,
1057 1457 1393 1529 sanctisque
1426 1456 1712 1513 altaribus

58 1545 172 1599 tuis
202 1546 428 1600 munde
445 1549 501 1601 et
514 1550 717 1601 ornate
738 1546 795 1601 in
811 1546 993 1602 sacris
1010 1546 1271 1602 vestibus
1295 1546 1709 1613 ministraturi,

62 1633 608 1707 inreprehensibilis
628 1634 685 1689 in
719 1638 849 1690 actu
881 1639 938 1690 et
965 1635 1120 1691 victu
1154 1635 1711 1702 interius,exterius-

62 1738 169 1793 que
200 1722 773 1795 appareant,tibique
805 1723 912 1779 soli
944 1722 1059 1780 Deo
1090 1741 1236 1796 puro
1265 1725 1437 1780 corde
1466 1730 1709 1780 etmun-

64 1812 133 1867 do
162 1828 407 1884 corpore
439 1812 713 1868 omnibus
745 1812 952 1868 diebus
995 1813 1123 1867 vitae
1174 1830 1292 1869 suae
1334 1812 1713 1885 inreprehen-

68 1900 305 1956 sibiliter
336 1904 679 1957 sanctorum
712 1905 947 1972 patrum
979 1900 1246 1974 exempla
1267 1905 1580 1973 sequentes
1600 1918 1716 1958 ser-

67 1988 177 2045 vire
207 1988 465 2056 valeant,
496 1988 710 2061 hisque
758 1990 942 2045 sacris
991 1989 1337 2046 ministeriis
1386 1992 1713 2047 secundum

70 2084 221 2133 tuam
250 2076 641 2146 voluntatem,
674 2078 910 2150 quando
959 2078 1065 2133 tibi
1111 2077 1414 2151 placuerit,
1449 2079 1713 2151 expletis,

70 2166 314 2223 cmlestis
342 2167 510 2240 regni
540 2166 786 2240 gloriam
806 2183 940 2222 cum
959 2168 1233 2223 omnibus
1253 2167 1365 2224 sibi
1382 2168 1715 2225 commissis

72 2256 357 2329 percipere
390 2261 750 2313 mereantur.
789 2256 912 2313 Per.

573 2363 889 2420 Benedictio
917 2365 1198 2421 stolarum.

138 2450 376 2508 Domine
392 2452 550 2509 Deus
562 2453 959 2525 omnipotens,
976 2454 1077 2526 qui
1096 2454 1169 2509 ab
1193 2452 1360 2509 initio
1377 2453 1718 2511 hominibus

76 2540 232 2597 utilia
258 2546 316 2597 et
345 2540 682 2598 necessaria
710 2542 1007 2609 creasti,et
1033 2543 1384 2599 vestimenta
1415 2543 1716 2615 pontiﬁca-

78 2627 148 2684 lia
166 2628 393 2701 aliaque
417 2634 766 2685 ornamenta
789 2634 848 2684 et
868 2628 1212 2686 linteamina
1233 2630 1635 2688 sacerdotibus
1651 2647 1718 2687 ac

78 2717 256 2773 levitis
310 2718 371 2773 in
412 2734 591 2773 usum
649 2717 1010 2775 tabernaculi
1072 2718 1306 2775 foederis
1359 2718 1484 2774 fieri
1534 2719 1715 2792 Moysi

81 2806 286 2863 famulo
313 2811 417 2863 tuo
442 2806 700 2877 jussisti,
750 2822 1005 2879 cumque
1055 2806 1277 2879 Spiritu
1316 2808 1613 2880 sapientiae
1645 2810 1717 2864 ad

80 2895 132 2950 id
163 2895 558 2970 peragendum
590 2894 848 2969 replesti,
881 2894 991 2952 hoc
1021 2901 1432 2953 ornamentum
1459 2898 1519 2953 in
1542 2915 1718 2954 usum

85 2985 383 3043 ministerii
426 2984 510 3040 tui
564 2984 951 3053 sanctiﬁcare,
1005 2985 1365 3053 benedicere,
1415 2991 1473 3042 et
1517 3004 1716 3045 conse-

85 3091 250 3144 crare,
283 3080 462 3147 atque
492 3072 797 3131 ministros
827 3073 1025 3130 altaris
1054 3074 1140 3130 tui
1167 3074 1269 3147 qui
1292 3074 1435 3130 illud
1461 3081 1719 3148 portave-

85 3163 195 3219 rint
221 3142 582 3236 septiformis
628 3162 847 3235 Spiritu
899 3167 1102 3220 sancto
1151 3142 1480 3237 dignanter-
1499 3164 1718 3239 replere
1749 3142 1793 3211 (ἶ

85 3252 540 3325 digneris,atque
574 3252 861 3309 castitatis
882 3250 1035 3309 stola
1063 3256 1120 3309 et
1149 3253 1491 3310 indumento
1514 3253 1722 3311 laetitias

85 3342 441 3415 sempiterna:
473 3345 531 3398 et
560 3342 736 3398 beata
767 3341 968 3409 facias,
1001 3358 1134 3398 cum
1158 3342 1446 3399 bonorum
1479 3360 1721 3417 operum

88 3430 264 3487 fructu
294 3431 642 3488 ministeriis
668 3430 1482 3505 congruenti,immortalitate
1501 3432 1719 3490 vestiri.

89 3518 203 3575 Per.

122 3619 383 3690 Praelatio
412 3618 857 3693 Eucharistiatis,
890 3618 951 3675 id
988 3620 1323 3693 estvasculi,
1356 3621 1415 3676 in
1449 3637 1553 3693 quo
1582 3622 1687 3676 Eu-

580 3691 846 3746 charistia
890 3690 1223 3747 reconditur.

153 3785 394 3844 Oremus
422 3786 790 3843 dilectissimi
826 3788 1055 3857 fratres,
1073 3793 1139 3844 ut
1166 3789 1320 3845 Deus
1350 3789 1722 3862 omnipotens

90 3872 189 3929 hoc
212 3875 514 3931 vasculum
566 3876 827 3948 corporis
876 3876 1003 3932 Filii
1055 3877 1147 3932 sui
1198 3877 1307 3933 Dni
1338 3878 1427 3933 nri
1458 3877 1563 3933 lhu
1616 3878 1722 3952 Xpi

93 3963 349 4034 gerulum
395 3982 515 4021 sua!
565 3964 986 4021 benedictionis
1018 3965 1305 4022 tutamine
1354 3966 1563 4039 suique
1592 3966 1720 4023 Filii

89 4050 305 4109 Domini
339 4054 523 4112 nostri
557 4070 820 4122 munere,
861 4070 928 4111 ac
974 4055 1160 4111 sancti
1206 4055 1460 4128 Spiritus
1510 4056 1722 4113 virtute

89 4138 319 4213 implere
349 4142 646 4216 dignetur.

596 4231 857 4303 Sequitur
886 4231 1201 4290 benedictio.

150 4318 393 4377 Oremus.
427 4320 812 4393 Omnipotens
832 4320 986 4376 Deus
1010 4320 1263 4377 Trinitas
1289 4321 1718 4394 inseparabilis,

89 4407 348 4465 manibus
377 4406 595 4465 nostris
643 4425 815 4481 opem
862 4412 974 4465 tua:
1003 4410 1426 4467 benedictionis
1455 4410 1718 4480 infunde,

1743 1775 1790 1840 Β

1886 496 2031 552 Alia.
2051 499 2474 555 Consecramus
2497 504 2554 556 et
2570 502 3010 559 sanctiﬁcamus
3023 504 3173 560 hanc
3194 509 3467 577 patenam

1819 585 1890 641 ad
1923 586 2354 643 conficiendum
2386 586 2445 644 in
2477 606 2545 646 ea
2574 607 2788 665 corpus
2817 590 2926 648 Dni
2959 593 3046 648 uri
3090 593 3196 649 lbu
3228 593 3329 665 Xpi
3364 612 3467 666 pa-

1817 674 2021 731 tientis
2053 692 2286 732 crucem
2318 694 2424 749 pro
2473 679 2662 736 salute
2716 682 2984 738 omnium
3036 687 3327 739 nostrum.
3361 683 3468 747 Qui

1818 780 1953 819 cum
1984 765 2138 821 Patr.
2179 765 2313 823 Inde
2366 769 2543 839 faciat
2583 770 2807 839 signum
2850 772 3030 827 crucis
3073 771 3137 827 de
3180 772 3472 827 chrismate

1816 860 2004 909 sancto
2032 870 2195 925 super
2217 863 2479 927 patenam
2509 865 2561 913 et
2591 856 2756 913 dicat.
2788 857 3141 916 Consecrare
3170 866 3223 914 et
3254 858 3470 915 sancti-

1819 940 1994 1000 ﬁcere
2011 941 2269 1015 digneris
2290 943 2536 1001 Domine
2558 951 2832 1018 patenam
2857 946 3008 1004 hanc
3019 964 3124 1020 per
3143 947 3319 1004 istam
3341 964 3472 1003 san-

1819 1032 1974 1084 ctam
2005 1030 2469 1088 benedictionem
2500 1032 2559 1088 in
2591 1034 2712 1107 Xpo
2746 1036 2853 1090 Ihu
2874 1036 3000 1092 Dno
3030 1054 3156 1093 nro.
3192 1035 3299 1100 Qui
3331 1035 3475 1091 vivit

1819 1121 1879 1173 et
1908 1123 2131 1190 regnat.

2387 1211 2652 1282 Praefatio
2681 1213 2889 1269 calicis.

1892 1311 2139 1368 Oremus
2166 1312 2529 1371 dilectissimi
2563 1318 2791 1385 fratres,
2825 1322 2891 1373 ut
2920 1318 3074 1374 Deus
3103 1324 3159 1374 et
3185 1320 3471 1376 Dominus

1820 1405 2019 1456 noster
2049 1402 2207 1457 hunc
2238 1402 2477 1459 calicem
2512 1405 2571 1460 in
2602 1422 2777 1462 usum
2809 1407 3119 1463 ministerii
3147 1408 3238 1464 sui
3270 1426 3470 1465 conse-

1821 1492 2105 1546 crandum
2137 1490 2354 1547 caelesti
2385 1494 2583 1564 gratiae
2633 1494 3014 1567 inspiratione
3064 1497 3389 1553 sanctiﬁcet
3416 1502 3474 1552 et

1821 1580 1872 1635 ei
1906 1581 1977 1634 ad
2013 1580 2333 1636 humanam
2357 1582 2822 1640 benedictionem
2838 1584 3263 1657 plenitudinem
3287 1586 3468 1642 divini

1825 1668 2037 1724 favoris
2067 1670 2488 1726 accommodet.

2345 1786 2607 1859 Sequitur
2634 1787 2947 1845 benedictto.

1895 1898 2144 1971 Dignare
2167 1900 2409 1957 Domine
2440 1901 2681 1959 calicem
2714 1903 2893 1960 istum
2925 1904 2984 1959 in
3006 1922 3180 1961 usum
3213 1905 3474 1962 ministe-

1824 1985 1895 2041 rii
1926 1987 2011 2043 tui
2044 1987 2140 2060 pia
2171 1988 2376 2044 famuli
2409 1989 2494 2045 tui
2521 1990 2823 2048 devotione
2840 1992 3156 2049 formatum
3175 2009 3242 2049 ea
3258 1994 3470 2050 sancti-

1825 2075 2092 2131 ﬁcatione
2122 2077 2492 2150 perfundere,
2527 2096 2644 2151 qua
2684 2079 3109 2137 Melchisedech
3152 2080 3357 2138 famuli
3388 2082 3473 2136 tui

1825 2168 2122 2220 sacratum
2153 2165 2393 2221 calicem
2418 2166 2811 2239 perfudisti,et
2828 2168 2983 2239 quod
3010 2174 3134 2225 arte
3165 2168 3250 2225 vel
3273 2168 3476 2225 metal-

1824 2251 1865 2307 li
1898 2253 2087 2308 ofﬁcio
2121 2271 2236 2310 non
2262 2259 2452 2326 potest
2483 2255 2766 2312 altaribus
2788 2257 2907 2311 tuis
2940 2273 3065 2312 esse
3095 2257 3475 2330 dignum,tua

1826 2341 1924 2398 ﬁat
1957 2343 2362 2399 benedictione
2412 2343 2756 2417 pretiosum,
2805 2349 2980 2417 atque
3020 2346 3473 2401 sanctificatum.

1827 2431 1951 2487 Per.
1986 2433 2051 2489 Et
2075 2433 2251 2504 faciat
2280 2449 2495 2489 crucem
2523 2432 2589 2489 de
2630 2434 2941 2502 chrismate,
2971 2450 3135 2506 super
3174 2436 3356 2506 ipsum
3383 2450 3477 2490 ca-

1827 2520 2004 2576 licem.
2036 2520 2440 2593 Omnipotens,
2473 2525 2584 2577 etc.
2619 2521 2790 2594 (191).

2146 2636 2458 2693 Benediciio
2486 2639 2699 2695 Crucis.
2730 2638 2834 2707 (Ex
2865 2637 3156 2711 utroque.)

1896 2753 2163 2808 Primitus
2192 2753 2291 2823 ﬁat
2339 2752 2635 2810 benedictio
2681 2754 2816 2809 satis
2843 2761 2895 2808 et
2930 2768 3128 2827 aequa.
3162 2752 3366 2810 Deinde
3391 2770 3478 2811 se-

1829 2849 2033 2914 quatur
2064 2841 2360 2897 benedictio
2389 2844 2584 2897 crucis.
2623 2842 2871 2897 Benedic
2899 2842 3043 2909 Dne,
3076 2845 3185 2898 etc.
3211 2843 3480 2899 Atia.Ro-

1828 2946 2064 3002 gamus,
2096 2934 2206 2985 etc.
2256 2930 2359 2985 Per
2406 2929 2606 2985 omnia
2648 2930 2863 2985 saecula
2909 2929 3278 2987 saeculorum.
3313 2930 3477 2988 Dnus

1827 3018 2150 3074 vobiscum.
2204 3018 2274 3074 Et
2303 3035 2437 3074 cum
2470 3018 2679 3092 spiritu
2728 3025 2849 3076 tuo.
2898 3018 3017 3075 VD.
3061 3022 3271 3076 aeterne
3301 3019 3477 3078 Deus.

1829 3108 2009 3179 Cujus
2038 3112 2332 3176 sanctum,
2366 3111 2475 3163 etc.

2283 3224 2427 3279 Alia.
2461 3224 2562 3296 (Ex
2592 3240 2703 3281 ms.
2737 3223 2847 3280 Th.
2877 3225 3027 3298 277.)

1903 3338 2199 3413 Rogamus
2220 3342 2276 3396 te
2306 3338 2550 3395 Domine
2581 3340 2928 3414 suppliciter
2956 3340 3291 3397 invocantes
3312 3343 3377 3395 ut
3398 3340 3478 3397 si-

1831 3444 2013 3501 gnum
2046 3428 2202 3484 istud
2235 3432 2449 3484 sanctas
2481 3428 2685 3485 Crucis
2715 3429 2793 3485 sit
2824 3428 2987 3486 salus
3012 3428 3385 3486 credentibus
3417 3429 3477 3486 in

1832 3520 1888 3572 te
1919 3534 2023 3590 per
2051 3516 2383 3589 passionem
2415 3516 2608 3573 crucis
2636 3520 2835 3586 tua,et
2863 3533 2968 3590 per
2990 3518 3229 3592 signum
3258 3518 3473 3574 sancti-

1830 3606 1972 3663 tatis
2000 3606 2377 3679 tuaa,signum
2408 3605 2988 3680 sitDeivivi,signum
3006 3606 3478 3680 salutis,signum

1832 3695 2148 3752 Salvatoris
2179 3695 2318 3751 Jesu
2369 3694 2583 3751 Christi
2632 3695 2743 3751 Dni
2790 3696 2993 3752 nostri.
3026 3701 3159 3752 Haec
3206 3701 3296 3753 cst
3339 3712 3481 3752 crux

1832 3784 2147 3842 Salvatoris
2196 3782 2433 3853 Christi,
2469 3801 2607 3839 crux
2652 3783 3140 3857 patriarcharum,
3184 3802 3325 3841 crux
3346 3802 3478 3858 pro-

1832 3875 2165 3948 phetarum,
2197 3891 2338 3930 crux
2359 3873 2759 3946 apostolorum
2793 3882 3301 3943 sanctorum,crux
3333 3891 3481 3929 mar-

1830 3970 2024 4038 tyrum
2062 3963 2298 4030 Christi,
2343 3980 2484 4018 crux
2532 3963 2799 4020 Ecclesiae
2850 3964 2974 4033 Dei,
3028 3980 3170 4019 crux
3214 3962 3478 4019 omnium

1831 4053 2195 4110 credentium
2228 4052 2286 4108 in
2336 4058 2598 4109 sanctam
2650 4058 2709 4109 et
2761 4053 3075 4126 perfectam
3106 4052 3477 4108 Trinitatem.

1830 4143 1955 4200 Per.

1900 4232 2043 4288 Alia.
2079 4232 2159 4287 Te
2190 4229 2431 4286 Domine
2470 4245 2832 4301 quaesumus,
2867 4230 2968 4302 qui
3018 4229 3125 4285 das
3164 4228 3477 4285 animabus

1830 4321 2081 4377 salutem
2113 4336 2216 4391 per
2239 4319 2477 4391 signum
2509 4318 2699 4374 crucis
2718 4322 2923 4397 tute,ut
2942 4317 2999 4373 in
3026 4315 3167 4373 locis
3198 4333 3265 4371 ac
3290 4314 3478 4372 domi-

1829 4409 1965 4477 bus,
2000 4408 2101 4464 ubi
2132 4425 2275 4463 crux
2305 4407 2419 4462 ista
2448 4406 2563 4461 lixa
2594 4407 2741 4478 (192)
2777 4408 3029 4472 maneat,
3055 4404 3331 4476 fugentur
3359 4404 3480 4458 daa-

88 4499 146 4548 ut
171 4512 270 4567 per
299 4500 560 4554 nostram
592 4497 1059 4554 benedictionem
1091 4498 1199 4555 hoc
1228 4498 1534 4555 vasculum
1559 4517 1722 4557 sanc—
1751 4512 1799 4579 ι)
1830 4515 2054 4564 mones,
2080 4501 2139 4553 et
2193 4494 2485 4551 immundi
2534 4493 2799 4567 spiritus,
2842 4510 2910 4550 ac
2958 4492 3198 4566 pestifer
3225 4490 3481 4566 pellatur

92 4583 351 4653 tiﬁcetur,
396 4589 455 4641 et
501 4585 762 4659 corporis
808 4585 1024 4643 Christi
1078 4603 1292 4643 novum
1341 4588 1718 4661 sepulchrum

92 4674 260 4729 sancti
294 4674 551 4748 Spiritus
580 4675 770 4748 gratia
793 4676 1075 4749 perficiat.
1109 4677 1235 4733 Per.

334 4765 604 4835 Praefatio
633 4763 704 4820 ad
730 4772 986 4837 patenam
1013 4766 1454 4823 consecrandam.

154 4848 391 4909 Oremus
421 4853 627 4909 fratres
658 4853 782 4908 kmi
812 4859 879 4910 ut
908 4854 1115 4910 divinae
1146 4854 1346 4929 gratia:
1395 4855 1719 4912 benedictio

92 4946 374 4995 consecret
402 4946 459 4997 et
486 4941 810 4997 sanctificet
839 4942 990 4998 hanc
1019 4948 1293 5016 patenam
1312 4945 1383 5001 ad
1415 4945 1720 5001 conficien-

93 5023 222 5081 dum
250 5028 309 5083 in
339 5045 407 5087 ea
434 5046 644 5104 corpus
678 5030 788 5086 Dni
841 5032 933 5086 nri
978 5032 1084 5088 Ihu
1114 5032 1221 5106 Xpi
1273 5033 1549 5106 patientis
1580 5052 1716 5090 cru-

94 5146 457 5233 ChrjstiF‘ilii
476 5154 562 5233 tui
592 5155 833 5233 Domini
852 5157 1034 5233 nostri
1065 5158 1260 5232 dignis
1280 5159 1384 5214 tibi
1408 5165 1609 5233 pareat
1640 5161 1719 5216 fa-

95 5220 545 5291 mulatibus.Qui'
560 5232 753 5283 tecum
782 5228 942 5285 vivit.

160 5293 301 5371 (ξω)
330 5298 413 5352 Ab
443 5298 855 5371 antiquissimo
896 5299 1201 5371 orientalis
1247 5305 1304 5358 et
1342 5303 1717 5360 occidentalis

95 5359 345 5453 Ecclesia
376 5385 486 5424 usu
516 5359 732 5453 figendi
765 5386 997 5453 crucem
1019 5372 1080 5427 in
1111 5370 1255 5453 locis
1282 5374 1466 5453 sacris
1482 5392 1611 5453 seu
1632 5359 1720 5453 ecf

98 5430 515 5567 Etesiisinp'men
543 5430 695 5498 tituli
725 5449 832 5510 est,
856 5443 1108 5515 indeque
1126 5443 1265 5515 ipsas
1288 5430 1545 5502 ecclesiae
1567 5430 1719 5503 tituli

294 5526 343 5565 nc
372 5529 409 5567 ι.

99 5519 225 5561 sunt
253 5519 409 5568 αιοῐί.

164 5578 302 5651 (192)
334 5583 469 5641 Atia.
502 5583 654 5642 Deus
684 5584 785 5661 qui
834 5584 1018 5664 Moysi
1065 5584 1284 5643 famulo
1333 5591 1434 5646 tuo
1476 5588 1536 5647 in
1567 5588 1715 5648 Oreb

1829 4587 2127 4654 inimicus,
2176 4584 2517 4656 morbisque
2566 4587 2823 4651 careant,
2856 4586 2914 4639 et
2962 4581 3379 4651 immunditiis,
3413 4597 3479 4636 ac

1828 4693 2033 4733 omnes
2059 4676 2310 4732 adversae
2340 4676 2677 4746 potestates,
2709 4671 3035 4745 cognitione
3060 4670 3314 4738 tua,sint
3343 4686 3475 4743 pro-

1814 4766 1922 4821 ‘cul
1954 4764 2232 4837 depulsae,
2263 4766 2320 4819 et
2338 4761 2553 4819 virtute
2582 4766 2694 4816 tute
2726 4759 3151 4816 benedictionis
3195 4759 3273 4814 sit
3301 4759 3475 4815 bene-

1827 4855 1985 4911 dicta
2014 4854 2136 4909 htsc
2165 4869 2308 4907 crux
2336 4855 2394 4907 et
2423 4849 2804 4917 sanctificata,
2837 4852 2896 4905 et
2927 4848 3210 4903 mundata
3231 4847 3478 4921 dignan-

1826 4948 1932 5010 ter,
1969 4947 2034 4998 ut
2062 4943 2120 4997 in
2153 4956 2506 5014 quocunque
2555 4939 2678 4995 loco
2729 4942 2985 5008 maneat,
3018 4938 3078 4993 in
3106 4941 3208 4993 tuo
3239 4937 3478 4993 nomine

1826 5048 2031 5089 omnes
2058 5035 2309 5085 terrores
2334 5027 2639 5084 meridiani
2668 5031 2726 5083 et
2756 5026 3111 5094 nocturni,et
3129 5042 3336 5082 omnes
3363 5030 3477 5081 tar-

1826 5160 2024 5234 monte
2040 5151 2555 5234 servandapopulo
2574 5151 3480 5234 tuopmceptadisponens,tem-

1826 5230 1989 5303 plum
2022 5231 2292 5283 sanctum
2323 5222 2514 5290 tuum,
2548 5222 2801 5303 qualiter
2820 5222 3101 5303 aedificet,
3142 5222 3475 5303 instituisti,

1826 5294 1993 5359 sacra
2021 5313 2256 5370 quoque
2285 5311 2443 5370 vasa,
2478 5294 2603 5370 quae
2634 5295 2833 5370 inferri
2867 5294 3034 5370 altari
3063 5299 3167 5370 tuo
3199 5295 3476 5350 deberent

1826 5372 2016 5427 instar
2040 5366 2317 5425 vasorum
2340 5366 2663 5438 ccclestium
2695 5366 2820 5423 fieri
2850 5366 3471 5438 docuisti,prmcamur,

1825 5447 1891 5499 ut
1916 5443 2073 5499 hunc
2104 5438 2364 5512 calicem,
2398 5437 2466 5512 in
2500 5454 2616 5512 quo
2665 5437 3018 5512 celebraturi
3041 5437 3249 5512 sumus
3277 5449 3477 5512 same

1823 5519 2026 5572 sancta
2052 5510 2331 5584 mysteria
2354 5502 2672 5584 emissione
2688 5511 2874 5583 sancti
2891 5509 3122 5581 Spritus
3151 5502 3473 5584 tui_cc_elesti

1820 5571 2223 5647 benedictione
2244 5571 2952 5657 sanctifices,gratu'mque'
2968 5584 3026 5636 et
3054 5571 3472 5651 acceptabilem
