3892 6212
385 334 543 394 {035

1177 328 1513 392 APPEND.
1556 329 1658 388 AD
1702 327 1887 389 S/EC.
1936 324 2005 385 Χ.
2038 358 2117 369 --
2147 323 2644 386 MONUMENTA
2689 324 3006 387 LlTURG.

3664 320 3703 377 ’ὅ
3714 322 3774 377 ζέῖὲ

384 482 509 522 rem
539 481 881 538 compagem
912 462 1203 527 solidavit,
1237 462 1387 518 hanc
1419 466 1641 534 petram
1662 458 1667 463 ’
1692 475 1933 515 serenus
1964 456 2029 512 il-
2057 462 2111 527 Α
2138 455 2501 523 celebrantur,
2532 466 2582 512 et
2613 456 2759 512 dicat
2783 471 2904 528 pra?
2950 457 3179 527 foribus
3227 456 3373 509 hanc
3409 454 3712 509 orationem
3734 458 3783 507 si-

381 553 865 625 lustret,eamque
893 556 1105 608 aeterno
1137 550 1360 606 lumine
1391 548 1693 621 irrigatum
1723 547 1805 602 ita
1836 545 2033 601 multi-

382 641 638 715 plicibus
667 656 734 696 ac
760 639 1005 695 diversis
1037 637 1448 694 carismatibus
1478 635 1810 709 locupletet,
1843 639 1909 689 ut
1940 650 2035 689 su-

382 746 487 803 per
531 728 692 784 illam
748 727 1280 784 administrandam
1329 725 1587 797 corporis
1635 724 1727 779 sui
1777 722 2033 778 hostiam

381 817 707 886 benedicat,
738 821 797 872 et
825 816 1111 890 suscipiat
1140 818 1561 872 consecratam.
1593 812 1698 879 Qui
1735 828 1890 868 cum.

1025 914 1385 971 Consecratio.

457 1011 681 1069 Exaudi
713 1028 820 1069 nos
850 1012 1004 1068 Deus
1050 1016 1267 1078 noster,
1300 1015 1358 1067 et
1406 1026 1647 1083 precum
1704 1013 2039 1065 nostrarum

388 1100 638 1157 libenter
666 1101 861 1173 accipe
888 1105 1039 1168 vota,
1083 1105 1141 1157 et
1188 1100 1297 1156 hoc
1346 1099 1527 1156 altare
1575 1099 1647 1155 ad
1695 1096 2043 1154 celebranda

390 1189 586 1246 divina
614 1189 893 1262 mysteria
922 1194 1308 1262 praeparatum
1339 1189 1513 1244 odore
1535 1187 1816 1260 unguenti
1850 1185 2044 1242 cccles-

392 1278 469 1335 tis
497 1294 761 1352 asperge,
795 1282 853 1334 et
883 1283 1147 1334 aromata
1176 1277 1261 1333 illi
1314 1277 1520 1333 divinae
1564 1275 2046 1332 sanctiﬁcationis

392 1366 721 1433 infunde,et
749 1367 902 1422 sicut
930 1366 1183 1439 lapidem
1216 1366 1394 1423 Jacob
1429 1365 1766 1438 patriarchae
1787 1369 2046 1420 erectum

398 1454 681 1528 unguenti
702 1455 1036 1529 perfusione
1056 1454 1424 1522 dedicasti,et
1435 1453 1714 1527 angelicis
1726 1453 2048 1508 visionibus

397 1560 501 1617 per
529 1543 747 1599 scalam
781 1543 1001 1616 gradus
1029 1542 1286 1599 ecclesias
1306 1542 1685 1613 ligurasti,sic
1704 1540 2049 1614 superhunc

398 1648 633 1707 quoque
660 1631 915 1703 lapidem
946 1630 1113 1687 altari
1134 1632 1527 1703 coaptandum
1541 1630 1788 1686 caelestis
1800 1631 2049 1703 gratiam

398 1719 823 1777 benedictionis
853 1718 1199 1786 immitte,ut
1230 1720 1371 1774 dum
1403 1719 1509 1773 tibi
1543 1734 1720 1791 super
1746 1735 1878 1774 eum
1901 1720 2049 1775 sacri

398 1808 660 1882 corporis
687 1813 744 1865 et
773 1807 1079 1881 sanguinis
1108 1808 1404 1881 Unigeniti
1435 1808 1522 1864 tui
1555 1809 1831 1881 mysteria
1850 1825 2049 1864 conse-
2083 1827 2129 1893 Β

399 1902 659 1964 crantur,
691 1897 1026 1969 petentibus
1055 1900 1290 1969 peccata
1332 1896 1657 1964 deleantur,
1689 1897 2050 1953 merentibus

399 1985 608 2043 inﬂuat
635 1984 823 2059 gratia
852 1985 1229 2057 sempiterna.
1258 1986 1384 2040 Per.
1412 1988 1484 2041 Et
1505 1986 1777 2057 accipiens
1805 1987 2052 2041 tabulam

400 2084 645 2149 asperget
669 2092 788 2132 eam
812 2092 955 2147 aqua
987 2074 1286 2141 benedicta,
1319 2075 1523 2131 addens
1570 2073 1788 2130 odorem
1820 2077 2047 2131 incensi.

400 2174 451 2224 et
472 2167 752 2237 conﬁrmet
778 2181 900 2221 eam
927 2180 1052 2220 cum
1096 2165 1388 2220 chrismate
1437 2167 1515 2219 ita
1560 2163 1666 2219 dic.
1701 2164 1764 2218 In
1818 2164 2054 2219 nomine

402 2254 591 2311 Patris
618 2258 676 2309 et
705 2252 835 2309 Filii
864 2257 921 2309 et
951 2251 1203 2325 Spiritus
1233 2252 1570 2308 sancti.Pax
1600 2254 1891 2308 tecum.Et
1917 2270 2052 2308 cum

403 2342 625 2416 Spiritu
658 2346 783 2398 tuo.

654 2464 805 2506 onno
844 2465 905 2503 IN
944 2464 1201 2503 DEDICAT.
1236 2464 1586 2504 samaras"
1628 2449 1799 2521 (199).

842 2528 948 2599 (Ex
977 2529 1106 2583 cod.
1136 2527 1310 2583 Vind.
1344 2528 1429 2583 th.
1463 2529 1611 2600 277.)

478 2617 859 2690 Omnipotens
888 2615 1243 2688 sempiterne
1276 2616 1430 2673 Deus
1459 2618 1608 2685 fous,
1641 2621 1747 2674 etc.

950 2706 1297 2762 Consecratio
1323 2707 1512 2775 fontis.

477 2804 862 2877 Omnipotens
890 2801 1243 2875 sempiterne
1273 2802 1447 2868 Deus,
1489 2803 1598 2858 hoc
1648 2801 2056 2875 baptisterium

409 2893 624 2950 caelesti
655 2891 987 2949 visitatione
1018 2891 1352 2948 dedicatum
1384 2891 1640 2965 Spiritus
1689 2891 1875 2947 sancti
1922 2891 2053 2947 illu-

407 2982 689 3040 strations
718 2981 1113 3048 sanctifica,ut
1142 2997 1524 3054 quoscunque
1555 2980 1683 3036 fons
1706 2979 2056 3036 isteloturus

408 3078 494 3128 est
526 3069 682 3127 trina
709 3070 1007 3127 ablatione
1038 3069 1274 3142 purgari
1314 3069 1739 3143 indulgentiam
1789 3069 2055 3127 omnium

409 3160 755 3217 delictorum
785 3164 888 3215 tuo
919 3175 1161 3215 munere
1192 3163 1648 3232 consequantur.
1678 3159 1804 3215 Per.

484 3250 641 3306 Alia.
675 3247 998 3321 Multiplica
1026 3247 1267 3304 Domine
1299 3247 1759 3304 benedictionem
1789 3252 1971 3315 tuam,
2005 3251 2062 3303 et

414 3338 670 3411 Spiritus
712 3337 797 3393 tui
831 3352 1072 3393 munere
1103 3338 1277 3392 tidem
1327 3342 1589 3393 nostram
1631 3337 1961 3405 corrobora,
1999 3341 2064 3391 ut

416 3427 518 3499 qui
552 3425 610 3481 in
643 3425 761 3481 haec
793 3426 1011 3482 ﬂuenta
1040 3425 1486 3493 descenderunt,
1518 3425 1577 3479 in
1623 3424 1769 3481 libro
1815 3424 1941 3480 vitae
1974 3441 2062 3480 as-

415 3516 558 3571 cribi
590 3520 926 3571 mereantur
951 3515 1010 3570 in
1044 3529 1220 3587 regno
1268 3514 1374 3570 tibi
1418 3513 1519 3570 Dei
1568 3514 1724 3571 Patri
1775 3514 1834 3569 in
1869 3531 2060 3570 resur-

414 3604 668 3662 rectione
696 3604 1032 3660 tradendos.
1066 3603 1190 3659 Per.

697 3727 846 3766 0RDO
885 3727 945 3766 ΙΝ
991 3727 1363 3767 DEDICATIONE
1402 3727 1772 3767 BAPTISTERII.

450 3791 554 3860 (Ex
583 3790 711 3847 cod.
745 3808 858 3847 ms.
900 3789 1042 3846 bibl.
1076 3790 1292 3860 Caesar,
1319 3791 1565 3848 Vindob.
1601 3808 1732 3847 saec.
1763 3808 1800 3846 x
1830 3790 1917 3847 vel
1946 3808 2024 3857 xx,

948 3878 1006 3916 n.
1048 3862 1174 3931 359,
1208 3861 1348 3918 olim
1378 3862 1527 3934 351.)

481 3968 753 4024 Primitus
791 3968 890 4040 ﬁat
917 3984 1061 4041 aqua
1101 3967 1376 4024 benedicta
1421 3984 1545 4023 cum
1592 3968 1839 4035 lwtania,
1871 3967 2063 4026 deinde

411 4058 629 4113 dicatur
656 4057 852 4114 oratio.

480 4146 867 4220 Omnipotens
898 4145 1252 4219 sempiterne
1283 4145 1437 4202 Deus
1470 4146 1600 4201 fons
1648 4146 1915 4202 omnium
1946 4146 2057 4201 vir-

413 4239 607 4292 tutum
637 4238 696 4292 et
722 4234 1023 4309 plenitudo
1039 4235 1361 4307 gratiarum
1376 4234 1614 4308 dignare
1639 4234 1747 4290 hoc
1769 4234 2059 4291 fasculum

408 4339 574 4381 sacro
586 4323 925 4397 baptismati
941 4341 1054 4397 pra!
1062 4328 1327 4397 paratum
1351 4324 1670 4395 Majestatis
1684 4328 1795 4380 tua:
1809 4341 2059 4397 prazscn-

407 4414 491 4469 tia
521 4430 886 4480 consecrare;
918 4417 977 4469 ut
1028 4413 1127 4486 qui
1173 4413 1390 4485 ubique
1440 4416 1598 4469 totus
1640 4430 1723 4481 es,
1757 4414 1931 4469 etiam
1966 4413 2060 4470 hic

408 4503 615 4559 adesse
641 4507 697 4558 te
725 4504 942 4560 nostris
976 4502 1245 4575 precibus
1275 4502 2056 4559 sentiamus.Per.Alia.Pro-

2100 4554 2141 4617 D

2136 545 2406 617 gniﬁcans
2435 546 2631 601 ostium
2664 554 2715 601 et
2738 546 3057 602 Ecclesium.

2211 634 2365 689 Deus
2397 633 2497 707 qui
2531 634 2955 689 sacrandorum
2986 633 3097 689 tibi
3128 637 3343 688 auctor
3380 648 3446 688 es
3473 647 3788 691 munerum.

2142 721 2376 778 ell‘unde
2406 739 2585 795 super
2615 722 2765 777 hanc
2819 722 3104 778 orationis
3154 722 3408 778 domum
3453 721 3795 776 benedictio-

2146 827 2279 866 nem
2310 815 2499 878 tuam,
2532 815 2596 867 ut
2627 812 2698 866 ab
2730 812 3004 867 omnibus
3024 811 3127 867 hic
3154 810 3591 866 invocantibus
3618 825 3797 864 nomen

2146 905 2343 966 tuum,
2375 900 2734 957 defensionis
2764 905 2874 956 tua:
2904 900 3195 956 auxilium
3226 902 3477 956 sentiat.
3505 900 3636 954 Per.

2219 990 2286 1044 Et
2311 996 2440 1045 tunc
2462 996 2738 1062 portantes
2764 993 3030 1062 feretrum
3058 1006 3263 1060 magno
3313 990 3533 1044 honore
3581 1004 3703 1042 cum
3738 1004 3801 1040 re-

2151 1079 2343 1151 liquiis
2373 1080 2541 1135 simul
2567 1088 2621 1136 et
2656 1081 2907 1135 crucibus
2951 1089 3003 1136 et
3053 1079 3441 1135 luminaribus
3490 1080 3803 1132 circumeast

2151 1168 2449 1224 Ecclesium
2476 1177 2725 1240 sequente
2770 1169 2913 1224 clero
2943 1168 3040 1224 has
3075 1168 3419 1239 antiphonas
3470 1168 3563 1222 vel
3614 1182 3805 1235 respua-

2149 1258 2299 1311 soria
2324 1257 2632 1329 psallenda,
2664 1265 2715 1312 et
2739 1258 2939 1329 populo
2965 1273 3090 1312 cum
3126 1256 3471 1311 mulieribus
3501 1263 3561 1310 et
3584 1254 3805 1327 perculi:

2157 1346 2311 1401 Kirie
2338 1346 2545 1401 cleison
2578 1346 2788 1401 decent.

2153 1452 2219 1506 A.
2262 1451 2494 1525 Surgite
2524 1450 2711 1507 sancti
2743 1451 2814 1506 de
2844 1451 3254 1506 mansionibus
3285 1449 3678 1517 vestris,loca
3705 1468 3808 1504 mo

2262 1540 2765 1612 ctitlcate,plebem
2799 1541 3121 1596 benedicite
3152 1546 3209 1596 et
3238 1558 3351 1596 nos
3384 1541 3681 1596 homines
3703 1558 3806 1614 pa-

2265 1634 2489 1685 catores
2520 1630 2577 1685 in
2610 1647 2750 1703 pace
2780 1630 3087 1686 custodite.
3112 1630 3272 1685 aevis.

2158 1720 2223 1774 Λ.
2265 1717 2573 1774 Ambulate
2605 1719 2791 1775 sancti
2822 1719 2921 1775 Dei
2955 1719 3025 1774 ad
3059 1719 3254 1775 locum
3300 1721 3691 1776 destinatum
3733 1720 3811 1791 qui

2264 1807 2429 1864 vobis
2458 1813 2818 1881 praeparatus
2846 1812 2937 1865 est
2966 1809 3038 1864 ab
3063 1808 3289 1881 origine
3321 1810 3573 1865 mundi.

2156 1899 2220 1954 A.
2267 1896 2472 1953 Plateae
2505 1896 2865 1953 Hierusalem
2893 1899 3236 1970 gaudebunt
3265 1903 3323 1954 et
3343 1916 3569 1956 omnes
3588 1900 3811 1970 viciejas

2267 1986 2561 2042 canticum
2593 1986 2803 2041 lzetitiae
2834 1986 3062 2041 dicunt.

2160 2076 2226 2129 Α.
2270 2076 2465 2130 Sancti
2496 2075 2581 2130 tui
2611 2075 2854 2131 Domine
2886 2075 3151 2130 mirabile
3199 2078 3514 2132 consecuti
3558 2082 3703 2134 sunt
3728 2079 3814 2131 iter

2268 2163 2583 2220 servientes
2615 2164 2914 2236 praeceptis
2943 2164 3063 2219 tuis
3093 2169 3157 2218 ut
3208 2165 3638 2222 invenirentur
3670 2166 3811 2221 inlesi

2268 2252 2327 2306 in
2360 2253 2531 2323 aquis
2559 2252 2772 2308 validis
2804 2258 2959 2308 terra
2989 2254 3261 2325 apparuit
3296 2255 3470 2311 arida
3502 2262 3567 2311 et
3597 2258 3661 2311 in
3690 2258 3812 2310 mari

2270 2340 2446 2395 rubro
2477 2341 2630 2396 viam
2661 2341 2788 2396 sine
2817 2339 3258 2413 impedimento.

2178 2431 2229 2490 ﬁ.
2271 2429 2555 2493 Quoniam
2589 2429 2879 2502 percussit
2909 2434 3135 2502 petram
3162 2436 3220 2486 et
3241 2431 3553 2487 ﬂuxerunt
3583 2450 3742 2505 aqua:
3770 2441 3811 2486 et

2269 2522 2555 2573 torrentes
2578 2518 3031 2574 inundaverunt.

2179 2613 2233 2673 Ii.
2265 2607 2656 2663 Tradiderunt
2684 2624 2928 2680 corpora
2954 2623 3064 2662 sua
3092 2613 3331 2681 prOpter
3359 2610 3558 2666 Deum
3594 2612 3667 2667 ad
3696 2628 3808 2683 sup-

2272 2694 2445 2769 plicia
2474 2700 2533 2752 et
2562 2700 2905 2751 meruerunt
2931 2696 3143 2752 habere
3186 2714 3437 2755 coronas
3489 2705 3808 2773 perpetuas.

2181 2790 2232 2850 ᾖ.
2276 2783 2375 2840 Isti
2408 2788 2549 2841 sunt
2573 2785 2672 2857 qui
2697 2790 2981 2841 venerunt
3009 2803 3078 2841 ex
3105 2803 3324 2859 magna
3352 2787 3741 2845 tribulatione
3767 2794 3809 2842 et

2273 2875 2539 2930 laverunt
2581 2874 2762 2930 stolas
2805 2891 2945 2930 suas
2975 2875 3033 2930 in
3065 2877 3358 2948 sanguine
3390 2878 3557 2949 agni.
3612 2879 3684 2934 Et
3711 2894 3810 2932 me-

2273 2967 2535 3019 ruerunt.

2181 3058 2233 3119 ἡ.
2276 3051 2470 3107 Sancti
2503 3049 2615 3106 mei
2648 3050 2748 3123 qui
2783 3050 2841 3106 in
2872 3050 2984 3106 isto
3014 3050 3229 3108 saeculo
3262 3061 3563 3110 certamen
3596 3053 3807 3110 habuis-

2280 3140 2357 3195 tis
2387 3140 2715 3195 mercedem
2748 3138 3016 3195 laborum
3046 3156 3151 3213 ego
3184 3142 3429 3197 reddam
3460 3144 3652 3199 vobis.

2195 3235 2245 3294 ᾖ.
2290 3228 2489 3284 Venite
2518 3227 2807 3283 benedicti
2840 3229 3027 3284 Patris
3059 3229 3172 3284 mei
3222 3231 3508 3304 percipite
3564 3248 3803 3306 regnum.

2278 3319 2624 3374 Mercedem.

2188 3411 2241 3471 ﬁ.
2286 3406 2675 3462 Exsultabunt
2703 3407 2888 3461 sancti
2922 3407 2981 3462 in
3013 3406 3219 3480 gloria,
3245 3407 3615 3467 laetabuntur
3642 3411 3695 3465 in
3722 3426 3799 3464 cu-

2186 3490 2191 3493 ’
2276 3496 2496 3552 bilibus
2526 3496 2672 3552 suis.
2762 3504 2769 3509 '

2189 3591 2240 3650 ᾗ.
2280 3584 2435 3642 Justi
2465 3585 2775 3659 epulantur
2803 3589 2860 3641 et
2888 3585 3146 3642 exultent
3194 3586 3256 3643 in
3288 3596 3615 3662 conSpeetu
3649 3590 3735 3649 Dei
3758 3592 3799 3642 et

2279 3674 2641 3730 delectentur
2665 3673 2726 3729 in
2766 3673 2985 3730 laetitia.

2188 3767 2239 3826 [ἢ.
2285 3761 2615 3836 Fulgebunt
2634 3763 2786 3835 justi
2819 3762 2970 3819 sicut
2999 3762 3188 3820 lilium
3219 3770 3277 3821 et
3308 3767 3626 3824 sicutrosae
3656 3765 3796 3823 Hirri-

2282 3852 2443 3907 ricbo
2475 3856 2608 3907 ante
2638 3851 2977 3907 Dominum.

2192 3945 2217 3995 II
2315 3941 2432 3996 usti
2463 3944 2657 3998 autem
2677 3940 2736 3995 in
2759 3945 3035 4013 perpetuo
3055 3941 3502 4016 vivent,etapud
3519 3944 3795 4002 Dominum

2280 4034 2369 4086 est
2396 4046 2617 4085 merces
2649 4046 2872 4085 eorum.
2906 4029 2976 4086 Et
3006 4030 3179 4087 sicut.

2240 4146 2334 4202 llis
2368 4147 2447 4202 ita
2470 4162 2571 4218 per
2599 4147 2847 4203 ordinem
2875 4148 3062 4216 gestis,
3091 4164 3216 4202 cum
3246 4149 3478 4206 redierit
3528 4154 3714 4207 iterum
3742 4145 3794 4201 ad

2169 4237 2366 4291 ostium
2400 4235 2654 4308 Ecclesia:
2678 4237 2820 4307 facto
2847 4236 3065 4292 silentio
3096 4237 3294 4293 habeat
3320 4240 3581 4313 pontifex
3610 4238 3795 4296 verbum

2167 4324 2238 4380 ad
2265 4324 2473 4396 plebem
2501 4323 2567 4380 de
2594 4325 2799 4381 honore
2822 4325 3219 4391 Ecclesiastico,
3249 4334 3305 4382 et
3348 4327 3416 4382 de
3465 4329 3704 4390 decimis,
3729 4323 3792 4380 cel

2168 4413 2531 4469 oblationibus
2572 4414 2960 4481 Ecclesiarum,
2992 4431 3057 4469 ac
3102 4414 3168 4469 de
3215 4417 3609 4473 anniversaria
3654 4416 3795 4488 ipsius

2171 4503 2427 4559 Ecclest
2472 4502 2829 4558 dedicatione.
2877 4505 2994 4575 Ipse
3043 4510 3227 4559 autem
3278 4508 3560 4562 Dommus
3602 4514 3653 4562 et
3690 4519 3790 4559 cos-

410 4592 617 4666 pitiare
648 4592 892 4648 Domine
925 4590 1156 4648 familiae
1182 4594 1380 4659 tuamet
1407 4591 2063 4664 benignushumilitatis
2100 4590 2140 4617 υ
2170 4598 2405 4647 structor
2453 4592 2624 4663 ipsius
2675 4591 2930 4649 Ecclesia
2976 4590 3333 4648 admoneatur
3377 4593 3446 4651 de
3486 4595 3607 4655 dote
3648 4594 3791 4650 illius.

409 4685 780 4738 nostrewota
808 4681 1130 4737 sanctiﬁca.
1162 4684 1219 4735 et
1245 4696 1449 4735 omnes
1477 4679 1534 4735 in
1569 4679 1676 4734 hoc
1708 4680 1863 4736 fonte
1896 4697 2059 4752 rego-

410 4769 700 4825 nerandos
728 4769 1040 4826 universali
1075 4768 1385 4841 adoptione
1416 4768 1665 4825 custodi.
1700 4768 1824 4823 Per.

485 4857 630 4911 Tunc
658 4865 910 4929 aspergat
941 4860 1120 4929 ipsum
1151 4856 1541 4927 Baptisterium
1572 4871 1718 4926 aqua
1760 4855 2056 4925 benedicta,

407 4941 609 4998 addens
657 4944 873 5001 odorem
917 4947 1147 5001 incensi.
1197 4944 1399 5001 Deinde
1460 4944 1642 4999 redeat
1692 4947 1947 5017 Pontifex
1990 4945 2061 5000 ad

405 5031 609 5087 ostium
624 5033 1009 5101 Ecclesiaembi
1035 5036 1283 5091 lxtaniw
1306 5034 1385 5088 vel
1417 5032 1605 5089 laudes
1625 5034 1771 5088 circa
1791 5035 2060 5105 feretrum

479 5221 631 5296 (A199)
678 5223 946 5296 Rrimitus
1000 5227 1101 5296 ﬁat
1144 5245 1288 5296 aqua
1337 5230 1614 5285 benedicta
1662 5246 1787 5285 cum
1834 5230 2052 5287 litania.

409 5292 629 5372 Deinde
659 5292 887 5350 dicatur
933 5292 1119 5372 oratio
1169 5292 1231 5353 Ο.
1267 5317 1316 5354 s.
1353 5301 1417 5355 D.
1455 5303 1603 5364 fons,
1635 5308 1742 5356 elc.
1779 5301 2057 5372 Sequitur

407 5366 877 5447 alia-quacum
930 5367 1439 5447 proximapostea
1488 5372 1828 5447 inscribitur
1861 5366 2053 5447 Conse-

403 5435 947 5517 oratio'fontis_0;sl
979 5436 1180 5517 .hoc
1212 5435 1395 5517 b'apt.,
1429 5449 1537 5495 etc.
1570 5460 1581 5508 ;
1616 5445 1731 5498 alia
1770 5444 2051 5517 Multiplic

404 5526 494 5575 ca,
527 5505 634 5563 etc.
662 5527 674 5574 ;
706 5508 821 5563 alia
853 5505 1189 5576 Propitiare,
1220 5505 1329 5565 etc.

645 5575 1148 5660 Dean‘tjquissi‘mo
1174 5597 1281 5660 usu
1317 5584 1691 5660 consecrandi
1716 5586 2052 5660 baptisteria

401 5645 1715 5732 Sidopii‘Apollin'arisubabeturtestimonium
1736 5645 1840 5732 lib.
1874 5675 2046 5732 Iv,ep.

400 5718 469 5776 15
501 5713 573 5769 ad
602 5713 914 5797 Elaphium
948 5733 961 5775 :
990 5715 1148 5793 Nam,
1201 5722 1422 5793 scribit,
1459 5720 1859 5800 baptisterium,
1909 5713 2051 5805 q'ubd

2169 4687 2221 4735 et
2251 4679 2466 4751 qualem
2498 4678 2757 4735 honorem
2788 4680 2870 4736 vel
2898 4697 3090 4736 curam
3122 4681 3386 4739 Ecclesiae
3429 4691 3482 4739 et
3521 4684 3790 4755 presbytm

2167 4769 2423 4824 exhibere
2451 4766 2652 4824 debeat.
2687 4770 2786 4825 Illo
2816 4777 2998 4826 autem
3020 4770 3308 4841 proﬁtente
3355 4772 3419 4826 in
3470 4774 3714 4829 omnibus
3735 4770 3791 4824 ita

2166 4873 2223 4912 se
2252 4873 2414 4926 agere
2442 4857 2578 4913 velle
2601 4859 2856 4929 pontifex
2886 4858 3004 4916 Ilaec
3039 4859 3359 4930 conﬁrmari
3405 4876 3439 4916 a
3487 4863 3598 4919 Deo
3639 4867 3788 4932 postll-

2169 4945 2313 5012 lans,
2342 4952 2630 5016 antequam
2664 4946 2833 5003 intret
2859 4946 3151 5003 Ecclesium
3179 4946 3327 5004 dicat
3353 4948 3499 5005 hanc
3524 4951 3786 5007 orationem

2167 5034 2341 5106 (200).

2163 5232 2296 5305 olim
2323 5231 2775 5305 fabricabamini,
2804 5234 3044 5305 scribitis
3062 5234 3186 5305 jam
3211 5249 3367 5305 posse
3393 5225 3778 5305 consecrariAl-

2163 5304 2311 5358 taria
2340 5320 2472 5358 vero
2505 5302 2909 5375 olim,quando
2929 5302 3627 5376 recensbaptizatistatim
3640 5302 3776 5357 etiam

2162 5376 2642 5457 communionem
2668 5376 2926 5457 corporis
2956 5381 3013 5457 et
3042 5375 3351 5457 sanguinis
3371 5375 3779 5457 Dominisum‘tj-

2163 5446 2531 5515 bantjuncta
2567 5446 2745 5499 fuisse
2772 5439 2845 5501 ex
2876 5447 2934 5502 S.
2956 5439 3184 5502 Paulini
3206 5446 3464 5502 carmine
3495 5447 3553 5501 in
3588 5439 3773 5515 Nat}.

2163 5513 2703 5590 ubi_b_uptistc_riu_m
2738 5516 3375 5590 describit,disﬁcimus.
3400 5517 3552 5590 Dum
3582 5513 3775 5590 gemina

2162 5581 2408 5671 antistes
2439 5586 2731 5671 geritillic
2762 5581 3370 5671 munera—Christidn
3400 5581 3771 5671 gcmiifosed-

2160 5660 2307 5715 itum
2341 5657 2667 5714 venerabile
2716 5664 3015 5716 consecrat
3064 5677 3229 5717 usus.
3261 5657 3529 5718 Castitico
3579 5657 3770 5714 socians

2158 5730 2255 5807 pia
2284 5734 2650 5789 sacramenta
2679 5728 3244 5804 lavacro.Ejusmodi
3279 5736 3371 5789 est
3399 5728 3767 5806 baptisterium
