3892 6212
105 391 242 454 1041

1177 383 1654 450 DENEDIGTIO
1699 387 1915 450 SALIS
1960 389 2058 451 ET
2102 383 2362 463 ΑΟΗίΕ.

3327 391 3482 456 1042

95 529 258 604 stigia
287 527 369 585 vel
404 528 670 600 portenta
701 521 918 581 inimici
944 526 1000 581 et
1024 521 1289 580 omnium
1321 525 1718 578 monstrorum
1748 521 1805 589 Α
1833 537 1961 577 rum
1999 522 2265 580 custodia
2295 540 2526 598 semper
2568 522 2708 581 inibi
2762 542 3042 584 mansura
3089 525 3390 598 consistat,
3424 530 3483 584 te

95 636 312 694 genera,
344 616 576 690 longius
607 615 779 670 faciat
825 613 1088 687 etfugari.
1124 612 1472 669 Cravedines
1503 626 1729 694 omnes,

93 690 908 782 phantasiasquecompeseat,
927 708 984 760 et
1005 720 1108 776 per
1131 703 1366 776 signum
1390 701 1576 757 erucis
1601 690 1727 756 Filii
1768 710 1773 714 ‘

91 798 169 854 tui
199 795 423 852 Domini
457 794 637 850 nostri
672 795 778 850 Ihu
799 793 903 864 Xpi
927 792 1171 848 tutelam
1200 791 1603 848 ﬁdelissimam
1637 791 1734 845 de'

93 885 476 944 siderantibus
509 886 754 956 praestet.
783 883 888 938 Per
916 882 1208 937 eumdem.

611 1014 973 1054 EXORCISMUS
1005 1014 1190 1061 AQUE.
1235 1006 1246 1012 ’

153 1109 386 1166 Discede
417 1106 720 1162 immunda
751 1105 995 1178 spiritus
1023 1104 1094 1160 ab
1118 1103 1392 1159 omnibus
1417 1104 1632 1176 quibus
1664 1104 1726 1158 ﬁ-

89 1202 184 1256 des
215 1203 411 1253 nostra
438 1212 620 1251 usura
649 1198 738 1250 est
769 1193 1066 1266 religionis
1097 1192 1271 1248 ofﬁcii
1318 1194 1720 1249 sacramentis.

90 1291 194 1345 Nec
215 1286 539 1360 praetendas
558 1283 788 1356 culpam
812 1281 1095 1350 criminis,
1121 1282 1220 1354 qui
1238 1283 1505 1354 agnoscis
1530 1286 1726 1354 poten-

87 1381 218 1434 tiam
249 1374 570 1431 salvatoris.
594 1374 718 1428 Non
752 1387 844 1427 ese
872 1371 1062 1427 meriti
1085 1371 1434 1427 confidentia
1456 1373 1556 1426 sed
1582 1389 1722 1443 prae-

87 1469 248 1540 cepti,
283 1466 416 1521 licet
444 1465 574 1536 ipsa
614 1465 876 1535 potestas
930 1461 1260 1533 mysterii...
1294 1461 1374 1515 Te
1415 1458 1595 1533 igitur
1624 1478 1727 1534 per

82 1571 443 1613 communem
468 1552 804 1615 Dominum,
829 1567 993 1624 aqua:
1025 1553 1291 1604 creatura
1322 1550 1622 1615 convenio,
1659 1554 1724 1605 ut

81 1661 410 1703 conservare
441 1647 665 1697 motum
690 1639 1100 1695 sensibilitatis
1132 1637 1486 1711 intelligens,
1510 1639 1720 1708 subjici

83 1735 310 1792 servicio
343 1749 458 1805 quo
491 1729 720 1803 placare
770 1729 952 1784 Deum
1002 1728 1248 1782 nitimur
1299 1744 1414 1782 non
1466 1744 1718 1793 recuses,

77 1841 299 1882 omnem
324 1841 358 1878 a
378 1827 434 1876 te
464 1822 793 1876 daemonum
828 1815 1320 1886 communionem,
1349 1832 1521 1872 omne
1553 1816 1722 1872 colle-

77 1917 227 1988 gium
259 1908 588 1983 iniquitatis
622 1923 930 1979 expurges,
961 1909 1143 1961 totam
1177 1905 1605 1978 phantasmatis
1636 1905 1722 1962 la-
1754 1889 1800 1954 B

79 2006 221 2071 hem,
254 2018 439 2074 capax
486 1997 794 2053 Dominicae
842 1994 1222 2068 protectionis
1252 1993 1621 2060 extermines,
1655 2000 1720 2051 ut

77 2094 253 2167 gratia
277 2085 763 2147 sanctificationis
783 2085 1013 2156 adepta,
1037 2088 1138 2138 tuo
1161 2086 1474 2154 nostroque
1505 2083 1720 2155 pariter

78 2180 308 2238 creatori
350 2177 704 2241 deserviens,
757 2189 991 2229 omnem
1045 2172 1360 2244 spirituum
1408 2189 1716 2243 pravorum

75 2269 386 2343 nequitiam
411 2267 484 2321 ab
506 2264 616 2320 hoc
645 2261 910 2318 Ecclesiae
932 2259 1193 2332 dejicias,
1210 2264 1266 2315 et
1291 2260 1348 2314 in
1373 2277 1720 2332 quocunque

73 2359 189 2416 loco
222 2357 404 2413 fueris
447 2371 705 2425 aspersa,
740 2356 954 2406 sanctae
1012 2350 1238 2422 copiam
1299 2348 1718 2405 benedictionis

73 2449 327 2504 inducas.
349 2446 668 2501 Praistante
693 2441 820 2513 ipso
843 2440 1089 2496 Domino
1122 2439 1488 2510 redemptore
1520 2442 1718 2494 nostro

70 2539 169 2595 Ihu
201 2537 340 2608 Xpo,
375 2533 480 2605 qui
528 2548 661 2586 cum
701 2531 864 2585 Patre
895 2533 952 2583 et
981 2527 1200 2599 Spiritu
1233 2531 1431 2583 sancto
1481 2527 1622 2582 vivit
1663 2532 1721 2583 et

73 2630 269 2700 regnat
298 2626 358 2678 in
395 2619 608 2678 saecula
639 2617 1006 2683 seculorum,
1041 2633 1233 2671 amen.

629 2749 938 2790 BENEDICTO
976 2749 1158 2795 AQUE.

138 2846 382 2904 Benedic
431 2843 672 2899 Domine
713 2842 865 2896 hanc
908 2855 1120 2912 aquam
1167 2836 1568 2893 benedictione
1607 2855 1717 2893 cce-

69 2938 214 3004 l'esti,
248 2941 305 2993 et
333 2934 578 2991 assistat
608 2947 785 3002 super
811 2946 941 2985 eam
973 2933 1078 2984 etc.
1113 2935 1172 2982 ut
1221 2929 1277 2982 in
1318 2927 1628 2999 pontiﬁcali
1656 2927 1720 2982 de

73 3027 438 3084 benedictione
466 3034 764 3093 campanae.

477 3112 580 3168 Hic
607 3111 867 3164 mittatur
892 3107 979 3161 sal
1009 3108 1066 3162 in
1093 3121 1314 3177 aquam.

134 3207 257 3262 Fiat
288 3203 417 3259 haec
446 3197 778 3256 commixtio
808 3201 866 3251 et
895 3194 1251 3250 consecratio
1297 3191 1438 3248 salis
1467 3196 1525 3248 et
1552 3207 1717 3263 aqua;

67 3296 122 3351 in
155 3295 395 3351 nomine
429 3289 615 3346 Patris
646 3292 703 3343 et
734 3285 862 3342 Filii
893 3289 950 3340 et
978 3283 1231 3356 Spiritus
1263 3281 1476 3338 Sancti.

486 3379 672 3434 Oratio
700 3383 816 3448 post
845 3374 1300 3430 commixtionem.

132 3471 524 3544 Omnipotens
542 3472 752 3522 aeterne
774 3465 949 3527 Deus,
969 3462 1068 3534 qui
1103 3461 1270 3516 nobis
1293 3464 1402 3516 ate
1422 3459 1715 3514 conditam

64 3567 394 3619 creaturam
419 3574 584 3628 aqua:
603 3554 801 3610 vividae
825 3550 1165 3615 distinxisti,
1188 3554 1251 3604 ut
1271 3549 1558 3620 liquorem
1581 3548 1718 3603 sim-

62 3652 267 3724 plicem
302 3649 377 3704 ad
413 3646 732 3708 lavacrum,
764 3640 981 3697 salsam
1029 3638 1383 3694 soliditatem
1435 3638 1718 3708 praebcres

61 3723 129 3796 ad
156 3735 923 3804 condimentum,quatenus
947 3732 1003 3784 et
1023 3727 1261 3783 sordida
1279 3731 1516 3798 possent
1536 3723 1718 3790 ablui,

61 3835 114 3885 et
139 3831 301 3884 fatua
325 3823 538 3888 imbui,
555 3838 668 3894 quo
694 3824 750 3876 et
777 3819 947 3874 noxia
977 3816 1319 3873 tollerentur
1343 3819 1399 3870 et
1419 3811 1721 3887 originalis

62 3917 459 3990 corrigeretur
486 3928 646 3967 error
676 3909 746 3964 ad
779 3907 932 3962 viam
965 3904 1192 3962 salutis.
1218 3904 1294 3959 Te
1325 3903 1502 3959 ofﬁcii
1537 3902 1719 3957 nostri

67 4007 434 4062 {unctionem
483 3997 760 4055 immeriti
792 3997 1190 4068 deprecemur,
1223 3998 1287 4048 ut
1330 3992 1449 4046 haec
1498 3991 1638 4047 salis
1669 3995 1724 4044 et

63 4113 228 4168 aqua:
263 4095 321 4148 in
345 4097 450 4147 tuo
475 4088 708 4144 nomine
738 4086 890 4140 facta
914 4081 1238 4156 permixtio,
1267 4080 1585 4136 clementiae
1612 4085 1724 4134 tuae

65 4186 215 4240 dono
249 4180 677 4243 sanctiticetur,
710 4176 782 4230 ad
835 4171 1266 4244 puriﬁcandum
1317 4169 1424 4224 hoc
1473 4168 1724 4223 ecclesia

63 4274 328 4347 signum,
355 4267 632 4340 quodque
662 4260 1124 4319 ministerialiter
1153 4258 1443 4329 baptismo
1475 4273 1727 4312 commo-

63 4345 231 4429 dum,
256 4359 448 4430 culpa:
479 4354 787 4410 inimicum
811 4349 1108 4422 sapientiae
1133 4345 1553 4419 aptum,errori
1590 4362 1726 4417 prie-
1777 4375 1782 4379 ~

62 4457 184 4508 stas
218 4450 560 4509 adversum,
603 4441 788 4498 sancti
835 4437 1089 4510 Spiritus
1137 4436 1220 4492 tui
1272 4434 1728 4490 sanctiﬁcatione

63 4541 280 4596 reddas
314 4533 772 4596 sanctiﬁcatum,
808 4545 913 4583 nec
962 4525 1080 4582 ullo
1134 4524 1402 4596 contagio
1451 4523 1729 4578 reddatur

62 4621 622 4694 inmundum,quod
657 4625 758 4674 tua
789 4615 913 4672 ﬁeri
943 4615 1238 4670 credimus
1265 4612 1570 4682 majestate
1601 4610 1726 4666 bea-
1757 4618 1805 4682 Ι)

64 4725 213 4781 tum,
241 4715 349 4770 sed
389 4713 469 4765 ita
499 4727 600 4782 per
631 4713 687 4763 te
710 4707 946 4780 plenum
971 4703 1222 4776 praibeat
1253 4699 1730 4756 sanctiﬁcationis

63 4807 370 4864 effectum,
397 4805 459 4855 ut
492 4798 824 4868 ubicunque
858 4794 1120 4848 invocato
1154 4795 1252 4844 tuo
1285 4787 1517 4844 nomine
1552 4804 1730 4841 manu

61 4895 244 4951 fuerit
275 4889 591 4954 emissum,
623 4884 715 4940 vel
748 4883 921 4939 modo
967 4879 1227 4952 quolibet
1272 4881 1603 4932 assumtum
1636 4891 1730 4929 ex-

62 4981 261 5055 pulsis
294 4983 359 5034 et
389 4974 642 5047 explosis
671 4971 950 5028 omnibus
980 4967 1210 5024 insidiis
1241 4964 1539 5020 contrariae
1572 4967 1731 5034 pote-

63 5053 240 5126 statis
266 5083 389 5124 non
414 5063 605 5120 solum
629 5059 917 5116 diabolica
945 5056 1415 5113 machinamenta
1440 5070 1508 5108 ex
1528 5053 1730 5108 eodem

63 5159 192 5214 loco
227 5157 440 5228 fugata
469 5151 760 5218 deﬁciant,
791 5148 892 5204 sed
923 5147 1098 5202 etiam
1130 5147 1466 5200 sanctorum
1500 5139 1732 5212 angelo-

139 5279 301 5352 (204)
391 5277 796 5352 (ἰτὲεειζςημέχᾳς
835 5275 1068 5352 ἁγιασμὸς
1125 5266 1341 5352 dicitur
1413 5263 1734 5352 benedictio

66 5337 242 5422 aquae
284 5337 664 5422 [baptismalis'
694 5337 834 5422 olim
881 5337 1301 5422 ip‘per'vigilioz
1337 5337 1577 5422 nuncin
1612 5337 1736 5415 ipso

67 5407 165 5488 die
201 5407 548 5492 Epipbaniaa
580 5415 808 5492 Domini
838 5407 1734 5492 celebratur.Yid.t.ll,disquis.

67 5478 137 5558 (θ’
177 5511 230 5546 ο,
253 5478 339 5557 '1;
367 5507 421 5542 η,
449 5491 537 5552 18,
564 5488 660 5541 ubi
694 5487 764 5540 de
794 5483 975 5558 veteri
1005 5500 1110 5558 usu
1145 5479 1423 5558 solemnis
1451 5478 1736 5558 baptismi

71 5549 235 5636 apud
275 5549 390 5616 n'os
419 5549 592 5636 etiam
627 5559 853 5636 infesto
878 5549 1460 5636 Epiphaniaa‘Domini
1486 5566 1551 5601 ac
1576 5549 1740 5636 bellic-

72 5617 348 5691 dictione
381 5647 540 5701 aqua:
575 5617 1181 5701 hodie_rna,_c._'um‘quha
1211 5621 1316 5674 hoc
1350 5620 1405 5701 in
1442 5617 1740 5701 nonnullis

75 5688 388 5761 convenit.
416 5688 628 5755 Locum
671 5699 750 5770 ibi
787 5688 1509 5770 p.l439_S:'_Cl_i_rysostomi
1545 5688 1737 5742 attuli-

74 5793 219 5834 mus
242 5775 321 5831 de
344 5771 591 5827 miriﬁca
611 5761 969 5840 hujus-aquae
994 5761 1318 5821 inﬁdelium
1336 5761 1607 5816 domibus
1628 5776 1740 5812 ser-

1840 617 2150 683 praastante
2194 614 2592 686 omnipotente
2640 615 2776 683 Deo,
2801 616 2899 688 qui
2945 633 3078 672 eum
3128 616 3269 673 Filio
3297 621 3398 673 tuo
3429 621 3485 674 et

1839 700 2059 772 Spiritu
2092 707 2292 758 sancto
2325 721 2534 776 regnas
2565 705 2621 759 in
2655 705 2866 760 saecula
2897 705 3267 771 seculorum,
3290 723 3482 762 amen.

1908 795 2037 846 Post
2057 791 2174 847 haec
2197 801 2492 847 cantari-tur
2513 794 2718 864 psalmi
2740 796 2835 850 isti
2859 813 2876 849 :
2910 795 3110 850 Lauda
3139 795 3336 850 anima
3357 812 3488 850 mea

1837 878 2172 936 Dominum.
2191 881 2446 936 Laudate
2469 883 2782 938 Dominum
2806 882 3083 955 quoniam
3108 884 3318 939 bonus.
3336 884 3485 940 Lau-

1835 967 1911 1023 da
1931 967 2290 1024 Hierusalem
2315 970 2649 1025 Dominum.
2671 971 2928 1026 Laudate
2948 971 3263 1027 Dominum
3286 973 3357 1028 de
3378 989 3486 1028 cm-

1834 1055 1928 1112 lis.
1951 1057 2190 1112 Caritate
2210 1059 2455 1114 Domino
2477 1059 2790 1115 canticum.
2813 1061 3068 1116 Laudate
3083 1061 3396 1116 Dominum
3422 1061 3483 1115 in

1834 1147 2054 1200 sanctis
2077 1147 2225 1217 ejus.
2243 1147 2350 1215 Qui
2367 1147 2498 1202 dum
2517 1155 2810 1203 cantantur
2830 1149 2970 1204 lavet
2985 1150 3238 1220 pontifex
3259 1150 3483 1217 signum

1831 1234 1896 1290 de
1920 1251 2063 1307 aqua
2097 1236 2369 1292 benedicta
2396 1244 2448 1291 et
2487 1237 2602 1292 sale
2649 1235 2920 1292 benedicto
2966 1252 3091 1292 cum
3135 1238 3250 1292 oleo
3296 1245 3481 1293 sancto

1830 1340 2014 1379 cruces
2045 1326 2104 1378 in
2133 1341 2192 1379 eo
2220 1326 2471 1394 faciendo
2497 1333 2547 1380 et
2574 1325 2720 1380 dicat
2764 1326 2905 1380 hanc
2946 1327 3246 1381 orationem
3277 1345 3295 1381 :
3329 1330 3480 1381 Deus

1833 1413 1931 1484 qui
1966 1430 2067 1485 per
2094 1413 2328 1468 beatum
2361 1414 2595 1482 Moysen
2637 1413 2942 1487 legiferum
2972 1415 3145 1470 tubas
3175 1420 3481 1487 argenteas

1834 1502 1956 1556 ﬁeri
1984 1501 2303 1573 pracepisti
2329 1505 2436 1557 etc.
2461 1509 2522 1556 ut
2546 1503 2602 1556 in
2623 1503 2930 1573 pontiﬁcali
2957 1518 3124 1573 usque
3142 1503 3211 1558 ad
3237 1503 3338 1558 illa
3360 1519 3479 1558 ver-

1833 1589 2105 1645 ba:Ante
2136 1595 2351 1646 sanctae
2383 1591 2573 1646 erucis
2617 1591 2675 1645 in
2727 1607 2792 1646 eo
2841 1591 3137 1662 depictum
3179 1591 3476 1647 vexillum.

1829 1679 1930 1734 ubi
1955 1681 2074 1736 haec
2100 1681 2276 1734 oratio
2293 1681 2508 1749 ﬁnitur,
2534 1681 2748 1735 omissis
2770 1680 2914 1742 illis,
2942 1695 3068 1751 qua:
3091 1681 3150 1735 in
3179 1681 3482 1752 pontiﬁcali

1831 1768 2127 1824 adduntur.
2163 1767 2255 1823 cui
2287 1769 2540 1823 flectitur
2569 1785 2742 1824 omne
2772 1785 2924 1841 genu
2955 1775 3062 1824 etc.

1907 1859 2049 1912 Tunc
2077 1866 2324 1926 extergat
2355 1858 2496 1912 illud
2537 1874 2661 1918 cum
2707 1859 2874 1913 linteo
2919 1857 3122 1913 mundo
3147 1866 3199 1912 et
3223 1867 3481 1914 cantatur

1827 1948 2126 2018 antiphona
2156 1964 2174 2001 :
2206 1950 2328 2002 Vox
2360 1945 2590 2001 Domini
2629 1963 2806 2018 super
2835 1962 3038 2016 aquas,
3074 1946 3227 2001 Deus
3261 1949 3476 2018 majes-

1827 2033 2539 2090 tatisintonuit.Dominus
2555 2049 2733 2104 super
2747 2049 2932 2103 aquas
2955 2031 3476 2089 multas.Psal.Vox

1827 2122 2057 2180 Domini
2080 2122 2138 2176 in
2161 2121 2389 2176 virtute.
2414 2137 2583 2192 usque
2603 2120 2673 2175 ad
2695 2120 2866 2191 ﬁnem
2889 2121 3096 2191 psalmi
3112 2137 3237 2176 cum
3257 2121 3472 2180 Gloria.

1899 2214 2024 2266 Post
2053 2213 2170 2268 haec
2198 2217 2392 2281 tangat
2437 2204 2578 2263 illud
2623 2225 2745 2263 cum
2790 2208 3098 2280 chrysmate
3127 2227 3162 2263 a
3190 2211 3328 2280 foris
3359 2228 3469 2283 sep-

1828 2302 1949 2364 ties,
1975 2302 2122 2354 intus
2151 2307 2343 2371 quater
2366 2306 2418 2353 et
2449 2297 2592 2352 dicat
2629 2299 2768 2352 hanc
2813 2298 3116 2352 orationem
3146 2316 3164 2352 :
3198 2297 3474 2372 Omnipo-

1829 2394 1960 2446 tens
1989 2388 2342 2460 sempiterno
2373 2387 2548 2451 Deus,
2573 2385 2672 2457 qui
2695 2391 2829 2441 ante
2860 2401 3056 2441 arcam
3088 2386 3340 2456 foederis,
3363 2392 3473 2444 etc.

1827 2486 1889 2534 ut
1917 2480 1976 2534 in
2003 2477 2331 2549 pontiﬁcali.

1905 2569 2048 2622 Tunc
2073 2573 2314 2637 ponatur
2363 2566 2423 2619 in
2465 2565 2769 2619 incensorio
2814 2565 2958 2632 ignis
3007 2571 3057 2618 et
3102 2565 3478 2622 thimiamatus

1827 2664 1878 2712 et
1904 2658 2099 2719 mirra,
2147 2662 2198 2709 et
2238 2656 2483 2724 erigatur
2527 2653 2748 2724 signum
2786 2668 2951 2722 super
3000 2654 3387 2719 incensorium,
3420 2663 3480 2710 ut

1829 2753 1995 2801 totum
2036 2744 2194 2799 illam
2247 2744 2465 2812 fumum
2509 2741 2730 2812 colligat
2784 2748 2836 2796 et
2887 2741 3104 2796 dicatur
3153 2742 3474 2814 antiphona.

1828 2835 1981 2890 Deus
2012 2834 2070 2887 in
2103 2836 2304 2888 sancto
2352 2831 2444 2886 via
2489 2835 2608 2894 tua,
2642 2828 2774 2901 quis
2827 2830 2981 2884 Deus
3026 2846 3278 2903 magnus
3325 2833 3479 2888 sicut

1826 2923 1980 2979 Deus
2012 2927 2229 2978 noster.
2261 2919 2550 2974 Viderunt
2591 2925 2647 2973 te
2687 2935 2851 2990 aqua:
2899 2917 3075 2974 Deus.
3109 2935 3279 2990 usque
3309 2921 3380 2976 ad
3406 2923 3474 2992 ﬁ-

1825 3029 1949 3067 nem
1976 3011 2180 3082 psalmi
2207 3025 2329 3064 cum
2352 3007 2566 3063 Gloria.

1897 3099 2281 3170 Omnipotens
2321 3096 2661 3152 Dominator
2690 3095 2828 3166 Xpe,
2863 3111 2976 3166 quo
3022 3095 3346 3152 secundum
3380 3113 3473 3154 as-

1827 3188 2182 3246 sumtionem
2216 3184 2412 3240 carnis
2454 3181 2777 3239 dormiente
2809 3183 2865 3237 in
2906 3183 3056 3251 navi,
3082 3184 3221 3239 dum
3274 3185 3478 3243 oborta

1747 3253 1788 3319 C
1826 3281 2145 3348 tempestas
2177 3273 2363 3329 maria
2383 3273 2791 3329 conturbasset
2815 3289 2827 3326 :
2853 3276 2911 3326 te
2942 3271 3210 3343 protinus
3230 3273 3477 3330 excitato

1825 3372 1882 3423 et
1909 3365 2234 3438 imperante
2275 3359 2550 3418 dissiluit.
2573 3361 2656 3415 Tu
2691 3360 3094 3416 necessatibus
3137 3361 3335 3432 populi
3366 3362 3474 3431 tui,

1826 3454 2118 3527 benignus
2139 3454 2514 3518 succurre,tu
2535 3449 2643 3505 hoc
2664 3449 3131 3504 tintinnabulum
3149 3450 3336 3505 sancti
3353 3450 3479 3523 Spi-

1828 3545 1975 3599 ritus
2008 3559 2133 3597 rore
2172 3540 2476 3614 perfunde,
2510 3543 2574 3593 ut
2604 3542 2737 3593 ante
2769 3537 3026 3594 sonitum
3057 3537 3217 3594 illius
3248 3556 3480 3612 semper

1829 3632 2015 3706 tugiat
2046 3629 2340 3697 inimicus,
2373 3627 2648 3682 inv.tetur
2677 3628 2748 3682 ad
2795 3627 2968 3682 ﬁdem
3010 3626 3262 3700 pepulus
3292 3628 3477 3698 Xnus,

1829 3719 2061 3777 hostilis
2092 3720 2376 3774 terreatur
2409 3715 2716 3782 exercitus,
2752 3715 3110 3770 confortetur
3141 3716 3199 3771 in
3231 3717 3478 3774 Domino

1831 3827 1932 3883 per
1961 3825 2094 3865 eum
2128 3804 2380 3879 populus
2410 3808 2703 3870 evocatus,
2737 3808 2913 3876 atque
2943 3803 3095 3860 sicut
3123 3821 3227 3876 per
3253 3806 3481 3860 Davidi-

1831 3916 1960 3955 cam
1992 3896 2289 3970 cytharam
2315 3893 2639 3950 delectatus
2670 3893 2920 3966 desuper
2949 3894 3266 3950 descendat
3297 3894 3480 3967 Spiri-

1830 3992 1928 4044 tus
1971 3991 2230 4053 sanctus,
2260 3988 2435 4056 atque
2494 3987 2560 4038 ut
2605 3981 2876 4038 Samuele
2925 3982 3212 4054 crinigero
3259 4000 3479 4055 agnum

1832 4079 2124 4132 mactante
2152 4074 2208 4128 in
2245 4073 2584 4128 bolocausto
2615 4087 2722 4125 suo
2754 4088 2850 4125 rex
2881 4070 3078 4126 aeterni
3103 4071 3334 4142 imperii
3366 4073 3481 4127 fra-

1833 4182 1970 4238 gore
1991 4179 2266 4219 aurarum
2292 4162 2526 4216 turbam
2551 4158 2765 4231 repulit
2788 4159 3212 4225 adversantem,
3238 4159 3319 4214 ita
3341 4161 3482 4214 dum

1835 4255 2012 4324 bujus
2042 4251 2261 4306 vasculi
2304 4249 2532 4304 sonitus
2573 4248 2784 4302 transit
2831 4264 2946 4318 per
2980 4246 3183 4302 nubila
3227 4247 3482 4303 ecclesiae

1834 4347 1948 4398 tuae
1979 4344 2297 4397 conventus
2319 4335 2672 4402 consoletur,
2697 4352 2874 4389 manu
2899 4339 3202 4390 serventur
3221 4334 3486 4407 angelica

1835 4431 2053 4503 fruges,
2084 4426 2447 4483 credentium
2497 4429 2725 4479 mentes
2756 4428 2812 4478 et
2842 4439 3085 4495 corpora
3122 4421 3303 4479 salvet
3350 4441 3484 4496 pro-

1835 4519 2008 4576 tectio
2040 4515 2413 4587 sempiterna.
2450 4513 2554 4568 Per
2583 4515 2638 4566 te
2670 4511 2932 4567 Salvator
2963 4512 3189 4566 mundi.

1908 4623 2141 4681 MAJOR
2174 4621 2322 4693 (204)
2357 4617 2782 4675 BENEDICTIO
2822 4617 3033 4683 AQU/E
3062 4619 3154 4673 ET
3189 4617 3410 4674 SALIS.

1875 4716 1991 4788 (Ea:
2015 4711 2206 4770 Codice
2246 4727 2376 4788 msc.
2416 4707 3198 4788 Τὴεοιλὲἱὸι..βιτδλ-γίῃάοὸ.
3232 4723 3358 4763 saec.
3392 4725 3447 4775 x,

2265 4781 2347 4836 vel
2378 4798 2453 4847 ιι,
2486 4797 2544 4834 n.
2577 4781 2700 4844 359,
2733 4779 2868 4833 olim
2909 4777 3061 4849 351.)

1913 4879 2062 4928 Deus
2093 4871 2150 4926 in
2191 4868 2546 4941 adjutorium
2597 4883 2792 4922 meum
2838 4867 3094 4932 intende,
3117 4882 3240 4921 cum
3271 4865 3485 4922 Gloria.

1843 4969 1915 5019 Α.
1939 4962 2068 5017 Haec
2097 4963 2186 5015 est
2231 4957 2547 5030 generatio.
2573 4957 2662 5010 Ps.
2701 4954 2927 5010 Domini
2961 4959 3048 5010 est
3078 4960 3250 5011 terra.
3284 4954 3491 5012 Atl‘erte

1841 5049 2110 5107 Domino.
2144 5049 2363 5119 Ipsum.
2394 5051 2461 5100 Α.
2491 5043 2824 5098 Secundum
2859 5060 3135 5116 magnam
3167 5043 3491 5100 misericor-

1842 5138 2019 5195 diam.
2048 5138 2135 5190 Ps.
2185 5135 2457 5190 Miserere
2513 5131 2628 5186 mei
2682 5132 2835 5186 Deus
2893 5133 3238 5188 secundum.
3290 5133 3492 5190 Deinde

1842 5266 1984 5318 vatse
2017 5261 2245 5314 virtute.
2278 5257 2436 5312 Idem
2468 5260 2510 5310 t.
2543 5254 2685 5317 VIII,
2722 5272 2856 5327 opp.
2893 5273 2947 5326 p.
2983 5257 3104 5324 433,
3131 5256 3496 5327 moriscorn.

1846 5333 2042 5388 munis
2076 5329 2582 5405 m_eminit,manus
2605 5331 2736 5405 ante
2762 5325 3099 5405 ingressum
3129 5325 3495 5405 ecclesiae'la-

1844 5404 2040 5469 vandi,
2074 5402 2144 5456 ad
2191 5416 2365 5470 quem
2400 5398 2457 5452 in
2493 5395 2886 5470 usumi’ontcs
2921 5399 3144 5470 (eodem
3197 5413 3330 5451 eum
3357 5395 3494 5470 aliis

1847 5480 1991 5530 teste
2027 5466 2066 5527 t.
2102 5466 2279 5540 lllfp.
2305 5470 2428 5532 289)
2461 5470 2532 5523 ad
2583 5466 2958 5523 ecclesiarum
2994 5469 3155 5540 atria
3184 5466 3493 5540 erant_(ta-

1849 5547 1960 5599 lem
1995 5534 2317 5599 etiamnum
2351 5541 2542 5594 videre
2582 5546 2667 5594 est
2699 5542 2756 5594 in
2790 5540 2978 5594 vicina
3024 5537 3192 5592 nobis
3241 5534 3500 5591 Ecclesia

1851 5635 1903 5688 pi
1922 5615 2127 5670 imaria
2161 5612 2661 5688 I*‘r1bur_gcnsi_)_uti
2690 5627 2843 5688 nunc
2867 5611 2938 5688 ad
2961 5601 3498 5688 aspersionetrfsal-

1851 5678 1964 5743 tem
1997 5701 2130 5738 vasa
2175 5701 2325 5754 aqua
2367 5678 2669 5755 benedicta
2720 5678 3328 5755 repleta._Pe_rseve.rat
3368 5692 3500 5755 vero

1852 5777 1978 5814 mos
2010 5743 2242 5810 lavandi
2273 5770 2483 5809 manus
2527 5753 2582 5806 in
2627 5753 2756 5822 ipsa
2784 5743 2988 5820 synaxi
3019 5749 3092 5803 ab
3123 5743 3383 5801 ecclesias
3414 5746 3502 5802 in-
