  <div class='ocr_page' id='page_1' title='image "/cluster/home/n/w/nwhite01/storage/ocr_20150623/138/uva.x000829786/531.png"; bbox 0 0 3892 6212; ppageno 0'>
   <div class='ocr_carea' id='block_1_1' title="bbox 332 349 487 415">
    <p class='ocr_par' dir='ltr' id='par_1_1' title="bbox 332 349 487 415">
     <span class='ocr_line' id='line_1_1' title="bbox 332 349 487 415; baseline -0.013 -2"><span class='ocrx_word' id='word_1_1' title='bbox 332 349 487 415; x_wconf 75' lang='grc'>1043</span> 
     </span>
    </p>
   </div>
   <div class='ocr_carea' id='block_1_2' title="bbox 330 475 2059 555">
    <p class='ocr_par' dir='ltr' id='par_1_2' title="bbox 330 475 2059 555">
     <span class='ocr_line' id='line_1_2' title="bbox 330 475 2059 555; baseline -0.009 -14"><span class='ocrx_word' id='word_1_2' title='bbox 330 486 611 542; x_wconf 78' lang='lat' dir='ltr'>letaniam.</span> <span class='ocrx_word' id='word_1_3' title='bbox 647 481 815 555; x_wconf 85' lang='lat' dir='ltr'>Kyrie</span> <span class='ocrx_word' id='word_1_4' title='bbox 848 481 1086 539; x_wconf 87' lang='lat' dir='ltr'>eleison.</span> <span class='ocrx_word' id='word_1_5' title='bbox 1122 480 1481 553; x_wconf 74' lang='lat' dir='ltr'>Xpecleison.</span> <span class='ocrx_word' id='word_1_6' title='bbox 1516 479 1632 549; x_wconf 75' lang='lat' dir='ltr'>Xpe</span> <span class='ocrx_word' id='word_1_7' title='bbox 1677 476 1808 532; x_wconf 84' lang='lat' dir='ltr'>audi</span> <span class='ocrx_word' id='word_1_8' title='bbox 1848 492 1970 530; x_wconf 77' lang='lat' dir='ltr'>nos.</span> <span class='ocrx_word' id='word_1_9' title='bbox 2004 475 2059 541; x_wconf 77' lang='grc' dir='ltr'><strong>Α</strong></span> 
     </span>
    </p>
   </div>
   <div class='ocr_carea' id='block_1_3' title="bbox 329 565 1977 645">
    <p class='ocr_par' dir='ltr' id='par_1_3' title="bbox 329 565 1977 645">
     <span class='ocr_line' id='line_1_3' title="bbox 329 565 1977 645; baseline -0.008 -13"><span class='ocrx_word' id='word_1_10' title='bbox 329 576 440 632; x_wconf 86' lang='lat' dir='ltr'>Sea</span> <span class='ocrx_word' id='word_1_11' title='bbox 470 575 652 631; x_wconf 83' lang='lat' dir='ltr'>Maria</span> <span class='ocrx_word' id='word_1_12' title='bbox 688 590 792 629; x_wconf 93' lang='lat' dir='ltr'>ora</span> <span class='ocrx_word' id='word_1_13' title='bbox 836 588 942 645; x_wconf 86' lang='lat' dir='ltr'>pro</span> <span class='ocrx_word' id='word_1_14' title='bbox 991 572 1181 627; x_wconf 87' lang='lat' dir='ltr'>nobis.</span> <span class='ocrx_word' id='word_1_15' title='bbox 1226 569 1431 626; x_wconf 78' lang='lat' dir='ltr'><strong><em>Deinde</em></strong></span> <span class='ocrx_word' id='word_1_16' title='bbox 1473 568 1757 623; x_wconf 86' lang='lat' dir='ltr'>Dominus</span> <span class='ocrx_word' id='word_1_17' title='bbox 1787 565 1977 620; x_wconf 86' lang='lat' dir='ltr'>vobis-</span> 
     </span>
    </p>
   </div>
   <div class='ocr_carea' id='block_1_4' title="bbox 330 662 1132 735">
    <p class='ocr_par' dir='ltr' id='par_1_4' title="bbox 330 662 1132 735">
     <span class='ocr_line' id='line_1_4' title="bbox 330 662 1132 735; baseline -0.006 -15"><span class='ocrx_word' id='word_1_18' title='bbox 330 681 488 721; x_wconf 87' lang='lat' dir='ltr'>cum.</span> <span class='ocrx_word' id='word_1_19' title='bbox 519 668 576 719; x_wconf 91' lang='lat' dir='ltr'>et</span> <span class='ocrx_word' id='word_1_20' title='bbox 606 679 740 719; x_wconf 88' lang='lat' dir='ltr'>cum</span> <span class='ocrx_word' id='word_1_21' title='bbox 773 662 982 735; x_wconf 84' lang='lat' dir='ltr'>spiritu</span> <span class='ocrx_word' id='word_1_22' title='bbox 1012 665 1132 716; x_wconf 88' lang='lat' dir='ltr'>tuo.</span> 
     </span>
    </p>
   </div>
   <div class='ocr_carea' id='block_1_5' title="bbox 402 741 1978 823">
    <p class='ocr_par' dir='ltr' id='par_1_5' title="bbox 402 741 1978 823">
     <span class='ocr_line' id='line_1_5' title="bbox 402 741 1978 823; baseline -0.009 -14"><span class='ocrx_word' id='word_1_23' title='bbox 402 754 493 809; x_wconf 88' lang='lat' dir='ltr'>0r.</span> <span class='ocrx_word' id='word_1_24' title='bbox 527 752 683 808; x_wconf 86' lang='lat' dir='ltr'>Deus</span> <span class='ocrx_word' id='word_1_25' title='bbox 713 752 883 823; x_wconf 85' lang='lat' dir='ltr'>cujus</span> <span class='ocrx_word' id='word_1_26' title='bbox 928 750 1170 821; x_wconf 90' lang='lat' dir='ltr'>antiqua</span> <span class='ocrx_word' id='word_1_27' title='bbox 1210 745 1491 803; x_wconf 88' lang='lat' dir='ltr'>miracula</span> <span class='ocrx_word' id='word_1_28' title='bbox 1522 743 1696 800; x_wconf 87' lang='lat' dir='ltr'>etiam</span> <span class='ocrx_word' id='word_1_29' title='bbox 1729 743 1787 797; x_wconf 91' lang='lat' dir='ltr'>in</span> <span class='ocrx_word' id='word_1_30' title='bbox 1820 741 1978 798; x_wconf 90' lang='lat' dir='ltr'>omni</span> 
     </span>
    </p>
   </div>
   <div class='ocr_carea' id='block_1_6' title="bbox 329 829 1980 906">
    <p class='ocr_par' dir='ltr' id='par_1_6' title="bbox 329 829 1980 906">
     <span class='ocr_line' id='line_1_6' title="bbox 329 829 1980 906; baseline -0.008 -8"><span class='ocrx_word' id='word_1_31' title='bbox 329 841 542 898; x_wconf 67' lang='lat' dir='ltr'>saeculo</span> <span class='ocrx_word' id='word_1_32' title='bbox 570 856 877 896; x_wconf 80' lang='lat' dir='ltr'>coruscare</span> <span class='ocrx_word' id='word_1_33' title='bbox 916 838 1225 901; x_wconf 80' lang='lat' dir='ltr'>sentimus,</span> <span class='ocrx_word' id='word_1_34' title='bbox 1258 837 1397 891; x_wconf 92' lang='lat' dir='ltr'>dum</span> <span class='ocrx_word' id='word_1_35' title='bbox 1442 834 1597 906; x_wconf 91' lang='lat' dir='ltr'>quod</span> <span class='ocrx_word' id='word_1_36' title='bbox 1630 831 1733 887; x_wconf 92' lang='lat' dir='ltr'>uni</span> <span class='ocrx_word' id='word_1_37' title='bbox 1766 829 1980 904; x_wconf 91' lang='lat' dir='ltr'>populo</span> 
     </span>
    </p>
   </div>
   <div class='ocr_carea' id='block_1_7' title="bbox 330 923 1981 1002">
    <p class='ocr_par' dir='ltr' id='par_1_7' title="bbox 330 923 1981 1002">
     <span class='ocr_line' id='line_1_7' title="bbox 330 923 1981 1002; baseline -0.007 -16"><span class='ocrx_word' id='word_1_38' title='bbox 330 929 732 1002; x_wconf 83' lang='lat' dir='ltr'>persecutione</span> <span class='ocrx_word' id='word_1_39' title='bbox 777 927 1005 1000; x_wconf 66' lang='lat' dir='ltr'>Egypti</span> <span class='ocrx_word' id='word_1_40' title='bbox 1038 927 1108 981; x_wconf 90' lang='lat' dir='ltr'>ad</span> <span class='ocrx_word' id='word_1_41' title='bbox 1155 924 1523 980; x_wconf 88' lang='lat' dir='ltr'>liberandum</span> <span class='ocrx_word' id='word_1_42' title='bbox 1571 923 1816 978; x_wconf 72' lang='lat' dir='ltr'>dexterae</span> <span class='ocrx_word' id='word_1_43' title='bbox 1868 924 1981 975; x_wconf 71' lang='lat' dir='ltr'>tuae</span> 
     </span>
    </p>
   </div>
   <div class='ocr_carea' id='block_1_8' title="bbox 331 1012 1983 1092">
    <p class='ocr_par' dir='ltr' id='par_1_8' title="bbox 331 1012 1983 1092">
     <span class='ocr_line' id='line_1_8' title="bbox 331 1012 1983 1092; baseline -0.007 -18"><span class='ocrx_word' id='word_1_44' title='bbox 331 1018 588 1092; x_wconf 88' lang='lat' dir='ltr'>potentia</span> <span class='ocrx_word' id='word_1_45' title='bbox 618 1017 935 1073; x_wconf 81' lang='lat' dir='ltr'>contulisti.</span> <span class='ocrx_word' id='word_1_46' title='bbox 964 1017 1023 1071; x_wconf 97' lang='lat' dir='ltr'>Id</span> <span class='ocrx_word' id='word_1_47' title='bbox 1053 1016 1111 1070; x_wconf 91' lang='lat' dir='ltr'>in</span> <span class='ocrx_word' id='word_1_48' title='bbox 1133 1014 1381 1070; x_wconf 80' lang='lat' dir='ltr'>salutem</span> <span class='ocrx_word' id='word_1_49' title='bbox 1407 1012 1668 1085; x_wconf 84' lang='lat' dir='ltr'>gentium</span> <span class='ocrx_word' id='word_1_50' title='bbox 1694 1027 1797 1082; x_wconf 88' lang='lat' dir='ltr'>per</span> <span class='ocrx_word' id='word_1_51' title='bbox 1817 1024 1983 1081; x_wconf 69' lang='lat' dir='ltr'>aqum</span> 
     </span>
    </p>
   </div>
   <div class='ocr_carea' id='block_1_9' title="bbox 332 1098 1983 1179">
    <p class='ocr_par' dir='ltr' id='par_1_9' title="bbox 332 1098 1983 1179">
     <span class='ocr_line' id='line_1_9' title="bbox 332 1098 1983 1179; baseline -0.006 -17"><span class='ocrx_word' id='word_1_52' title='bbox 332 1106 828 1179; x_wconf 79' lang='lat' dir='ltr'>regenerationem</span> <span class='ocrx_word' id='word_1_53' title='bbox 876 1103 1155 1177; x_wconf 83' lang='lat' dir='ltr'>Operaris,</span> <span class='ocrx_word' id='word_1_54' title='bbox 1202 1109 1415 1174; x_wconf 67' lang='lat' dir='ltr'>praesta</span> <span class='ocrx_word' id='word_1_55' title='bbox 1461 1106 1526 1157; x_wconf 92' lang='lat' dir='ltr'>ut</span> <span class='ocrx_word' id='word_1_56' title='bbox 1580 1100 1639 1155; x_wconf 91' lang='lat' dir='ltr'>in</span> <span class='ocrx_word' id='word_1_57' title='bbox 1700 1098 1983 1154; x_wconf 70' lang='lat' dir='ltr'>Habrahaa</span> 
     </span>
    </p>
   </div>
   <div class='ocr_carea' id='block_1_10' title="bbox 332 1186 1983 1265">
    <p class='ocr_par' dir='ltr' id='par_1_10' title="bbox 332 1186 1983 1265">
     <span class='ocr_line' id='line_1_10' title="bbox 332 1186 1983 1265; baseline -0.006 -15"><span class='ocrx_word' id='word_1_58' title='bbox 332 1195 484 1251; x_wconf 83' lang='lat' dir='ltr'>filios</span> <span class='ocrx_word' id='word_1_59' title='bbox 513 1200 571 1251; x_wconf 90' lang='lat' dir='ltr'>et</span> <span class='ocrx_word' id='word_1_60' title='bbox 601 1195 659 1250; x_wconf 91' lang='lat' dir='ltr'>in</span> <span class='ocrx_word' id='word_1_61' title='bbox 696 1194 1158 1250; x_wconf 81' lang='lat' dir='ltr'>Hisraheliticam</span> <span class='ocrx_word' id='word_1_62' title='bbox 1190 1192 1534 1265; x_wconf 80' lang='lat' dir='ltr'>dignitatem</span> <span class='ocrx_word' id='word_1_63' title='bbox 1565 1190 1746 1245; x_wconf 89' lang='lat' dir='ltr'>totius</span> <span class='ocrx_word' id='word_1_64' title='bbox 1777 1186 1983 1242; x_wconf 91' lang='lat' dir='ltr'>mundi</span> 
     </span>
    </p>
   </div>
   <div class='ocr_carea' id='block_1_11' title="bbox 332 1283 1288 1356">
    <p class='ocr_par' dir='ltr' id='par_1_11' title="bbox 332 1283 1288 1356">
     <span class='ocr_line' id='line_1_11' title="bbox 332 1283 1288 1356; baseline -0.004 -17"><span class='ocrx_word' id='word_1_65' title='bbox 332 1288 593 1340; x_wconf 82' lang='lat' dir='ltr'>transeat</span> <span class='ocrx_word' id='word_1_66' title='bbox 624 1283 944 1356; x_wconf 87' lang='lat' dir='ltr'>plenitudo.</span> <span class='ocrx_word' id='word_1_67' title='bbox 982 1283 1087 1337; x_wconf 88' lang='lat' dir='ltr'>Per</span> <span class='ocrx_word' id='word_1_68' title='bbox 1118 1283 1288 1337; x_wconf 91' lang='lat' dir='ltr'>Dnm.</span> 
     </span>
    </p>
   </div>
   <div class='ocr_carea' id='block_1_12' title="bbox 401 1368 1910 1445">
    <p class='ocr_par' dir='ltr' id='par_1_12' title="bbox 401 1368 1910 1445">
     <span class='ocr_line' id='line_1_12' title="bbox 401 1368 1910 1445; baseline -0.007 -16"><span class='ocrx_word' id='word_1_69' title='bbox 401 1374 583 1429; x_wconf 85' lang='lat' dir='ltr'>Lectio</span> <span class='ocrx_word' id='word_1_70' title='bbox 607 1371 876 1445; x_wconf 68' lang='lat' dir='ltr'>Epistolaa</span> <span class='ocrx_word' id='word_1_71' title='bbox 907 1373 1049 1427; x_wconf 83' lang='lat' dir='ltr'>beati</span> <span class='ocrx_word' id='word_1_72' title='bbox 1082 1373 1247 1426; x_wconf 76' lang='lat' dir='ltr'>Pauli</span> <span class='ocrx_word' id='word_1_73' title='bbox 1281 1378 1453 1442; x_wconf 76' lang='lat' dir='ltr'>(ipost.</span> <span class='ocrx_word' id='word_1_74' title='bbox 1486 1369 1556 1425; x_wconf 84' lang='lat' dir='ltr'>ad</span> <span class='ocrx_word' id='word_1_75' title='bbox 1588 1368 1910 1423; x_wconf 74' lang='lat' dir='ltr'>Corinthios.</span> 
     </span>
    </p>
   </div>
   <div class='ocr_carea' id='block_1_13' title="bbox 406 1455 1983 1529">
    <p class='ocr_par' dir='ltr' id='par_1_13' title="bbox 406 1455 1983 1529">
     <span class='ocr_line' id='line_1_13' title="bbox 406 1455 1983 1529; baseline -0.006 -12"><span class='ocrx_word' id='word_1_76' title='bbox 406 1462 636 1517; x_wconf 80' lang='lat' dir='ltr'><strong><em>Fratres</em></strong></span> <span class='ocrx_word' id='word_1_77' title='bbox 685 1460 961 1516; x_wconf 87' lang='lat' dir='ltr'>nolumus</span> <span class='ocrx_word' id='word_1_78' title='bbox 993 1466 1187 1513; x_wconf 86' lang='lat' dir='ltr'>autem</span> <span class='ocrx_word' id='word_1_79' title='bbox 1238 1476 1339 1513; x_wconf 90' lang='lat' dir='ltr'>vos</span> <span class='ocrx_word' id='word_1_80' title='bbox 1388 1459 1656 1529; x_wconf 85' lang='lat' dir='ltr'>ignorare</span> <span class='ocrx_word' id='word_1_81' title='bbox 1704 1455 1983 1526; x_wconf 90' lang='lat' dir='ltr'>quoniam</span> 
     </span>
    </p>
   </div>
   <div class='ocr_carea' id='block_1_14' title="bbox 332 1547 1984 1621">
    <p class='ocr_par' dir='ltr' id='par_1_14' title="bbox 332 1547 1984 1621">
     <span class='ocr_line' id='line_1_14' title="bbox 332 1547 1984 1621; baseline -0.004 -16"><span class='ocrx_word' id='word_1_82' title='bbox 332 1555 528 1621; x_wconf 82' lang='lat' dir='ltr'>patres</span> <span class='ocrx_word' id='word_1_83' title='bbox 561 1549 744 1605; x_wconf 88' lang='lat' dir='ltr'>nostri</span> <span class='ocrx_word' id='word_1_84' title='bbox 785 1565 990 1604; x_wconf 89' lang='lat' dir='ltr'>omnes</span> <span class='ocrx_word' id='word_1_85' title='bbox 1038 1549 1148 1603; x_wconf 88' lang='lat' dir='ltr'>sub</span> <span class='ocrx_word' id='word_1_86' title='bbox 1198 1548 1350 1602; x_wconf 88' lang='lat' dir='ltr'>nube</span> <span class='ocrx_word' id='word_1_87' title='bbox 1398 1547 1653 1606; x_wconf 85' lang='lat' dir='ltr'>fuerunt,</span> <span class='ocrx_word' id='word_1_88' title='bbox 1676 1549 1734 1600; x_wconf 91' lang='lat' dir='ltr'>et</span> <span class='ocrx_word' id='word_1_89' title='bbox 1778 1559 1984 1598; x_wconf 88' lang='lat' dir='ltr'>omnes</span> 
     </span>
    </p>
   </div>
   <div class='ocr_carea' id='block_1_15' title="bbox 334 1633 1981 1707">
    <p class='ocr_par' dir='ltr' id='par_1_15' title="bbox 334 1633 1981 1707">
     <span class='ocr_line' id='line_1_15' title="bbox 334 1633 1981 1707; baseline -0.005 -14"><span class='ocrx_word' id='word_1_90' title='bbox 334 1655 496 1693; x_wconf 90' lang='lat' dir='ltr'>mare</span> <span class='ocrx_word' id='word_1_91' title='bbox 516 1638 897 1704; x_wconf 83' lang='lat' dir='ltr'>transierunt,</span> <span class='ocrx_word' id='word_1_92' title='bbox 921 1641 978 1692; x_wconf 92' lang='lat' dir='ltr'>et</span> <span class='ocrx_word' id='word_1_93' title='bbox 998 1653 1204 1692; x_wconf 90' lang='lat' dir='ltr'>omnes</span> <span class='ocrx_word' id='word_1_94' title='bbox 1227 1638 1283 1691; x_wconf 92' lang='lat' dir='ltr'>in</span> <span class='ocrx_word' id='word_1_95' title='bbox 1309 1635 1503 1707; x_wconf 76' lang='lat' dir='ltr'>Moyse</span> <span class='ocrx_word' id='word_1_96' title='bbox 1526 1633 1796 1705; x_wconf 84' lang='lat' dir='ltr'>baptizati</span> <span class='ocrx_word' id='word_1_97' title='bbox 1822 1635 1981 1697; x_wconf 90' lang='lat' dir='ltr'>sunt,</span> 
     </span>
    </p>
   </div>
   <div class='ocr_carea' id='block_1_16' title="bbox 332 1720 1980 1793">
    <p class='ocr_par' dir='ltr' id='par_1_16' title="bbox 332 1720 1980 1793">
     <span class='ocr_line' id='line_1_16' title="bbox 332 1720 1980 1793; baseline -0.004 -13"><span class='ocrx_word' id='word_1_98' title='bbox 332 1725 394 1781; x_wconf 90' lang='lat' dir='ltr'>in</span> <span class='ocrx_word' id='word_1_99' title='bbox 428 1727 600 1793; x_wconf 90' lang='lat' dir='ltr'>nube,</span> <span class='ocrx_word' id='word_1_100' title='bbox 634 1732 691 1781; x_wconf 91' lang='lat' dir='ltr'>et</span> <span class='ocrx_word' id='word_1_101' title='bbox 722 1725 778 1779; x_wconf 90' lang='lat' dir='ltr'>in</span> <span class='ocrx_word' id='word_1_102' title='bbox 811 1726 957 1780; x_wconf 91' lang='lat' dir='ltr'>mari</span> <span class='ocrx_word' id='word_1_103' title='bbox 1005 1731 1060 1779; x_wconf 89' lang='lat' dir='ltr'>et</span> <span class='ocrx_word' id='word_1_104' title='bbox 1097 1741 1301 1780; x_wconf 89' lang='lat' dir='ltr'>omnes</span> <span class='ocrx_word' id='word_1_105' title='bbox 1330 1724 1595 1779; x_wconf 83' lang='lat' dir='ltr'>eamdem</span> <span class='ocrx_word' id='word_1_106' title='bbox 1634 1738 1828 1777; x_wconf 89' lang='lat' dir='ltr'>escam</span> <span class='ocrx_word' id='word_1_107' title='bbox 1862 1720 1980 1792; x_wconf 87' lang='lat' dir='ltr'>spi-</span> 
     </span>
    </p>
   </div>
   <div class='ocr_carea' id='block_1_17' title="bbox 1112 336 2946 409">
    <p class='ocr_par' dir='ltr' id='par_1_17' title="bbox 1112 336 2946 409">
     <span class='ocr_line' id='line_1_17' title="bbox 1112 336 2946 409; baseline -0.005 0"><span class='ocrx_word' id='word_1_108' title='bbox 1112 345 1445 409; x_wconf 79' lang='lat' dir='ltr'>APPEND.</span> <span class='ocrx_word' id='word_1_109' title='bbox 1492 344 1594 406; x_wconf 83' lang='lat' dir='ltr'>AD</span> <span class='ocrx_word' id='word_1_110' title='bbox 1640 339 1828 405; x_wconf 57' lang='lat' dir='ltr'>SJEC.</span> <span class='ocrx_word' id='word_1_111' title='bbox 1874 339 1951 402; x_wconf 86' lang='lat' dir='ltr'>X.</span> <span class='ocrx_word' id='word_1_112' title='bbox 1981 373 2059 384; x_wconf 89' lang='lat'><em>—</em></span> <span class='ocrx_word' id='word_1_113' title='bbox 2088 336 2586 401; x_wconf 76' lang='lat' dir='ltr'>MONUMENTA</span> <span class='ocrx_word' id='word_1_114' title='bbox 2628 339 2946 401; x_wconf 80' lang='lat' dir='ltr'>LITURG.</span> 
     </span>
    </p>
   </div>
   <div class='ocr_carea' id='block_1_18' title="bbox 3607 329 3731 390">
    <p class='ocr_par' dir='ltr' id='par_1_18' title="bbox 3607 329 3731 390">
     <span class='ocr_line' id='line_1_18' title="bbox 3607 329 3731 390; baseline -0.008 0"><span class='ocrx_word' id='word_1_115' title='bbox 3607 329 3731 390; x_wconf 63' lang='lat' dir='ltr'>I0“</span> 
     </span>
    </p>
   </div>
   <div class='ocr_carea' id='block_1_19' title="bbox 2163 470 3729 545">
    <p class='ocr_par' dir='ltr' id='par_1_19' title="bbox 2163 470 3729 545">
     <span class='ocr_line' id='line_1_19' title="bbox 2163 470 3729 545; baseline -0.004 -17"><span class='ocrx_word' id='word_1_116' title='bbox 2163 475 2314 529; x_wconf 72' lang='grc' dir='ltr'><em>Αιέπ.</em></span> <span class='ocrx_word' id='word_1_117' title='bbox 2349 475 2703 531; x_wconf 78' lang='lat' dir='ltr'>Exorcizote</span> <span class='ocrx_word' id='word_1_118' title='bbox 2750 479 3017 529; x_wconf 73' lang='lat' dir='ltr'>creatura</span> <span class='ocrx_word' id='word_1_119' title='bbox 3046 490 3209 545; x_wconf 67' lang='lat' dir='ltr'>aqua:</span> <span class='ocrx_word' id='word_1_120' title='bbox 3263 472 3327 527; x_wconf 82' lang='lat' dir='ltr'>in</span> <span class='ocrx_word' id='word_1_121' title='bbox 3384 470 3626 525; x_wconf 74' lang='lat' dir='ltr'>nomine</span> <span class='ocrx_word' id='word_1_122' title='bbox 3659 472 3729 522; x_wconf 68' lang='grc' dir='ltr'>1ιεὶ</span> 
     </span>
    </p>
   </div>
   <div class='ocr_carea' id='block_1_20' title="bbox 2090 561 3732 635">
    <p class='ocr_par' dir='ltr' id='par_1_20' title="bbox 2090 561 3732 635">
     <span class='ocr_line' id='line_1_20' title="bbox 2090 561 3732 635; baseline -0.003 -17"><span class='ocrx_word' id='word_1_123' title='bbox 2090 564 2276 620; x_wconf 84' lang='lat' dir='ltr'>Patris</span> <span class='ocrx_word' id='word_1_124' title='bbox 2322 563 2761 635; x_wconf 83' lang='lat' dir='ltr'>omnipotentis,</span> <span class='ocrx_word' id='word_1_125' title='bbox 2795 563 2943 618; x_wconf 88' lang='lat' dir='ltr'>etin</span> <span class='ocrx_word' id='word_1_126' title='bbox 2987 564 3225 620; x_wconf 86' lang='lat' dir='ltr'>nomine</span> <span class='ocrx_word' id='word_1_127' title='bbox 3272 561 3529 627; x_wconf 68' lang='lat' dir='ltr'>Domini</span> <span class='ocrx_word' id='word_1_128' title='bbox 3576 561 3732 614; x_wconf 79' lang='lat' dir='ltr'>nostri</span> 
     </span>
    </p>
   </div>
   <div class='ocr_carea' id='block_1_21' title="bbox 2088 650 3734 726">
    <p class='ocr_par' dir='ltr' id='par_1_21' title="bbox 2088 650 3734 726">
     <span class='ocr_line' id='line_1_21' title="bbox 2088 650 3734 726; baseline -0.002 -17"><span class='ocrx_word' id='word_1_129' title='bbox 2088 654 2227 709; x_wconf 90' lang='lat' dir='ltr'>Jcsu</span> <span class='ocrx_word' id='word_1_130' title='bbox 2256 653 2382 726; x_wconf 85' lang='lat' dir='ltr'>Xpi,</span> <span class='ocrx_word' id='word_1_131' title='bbox 2415 658 2481 708; x_wconf 90' lang='lat' dir='ltr'>ut</span> <span class='ocrx_word' id='word_1_132' title='bbox 2512 652 2705 709; x_wconf 91' lang='lat' dir='ltr'>omnis</span> <span class='ocrx_word' id='word_1_133' title='bbox 2734 653 3080 708; x_wconf 88' lang='lat' dir='ltr'>immundus</span> <span class='ocrx_word' id='word_1_134' title='bbox 3121 652 3383 724; x_wconf 83' lang='lat' dir='ltr'>spiritus</span> <span class='ocrx_word' id='word_1_135' title='bbox 3416 654 3479 706; x_wconf 86' lang='lat' dir='ltr'>et</span> <span class='ocrx_word' id='word_1_136' title='bbox 3505 650 3734 706; x_wconf 81' lang='lat' dir='ltr'>incursio</span> 
     </span>
    </p>
   </div>
   <div class='ocr_carea' id='block_1_22' title="bbox 2090 738 3735 814">
    <p class='ocr_par' dir='ltr' id='par_1_22' title="bbox 2090 738 3735 814">
     <span class='ocr_line' id='line_1_22' title="bbox 2090 738 3735 814; baseline -0.004 -17"><span class='ocrx_word' id='word_1_137' title='bbox 2090 744 2318 798; x_wconf 65' lang='lat' dir='ltr'>Satanae</span> <span class='ocrx_word' id='word_1_138' title='bbox 2350 747 2653 814; x_wconf 84' lang='lat' dir='ltr'>separetur</span> <span class='ocrx_word' id='word_1_139' title='bbox 2699 742 2771 797; x_wconf 86' lang='lat' dir='ltr'>ab</span> <span class='ocrx_word' id='word_1_140' title='bbox 2822 741 2933 796; x_wconf 88' lang='lat' dir='ltr'>hac</span> <span class='ocrx_word' id='word_1_141' title='bbox 2962 744 3233 796; x_wconf 80' lang='lat' dir='ltr'>creatura</span> <span class='ocrx_word' id='word_1_142' title='bbox 3278 756 3487 813; x_wconf 63' lang='lat' dir='ltr'>aquae.</span> <span class='ocrx_word' id='word_1_143' title='bbox 3521 738 3735 793; x_wconf 86' lang='lat' dir='ltr'>Proinde</span> 
     </span>
    </p>
   </div>
   <div class='ocr_carea' id='block_1_23' title="bbox 2089 828 3737 904">
    <p class='ocr_par' dir='ltr' id='par_1_23' title="bbox 2089 828 3737 904">
     <span class='ocr_line' id='line_1_23' title="bbox 2089 828 3737 904; baseline -0.004 -16"><span class='ocrx_word' id='word_1_144' title='bbox 2089 848 2226 904; x_wconf 89' lang='lat' dir='ltr'>ergo</span> <span class='ocrx_word' id='word_1_145' title='bbox 2258 830 2487 887; x_wconf 83' lang='lat' dir='ltr'>efﬁcere</span> <span class='ocrx_word' id='word_1_146' title='bbox 2517 846 2671 902; x_wconf 89' lang='lat' dir='ltr'>aqua</span> <span class='ocrx_word' id='word_1_147' title='bbox 2707 830 3029 886; x_wconf 81' lang='lat' dir='ltr'>exorcizata</span> <span class='ocrx_word' id='word_1_148' title='bbox 3058 830 3131 885; x_wconf 88' lang='lat' dir='ltr'>ad</span> <span class='ocrx_word' id='word_1_149' title='bbox 3160 828 3565 901; x_wconf 74' lang='lat' dir='ltr'>eﬂ‘ugandum</span> <span class='ocrx_word' id='word_1_150' title='bbox 3592 843 3737 883; x_wconf 80' lang='lat' dir='ltr'>omne</span> 
     </span>
    </p>
   </div>
   <div class='ocr_carea' id='block_1_24' title="bbox 2091 918 3738 992">
    <p class='ocr_par' dir='ltr' id='par_1_24' title="bbox 2091 918 3738 992">
     <span class='ocr_line' id='line_1_24' title="bbox 2091 918 3738 992; baseline -0.002 -17"><span class='ocrx_word' id='word_1_151' title='bbox 2091 920 2386 976; x_wconf 88' lang='lat' dir='ltr'>fantasma</span> <span class='ocrx_word' id='word_1_152' title='bbox 2415 919 2662 987; x_wconf 91' lang='lat' dir='ltr'>inimici,</span> <span class='ocrx_word' id='word_1_153' title='bbox 2693 925 2750 976; x_wconf 92' lang='lat' dir='ltr'>et</span> <span class='ocrx_word' id='word_1_154' title='bbox 2778 919 2976 992; x_wconf 89' lang='lat' dir='ltr'>ipsum</span> <span class='ocrx_word' id='word_1_155' title='bbox 3024 918 3340 975; x_wconf 88' lang='lat' dir='ltr'>inimicum</span> <span class='ocrx_word' id='word_1_156' title='bbox 3376 918 3669 973; x_wconf 83' lang='lat' dir='ltr'>eradicare</span> <span class='ocrx_word' id='word_1_157' title='bbox 3690 923 3738 971; x_wconf 83' lang='lat' dir='ltr'>et</span> 
     </span>
    </p>
   </div>
   <div class='ocr_carea' id='block_1_25' title="bbox 2092 1005 3735 1080">
    <p class='ocr_par' dir='ltr' id='par_1_25' title="bbox 2092 1005 3735 1080">
     <span class='ocr_line' id='line_1_25' title="bbox 2092 1005 3735 1080; baseline -0.002 -16"><span class='ocrx_word' id='word_1_158' title='bbox 2092 1008 2443 1080; x_wconf 82' lang='lat' dir='ltr'>explantare.</span> <span class='ocrx_word' id='word_1_159' title='bbox 2472 1010 2535 1064; x_wconf 92' lang='lat' dir='ltr'>In</span> <span class='ocrx_word' id='word_1_160' title='bbox 2555 1009 2791 1064; x_wconf 88' lang='lat' dir='ltr'>nomine</span> <span class='ocrx_word' id='word_1_161' title='bbox 2812 1009 2909 1065; x_wconf 89' lang='lat' dir='ltr'>Dei</span> <span class='ocrx_word' id='word_1_162' title='bbox 2935 1009 3120 1064; x_wconf 86' lang='lat' dir='ltr'>Patris</span> <span class='ocrx_word' id='word_1_163' title='bbox 3142 1007 3667 1080; x_wconf 81' lang='lat' dir='ltr'>omnipotentis,et</span> <span class='ocrx_word' id='word_1_164' title='bbox 3690 1005 3735 1060; x_wconf 86' lang='lat' dir='ltr'>in</span> 
     </span>
    </p>
   </div>
   <div class='ocr_carea' id='block_1_26' title="bbox 2094 1097 3624 1170">
    <p class='ocr_par' dir='ltr' id='par_1_26' title="bbox 2094 1097 3624 1170">
     <span class='ocr_line' id='line_1_26' title="bbox 2094 1097 3624 1170; baseline -0.003 -17"><span class='ocrx_word' id='word_1_165' title='bbox 2094 1098 2329 1153; x_wconf 90' lang='lat' dir='ltr'>nomine</span> <span class='ocrx_word' id='word_1_166' title='bbox 2364 1099 2590 1153; x_wconf 88' lang='lat' dir='ltr'>Domini</span> <span class='ocrx_word' id='word_1_167' title='bbox 2623 1098 2807 1154; x_wconf 88' lang='lat' dir='ltr'>nostri</span> <span class='ocrx_word' id='word_1_168' title='bbox 2838 1099 2978 1154; x_wconf 87' lang='lat' dir='ltr'>Jesu</span> <span class='ocrx_word' id='word_1_169' title='bbox 3007 1097 3136 1170; x_wconf 89' lang='lat' dir='ltr'>Xpi,</span> <span class='ocrx_word' id='word_1_170' title='bbox 3170 1098 3274 1170; x_wconf 88' lang='lat' dir='ltr'>qui</span> <span class='ocrx_word' id='word_1_171' title='bbox 3309 1102 3624 1152; x_wconf 83' lang='lat' dir='ltr'>venturus.</span> 
     </span>
    </p>
   </div>
   <div class='ocr_carea' id='block_1_27' title="bbox 2163 1187 3737 1260">
    <p class='ocr_par' dir='ltr' id='par_1_27' title="bbox 2163 1187 3737 1260">
     <span class='ocr_line' id='line_1_27' title="bbox 2163 1187 3737 1260; baseline -0.003 -17"><span class='ocrx_word' id='word_1_172' title='bbox 2163 1188 2305 1243; x_wconf 79' lang='lat' dir='ltr'>Alia.</span> <span class='ocrx_word' id='word_1_173' title='bbox 2340 1189 2419 1243; x_wconf 90' lang='lat' dir='ltr'>Te</span> <span class='ocrx_word' id='word_1_174' title='bbox 2451 1191 2646 1243; x_wconf 87' lang='lat' dir='ltr'>autem</span> <span class='ocrx_word' id='word_1_175' title='bbox 2680 1191 2945 1243; x_wconf 87' lang='lat' dir='ltr'>creatura</span> <span class='ocrx_word' id='word_1_176' title='bbox 2975 1202 3137 1260; x_wconf 74' lang='lat' dir='ltr'>aqua:</span> <span class='ocrx_word' id='word_1_177' title='bbox 3169 1187 3389 1258; x_wconf 88' lang='lat' dir='ltr'>adjuro</span> <span class='ocrx_word' id='word_1_178' title='bbox 3434 1203 3543 1257; x_wconf 89' lang='lat' dir='ltr'>per</span> <span class='ocrx_word' id='word_1_179' title='bbox 3584 1190 3737 1240; x_wconf 83' lang='lat' dir='ltr'>Deum</span> 
     </span>
    </p>
   </div>
   <div class='ocr_carea' id='block_1_28' title="bbox 2092 1276 3741 1349">
    <p class='ocr_par' dir='ltr' id='par_1_28' title="bbox 2092 1276 3741 1349">
     <span class='ocr_line' id='line_1_28' title="bbox 2092 1276 3741 1349; baseline -0.002 -18"><span class='ocrx_word' id='word_1_180' title='bbox 2092 1278 2309 1342; x_wconf 80' lang='lat' dir='ltr'>vivum,</span> <span class='ocrx_word' id='word_1_181' title='bbox 2339 1294 2441 1349; x_wconf 89' lang='lat' dir='ltr'>per</span> <span class='ocrx_word' id='word_1_182' title='bbox 2469 1278 2654 1333; x_wconf 84' lang='lat' dir='ltr'>Deum</span> <span class='ocrx_word' id='word_1_183' title='bbox 2686 1281 2978 1343; x_wconf 88' lang='lat' dir='ltr'>sanctum,</span> <span class='ocrx_word' id='word_1_184' title='bbox 3007 1294 3109 1348; x_wconf 86' lang='lat' dir='ltr'>per</span> <span class='ocrx_word' id='word_1_185' title='bbox 3136 1294 3273 1331; x_wconf 89' lang='lat' dir='ltr'>eum</span> <span class='ocrx_word' id='word_1_186' title='bbox 3309 1281 3369 1331; x_wconf 88' lang='lat' dir='ltr'>te</span> <span class='ocrx_word' id='word_1_187' title='bbox 3404 1278 3637 1348; x_wconf 88' lang='lat' dir='ltr'>adjuro,</span> <span class='ocrx_word' id='word_1_188' title='bbox 3657 1276 3741 1347; x_wconf 85' lang='lat' dir='ltr'>qui</span> 
     </span>
    </p>
   </div>
   <div class='ocr_carea' id='block_1_29' title="bbox 2093 1365 3741 1439">
    <p class='ocr_par' dir='ltr' id='par_1_29' title="bbox 2093 1365 3741 1439">
     <span class='ocr_line' id='line_1_29' title="bbox 2093 1365 3741 1439; baseline -0.001 -17"><span class='ocrx_word' id='word_1_189' title='bbox 2093 1372 2150 1422; x_wconf 90' lang='lat' dir='ltr'>te</span> <span class='ocrx_word' id='word_1_190' title='bbox 2181 1367 2238 1421; x_wconf 93' lang='lat' dir='ltr'>in</span> <span class='ocrx_word' id='word_1_191' title='bbox 2274 1365 2557 1439; x_wconf 87' lang='lat' dir='ltr'>principio</span> <span class='ocrx_word' id='word_1_192' title='bbox 2588 1365 2875 1437; x_wconf 79' lang='lat' dir='ltr'>separavit</span> <span class='ocrx_word' id='word_1_193' title='bbox 2922 1367 2995 1421; x_wconf 89' lang='lat' dir='ltr'>ab</span> <span class='ocrx_word' id='word_1_194' title='bbox 3042 1365 3224 1421; x_wconf 84' lang='lat' dir='ltr'>arida.</span> <span class='ocrx_word' id='word_1_195' title='bbox 3276 1365 3517 1435; x_wconf 82' lang='lat' dir='ltr'>Adjuro</span> <span class='ocrx_word' id='word_1_196' title='bbox 3566 1371 3618 1419; x_wconf 86' lang='lat' dir='ltr'>te</span> <span class='ocrx_word' id='word_1_197' title='bbox 3661 1384 3741 1439; x_wconf 69' lang='lat' dir='ltr'>per</span> 
     </span>
    </p>
   </div>
   <div class='ocr_carea' id='block_1_30' title="bbox 2094 1454 3739 1529">
    <p class='ocr_par' dir='ltr' id='par_1_30' title="bbox 2094 1454 3739 1529">
     <span class='ocr_line' id='line_1_30' title="bbox 2094 1454 3739 1529; baseline -0.004 -17"><span class='ocrx_word' id='word_1_198' title='bbox 2094 1457 2275 1512; x_wconf 88' lang='lat' dir='ltr'>Deum</span> <span class='ocrx_word' id='word_1_199' title='bbox 2299 1455 2621 1527; x_wconf 89' lang='lat' dir='ltr'>vivum,qui</span> <span class='ocrx_word' id='word_1_200' title='bbox 2646 1455 2831 1512; x_wconf 78' lang='lat' dir='ltr'>fontes</span> <span class='ocrx_word' id='word_1_201' title='bbox 2862 1454 3128 1529; x_wconf 77' lang='lat' dir='ltr'>paradysi</span> <span class='ocrx_word' id='word_1_202' title='bbox 3158 1472 3452 1513; x_wconf 85' lang='lat' dir='ltr'>emanare</span> <span class='ocrx_word' id='word_1_203' title='bbox 3476 1456 3739 1527; x_wconf 71' lang='lat' dir='ltr'>praecepit,</span> 
     </span>
    </p>
   </div>
   <div class='ocr_carea' id='block_1_31' title="bbox 2093 1544 3739 1617">
    <p class='ocr_par' dir='ltr' id='par_1_31' title="bbox 2093 1544 3739 1617">
     <span class='ocr_line' id='line_1_31' title="bbox 2093 1544 3739 1617; baseline -0.002 -17"><span class='ocrx_word' id='word_1_204' title='bbox 2093 1550 2149 1600; x_wconf 91' lang='lat' dir='ltr'>et</span> <span class='ocrx_word' id='word_1_205' title='bbox 2178 1545 2237 1600; x_wconf 91' lang='lat' dir='ltr'>in</span> <span class='ocrx_word' id='word_1_206' title='bbox 2269 1549 2520 1617; x_wconf 84' lang='lat' dir='ltr'>quatuor</span> <span class='ocrx_word' id='word_1_207' title='bbox 2550 1544 2895 1599; x_wconf 84' lang='lat' dir='ltr'>fluminibus</span> <span class='ocrx_word' id='word_1_208' title='bbox 2925 1545 3077 1600; x_wconf 80' lang='lat' dir='ltr'>exire</span> <span class='ocrx_word' id='word_1_209' title='bbox 3106 1544 3303 1615; x_wconf 80' lang='lat' dir='ltr'>jussit,</span> <span class='ocrx_word' id='word_1_210' title='bbox 3328 1549 3399 1599; x_wconf 83' lang='lat' dir='ltr'>et</span> <span class='ocrx_word' id='word_1_211' title='bbox 3430 1548 3612 1599; x_wconf 88' lang='lat' dir='ltr'>totam</span> <span class='ocrx_word' id='word_1_212' title='bbox 3643 1550 3739 1598; x_wconf 79' lang='lat' dir='ltr'>ter-</span> 
     </span>
    </p>
   </div>
   <div class='ocr_carea' id='block_1_32' title="bbox 2093 1632 3737 1706">
    <p class='ocr_par' dir='ltr' id='par_1_32' title="bbox 2093 1632 3737 1706">
     <span class='ocr_line' id='line_1_32' title="bbox 2093 1632 3737 1706; baseline -0.001 -18"><span class='ocrx_word' id='word_1_213' title='bbox 2093 1651 2218 1689; x_wconf 89' lang='lat' dir='ltr'>ram</span> <span class='ocrx_word' id='word_1_214' title='bbox 2250 1632 2439 1705; x_wconf 88' lang='lat' dir='ltr'>rigare</span> <span class='ocrx_word' id='word_1_215' title='bbox 2482 1633 2772 1705; x_wconf 55' lang='lat' dir='ltr'>praecepit.</span> <span class='ocrx_word' id='word_1_216' title='bbox 2802 1633 3021 1705; x_wconf 77' lang='lat' dir='ltr'>Adjuro</span> <span class='ocrx_word' id='word_1_217' title='bbox 3052 1637 3108 1687; x_wconf 87' lang='lat' dir='ltr'>te</span> <span class='ocrx_word' id='word_1_218' title='bbox 3138 1650 3240 1706; x_wconf 91' lang='lat' dir='ltr'>per</span> <span class='ocrx_word' id='word_1_219' title='bbox 3287 1650 3465 1693; x_wconf 87' lang='lat' dir='ltr'>eum,</span> <span class='ocrx_word' id='word_1_220' title='bbox 3491 1633 3590 1704; x_wconf 85' lang='lat' dir='ltr'>qui</span> <span class='ocrx_word' id='word_1_221' title='bbox 3621 1633 3671 1687; x_wconf 90' lang='lat' dir='ltr'>in</span> <span class='ocrx_word' id='word_1_222' title='bbox 3698 1639 3737 1687; x_wconf 82' lang='lat' dir='ltr'>te</span> 
     </span>
    </p>
   </div>
   <div class='ocr_carea' id='block_1_33' title="bbox 2092 1722 3739 1794">
    <p class='ocr_par' dir='ltr' id='par_1_33' title="bbox 2092 1722 3739 1794">
     <span class='ocr_line' id='line_1_33' title="bbox 2092 1722 3739 1794; baseline -0.001 -17"><span class='ocrx_word' id='word_1_223' title='bbox 2092 1723 2347 1777; x_wconf 85' lang='lat' dir='ltr'>Neaman</span> <span class='ocrx_word' id='word_1_224' title='bbox 2374 1724 2582 1794; x_wconf 78' lang='lat' dir='ltr'>Syrum</span> <span class='ocrx_word' id='word_1_225' title='bbox 2606 1739 2639 1777; x_wconf 90' lang='lat' dir='ltr'>a</span> <span class='ocrx_word' id='word_1_226' title='bbox 2662 1740 2767 1777; x_wconf 86' lang='lat' dir='ltr'>sua</span> <span class='ocrx_word' id='word_1_227' title='bbox 2794 1722 2954 1794; x_wconf 84' lang='lat' dir='ltr'>lepra</span> <span class='ocrx_word' id='word_1_228' title='bbox 2978 1722 3302 1789; x_wconf 86' lang='lat' dir='ltr'>mundavit,</span> <span class='ocrx_word' id='word_1_229' title='bbox 3328 1725 3399 1778; x_wconf 83' lang='lat' dir='ltr'>et</span> <span class='ocrx_word' id='word_1_230' title='bbox 3425 1739 3528 1786; x_wconf 78' lang='lat' dir='ltr'>per</span> <span class='ocrx_word' id='word_1_231' title='bbox 3557 1738 3739 1776; x_wconf 82' lang='lat' dir='ltr'>manus</span> 
     </span>
    </p>
   </div>
   <div class='ocr_carea' id='block_1_34' title="bbox 333 1810 3737 1896">
    <p class='ocr_par' dir='ltr' id='par_1_34' title="bbox 333 1810 3737 1896">
     <span class='ocr_line' id='line_1_34' title="bbox 333 1810 3737 1896; baseline -0.002 -26"><span class='ocrx_word' id='word_1_232' title='bbox 333 1814 562 1870; x_wconf 90' lang='lat' dir='ltr'>ritalem</span> <span class='ocrx_word' id='word_1_233' title='bbox 596 1815 1113 1877; x_wconf 82' lang='lat' dir='ltr'>manducaverunt,</span> <span class='ocrx_word' id='word_1_234' title='bbox 1146 1818 1204 1868; x_wconf 88' lang='lat' dir='ltr'>et</span> <span class='ocrx_word' id='word_1_235' title='bbox 1229 1822 1433 1870; x_wconf 88' lang='lat' dir='ltr'>omnes</span> <span class='ocrx_word' id='word_1_236' title='bbox 1472 1812 1745 1867; x_wconf 87' lang='lat' dir='ltr'>eumdem</span> <span class='ocrx_word' id='word_1_237' title='bbox 1779 1817 1978 1881; x_wconf 90' lang='lat' dir='ltr'>potum</span> <span class='ocrx_word' id='word_1_238' title='bbox 2014 1831 2060 1896; x_wconf 76' lang='grc' dir='ltr'>Β</span> <span class='ocrx_word' id='word_1_239' title='bbox 2090 1810 2982 1884; x_wconf 68' lang='lat' dir='ltr'>HelisaziprOphetzeinmissione</span> <span class='ocrx_word' id='word_1_240' title='bbox 3002 1810 3605 1867; x_wconf 81' lang='lat' dir='ltr'>dulcoravit.Efticcre</span> <span class='ocrx_word' id='word_1_241' title='bbox 3626 1827 3737 1882; x_wconf 77' lang='lat' dir='ltr'>ergo</span> 
     </span>
    </p>
   </div>
   <div class='ocr_carea' id='block_1_35' title="bbox 334 1898 1981 1975">
    <p class='ocr_par' dir='ltr' id='par_1_35' title="bbox 334 1898 1981 1975">
     <span class='ocr_line' id='line_1_35' title="bbox 334 1898 1981 1975; baseline -0.004 -18"><span class='ocrx_word' id='word_1_242' title='bbox 334 1901 657 1975; x_wconf 89' lang='lat' dir='ltr'>spiritalem</span> <span class='ocrx_word' id='word_1_243' title='bbox 704 1902 996 1958; x_wconf 83' lang='lat' dir='ltr'>biberunt.</span> <span class='ocrx_word' id='word_1_244' title='bbox 1032 1903 1315 1957; x_wconf 88' lang='lat' dir='ltr'>Bibebant</span> <span class='ocrx_word' id='word_1_245' title='bbox 1345 1906 1539 1957; x_wconf 88' lang='lat' dir='ltr'>autem</span> <span class='ocrx_word' id='word_1_246' title='bbox 1591 1902 1662 1955; x_wconf 91' lang='lat' dir='ltr'>de</span> <span class='ocrx_word' id='word_1_247' title='bbox 1710 1898 1981 1971; x_wconf 85' lang='lat' dir='ltr'>spiritali,</span> 
     </span>
    </p>
   </div>
   <div class='ocr_carea' id='block_1_36' title="bbox 334 1985 1985 2063">
    <p class='ocr_par' dir='ltr' id='par_1_36' title="bbox 334 1985 1985 2063">
     <span class='ocr_line' id='line_1_36' title="bbox 334 1985 1985 2063; baseline -0.002 -17"><span class='ocrx_word' id='word_1_248' title='bbox 334 1997 724 2063; x_wconf 87' lang='lat' dir='ltr'>consequente</span> <span class='ocrx_word' id='word_1_249' title='bbox 754 2007 852 2045; x_wconf 91' lang='lat' dir='ltr'>eos</span> <span class='ocrx_word' id='word_1_250' title='bbox 883 1996 1066 2063; x_wconf 89' lang='lat' dir='ltr'>petra,</span> <span class='ocrx_word' id='word_1_251' title='bbox 1102 1996 1267 2063; x_wconf 83' lang='lat' dir='ltr'>petra</span> <span class='ocrx_word' id='word_1_252' title='bbox 1304 1996 1499 2046; x_wconf 91' lang='lat' dir='ltr'>autem</span> <span class='ocrx_word' id='word_1_253' title='bbox 1540 1985 1665 2045; x_wconf 82' lang='lat' dir='ltr'>erat</span> <span class='ocrx_word' id='word_1_254' title='bbox 1697 1989 1985 2044; x_wconf 88' lang='lat' dir='ltr'>Christus.</span> 
     </span>
    </p>
   </div>
   <div class='ocr_carea' id='block_1_37' title="bbox 336 2080 1987 2153">
    <p class='ocr_par' dir='ltr' id='par_1_37' title="bbox 336 2080 1987 2153">
     <span class='ocr_line' id='line_1_37' title="bbox 336 2080 1987 2153; baseline -0.001 -18"><span class='ocrx_word' id='word_1_255' title='bbox 336 2080 427 2144; x_wconf 78' lang='lat' dir='ltr'>0r.</span> <span class='ocrx_word' id='word_1_256' title='bbox 458 2081 707 2152; x_wconf 86' lang='lat' dir='ltr'>Adjutor</span> <span class='ocrx_word' id='word_1_257' title='bbox 739 2081 802 2151; x_wconf 81' lang='lat' dir='ltr'>in</span> <span class='ocrx_word' id='word_1_258' title='bbox 843 2086 1114 2152; x_wconf 87' lang='lat' dir='ltr'>oportun.</span> <span class='ocrx_word' id='word_1_259' title='bbox 1149 2086 1198 2146; x_wconf 56' lang='grc' dir='ltr'><em>ᾧ.</em></span> <span class='ocrx_word' id='word_1_260' title='bbox 1233 2080 1512 2153; x_wconf 90' lang='lat' dir='ltr'>quoniam</span> <span class='ocrx_word' id='word_1_261' title='bbox 1545 2097 1659 2135; x_wconf 90' lang='lat' dir='ltr'>non</span> <span class='ocrx_word' id='word_1_262' title='bbox 1693 2080 1753 2134; x_wconf 94' lang='lat' dir='ltr'>in</span> <span class='ocrx_word' id='word_1_263' title='bbox 1789 2080 1987 2135; x_wconf 82' lang='lat' dir='ltr'>tinem.</span> 
     </span>
    </p>
   </div>
   <div class='ocr_carea' id='block_1_38' title="bbox 825 2169 1495 2225">
    <p class='ocr_par' dir='ltr' id='par_1_38' title="bbox 825 2169 1495 2225">
     <span class='ocr_line' id='line_1_38' title="bbox 825 2169 1495 2225; baseline -0.003 0"><span class='ocrx_word' id='word_1_264' title='bbox 825 2169 1134 2225; x_wconf 84' lang='lat' dir='ltr'>Secundum</span> <span class='ocrx_word' id='word_1_265' title='bbox 1163 2169 1495 2225; x_wconf 62' lang='lat' dir='ltr'>Matthmm.</span> 
     </span>
    </p>
   </div>
   <div class='ocr_carea' id='block_1_39' title="bbox 406 2256 1986 2330">
    <p class='ocr_par' dir='ltr' id='par_1_39' title="bbox 406 2256 1986 2330">
     <span class='ocr_line' id='line_1_39' title="bbox 406 2256 1986 2330; baseline -0.002 -16"><span class='ocrx_word' id='word_1_266' title='bbox 406 2259 470 2314; x_wconf 91' lang='lat' dir='ltr'>In</span> <span class='ocrx_word' id='word_1_267' title='bbox 494 2258 594 2315; x_wconf 92' lang='lat' dir='ltr'>illo</span> <span class='ocrx_word' id='word_1_268' title='bbox 625 2263 887 2330; x_wconf 88' lang='lat' dir='ltr'>tempore</span> <span class='ocrx_word' id='word_1_269' title='bbox 934 2257 1082 2312; x_wconf 77' lang='lat' dir='ltr'>dixit</span> <span class='ocrx_word' id='word_1_270' title='bbox 1110 2258 1284 2313; x_wconf 88' lang='lat' dir='ltr'>Jesus</span> <span class='ocrx_word' id='word_1_271' title='bbox 1333 2256 1639 2330; x_wconf 90' lang='lat' dir='ltr'>discipulis</span> <span class='ocrx_word' id='word_1_272' title='bbox 1690 2257 1837 2311; x_wconf 88' lang='lat' dir='ltr'>suis.</span> <span class='ocrx_word' id='word_1_273' title='bbox 1869 2256 1986 2311; x_wconf 86' lang='lat' dir='ltr'>Vos</span> 
     </span>
    </p>
   </div>
   <div class='ocr_carea' id='block_1_40' title="bbox 335 2345 1985 2418">
    <p class='ocr_par' dir='ltr' id='par_1_40' title="bbox 335 2345 1985 2418">
     <span class='ocr_line' id='line_1_40' title="bbox 335 2345 1985 2418; baseline -0.002 -16"><span class='ocrx_word' id='word_1_274' title='bbox 335 2348 479 2403; x_wconf 84' lang='lat' dir='ltr'>estis</span> <span class='ocrx_word' id='word_1_275' title='bbox 510 2346 592 2402; x_wconf 91' lang='lat' dir='ltr'>sal</span> <span class='ocrx_word' id='word_1_276' title='bbox 627 2352 792 2402; x_wconf 71' lang='lat' dir='ltr'>terra:</span> <span class='ocrx_word' id='word_1_277' title='bbox 827 2363 840 2401; x_wconf 92' lang='lat'>:</span> <span class='ocrx_word' id='word_1_278' title='bbox 876 2347 1030 2418; x_wconf 86' lang='lat' dir='ltr'>quod</span> <span class='ocrx_word' id='word_1_279' title='bbox 1065 2347 1111 2401; x_wconf 89' lang='lat' dir='ltr'>si</span> <span class='ocrx_word' id='word_1_280' title='bbox 1155 2346 1238 2401; x_wconf 91' lang='lat' dir='ltr'>sal</span> <span class='ocrx_word' id='word_1_281' title='bbox 1282 2347 1598 2411; x_wconf 87' lang='lat' dir='ltr'>evanuerit,</span> <span class='ocrx_word' id='word_1_282' title='bbox 1634 2347 1704 2401; x_wconf 87' lang='lat' dir='ltr'>ad</span> <span class='ocrx_word' id='word_1_283' title='bbox 1737 2345 1985 2400; x_wconf 89' lang='lat' dir='ltr'>nihilum</span> 
     </span>
    </p>
   </div>
   <div class='ocr_carea' id='block_1_41' title="bbox 334 2433 1988 2498">
    <p class='ocr_par' dir='ltr' id='par_1_41' title="bbox 334 2433 1988 2498">
     <span class='ocr_line' id='line_1_41' title="bbox 334 2433 1988 2498; baseline -0.001 -9"><span class='ocrx_word' id='word_1_284' title='bbox 334 2435 487 2489; x_wconf 90' lang='lat' dir='ltr'>valet</span> <span class='ocrx_word' id='word_1_285' title='bbox 517 2434 689 2498; x_wconf 90' lang='lat' dir='ltr'>ultra,</span> <span class='ocrx_word' id='word_1_286' title='bbox 715 2433 825 2488; x_wconf 88' lang='lat' dir='ltr'>nisi</span> <span class='ocrx_word' id='word_1_287' title='bbox 860 2442 921 2488; x_wconf 91' lang='lat' dir='ltr'>ut</span> <span class='ocrx_word' id='word_1_288' title='bbox 952 2434 1219 2489; x_wconf 87' lang='lat' dir='ltr'>mittatur</span> <span class='ocrx_word' id='word_1_289' title='bbox 1248 2436 1403 2490; x_wconf 75' lang='lat' dir='ltr'>foras</span> <span class='ocrx_word' id='word_1_290' title='bbox 1428 2440 1480 2489; x_wconf 89' lang='lat' dir='ltr'>et</span> <span class='ocrx_word' id='word_1_291' title='bbox 1514 2435 1891 2490; x_wconf 87' lang='lat' dir='ltr'>conculcetur</span> <span class='ocrx_word' id='word_1_292' title='bbox 1915 2435 1988 2489; x_wconf 91' lang='lat' dir='ltr'>ab</span> 
     </span>
    </p>
   </div>
   <div class='ocr_carea' id='block_1_42' title="bbox 334 2521 1985 2595">
    <p class='ocr_par' dir='ltr' id='par_1_42' title="bbox 334 2521 1985 2595">
     <span class='ocr_line' id='line_1_42' title="bbox 334 2521 1985 2595; baseline -0.001 -17"><span class='ocrx_word' id='word_1_293' title='bbox 334 2522 699 2578; x_wconf 90' lang='lat' dir='ltr'>hominibus.</span> <span class='ocrx_word' id='word_1_294' title='bbox 725 2521 839 2577; x_wconf 88' lang='lat' dir='ltr'>Vos</span> <span class='ocrx_word' id='word_1_295' title='bbox 867 2522 1011 2577; x_wconf 89' lang='lat' dir='ltr'>estis</span> <span class='ocrx_word' id='word_1_296' title='bbox 1044 2521 1140 2576; x_wconf 87' lang='lat' dir='ltr'>lux</span> <span class='ocrx_word' id='word_1_297' title='bbox 1168 2522 1348 2593; x_wconf 86' lang='lat' dir='ltr'>hujus</span> <span class='ocrx_word' id='word_1_298' title='bbox 1381 2523 1609 2577; x_wconf 90' lang='lat' dir='ltr'>mundi.</span> <span class='ocrx_word' id='word_1_299' title='bbox 1639 2524 1763 2578; x_wconf 89' lang='lat' dir='ltr'>Non</span> <span class='ocrx_word' id='word_1_300' title='bbox 1800 2527 1985 2595; x_wconf 85' lang='lat' dir='ltr'>potest</span> 
     </span>
    </p>
   </div>
   <div class='ocr_carea' id='block_1_43' title="bbox 335 2610 1988 2684">
    <p class='ocr_par' dir='ltr' id='par_1_43' title="bbox 335 2610 1988 2684">
     <span class='ocr_line' id='line_1_43' title="bbox 335 2610 1988 2684; baseline 0.001 -18"><span class='ocrx_word' id='word_1_301' title='bbox 335 2610 538 2666; x_wconf 85' lang='lat' dir='ltr'>civitas</span> <span class='ocrx_word' id='word_1_302' title='bbox 561 2610 837 2665; x_wconf 87' lang='lat' dir='ltr'>abscondi</span> <span class='ocrx_word' id='word_1_303' title='bbox 861 2627 1037 2681; x_wconf 84' lang='lat' dir='ltr'>super</span> <span class='ocrx_word' id='word_1_304' title='bbox 1057 2615 1315 2666; x_wconf 89' lang='lat' dir='ltr'>montem</span> <span class='ocrx_word' id='word_1_305' title='bbox 1338 2612 1548 2684; x_wconf 91' lang='lat' dir='ltr'>posita.</span> <span class='ocrx_word' id='word_1_306' title='bbox 1574 2612 1770 2683; x_wconf 82' lang='lat' dir='ltr'>Neque</span> <span class='ocrx_word' id='word_1_307' title='bbox 1792 2629 1988 2667; x_wconf 87' lang='lat' dir='ltr'>accen-</span> 
     </span>
    </p>
   </div>
   <div class='ocr_carea' id='block_1_44' title="bbox 335 2698 1988 2773">
    <p class='ocr_par' dir='ltr' id='par_1_44' title="bbox 335 2698 1988 2773">
     <span class='ocr_line' id='line_1_44' title="bbox 335 2698 1988 2773; baseline 0.001 -20"><span class='ocrx_word' id='word_1_308' title='bbox 335 2699 488 2754; x_wconf 89' lang='lat' dir='ltr'>dunt</span> <span class='ocrx_word' id='word_1_309' title='bbox 515 2698 838 2769; x_wconf 89' lang='lat' dir='ltr'>lucernam,</span> <span class='ocrx_word' id='word_1_310' title='bbox 862 2704 919 2754; x_wconf 88' lang='lat' dir='ltr'>et</span> <span class='ocrx_word' id='word_1_311' title='bbox 939 2704 1164 2771; x_wconf 91' lang='lat' dir='ltr'>ponunt</span> <span class='ocrx_word' id='word_1_312' title='bbox 1184 2716 1308 2754; x_wconf 91' lang='lat' dir='ltr'>eam</span> <span class='ocrx_word' id='word_1_313' title='bbox 1334 2700 1444 2755; x_wconf 90' lang='lat' dir='ltr'>sub</span> <span class='ocrx_word' id='word_1_314' title='bbox 1471 2700 1665 2755; x_wconf 92' lang='lat' dir='ltr'>modio</span> <span class='ocrx_word' id='word_1_315' title='bbox 1687 2701 1784 2755; x_wconf 88' lang='lat' dir='ltr'>sed</span> <span class='ocrx_word' id='word_1_316' title='bbox 1811 2717 1988 2773; x_wconf 90' lang='lat' dir='ltr'>supra</span> 
     </span>
    </p>
   </div>
   <div class='ocr_carea' id='block_1_45' title="bbox 336 2785 1984 2860">
    <p class='ocr_par' dir='ltr' id='par_1_45' title="bbox 336 2785 1984 2860">
     <span class='ocr_line' id='line_1_45' title="bbox 336 2785 1984 2860; baseline 0 -17"><span class='ocrx_word' id='word_1_317' title='bbox 336 2786 776 2850; x_wconf 89' lang='lat' dir='ltr'>candelabrum,</span> <span class='ocrx_word' id='word_1_318' title='bbox 801 2793 863 2842; x_wconf 94' lang='lat' dir='ltr'>ut</span> <span class='ocrx_word' id='word_1_319' title='bbox 894 2785 1084 2843; x_wconf 88' lang='lat' dir='ltr'>luceat</span> <span class='ocrx_word' id='word_1_320' title='bbox 1110 2789 1386 2845; x_wconf 89' lang='lat' dir='ltr'>omnibus</span> <span class='ocrx_word' id='word_1_321' title='bbox 1408 2790 1506 2860; x_wconf 87' lang='lat' dir='ltr'>qui</span> <span class='ocrx_word' id='word_1_322' title='bbox 1542 2789 1599 2844; x_wconf 91' lang='lat' dir='ltr'>in</span> <span class='ocrx_word' id='word_1_323' title='bbox 1622 2790 1795 2844; x_wconf 92' lang='lat' dir='ltr'>domo</span> <span class='ocrx_word' id='word_1_324' title='bbox 1825 2794 1984 2845; x_wconf 88' lang='lat' dir='ltr'>sunt.</span> 
     </span>
    </p>
   </div>
   <div class='ocr_carea' id='block_1_46' title="bbox 336 2874 1986 2939">
    <p class='ocr_par' dir='ltr' id='par_1_46' title="bbox 336 2874 1986 2939">
     <span class='ocr_line' id='line_1_46' title="bbox 336 2874 1986 2939; baseline 0.002 -8"><span class='ocrx_word' id='word_1_325' title='bbox 336 2876 431 2931; x_wconf 90' lang='lat' dir='ltr'>Sic</span> <span class='ocrx_word' id='word_1_326' title='bbox 464 2874 651 2931; x_wconf 87' lang='lat' dir='ltr'>luceat</span> <span class='ocrx_word' id='word_1_327' title='bbox 692 2875 790 2930; x_wconf 84' lang='lat' dir='ltr'>lux</span> <span class='ocrx_word' id='word_1_328' title='bbox 830 2881 1022 2932; x_wconf 82' lang='lat' dir='ltr'>vestra</span> <span class='ocrx_word' id='word_1_329' title='bbox 1075 2877 1227 2931; x_wconf 92' lang='lat' dir='ltr'>bona</span> <span class='ocrx_word' id='word_1_330' title='bbox 1280 2894 1475 2933; x_wconf 90' lang='lat' dir='ltr'>coram</span> <span class='ocrx_word' id='word_1_331' title='bbox 1535 2876 1894 2939; x_wconf 89' lang='lat' dir='ltr'>hominibus,</span> <span class='ocrx_word' id='word_1_332' title='bbox 1925 2883 1986 2934; x_wconf 90' lang='lat' dir='ltr'>ut</span> 
     </span>
    </p>
   </div>
   <div class='ocr_carea' id='block_1_47' title="bbox 333 2963 1986 3040">
    <p class='ocr_par' dir='ltr' id='par_1_47' title="bbox 333 2963 1986 3040">
     <span class='ocr_line' id='line_1_47' title="bbox 333 2963 1986 3040; baseline 0.002 -21"><span class='ocrx_word' id='word_1_333' title='bbox 333 2963 568 3019; x_wconf 83' lang='lat' dir='ltr'>videant</span> <span class='ocrx_word' id='word_1_334' title='bbox 612 2964 765 3019; x_wconf 89' lang='lat' dir='ltr'>bona</span> <span class='ocrx_word' id='word_1_335' title='bbox 810 2969 1002 3021; x_wconf 83' lang='lat' dir='ltr'>vestra</span> <span class='ocrx_word' id='word_1_336' title='bbox 1047 2983 1242 3038; x_wconf 90' lang='lat' dir='ltr'>opera,</span> <span class='ocrx_word' id='word_1_337' title='bbox 1276 2972 1332 3022; x_wconf 90' lang='lat' dir='ltr'>et</span> <span class='ocrx_word' id='word_1_338' title='bbox 1378 2966 1705 3040; x_wconf 83' lang='lat' dir='ltr'>glorificent</span> <span class='ocrx_word' id='word_1_339' title='bbox 1756 2968 1986 3023; x_wconf 88' lang='lat' dir='ltr'>Patrem</span> 
     </span>
    </p>
   </div>
   <div class='ocr_carea' id='block_1_48' title="bbox 336 3053 1176 3125">
    <p class='ocr_par' dir='ltr' id='par_1_48' title="bbox 336 3053 1176 3125">
     <span class='ocr_line' id='line_1_48' title="bbox 336 3053 1176 3125; baseline 0.004 -18"><span class='ocrx_word' id='word_1_340' title='bbox 336 3056 617 3119; x_wconf 88' lang='lat' dir='ltr'>vestrum,</span> <span class='ocrx_word' id='word_1_341' title='bbox 652 3053 752 3125; x_wconf 86' lang='lat' dir='ltr'>qui</span> <span class='ocrx_word' id='word_1_342' title='bbox 784 3058 875 3110; x_wconf 89' lang='lat' dir='ltr'>est</span> <span class='ocrx_word' id='word_1_343' title='bbox 903 3053 962 3109; x_wconf 92' lang='lat' dir='ltr'>in</span> <span class='ocrx_word' id='word_1_344' title='bbox 995 3055 1176 3110; x_wconf 79' lang='lat' dir='ltr'>ccelis.</span> 
     </span>
    </p>
   </div>
   <div class='ocr_carea' id='block_1_49' title="bbox 887 3159 1440 3206">
    <p class='ocr_par' dir='ltr' id='par_1_49' title="bbox 887 3159 1440 3206">
     <span class='ocr_line' id='line_1_49' title="bbox 887 3159 1440 3206; baseline 0.002 -8"><span class='ocrx_word' id='word_1_345' title='bbox 887 3159 1219 3198; x_wconf 73' lang='lat' dir='ltr'>BENEDIC’I‘IO</span> <span class='ocrx_word' id='word_1_346' title='bbox 1258 3160 1440 3206; x_wconf 68' lang='grc' dir='ltr'>ΑΟυᾸ-ἳ.</span> 
     </span>
    </p>
   </div>
   <div class='ocr_carea' id='block_1_50' title="bbox 724 3232 1589 3289">
    <p class='ocr_par' dir='ltr' id='par_1_50' title="bbox 724 3232 1589 3289">
     <span class='ocr_line' id='line_1_50' title="bbox 724 3232 1589 3289; baseline 0.002 -3"><span class='ocrx_word' id='word_1_347' title='bbox 724 3232 987 3287; x_wconf 81' lang='lat' dir='ltr'>Dominus</span> <span class='ocrx_word' id='word_1_348' title='bbox 1019 3234 1309 3289; x_wconf 80' lang='lat' dir='ltr'>vobiscum.</span> <span class='ocrx_word' id='word_1_349' title='bbox 1345 3233 1589 3288; x_wconf 75' lang='lat' dir='ltr'>Oremus.</span> 
     </span>
    </p>
   </div>
   <div class='ocr_carea' id='block_1_51' title="bbox 406 3319 1991 3394">
    <p class='ocr_par' dir='ltr' id='par_1_51' title="bbox 406 3319 1991 3394">
     <span class='ocr_line' id='line_1_51' title="bbox 406 3319 1991 3394; baseline -0.001 -18"><span class='ocrx_word' id='word_1_350' title='bbox 406 3319 678 3376; x_wconf 81' lang='lat' dir='ltr'>Exercizo</span> <span class='ocrx_word' id='word_1_351' title='bbox 709 3325 765 3375; x_wconf 92' lang='lat' dir='ltr'>te</span> <span class='ocrx_word' id='word_1_352' title='bbox 796 3326 1062 3376; x_wconf 86' lang='lat' dir='ltr'>creatura</span> <span class='ocrx_word' id='word_1_353' title='bbox 1092 3339 1255 3393; x_wconf 68' lang='lat' dir='ltr'>aqua:</span> <span class='ocrx_word' id='word_1_354' title='bbox 1289 3338 1391 3393; x_wconf 90' lang='lat' dir='ltr'>per</span> <span class='ocrx_word' id='word_1_355' title='bbox 1421 3322 1603 3377; x_wconf 88' lang='lat' dir='ltr'>Deum</span> <span class='ocrx_word' id='word_1_356' title='bbox 1636 3322 1852 3385; x_wconf 91' lang='lat' dir='ltr'>vivum,</span> <span class='ocrx_word' id='word_1_357' title='bbox 1888 3339 1991 3394; x_wconf 91' lang='lat' dir='ltr'>per</span> 
     </span>
    </p>
   </div>
   <div class='ocr_carea' id='block_1_52' title="bbox 336 3408 1991 3482">
    <p class='ocr_par' dir='ltr' id='par_1_52' title="bbox 336 3408 1991 3482">
     <span class='ocr_line' id='line_1_52' title="bbox 336 3408 1991 3482; baseline 0.002 -18"><span class='ocrx_word' id='word_1_358' title='bbox 336 3408 518 3465; x_wconf 91' lang='lat' dir='ltr'>Deum</span> <span class='ocrx_word' id='word_1_359' title='bbox 562 3414 855 3474; x_wconf 86' lang='lat' dir='ltr'>sanctum,</span> <span class='ocrx_word' id='word_1_360' title='bbox 888 3426 990 3482; x_wconf 91' lang='lat' dir='ltr'>per</span> <span class='ocrx_word' id='word_1_361' title='bbox 1034 3411 1216 3466; x_wconf 89' lang='lat' dir='ltr'>Deum</span> <span class='ocrx_word' id='word_1_362' title='bbox 1264 3410 1445 3467; x_wconf 79' lang='lat' dir='ltr'>totius</span> <span class='ocrx_word' id='word_1_363' title='bbox 1493 3416 1789 3475; x_wconf 67' lang='lat' dir='ltr'>creaturae,</span> <span class='ocrx_word' id='word_1_364' title='bbox 1823 3416 1889 3466; x_wconf 93' lang='lat' dir='ltr'>ut</span> <span class='ocrx_word' id='word_1_365' title='bbox 1936 3416 1991 3467; x_wconf 92' lang='lat' dir='ltr'>te</span> 
     </span>
    </p>
   </div>
   <div class='ocr_carea' id='block_1_53' title="bbox 335 3498 1992 3573">
    <p class='ocr_par' dir='ltr' id='par_1_53' title="bbox 335 3498 1992 3573">
     <span class='ocr_line' id='line_1_53' title="bbox 335 3498 1992 3573; baseline 0.001 -20"><span class='ocrx_word' id='word_1_366' title='bbox 335 3498 616 3554; x_wconf 88' lang='lat' dir='ltr'>mundam</span> <span class='ocrx_word' id='word_1_367' title='bbox 649 3498 922 3555; x_wconf 77' lang='lat' dir='ltr'>exhibeas</span> <span class='ocrx_word' id='word_1_368' title='bbox 971 3504 1174 3554; x_wconf 86' lang='lat' dir='ltr'>contra</span> <span class='ocrx_word' id='word_1_369' title='bbox 1205 3517 1438 3556; x_wconf 90' lang='lat' dir='ltr'>omnem</span> <span class='ocrx_word' id='word_1_370' title='bbox 1488 3501 1783 3565; x_wconf 88' lang='lat' dir='ltr'>morbum,</span> <span class='ocrx_word' id='word_1_371' title='bbox 1818 3506 1992 3573; x_wconf 88' lang='lat' dir='ltr'>atque</span> 
     </span>
    </p>
   </div>
   <div class='ocr_carea' id='block_1_54' title="bbox 334 3585 1993 3661">
    <p class='ocr_par' dir='ltr' id='par_1_54' title="bbox 334 3585 1993 3661">
     <span class='ocr_line' id='line_1_54' title="bbox 334 3585 1993 3661; baseline 0.002 -20"><span class='ocrx_word' id='word_1_372' title='bbox 334 3586 581 3642; x_wconf 89' lang='lat' dir='ltr'>insidias</span> <span class='ocrx_word' id='word_1_373' title='bbox 625 3585 867 3653; x_wconf 90' lang='lat' dir='ltr'>inimici,</span> <span class='ocrx_word' id='word_1_374' title='bbox 903 3593 968 3642; x_wconf 90' lang='lat' dir='ltr'>ut</span> <span class='ocrx_word' id='word_1_375' title='bbox 1013 3588 1347 3661; x_wconf 85' lang='lat' dir='ltr'>ubicunque</span> <span class='ocrx_word' id='word_1_376' title='bbox 1395 3606 1634 3661; x_wconf 88' lang='lat' dir='ltr'>aspersa</span> <span class='ocrx_word' id='word_1_377' title='bbox 1683 3589 1880 3657; x_wconf 78' lang='lat' dir='ltr'>fueris,</span> <span class='ocrx_word' id='word_1_378' title='bbox 1917 3590 1993 3645; x_wconf 90' lang='lat' dir='ltr'>sit</span> 
     </span>
    </p>
   </div>
   <div class='ocr_carea' id='block_1_55' title="bbox 331 3674 1997 3747">
    <p class='ocr_par' dir='ltr' id='par_1_55' title="bbox 331 3674 1997 3747">
     <span class='ocr_line' id='line_1_55' title="bbox 331 3674 1997 3747; baseline 0.004 -18"><span class='ocrx_word' id='word_1_379' title='bbox 331 3674 580 3745; x_wconf 86' lang='lat' dir='ltr'>propitio</span> <span class='ocrx_word' id='word_1_380' title='bbox 612 3676 728 3729; x_wconf 87' lang='lat' dir='ltr'>Deo</span> <span class='ocrx_word' id='word_1_381' title='bbox 749 3676 960 3731; x_wconf 87' lang='lat' dir='ltr'>domus</span> <span class='ocrx_word' id='word_1_382' title='bbox 983 3675 1113 3747; x_wconf 89' lang='lat' dir='ltr'>ipsa</span> <span class='ocrx_word' id='word_1_383' title='bbox 1134 3677 1398 3741; x_wconf 80' lang='lat' dir='ltr'>defensa,</span> <span class='ocrx_word' id='word_1_384' title='bbox 1418 3677 1570 3733; x_wconf 87' lang='lat' dir='ltr'>sicut</span> <span class='ocrx_word' id='word_1_385' title='bbox 1598 3678 1849 3734; x_wconf 66' lang='lat' dir='ltr'>defensae</span> <span class='ocrx_word' id='word_1_386' title='bbox 1876 3680 1997 3736; x_wconf 79' lang='lat' dir='ltr'>fur-</span> 
     </span>
    </p>
   </div>
   <div class='ocr_carea' id='block_1_56' title="bbox 330 3763 1985 3840">
    <p class='ocr_par' dir='ltr' id='par_1_56' title="bbox 330 3763 1985 3840">
     <span class='ocr_line' id='line_1_56' title="bbox 330 3763 1985 3840; baseline 0.004 -23"><span class='ocrx_word' id='word_1_387' title='bbox 330 3768 470 3817; x_wconf 91' lang='lat' dir='ltr'>runt</span> <span class='ocrx_word' id='word_1_388' title='bbox 490 3763 702 3817; x_wconf 90' lang='lat' dir='ltr'>domus</span> <span class='ocrx_word' id='word_1_389' title='bbox 724 3763 1097 3820; x_wconf 67' lang='lat' dir='ltr'>Hebraeorum</span> <span class='ocrx_word' id='word_1_390' title='bbox 1122 3781 1223 3835; x_wconf 91' lang='lat' dir='ltr'>per</span> <span class='ocrx_word' id='word_1_391' title='bbox 1244 3766 1479 3839; x_wconf 83' lang='lat' dir='ltr'>signum</span> <span class='ocrx_word' id='word_1_392' title='bbox 1500 3768 1807 3840; x_wconf 81' lang='lat' dir='ltr'>sanguinis</span> <span class='ocrx_word' id='word_1_393' title='bbox 1831 3769 1985 3840; x_wconf 83' lang='lat' dir='ltr'>agni.</span> 
     </span>
    </p>
   </div>
   <div class='ocr_carea' id='block_1_57' title="bbox 328 3849 1990 3913">
    <p class='ocr_par' dir='ltr' id='par_1_57' title="bbox 328 3849 1990 3913">
     <span class='ocr_line' id='line_1_57' title="bbox 328 3849 1990 3913; baseline 0.006 -10"><span class='ocrx_word' id='word_1_394' title='bbox 328 3850 420 3904; x_wconf 88' lang='lat' dir='ltr'>Sic</span> <span class='ocrx_word' id='word_1_395' title='bbox 445 3849 837 3904; x_wconf 81' lang='lat' dir='ltr'>defendantur</span> <span class='ocrx_word' id='word_1_396' title='bbox 861 3851 1100 3906; x_wconf 90' lang='lat' dir='ltr'>Domine</span> <span class='ocrx_word' id='word_1_397' title='bbox 1123 3853 1335 3909; x_wconf 91' lang='lat' dir='ltr'>domus</span> <span class='ocrx_word' id='word_1_398' title='bbox 1359 3855 1715 3912; x_wconf 86' lang='lat' dir='ltr'>famulorum</span> <span class='ocrx_word' id='word_1_399' title='bbox 1740 3858 1990 3913; x_wconf 81' lang='lat' dir='ltr'>l‘amula-</span> 
     </span>
    </p>
   </div>
   <div class='ocr_carea' id='block_1_58' title="bbox 326 3941 1985 4018">
    <p class='ocr_par' dir='ltr' id='par_1_58' title="bbox 326 3941 1985 4018">
     <span class='ocr_line' id='line_1_58' title="bbox 326 3941 1985 4018; baseline 0.005 -25"><span class='ocrx_word' id='word_1_400' title='bbox 326 3953 586 4008; x_wconf 88' lang='lat' dir='ltr'>rumque</span> <span class='ocrx_word' id='word_1_401' title='bbox 612 3941 849 3993; x_wconf 90' lang='lat' dir='ltr'>tuarum</span> <span class='ocrx_word' id='word_1_402' title='bbox 891 3956 995 4010; x_wconf 86' lang='lat' dir='ltr'>per</span> <span class='ocrx_word' id='word_1_403' title='bbox 1041 3942 1445 4012; x_wconf 83' lang='lat' dir='ltr'>aspersionem</span> <span class='ocrx_word' id='word_1_404' title='bbox 1477 3944 1656 4015; x_wconf 84' lang='lat' dir='ltr'>hujus</span> <span class='ocrx_word' id='word_1_405' title='bbox 1704 3963 1887 4018; x_wconf 68' lang='lat' dir='ltr'>aquae.</span> <span class='ocrx_word' id='word_1_406' title='bbox 1923 3949 1985 4003; x_wconf 89' lang='lat' dir='ltr'>In</span> 
     </span>
    </p>
   </div>
   <div class='ocr_carea' id='block_1_59' title="bbox 325 4024 1989 4102">
    <p class='ocr_par' dir='ltr' id='par_1_59' title="bbox 325 4024 1989 4102">
     <span class='ocr_line' id='line_1_59' title="bbox 325 4024 1989 4102; baseline 0.007 -21"><span class='ocrx_word' id='word_1_407' title='bbox 325 4024 516 4097; x_wconf 89' lang='lat' dir='ltr'>ipsius</span> <span class='ocrx_word' id='word_1_408' title='bbox 541 4029 773 4081; x_wconf 89' lang='lat' dir='ltr'>nomine</span> <span class='ocrx_word' id='word_1_409' title='bbox 793 4030 849 4081; x_wconf 92' lang='lat' dir='ltr'>te</span> <span class='ocrx_word' id='word_1_410' title='bbox 870 4027 1128 4083; x_wconf 84' lang='lat' dir='ltr'>exorcizo</span> <span class='ocrx_word' id='word_1_411' title='bbox 1153 4046 1322 4101; x_wconf 90' lang='lat' dir='ltr'>aqua,</span> <span class='ocrx_word' id='word_1_412' title='bbox 1351 4030 1447 4102; x_wconf 86' lang='lat' dir='ltr'>qui</span> <span class='ocrx_word' id='word_1_413' title='bbox 1472 4033 1645 4087; x_wconf 89' lang='lat' dir='ltr'>verbo</span> <span class='ocrx_word' id='word_1_414' title='bbox 1670 4051 1776 4089; x_wconf 88' lang='lat' dir='ltr'>suo</span> <span class='ocrx_word' id='word_1_415' title='bbox 1802 4036 1989 4092; x_wconf 75' lang='lat' dir='ltr'>fontes</span> 
     </span>
    </p>
   </div>
   <div class='ocr_carea' id='block_1_60' title="bbox 324 4114 1982 4190">
    <p class='ocr_par' dir='ltr' id='par_1_60' title="bbox 324 4114 1982 4190">
     <span class='ocr_line' id='line_1_60' title="bbox 324 4114 1982 4190; baseline 0.005 -20"><span class='ocrx_word' id='word_1_416' title='bbox 324 4130 600 4170; x_wconf 88' lang='lat' dir='ltr'>emanare</span> <span class='ocrx_word' id='word_1_417' title='bbox 632 4114 920 4187; x_wconf 66' lang='lat' dir='ltr'>praecepit.</span> <span class='ocrx_word' id='word_1_418' title='bbox 957 4116 1019 4171; x_wconf 90' lang='lat' dir='ltr'>In</span> <span class='ocrx_word' id='word_1_419' title='bbox 1071 4116 1258 4188; x_wconf 84' lang='lat' dir='ltr'>ipsius</span> <span class='ocrx_word' id='word_1_420' title='bbox 1308 4120 1547 4176; x_wconf 91' lang='lat' dir='ltr'>nomine</span> <span class='ocrx_word' id='word_1_421' title='bbox 1597 4126 1651 4176; x_wconf 89' lang='lat' dir='ltr'>te</span> <span class='ocrx_word' id='word_1_422' title='bbox 1700 4125 1982 4190; x_wconf 77' lang='lat' dir='ltr'>exorrizo,</span> 
     </span>
    </p>
   </div>
   <div class='ocr_carea' id='block_1_61' title="bbox 323 4200 1986 4285">
    <p class='ocr_par' dir='ltr' id='par_1_61' title="bbox 323 4200 1986 4285">
     <span class='ocr_line' id='line_1_61' title="bbox 323 4200 1986 4285; baseline 0.008 -29"><span class='ocrx_word' id='word_1_423' title='bbox 323 4200 427 4274; x_wconf 90' lang='lat' dir='ltr'>qui</span> <span class='ocrx_word' id='word_1_424' title='bbox 456 4201 610 4259; x_wconf 85' lang='lat' dir='ltr'>ﬁlios</span> <span class='ocrx_word' id='word_1_425' title='bbox 642 4202 819 4258; x_wconf 89' lang='lat' dir='ltr'>Israel</span> <span class='ocrx_word' id='word_1_426' title='bbox 849 4220 951 4276; x_wconf 91' lang='lat' dir='ltr'>per</span> <span class='ocrx_word' id='word_1_427' title='bbox 982 4205 1240 4261; x_wconf 88' lang='lat' dir='ltr'>medium</span> <span class='ocrx_word' id='word_1_428' title='bbox 1274 4224 1434 4263; x_wconf 90' lang='lat' dir='ltr'>mare</span> <span class='ocrx_word' id='word_1_429' title='bbox 1465 4210 1683 4266; x_wconf 87' lang='lat' dir='ltr'>eduxit.</span> <span class='ocrx_word' id='word_1_430' title='bbox 1710 4211 1772 4267; x_wconf 91' lang='lat' dir='ltr'>In</span> <span class='ocrx_word' id='word_1_431' title='bbox 1795 4211 1986 4285; x_wconf 90' lang='lat' dir='ltr'>ipsius</span> 
     </span>
    </p>
   </div>
   <div class='ocr_carea' id='block_1_62' title="bbox 323 4291 1981 4371">
    <p class='ocr_par' dir='ltr' id='par_1_62' title="bbox 323 4291 1981 4371">
     <span class='ocr_line' id='line_1_62' title="bbox 323 4291 1981 4371; baseline 0.007 -25"><span class='ocrx_word' id='word_1_432' title='bbox 323 4291 563 4347; x_wconf 89' lang='lat' dir='ltr'>nomine</span> <span class='ocrx_word' id='word_1_433' title='bbox 594 4296 649 4347; x_wconf 91' lang='lat' dir='ltr'>te</span> <span class='ocrx_word' id='word_1_434' title='bbox 679 4292 960 4361; x_wconf 84' lang='lat' dir='ltr'>exorcizo,</span> <span class='ocrx_word' id='word_1_435' title='bbox 995 4292 1094 4363; x_wconf 87' lang='lat' dir='ltr'>qui</span> <span class='ocrx_word' id='word_1_436' title='bbox 1127 4311 1306 4368; x_wconf 85' lang='lat' dir='ltr'>super</span> <span class='ocrx_word' id='word_1_437' title='bbox 1333 4300 1389 4351; x_wconf 91' lang='lat' dir='ltr'>te</span> <span class='ocrx_word' id='word_1_438' title='bbox 1420 4297 1546 4353; x_wconf 88' lang='lat' dir='ltr'>suis</span> <span class='ocrx_word' id='word_1_439' title='bbox 1578 4300 1827 4371; x_wconf 90' lang='lat' dir='ltr'>pedibus</span> <span class='ocrx_word' id='word_1_440' title='bbox 1859 4319 1981 4358; x_wconf 91' lang='lat' dir='ltr'>am-</span> 
     </span>
    </p>
   </div>
   <div class='ocr_carea' id='block_1_63' title="bbox 322 4378 1984 4460">
    <p class='ocr_par' dir='ltr' id='par_1_63' title="bbox 322 4378 1984 4460">
     <span class='ocr_line' id='line_1_63' title="bbox 322 4378 1984 4460; baseline 0.007 -25"><span class='ocrx_word' id='word_1_441' title='bbox 322 4378 564 4435; x_wconf 85' lang='lat' dir='ltr'>bulavit.</span> <span class='ocrx_word' id='word_1_442' title='bbox 588 4380 650 4435; x_wconf 91' lang='lat' dir='ltr'>In</span> <span class='ocrx_word' id='word_1_443' title='bbox 674 4380 864 4453; x_wconf 90' lang='lat' dir='ltr'>ipsius</span> <span class='ocrx_word' id='word_1_444' title='bbox 885 4382 1123 4439; x_wconf 91' lang='lat' dir='ltr'>nomine</span> <span class='ocrx_word' id='word_1_445' title='bbox 1144 4388 1198 4439; x_wconf 89' lang='lat' dir='ltr'>te</span> <span class='ocrx_word' id='word_1_446' title='bbox 1220 4385 1500 4452; x_wconf 81' lang='lat' dir='ltr'>exorcizo,</span> <span class='ocrx_word' id='word_1_447' title='bbox 1528 4404 1700 4460; x_wconf 83' lang='lat' dir='ltr'>quem</span> <span class='ocrx_word' id='word_1_448' title='bbox 1728 4388 1984 4447; x_wconf 84' lang='lat' dir='ltr'>Joannes</span> 
     </span>
    </p>
   </div>
   <div class='ocr_carea' id='block_1_64' title="bbox 322 4467 1982 4545">
    <p class='ocr_par' dir='ltr' id='par_1_64' title="bbox 322 4467 1982 4545">
     <span class='ocr_line' id='line_1_64' title="bbox 322 4467 1982 4545; baseline 0.006 -24"><span class='ocrx_word' id='word_1_449' title='bbox 322 4467 383 4521; x_wconf 93' lang='lat' dir='ltr'>in</span> <span class='ocrx_word' id='word_1_450' title='bbox 413 4470 469 4523; x_wconf 86' lang='lat' dir='ltr'>te</span> <span class='ocrx_word' id='word_1_451' title='bbox 501 4467 831 4539; x_wconf 87' lang='lat' dir='ltr'>baptizavit,</span> <span class='ocrx_word' id='word_1_452' title='bbox 856 4473 921 4524; x_wconf 92' lang='lat' dir='ltr'>ut</span> <span class='ocrx_word' id='word_1_453' title='bbox 941 4472 1134 4527; x_wconf 92' lang='lat' dir='ltr'>omnis</span> <span class='ocrx_word' id='word_1_454' title='bbox 1164 4473 1408 4541; x_wconf 86' lang='lat' dir='ltr'>spiritus</span> <span class='ocrx_word' id='word_1_455' title='bbox 1442 4475 1677 4545; x_wconf 89' lang='lat' dir='ltr'>erroris,</span> <span class='ocrx_word' id='word_1_456' title='bbox 1701 4482 1758 4532; x_wconf 91' lang='lat' dir='ltr'>et</span> <span class='ocrx_word' id='word_1_457' title='bbox 1778 4494 1982 4534; x_wconf 83' lang='lat' dir='ltr'>omnes</span> 
     </span>
    </p>
   </div>
   <div class='ocr_carea' id='block_1_65' title="bbox 2097 1899 3733 1973">
    <p class='ocr_par' dir='ltr' id='par_1_65' title="bbox 2097 1899 3733 1973">
     <span class='ocr_line' id='line_1_65' title="bbox 2097 1899 3733 1973; baseline -0.002 -17"><span class='ocrx_word' id='word_1_458' title='bbox 2097 1918 2251 1972; x_wconf 90' lang='lat' dir='ltr'>aqua</span> <span class='ocrx_word' id='word_1_459' title='bbox 2281 1906 2503 1966; x_wconf 84' lang='lat' dir='ltr'>sancta,</span> <span class='ocrx_word' id='word_1_460' title='bbox 2534 1918 2689 1973; x_wconf 87' lang='lat' dir='ltr'>aqua</span> <span class='ocrx_word' id='word_1_461' title='bbox 2736 1902 3057 1967; x_wconf 74' lang='lat' dir='ltr'>benedicta,</span> <span class='ocrx_word' id='word_1_462' title='bbox 3092 1918 3245 1973; x_wconf 89' lang='lat' dir='ltr'>aqua</span> <span class='ocrx_word' id='word_1_463' title='bbox 3291 1899 3512 1955; x_wconf 74' lang='lat' dir='ltr'>lavans</span> <span class='ocrx_word' id='word_1_464' title='bbox 3542 1899 3733 1963; x_wconf 76' lang='lat' dir='ltr'>sordes,</span> 
     </span>
    </p>
   </div>
   <div class='ocr_carea' id='block_1_66' title="bbox 2100 1987 3737 2063">
    <p class='ocr_par' dir='ltr' id='par_1_66' title="bbox 2100 1987 3737 2063">
     <span class='ocr_line' id='line_1_66' title="bbox 2100 1987 3737 2063; baseline -0.002 -19"><span class='ocrx_word' id='word_1_465' title='bbox 2100 1995 2155 2044; x_wconf 89' lang='lat' dir='ltr'>et</span> <span class='ocrx_word' id='word_1_466' title='bbox 2189 1991 2482 2045; x_wconf 81' lang='lat' dir='ltr'>inundans</span> <span class='ocrx_word' id='word_1_467' title='bbox 2531 1995 2785 2061; x_wconf 88' lang='lat' dir='ltr'>peccata.</span> <span class='ocrx_word' id='word_1_468' title='bbox 2819 1990 3037 2060; x_wconf 79' lang='lat' dir='ltr'>Adjuro</span> <span class='ocrx_word' id='word_1_469' title='bbox 3069 1993 3126 2045; x_wconf 90' lang='lat' dir='ltr'>te</span> <span class='ocrx_word' id='word_1_470' title='bbox 3166 2006 3268 2063; x_wconf 89' lang='lat' dir='ltr'>per</span> <span class='ocrx_word' id='word_1_471' title='bbox 3317 1989 3514 2046; x_wconf 87' lang='lat' dir='ltr'>Deum</span> <span class='ocrx_word' id='word_1_472' title='bbox 3548 1987 3737 2051; x_wconf 79' lang='lat' dir='ltr'>vivum,</span> 
     </span>
    </p>
   </div>
   <div class='ocr_carea' id='block_1_67' title="bbox 2101 2075 3735 2149">
    <p class='ocr_par' dir='ltr' id='par_1_67' title="bbox 2101 2075 3735 2149">
     <span class='ocr_line' id='line_1_67' title="bbox 2101 2075 3735 2149; baseline -0.004 -14"><span class='ocrx_word' id='word_1_473' title='bbox 2101 2084 2165 2135; x_wconf 90' lang='lat' dir='ltr'>ut</span> <span class='ocrx_word' id='word_1_474' title='bbox 2193 2084 2247 2134; x_wconf 88' lang='lat' dir='ltr'>te</span> <span class='ocrx_word' id='word_1_475' title='bbox 2291 2079 2573 2133; x_wconf 89' lang='lat' dir='ltr'>mundam</span> <span class='ocrx_word' id='word_1_476' title='bbox 2622 2077 2916 2146; x_wconf 83' lang='lat' dir='ltr'>exhibeas,</span> <span class='ocrx_word' id='word_1_477' title='bbox 2943 2094 3047 2133; x_wconf 91' lang='lat' dir='ltr'>nec</span> <span class='ocrx_word' id='word_1_478' title='bbox 3079 2077 3133 2131; x_wconf 91' lang='lat' dir='ltr'>in</span> <span class='ocrx_word' id='word_1_479' title='bbox 3167 2081 3220 2132; x_wconf 88' lang='lat' dir='ltr'>te</span> <span class='ocrx_word' id='word_1_480' title='bbox 3253 2075 3530 2149; x_wconf 80' lang='lat' dir='ltr'>aliquam</span> <span class='ocrx_word' id='word_1_481' title='bbox 3578 2076 3735 2130; x_wconf 79' lang='lat' dir='ltr'>fanta~</span> 
     </span>
    </p>
   </div>
   <div class='ocr_carea' id='block_1_68' title="bbox 2099 2165 3735 2230">
    <p class='ocr_par' dir='ltr' id='par_1_68' title="bbox 2099 2165 3735 2230">
     <span class='ocr_line' id='line_1_68' title="bbox 2099 2165 3735 2230; baseline -0.005 -7"><span class='ocrx_word' id='word_1_482' title='bbox 2099 2169 2248 2223; x_wconf 88' lang='lat' dir='ltr'>siam</span> <span class='ocrx_word' id='word_1_483' title='bbox 2289 2167 2568 2228; x_wconf 84' lang='lat' dir='ltr'>retineas;</span> <span class='ocrx_word' id='word_1_484' title='bbox 2619 2167 2716 2221; x_wconf 87' lang='lat' dir='ltr'>sed</span> <span class='ocrx_word' id='word_1_485' title='bbox 2770 2165 3043 2221; x_wconf 73' lang='lat' dir='ltr'>efficiaris</span> <span class='ocrx_word' id='word_1_486' title='bbox 3092 2165 3222 2222; x_wconf 82' lang='lat' dir='ltr'>fons</span> <span class='ocrx_word' id='word_1_487' title='bbox 3274 2166 3660 2230; x_wconf 79' lang='lat' dir='ltr'>exorcizatus,</span> <span class='ocrx_word' id='word_1_488' title='bbox 3688 2168 3735 2217; x_wconf 86' lang='lat' dir='ltr'>ut</span> 
     </span>
    </p>
   </div>
   <div class='ocr_carea' id='block_1_69' title="bbox 2098 2252 3733 2329">
    <p class='ocr_par' dir='ltr' id='par_1_69' title="bbox 2098 2252 3733 2329">
     <span class='ocr_line' id='line_1_69' title="bbox 2098 2252 3733 2329; baseline -0.004 -18"><span class='ocrx_word' id='word_1_489' title='bbox 2098 2256 2431 2329; x_wconf 85' lang='lat' dir='ltr'>ubicunque</span> <span class='ocrx_word' id='word_1_490' title='bbox 2475 2273 2751 2328; x_wconf 87' lang='lat' dir='ltr'>aspersus</span> <span class='ocrx_word' id='word_1_491' title='bbox 2802 2255 3000 2321; x_wconf 83' lang='lat' dir='ltr'>fueris,</span> <span class='ocrx_word' id='word_1_492' title='bbox 3035 2255 3153 2310; x_wconf 88' lang='lat' dir='ltr'>sive</span> <span class='ocrx_word' id='word_1_493' title='bbox 3204 2254 3261 2308; x_wconf 92' lang='lat' dir='ltr'>in</span> <span class='ocrx_word' id='word_1_494' title='bbox 3313 2254 3523 2319; x_wconf 90' lang='lat' dir='ltr'>domo,</span> <span class='ocrx_word' id='word_1_495' title='bbox 3556 2254 3662 2309; x_wconf 82' lang='lat' dir='ltr'>sive</span> <span class='ocrx_word' id='word_1_496' title='bbox 3690 2252 3733 2304; x_wconf 89' lang='lat' dir='ltr'>in</span> 
     </span>
    </p>
   </div>
   <div class='ocr_carea' id='block_1_70' title="bbox 2098 2340 3730 2417">
    <p class='ocr_par' dir='ltr' id='par_1_70' title="bbox 2098 2340 3730 2417">
     <span class='ocr_line' id='line_1_70' title="bbox 2098 2340 3730 2417; baseline -0.004 -17"><span class='ocrx_word' id='word_1_497' title='bbox 2098 2344 2332 2417; x_wconf 82' lang='lat' dir='ltr'>angulis</span> <span class='ocrx_word' id='word_1_498' title='bbox 2366 2345 2925 2413; x_wconf 86' lang='lat' dir='ltr'>cubiculorum,sive</span> <span class='ocrx_word' id='word_1_499' title='bbox 2946 2344 3004 2399; x_wconf 90' lang='lat' dir='ltr'>in</span> <span class='ocrx_word' id='word_1_500' title='bbox 3041 2360 3201 2417; x_wconf 85' lang='lat' dir='ltr'>agro,</span> <span class='ocrx_word' id='word_1_501' title='bbox 3226 2342 3343 2399; x_wconf 85' lang='lat' dir='ltr'>sive</span> <span class='ocrx_word' id='word_1_502' title='bbox 3367 2361 3556 2416; x_wconf 84' lang='lat' dir='ltr'>super</span> <span class='ocrx_word' id='word_1_503' title='bbox 3574 2340 3730 2397; x_wconf 56' lang='lat' dir='ltr'>homio</span> 
     </span>
    </p>
   </div>
   <div class='ocr_carea' id='block_1_71' title="bbox 2099 2432 3734 2506">
    <p class='ocr_par' dir='ltr' id='par_1_71' title="bbox 2099 2432 3734 2506">
     <span class='ocr_line' id='line_1_71' title="bbox 2099 2432 3734 2506; baseline -0.003 -18"><span class='ocrx_word' id='word_1_504' title='bbox 2099 2452 2222 2501; x_wconf 87' lang='lat' dir='ltr'>nes,</span> <span class='ocrx_word' id='word_1_505' title='bbox 2258 2434 2376 2489; x_wconf 89' lang='lat' dir='ltr'>sive</span> <span class='ocrx_word' id='word_1_506' title='bbox 2407 2450 2583 2505; x_wconf 85' lang='lat' dir='ltr'>super</span> <span class='ocrx_word' id='word_1_507' title='bbox 2613 2450 2837 2506; x_wconf 86' lang='lat' dir='ltr'>pecora,</span> <span class='ocrx_word' id='word_1_508' title='bbox 2870 2432 2955 2489; x_wconf 84' lang='lat' dir='ltr'>vel</span> <span class='ocrx_word' id='word_1_509' title='bbox 2991 2434 3286 2505; x_wconf 86' lang='lat' dir='ltr'>jumenta,</span> <span class='ocrx_word' id='word_1_510' title='bbox 3318 2432 3413 2487; x_wconf 87' lang='lat' dir='ltr'>vel</span> <span class='ocrx_word' id='word_1_511' title='bbox 3448 2433 3497 2488; x_wconf 90' lang='lat' dir='ltr'>si</span> <span class='ocrx_word' id='word_1_512' title='bbox 3531 2432 3655 2503; x_wconf 90' lang='lat' dir='ltr'>quis</span> <span class='ocrx_word' id='word_1_513' title='bbox 3679 2446 3734 2483; x_wconf 76' lang='lat' dir='ltr'>ex</span> 
     </span>
    </p>
   </div>
   <div class='ocr_carea' id='block_1_72' title="bbox 2097 2520 3728 2594">
    <p class='ocr_par' dir='ltr' id='par_1_72' title="bbox 2097 2520 3728 2594">
     <span class='ocr_line' id='line_1_72' title="bbox 2097 2520 3728 2594; baseline -0.003 -17"><span class='ocrx_word' id='word_1_514' title='bbox 2097 2528 2153 2577; x_wconf 91' lang='lat' dir='ltr'>te</span> <span class='ocrx_word' id='word_1_515' title='bbox 2178 2524 2516 2594; x_wconf 86' lang='lat' dir='ltr'>gustaverit,</span> <span class='ocrx_word' id='word_1_516' title='bbox 2541 2522 2648 2578; x_wconf 85' lang='lat' dir='ltr'>fias</span> <span class='ocrx_word' id='word_1_517' title='bbox 2680 2523 2729 2577; x_wconf 86' lang='lat' dir='ltr'>ei</span> <span class='ocrx_word' id='word_1_518' title='bbox 2763 2520 3203 2578; x_wconf 79' lang='lat' dir='ltr'>defensaculum</span> <span class='ocrx_word' id='word_1_519' title='bbox 3237 2522 3390 2588; x_wconf 71' lang='lat' dir='ltr'>vitae,</span> <span class='ocrx_word' id='word_1_520' title='bbox 3432 2520 3728 2576; x_wconf 82' lang='lat' dir='ltr'>remedium</span> 
     </span>
    </p>
   </div>
   <div class='ocr_carea' id='block_1_73' title="bbox 2098 2609 3731 2684">
    <p class='ocr_par' dir='ltr' id='par_1_73' title="bbox 2098 2609 3731 2684">
     <span class='ocr_line' id='line_1_73' title="bbox 2098 2609 3731 2684; baseline -0.005 -15"><span class='ocrx_word' id='word_1_521' title='bbox 2098 2612 2388 2669; x_wconf 84' lang='lat' dir='ltr'>sanitatis.</span> <span class='ocrx_word' id='word_1_522' title='bbox 2421 2612 2548 2684; x_wconf 85' lang='lat' dir='ltr'>Ipse</span> <span class='ocrx_word' id='word_1_523' title='bbox 2580 2628 2813 2684; x_wconf 89' lang='lat' dir='ltr'>quoque</span> <span class='ocrx_word' id='word_1_524' title='bbox 2847 2609 3112 2666; x_wconf 88' lang='lat' dir='ltr'>diabolus</span> <span class='ocrx_word' id='word_1_525' title='bbox 3135 2611 3449 2684; x_wconf 86' lang='lat' dir='ltr'>elongetur</span> <span class='ocrx_word' id='word_1_526' title='bbox 3469 2615 3524 2665; x_wconf 87' lang='lat' dir='ltr'>et</span> <span class='ocrx_word' id='word_1_527' title='bbox 3550 2609 3731 2679; x_wconf 72' lang='lat' dir='ltr'>effuge-</span> 
     </span>
    </p>
   </div>
   <div class='ocr_carea' id='block_1_74' title="bbox 2097 2696 3729 2773">
    <p class='ocr_par' dir='ltr' id='par_1_74' title="bbox 2097 2696 3729 2773">
     <span class='ocr_line' id='line_1_74' title="bbox 2097 2696 3729 2773; baseline -0.002 -18"><span class='ocrx_word' id='word_1_528' title='bbox 2097 2704 2214 2758; x_wconf 90' lang='lat' dir='ltr'>tur.</span> <span class='ocrx_word' id='word_1_529' title='bbox 2238 2705 2539 2770; x_wconf 87' lang='lat' dir='ltr'>tamquam</span> <span class='ocrx_word' id='word_1_530' title='bbox 2572 2700 2910 2773; x_wconf 82' lang='lat' dir='ltr'>elongatum</span> <span class='ocrx_word' id='word_1_531' title='bbox 2943 2703 3031 2755; x_wconf 90' lang='lat' dir='ltr'>est</span> <span class='ocrx_word' id='word_1_532' title='bbox 3074 2698 3287 2754; x_wconf 63' lang='lat' dir='ltr'>caelum</span> <span class='ocrx_word' id='word_1_533' title='bbox 3319 2716 3353 2753; x_wconf 91' lang='lat' dir='ltr'>a</span> <span class='ocrx_word' id='word_1_534' title='bbox 3382 2703 3562 2763; x_wconf 85' lang='lat' dir='ltr'>terra,</span> <span class='ocrx_word' id='word_1_535' title='bbox 3594 2696 3680 2751; x_wconf 76' lang='lat' dir='ltr'>lux</span> <span class='ocrx_word' id='word_1_536' title='bbox 3704 2715 3729 2749; x_wconf 72' lang='grc' dir='ltr'>ει</span> 
     </span>
    </p>
   </div>
   <div class='ocr_carea' id='block_1_75' title="bbox 2097 2786 3727 2859">
    <p class='ocr_par' dir='ltr' id='par_1_75' title="bbox 2097 2786 3727 2859">
     <span class='ocr_line' id='line_1_75' title="bbox 2097 2786 3727 2859; baseline -0.003 -16"><span class='ocrx_word' id='word_1_537' title='bbox 2097 2789 2353 2845; x_wconf 87' lang='lat' dir='ltr'>tenebris</span> <span class='ocrx_word' id='word_1_538' title='bbox 2399 2789 2633 2859; x_wconf 84' lang='lat' dir='ltr'>justum</span> <span class='ocrx_word' id='word_1_539' title='bbox 2684 2789 2757 2843; x_wconf 90' lang='lat' dir='ltr'>ab</span> <span class='ocrx_word' id='word_1_540' title='bbox 2799 2788 3041 2859; x_wconf 86' lang='lat' dir='ltr'>injusto,</span> <span class='ocrx_word' id='word_1_541' title='bbox 3075 2786 3247 2843; x_wconf 89' lang='lat' dir='ltr'>dulce</span> <span class='ocrx_word' id='word_1_542' title='bbox 3292 2788 3367 2842; x_wconf 89' lang='lat' dir='ltr'>ab</span> <span class='ocrx_word' id='word_1_543' title='bbox 3421 2804 3636 2849; x_wconf 85' lang='lat' dir='ltr'>amaro,</span> <span class='ocrx_word' id='word_1_544' title='bbox 3662 2787 3727 2840; x_wconf 83' lang='lat' dir='ltr'>sic</span> 
     </span>
    </p>
   </div>
   <div class='ocr_carea' id='block_1_76' title="bbox 2098 2875 3766 2949">
    <p class='ocr_par' dir='ltr' id='par_1_76' title="bbox 2098 2875 3766 2949">
     <span class='ocr_line' id='line_1_76' title="bbox 2098 2875 3766 2949; baseline -0.004 -16"><span class='ocrx_word' id='word_1_545' title='bbox 2098 2882 2400 2949; x_wconf 87' lang='lat' dir='ltr'>separetur</span> <span class='ocrx_word' id='word_1_546' title='bbox 2427 2877 2521 2933; x_wconf 88' lang='lat' dir='ltr'>ille</span> <span class='ocrx_word' id='word_1_547' title='bbox 2551 2876 2817 2949; x_wconf 83' lang='lat' dir='ltr'>spiritus</span> <span class='ocrx_word' id='word_1_548' title='bbox 2839 2877 3182 2932; x_wconf 87' lang='lat' dir='ltr'>immundus</span> <span class='ocrx_word' id='word_1_549' title='bbox 3212 2875 3286 2931; x_wconf 86' lang='lat' dir='ltr'>ab</span> <span class='ocrx_word' id='word_1_550' title='bbox 3320 2875 3488 2931; x_wconf 88' lang='lat' dir='ltr'>omni</span> <span class='ocrx_word' id='word_1_551' title='bbox 3536 2876 3728 2930; x_wconf 85' lang='lat' dir='ltr'>habita-</span> <span class='ocrx_word' id='word_1_552' title='bbox 3762 2878 3766 2883; x_wconf 82' lang='grc'><em>’</em></span> 
     </span>
    </p>
   </div>
   <div class='ocr_carea' id='block_1_77' title="bbox 2098 2964 3726 3037">
    <p class='ocr_par' dir='ltr' id='par_1_77' title="bbox 2098 2964 3726 3037">
     <span class='ocr_line' id='line_1_77' title="bbox 2098 2964 3726 3037; baseline -0.003 -15"><span class='ocrx_word' id='word_1_553' title='bbox 2098 2966 2254 3022; x_wconf 90' lang='lat' dir='ltr'>tione</span> <span class='ocrx_word' id='word_1_554' title='bbox 2303 2966 2656 3021; x_wconf 86' lang='lat' dir='ltr'>famulorum</span> <span class='ocrx_word' id='word_1_555' title='bbox 2704 2965 3177 3037; x_wconf 90' lang='lat' dir='ltr'>famularumque</span> <span class='ocrx_word' id='word_1_556' title='bbox 3224 2965 3349 3031; x_wconf 88' lang='lat' dir='ltr'>Dei,</span> <span class='ocrx_word' id='word_1_557' title='bbox 3402 2965 3497 3022; x_wconf 82' lang='lat' dir='ltr'>vel</span> <span class='ocrx_word' id='word_1_558' title='bbox 3544 2966 3611 3021; x_wconf 86' lang='lat' dir='ltr'>ab</span> <span class='ocrx_word' id='word_1_559' title='bbox 3653 2964 3726 3018; x_wconf 83' lang='lat' dir='ltr'>his</span> 
     </span>
    </p>
   </div>
   <div class='ocr_carea' id='block_1_78' title="bbox 2095 3053 3725 3127">
    <p class='ocr_par' dir='ltr' id='par_1_78' title="bbox 2095 3053 3725 3127">
     <span class='ocr_line' id='line_1_78' title="bbox 2095 3053 3725 3127; baseline -0.002 -17"><span class='ocrx_word' id='word_1_560' title='bbox 2095 3055 2258 3121; x_wconf 92' lang='lat' dir='ltr'>locis,</span> <span class='ocrx_word' id='word_1_561' title='bbox 2292 3055 2389 3110; x_wconf 89' lang='lat' dir='ltr'>ubi</span> <span class='ocrx_word' id='word_1_562' title='bbox 2424 3055 2544 3110; x_wconf 58' lang='lat' dir='ltr'>haec</span> <span class='ocrx_word' id='word_1_563' title='bbox 2577 3055 2737 3110; x_wconf 88' lang='lat' dir='ltr'>unda</span> <span class='ocrx_word' id='word_1_564' title='bbox 2765 3071 3033 3127; x_wconf 86' lang='lat' dir='ltr'>respersa</span> <span class='ocrx_word' id='word_1_565' title='bbox 3063 3053 3257 3117; x_wconf 80' lang='lat' dir='ltr'>fuerit,</span> <span class='ocrx_word' id='word_1_566' title='bbox 3288 3071 3395 3126; x_wconf 90' lang='lat' dir='ltr'>per</span> <span class='ocrx_word' id='word_1_567' title='bbox 3425 3056 3654 3110; x_wconf 85' lang='lat' dir='ltr'>verbum</span> <span class='ocrx_word' id='word_1_568' title='bbox 3683 3057 3725 3106; x_wconf 83' lang='lat' dir='ltr'>et</span> 
     </span>
    </p>
   </div>
   <div class='ocr_carea' id='block_1_79' title="bbox 2096 3142 3719 3214">
    <p class='ocr_par' dir='ltr' id='par_1_79' title="bbox 2096 3142 3719 3214">
     <span class='ocr_line' id='line_1_79' title="bbox 2096 3142 3719 3214; baseline -0.004 -15"><span class='ocrx_word' id='word_1_569' title='bbox 2096 3145 2370 3201; x_wconf 89' lang='lat' dir='ltr'>virtutem</span> <span class='ocrx_word' id='word_1_570' title='bbox 2403 3143 2633 3200; x_wconf 89' lang='lat' dir='ltr'>Domini</span> <span class='ocrx_word' id='word_1_571' title='bbox 2667 3144 2849 3199; x_wconf 89' lang='lat' dir='ltr'>nostri</span> <span class='ocrx_word' id='word_1_572' title='bbox 2881 3144 3022 3199; x_wconf 85' lang='lat' dir='ltr'>Jesu</span> <span class='ocrx_word' id='word_1_573' title='bbox 3052 3142 3178 3214; x_wconf 86' lang='lat' dir='ltr'>Xpi.</span> <span class='ocrx_word' id='word_1_574' title='bbox 3205 3142 3316 3209; x_wconf 86' lang='lat' dir='ltr'>Qui</span> <span class='ocrx_word' id='word_1_575' title='bbox 3337 3147 3617 3200; x_wconf 87' lang='lat' dir='ltr'>venturus</span> <span class='ocrx_word' id='word_1_576' title='bbox 3636 3151 3719 3197; x_wconf 71' lang='lat' dir='ltr'>est.</span> 
     </span>
    </p>
   </div>
   <div class='ocr_carea' id='block_1_80' title="bbox 2438 3222 3199 3295">
    <p class='ocr_par' dir='ltr' id='par_1_80' title="bbox 2438 3222 3199 3295">
     <span class='ocr_line' id='line_1_80' title="bbox 2438 3222 3199 3295; baseline -0.001 -7"><span class='ocrx_word' id='word_1_577' title='bbox 2438 3222 2443 3227; x_wconf 51' lang='grc'><strong>⁷</strong></span> <span class='ocrx_word' id='word_1_578' title='bbox 2644 3249 2978 3289; x_wconf 68' lang='grc' dir='ltr'>Βεκευισηο</span> <span class='ocrx_word' id='word_1_579' title='bbox 3015 3249 3199 3295; x_wconf 61' lang='lat' dir='ltr'>Aoum.</span> 
     </span>
    </p>
   </div>
   <div class='ocr_carea' id='block_1_81' title="bbox 2171 3308 3718 3393">
    <p class='ocr_par' dir='ltr' id='par_1_81' title="bbox 2171 3308 3718 3393">
     <span class='ocr_line' id='line_1_81' title="bbox 2171 3308 3718 3393; baseline -0.005 -15"><span class='ocrx_word' id='word_1_580' title='bbox 2171 3322 2441 3378; x_wconf 75' lang='lat' dir='ltr'>Exorcizo</span> <span class='ocrx_word' id='word_1_581' title='bbox 2471 3327 2525 3377; x_wconf 86' lang='lat' dir='ltr'>te</span> <span class='ocrx_word' id='word_1_582' title='bbox 2556 3328 2820 3377; x_wconf 86' lang='lat' dir='ltr'>creatura</span> <span class='ocrx_word' id='word_1_583' title='bbox 2849 3338 3011 3393; x_wconf 67' lang='lat' dir='ltr'>aquae</span> <span class='ocrx_word' id='word_1_584' title='bbox 3060 3321 3119 3375; x_wconf 91' lang='lat' dir='ltr'>in</span> <span class='ocrx_word' id='word_1_585' title='bbox 3166 3321 3406 3377; x_wconf 89' lang='lat' dir='ltr'>nomine</span> <span class='ocrx_word' id='word_1_586' title='bbox 3436 3319 3536 3376; x_wconf 87' lang='lat' dir='ltr'>Dei</span> <span class='ocrx_word' id='word_1_587' title='bbox 3568 3308 3718 3374; x_wconf 70' lang='lat' dir='ltr'>Patris</span> 
     </span>
    </p>
   </div>
   <div class='ocr_carea' id='block_1_82' title="bbox 2100 3405 3716 3483">
    <p class='ocr_par' dir='ltr' id='par_1_82' title="bbox 2100 3405 3716 3483">
     <span class='ocr_line' id='line_1_82' title="bbox 2100 3405 3716 3483; baseline -0.006 -16"><span class='ocrx_word' id='word_1_588' title='bbox 2100 3411 2535 3483; x_wconf 88' lang='lat' dir='ltr'>omnipotentis,</span> <span class='ocrx_word' id='word_1_589' title='bbox 2560 3415 2616 3467; x_wconf 90' lang='lat' dir='ltr'>et</span> <span class='ocrx_word' id='word_1_590' title='bbox 2644 3410 2701 3464; x_wconf 89' lang='lat' dir='ltr'>in</span> <span class='ocrx_word' id='word_1_591' title='bbox 2732 3410 2969 3465; x_wconf 89' lang='lat' dir='ltr'>nomine</span> <span class='ocrx_word' id='word_1_592' title='bbox 2993 3409 3226 3464; x_wconf 90' lang='lat' dir='ltr'>Domini</span> <span class='ocrx_word' id='word_1_593' title='bbox 3254 3410 3442 3465; x_wconf 90' lang='lat' dir='ltr'>nostri</span> <span class='ocrx_word' id='word_1_594' title='bbox 3474 3409 3604 3465; x_wconf 87' lang='lat' dir='ltr'>Jesu</span> <span class='ocrx_word' id='word_1_595' title='bbox 3633 3405 3716 3477; x_wconf 80' lang='lat' dir='ltr'>Xpi</span> 
     </span>
    </p>
   </div>
   <div class='ocr_carea' id='block_1_83' title="bbox 2101 3496 3717 3571">
    <p class='ocr_par' dir='ltr' id='par_1_83' title="bbox 2101 3496 3717 3571">
     <span class='ocr_line' id='line_1_83' title="bbox 2101 3496 3717 3571; baseline -0.004 -16"><span class='ocrx_word' id='word_1_596' title='bbox 2101 3501 2225 3557; x_wconf 84' lang='lat' dir='ltr'>Filii</span> <span class='ocrx_word' id='word_1_597' title='bbox 2260 3501 2408 3571; x_wconf 87' lang='lat' dir='ltr'>ejus,</span> <span class='ocrx_word' id='word_1_598' title='bbox 2442 3505 2508 3555; x_wconf 90' lang='lat' dir='ltr'>ut</span> <span class='ocrx_word' id='word_1_599' title='bbox 2547 3501 2654 3554; x_wconf 84' lang='lat' dir='ltr'>fias</span> <span class='ocrx_word' id='word_1_600' title='bbox 2698 3516 2852 3571; x_wconf 86' lang='lat' dir='ltr'>aqua</span> <span class='ocrx_word' id='word_1_601' title='bbox 2881 3498 3204 3554; x_wconf 82' lang='lat' dir='ltr'>exorcizata</span> <span class='ocrx_word' id='word_1_602' title='bbox 3254 3499 3325 3553; x_wconf 88' lang='lat' dir='ltr'>ad</span> <span class='ocrx_word' id='word_1_603' title='bbox 3379 3496 3717 3569; x_wconf 82' lang='lat' dir='ltr'>etl&#39;ugandam</span> 
     </span>
    </p>
   </div>
   <div class='ocr_carea' id='block_1_84' title="bbox 2101 3584 3715 3660">
    <p class='ocr_par' dir='ltr' id='par_1_84' title="bbox 2101 3584 3715 3660">
     <span class='ocr_line' id='line_1_84' title="bbox 2101 3584 3715 3660; baseline -0.006 -16"><span class='ocrx_word' id='word_1_604' title='bbox 2101 3606 2337 3645; x_wconf 90' lang='lat' dir='ltr'>omnem</span> <span class='ocrx_word' id='word_1_605' title='bbox 2396 3593 2743 3660; x_wconf 86' lang='lat' dir='ltr'>potestatem</span> <span class='ocrx_word' id='word_1_606' title='bbox 2800 3586 3044 3642; x_wconf 90' lang='lat' dir='ltr'>inimici.</span> <span class='ocrx_word' id='word_1_607' title='bbox 3080 3588 3148 3642; x_wconf 86' lang='lat' dir='ltr'>Et</span> <span class='ocrx_word' id='word_1_608' title='bbox 3196 3586 3398 3659; x_wconf 82' lang='lat' dir='ltr'>ipsum</span> <span class='ocrx_word' id='word_1_609' title='bbox 3447 3584 3715 3641; x_wconf 82' lang='lat' dir='ltr'>inimicum</span> 
     </span>
    </p>
   </div>
   <div class='ocr_carea' id='block_1_85' title="bbox 2101 3670 3716 3750">
    <p class='ocr_par' dir='ltr' id='par_1_85' title="bbox 2101 3670 3716 3750">
     <span class='ocr_line' id='line_1_85' title="bbox 2101 3670 3716 3750; baseline -0.006 -17"><span class='ocrx_word' id='word_1_610' title='bbox 2101 3676 2393 3733; x_wconf 86' lang='lat' dir='ltr'>cradicare</span> <span class='ocrx_word' id='word_1_611' title='bbox 2434 3682 2490 3732; x_wconf 90' lang='lat' dir='ltr'>ct</span> <span class='ocrx_word' id='word_1_612' title='bbox 2538 3677 2874 3750; x_wconf 82' lang='lat' dir='ltr'>explantare</span> <span class='ocrx_word' id='word_1_613' title='bbox 2903 3673 3095 3731; x_wconf 85' lang='lat' dir='ltr'>valcas</span> <span class='ocrx_word' id='word_1_614' title='bbox 3152 3692 3288 3731; x_wconf 89' lang='lat' dir='ltr'>cum</span> <span class='ocrx_word' id='word_1_615' title='bbox 3347 3675 3567 3749; x_wconf 81' lang='lat' dir='ltr'>angelis</span> <span class='ocrx_word' id='word_1_616' title='bbox 3617 3670 3716 3727; x_wconf 83' lang='lat' dir='ltr'>suis</span> 
     </span>
    </p>
   </div>
   <div class='ocr_carea' id='block_1_86' title="bbox 2100 3759 3711 3839">
    <p class='ocr_par' dir='ltr' id='par_1_86' title="bbox 2100 3759 3711 3839">
     <span class='ocr_line' id='line_1_86' title="bbox 2100 3759 3711 3839; baseline -0.006 -17"><span class='ocrx_word' id='word_1_617' title='bbox 2100 3766 2456 3839; x_wconf 89' lang='lat' dir='ltr'>apostaticis.</span> <span class='ocrx_word' id='word_1_618' title='bbox 2492 3768 2597 3823; x_wconf 89' lang='lat' dir='ltr'>Per</span> <span class='ocrx_word' id='word_1_619' title='bbox 2634 3766 2907 3821; x_wconf 79' lang='lat' dir='ltr'>virtutem</span> <span class='ocrx_word' id='word_1_620' title='bbox 2952 3764 3183 3820; x_wconf 89' lang='lat' dir='ltr'>Domini</span> <span class='ocrx_word' id='word_1_621' title='bbox 3217 3766 3404 3820; x_wconf 88' lang='lat' dir='ltr'>nostri</span> <span class='ocrx_word' id='word_1_622' title='bbox 3451 3766 3586 3822; x_wconf 84' lang='lat' dir='ltr'>Jesu</span> <span class='ocrx_word' id='word_1_623' title='bbox 3613 3759 3711 3833; x_wconf 79' lang='lat' dir='ltr'>Xpi.</span> 
     </span>
    </p>
   </div>
   <div class='ocr_carea' id='block_1_87' title="bbox 2100 3856 2652 3922">
    <p class='ocr_par' dir='ltr' id='par_1_87' title="bbox 2100 3856 2652 3922">
     <span class='ocr_line' id='line_1_87' title="bbox 2100 3856 2652 3922; baseline -0.002 -11"><span class='ocrx_word' id='word_1_624' title='bbox 2100 3856 2204 3922; x_wconf 90' lang='lat' dir='ltr'>Qui</span> <span class='ocrx_word' id='word_1_625' title='bbox 2235 3860 2516 3911; x_wconf 87' lang='lat' dir='ltr'>venturus</span> <span class='ocrx_word' id='word_1_626' title='bbox 2546 3861 2652 3912; x_wconf 88' lang='lat' dir='ltr'>est.</span> 
     </span>
    </p>
   </div>
   <div class='ocr_carea' id='block_1_88' title="bbox 2168 3938 3715 4017">
    <p class='ocr_par' dir='ltr' id='par_1_88' title="bbox 2168 3938 3715 4017">
     <span class='ocr_line' id='line_1_88' title="bbox 2168 3938 3715 4017; baseline -0.004 -16"><span class='ocrx_word' id='word_1_627' title='bbox 2168 3948 2291 4001; x_wconf 80' lang='lat' dir='ltr'>Alia</span> <span class='ocrx_word' id='word_1_628' title='bbox 2344 3946 2498 4002; x_wconf 90' lang='lat' dir='ltr'>Deus</span> <span class='ocrx_word' id='word_1_629' title='bbox 2525 3945 2624 4016; x_wconf 90' lang='lat' dir='ltr'>qui</span> <span class='ocrx_word' id='word_1_630' title='bbox 2657 3944 2728 3999; x_wconf 89' lang='lat' dir='ltr'>ad</span> <span class='ocrx_word' id='word_1_631' title='bbox 2751 3942 2999 3999; x_wconf 86' lang='lat' dir='ltr'>salutem</span> <span class='ocrx_word' id='word_1_632' title='bbox 3032 3943 3280 3999; x_wconf 86' lang='lat' dir='ltr'>humani</span> <span class='ocrx_word' id='word_1_633' title='bbox 3312 3943 3541 4017; x_wconf 87' lang='lat' dir='ltr'>generis</span> <span class='ocrx_word' id='word_1_634' title='bbox 3568 3938 3715 3996; x_wconf 76' lang='lat' dir='ltr'>maxi-</span> 
     </span>
    </p>
   </div>
   <div class='ocr_carea' id='block_1_89' title="bbox 2099 4038 3026 4108">
    <p class='ocr_par' dir='ltr' id='par_1_89' title="bbox 2099 4038 3026 4108">
     <span class='ocr_line' id='line_1_89' title="bbox 2099 4038 3026 4108; baseline -0.003 -17"><span class='ocrx_word' id='word_1_635' title='bbox 2099 4053 2195 4091; x_wconf 89' lang='lat' dir='ltr'>ma</span> <span class='ocrx_word' id='word_1_636' title='bbox 2224 4052 2467 4108; x_wconf 63' lang='lat' dir='ltr'>quisque</span> <span class='ocrx_word' id='word_1_637' title='bbox 2498 4039 2884 4099; x_wconf 88' lang='lat' dir='ltr'>sacramenta,</span> <span class='ocrx_word' id='word_1_638' title='bbox 2915 4038 3026 4089; x_wconf 89' lang='lat' dir='ltr'>etc.</span> 
     </span>
    </p>
   </div>
   <div class='ocr_carea' id='block_1_90' title="bbox 2647 4138 3196 4179">
    <p class='ocr_par' dir='ltr' id='par_1_90' title="bbox 2647 4138 3196 4179">
     <span class='ocr_line' id='line_1_90' title="bbox 2647 4138 3196 4179; baseline -0.002 -1"><span class='ocrx_word' id='word_1_639' title='bbox 2647 4140 2979 4179; x_wconf 64' lang='lat' dir='ltr'>BENEDIC‘I‘IO</span> <span class='ocrx_word' id='word_1_640' title='bbox 3019 4138 3083 4177; x_wconf 74' lang='lat' dir='ltr'><strong>SA</strong></span> <span class='ocrx_word' id='word_1_641' title='bbox 3092 4139 3196 4177; x_wconf 74' lang='grc' dir='ltr'>ωε.</span> 
     </span>
    </p>
   </div>
   <div class='ocr_carea' id='block_1_91' title="bbox 2167 4210 3711 4283">
    <p class='ocr_par' dir='ltr' id='par_1_91' title="bbox 2167 4210 3711 4283">
     <span class='ocr_line' id='line_1_91' title="bbox 2167 4210 3711 4283; baseline -0.003 -15"><span class='ocrx_word' id='word_1_642' title='bbox 2167 4212 2433 4268; x_wconf 83' lang='lat' dir='ltr'>Exorcizo</span> <span class='ocrx_word' id='word_1_643' title='bbox 2463 4218 2520 4268; x_wconf 91' lang='lat' dir='ltr'>te</span> <span class='ocrx_word' id='word_1_644' title='bbox 2551 4217 2815 4268; x_wconf 78' lang='lat' dir='ltr'>creatura</span> <span class='ocrx_word' id='word_1_645' title='bbox 2846 4210 2986 4267; x_wconf 84' lang='lat' dir='ltr'>salis</span> <span class='ocrx_word' id='word_1_646' title='bbox 3032 4229 3135 4283; x_wconf 85' lang='lat' dir='ltr'>per</span> <span class='ocrx_word' id='word_1_647' title='bbox 3168 4217 3352 4268; x_wconf 92' lang='lat' dir='ltr'>Deum</span> <span class='ocrx_word' id='word_1_648' title='bbox 3400 4213 3605 4275; x_wconf 85' lang='lat' dir='ltr'>vivum,</span> <span class='ocrx_word' id='word_1_649' title='bbox 3631 4222 3711 4280; x_wconf 82' lang='lat' dir='ltr'>per</span> 
     </span>
    </p>
   </div>
   <div class='ocr_carea' id='block_1_92' title="bbox 2093 4302 2671 4371">
    <p class='ocr_par' dir='ltr' id='par_1_92' title="bbox 2093 4302 2671 4371">
     <span class='ocr_line' id='line_1_92' title="bbox 2093 4302 2671 4371; baseline -0.005 -13"><span class='ocrx_word' id='word_1_650' title='bbox 2093 4302 2275 4358; x_wconf 92' lang='lat' dir='ltr'>Deum</span> <span class='ocrx_word' id='word_1_651' title='bbox 2312 4319 2534 4371; x_wconf 85' lang='lat' dir='ltr'>verum,</span> <span class='ocrx_word' id='word_1_652' title='bbox 2562 4306 2671 4357; x_wconf 83' lang='lat' dir='ltr'>etc.</span> 
     </span>
    </p>
   </div>
   <div class='ocr_carea' id='block_1_93' title="bbox 2645 4406 3192 4446">
    <p class='ocr_par' dir='ltr' id='par_1_93' title="bbox 2645 4406 3192 4446">
     <span class='ocr_line' id='line_1_93' title="bbox 2645 4406 3192 4446; baseline -0.004 0"><span class='ocrx_word' id='word_1_653' title='bbox 2645 4406 2976 4446; x_wconf 77' lang='lat' dir='ltr'>BENEDIC’I‘IO</span> <span class='ocrx_word' id='word_1_654' title='bbox 3014 4406 3192 4445; x_wconf 76' lang='lat' dir='ltr'>SALIS.</span> 
     </span>
    </p>
   </div>
   <div class='ocr_carea' id='block_1_94' title="bbox 2164 4478 3705 4551">
    <p class='ocr_par' dir='ltr' id='par_1_94' title="bbox 2164 4478 3705 4551">
     <span class='ocr_line' id='line_1_94' title="bbox 2164 4478 3705 4551; baseline -0.006 -15"><span class='ocrx_word' id='word_1_655' title='bbox 2164 4479 2432 4536; x_wconf 87' lang='lat' dir='ltr'>Exorcizo</span> <span class='ocrx_word' id='word_1_656' title='bbox 2463 4485 2518 4534; x_wconf 91' lang='lat' dir='ltr'>te</span> <span class='ocrx_word' id='word_1_657' title='bbox 2549 4484 2813 4535; x_wconf 89' lang='lat' dir='ltr'>creatura</span> <span class='ocrx_word' id='word_1_658' title='bbox 2843 4479 2985 4534; x_wconf 88' lang='lat' dir='ltr'>salis</span> <span class='ocrx_word' id='word_1_659' title='bbox 3034 4495 3136 4551; x_wconf 89' lang='lat' dir='ltr'>per</span> <span class='ocrx_word' id='word_1_660' title='bbox 3174 4479 3363 4534; x_wconf 88' lang='lat' dir='ltr'>Deum</span> <span class='ocrx_word' id='word_1_661' title='bbox 3395 4478 3598 4543; x_wconf 82' lang='lat' dir='ltr'>vivum,</span> <span class='ocrx_word' id='word_1_662' title='bbox 3626 4490 3705 4546; x_wconf 78' lang='lat' dir='ltr'>per</span> 
     </span>
    </p>
   </div>
   <div class='ocr_carea' id='block_1_95' title="bbox 320 4553 3705 4641">
    <p class='ocr_par' dir='ltr' id='par_1_95' title="bbox 320 4553 3705 4641">
     <span class='ocr_line' id='line_1_95' title="bbox 320 4553 3705 4641; baseline 0.004 -33"><span class='ocrx_word' id='word_1_663' title='bbox 320 4553 586 4611; x_wconf 62' lang='lat' dir='ltr'>fantasia</span> <span class='ocrx_word' id='word_1_664' title='bbox 635 4556 967 4613; x_wconf 67' lang='lat' dir='ltr'>daemonum</span> <span class='ocrx_word' id='word_1_665' title='bbox 1018 4566 1120 4615; x_wconf 90' lang='lat' dir='ltr'>tua</span> <span class='ocrx_word' id='word_1_666' title='bbox 1170 4562 1503 4632; x_wconf 89' lang='lat' dir='ltr'>aspersione</span> <span class='ocrx_word' id='word_1_667' title='bbox 1549 4564 1882 4637; x_wconf 73' lang='lat' dir='ltr'>effugentur</span> <span class='ocrx_word' id='word_1_668' title='bbox 1919 4572 1977 4621; x_wconf 90' lang='lat' dir='ltr'>et</span> <span class='ocrx_word' id='word_1_669' title='bbox 2004 4556 2054 4623; x_wconf 83' lang='lat' dir='ltr'>D</span> <span class='ocrx_word' id='word_1_670' title='bbox 2086 4568 2270 4623; x_wconf 86' lang='lat' dir='ltr'>Deum</span> <span class='ocrx_word' id='word_1_671' title='bbox 2295 4569 2905 4639; x_wconf 87' lang='lat' dir='ltr'>sanctum.perDeum</span> <span class='ocrx_word' id='word_1_672' title='bbox 2929 4566 3108 4623; x_wconf 89' lang='lat' dir='ltr'>totius</span> <span class='ocrx_word' id='word_1_673' title='bbox 3129 4567 3542 4641; x_wconf 70' lang='lat' dir='ltr'>creaturae,qui</span> <span class='ocrx_word' id='word_1_674' title='bbox 3564 4570 3705 4635; x_wconf 73' lang='lat' dir='ltr'>teper</span> 
     </span>
    </p>
   </div>
   <div class='ocr_carea' id='block_1_96' title="bbox 320 4647 1970 4728">
    <p class='ocr_par' dir='ltr' id='par_1_96' title="bbox 320 4647 1970 4728">
     <span class='ocr_line' id='line_1_96' title="bbox 320 4647 1970 4728; baseline 0.008 -31"><span class='ocrx_word' id='word_1_675' title='bbox 320 4651 682 4714; x_wconf 88' lang='lat' dir='ltr'>separentur.</span> <span class='ocrx_word' id='word_1_676' title='bbox 710 4647 815 4701; x_wconf 87' lang='lat' dir='ltr'>Per</span> <span class='ocrx_word' id='word_1_677' title='bbox 861 4647 1133 4704; x_wconf 83' lang='lat' dir='ltr'>virtutem</span> <span class='ocrx_word' id='word_1_678' title='bbox 1183 4649 1409 4704; x_wconf 91' lang='lat' dir='ltr'>Domini</span> <span class='ocrx_word' id='word_1_679' title='bbox 1462 4654 1645 4707; x_wconf 88' lang='lat' dir='ltr'>nostri</span> <span class='ocrx_word' id='word_1_680' title='bbox 1694 4654 1832 4710; x_wconf 84' lang='lat' dir='ltr'>Jesu</span> <span class='ocrx_word' id='word_1_681' title='bbox 1864 4656 1970 4728; x_wconf 87' lang='lat' dir='ltr'>Xpi</span> 
     </span>
    </p>
   </div>
   <div class='ocr_carea' id='block_1_97' title="bbox 321 4732 1160 4807">
    <p class='ocr_par' dir='ltr' id='par_1_97' title="bbox 321 4732 1160 4807">
     <span class='ocr_line' id='line_1_97' title="bbox 321 4732 1160 4807; baseline 0.011 -23"><span class='ocrx_word' id='word_1_682' title='bbox 321 4732 421 4803; x_wconf 91' lang='lat' dir='ltr'>qui</span> <span class='ocrx_word' id='word_1_683' title='bbox 454 4739 735 4789; x_wconf 91' lang='lat' dir='ltr'>venturus</span> <span class='ocrx_word' id='word_1_684' title='bbox 764 4741 855 4790; x_wconf 89' lang='lat' dir='ltr'>est</span> <span class='ocrx_word' id='word_1_685' title='bbox 874 4736 1160 4807; x_wconf 89' lang='lat' dir='ltr'>judicare.</span> 
     </span>
    </p>
   </div>
   <div class='ocr_carea' id='block_1_98' title="bbox 318 4890 1967 4975">
    <p class='ocr_par' dir='ltr' id='par_1_98' title="bbox 318 4890 1967 4975">
     <span class='ocr_line' id='line_1_98' title="bbox 318 4890 1967 4975; baseline 0.009 -31"><span class='ocrx_word' id='word_1_686' title='bbox 318 4890 657 4975; x_wconf 71' lang='lat' dir='ltr'>cunabulis_</span> <span class='ocrx_word' id='word_1_687' title='bbox 678 4894 1017 4975; x_wconf 73' lang='lat' dir='ltr'>usitatusin</span> <span class='ocrx_word' id='word_1_688' title='bbox 1053 4899 1602 4975; x_wconf 21' lang='lat' dir='ltr'>utraqueAEchesia,</span> <span class='ocrx_word' id='word_1_689' title='bbox 1629 4906 1691 4956; x_wconf 93' lang='lat' dir='ltr'>ut</span> <span class='ocrx_word' id='word_1_690' title='bbox 1721 4903 1789 4957; x_wconf 91' lang='lat' dir='ltr'>de</span> <span class='ocrx_word' id='word_1_691' title='bbox 1839 4920 1967 4975; x_wconf 89' lang='lat' dir='ltr'>pre-</span> 
     </span>
    </p>
   </div>
   <div class='ocr_carea' id='block_1_99' title="bbox 317 4961 1969 5045">
    <p class='ocr_par' dir='ltr' id='par_1_99' title="bbox 317 4961 1969 5045">
     <span class='ocr_line' id='line_1_99' title="bbox 317 4961 1969 5045; baseline 0.008 -30"><span class='ocrx_word' id='word_1_692' title='bbox 317 4961 849 5045; x_wconf 43' lang='lat' dir='ltr'>sbyte‘i&#39;isHGreccis,</span> <span class='ocrx_word' id='word_1_693' title='bbox 869 5036 884 5045; x_wconf 79' lang='lat'><em>_</em></span> <span class='ocrx_word' id='word_1_694' title='bbox 914 4961 1234 5045; x_wconf 47' lang='lat' dir='ltr'>Maronitis,</span> <span class='ocrx_word' id='word_1_695' title='bbox 1293 4961 1600 5045; x_wconf 51' lang='lat' dir='ltr'>Armenia,</span> <span class='ocrx_word' id='word_1_696' title='bbox 1629 4961 1969 5045; x_wconf 61' lang='lat' dir='ltr'>ceterisque</span> 
     </span>
    </p>
   </div>
   <div class='ocr_carea' id='block_1_100' title="bbox 315 5031 1963 5111">
    <p class='ocr_par' dir='ltr' id='par_1_100' title="bbox 315 5031 1963 5111">
     <span class='ocr_line' id='line_1_100' title="bbox 315 5031 1963 5111; baseline 0.012 -29"><span class='ocrx_word' id='word_1_697' title='bbox 315 5031 701 5111; x_wconf 68' lang='lat' dir='ltr'>orientalibus</span> <span class='ocrx_word' id='word_1_698' title='bbox 733 5036 885 5108; x_wconf 90' lang='lat' dir='ltr'>apud</span> <span class='ocrx_word' id='word_1_699' title='bbox 929 5031 1313 5094; x_wconf 70' lang='lat' dir='ltr'>ltcnodotium</span> <span class='ocrx_word' id='word_1_700' title='bbox 1349 5041 1537 5096; x_wconf 84' lang='lat' dir='ltr'>videre</span> <span class='ocrx_word' id='word_1_701' title='bbox 1569 5031 1684 5108; x_wconf 78' lang='lat' dir='ltr'>est;</span> <span class='ocrx_word' id='word_1_702' title='bbox 1720 5046 1791 5099; x_wconf 85' lang='lat' dir='ltr'>de</span> <span class='ocrx_word' id='word_1_703' title='bbox 1823 5031 1963 5101; x_wconf 74' lang='lat' dir='ltr'>{ide-</span> 
     </span>
    </p>
   </div>
   <div class='ocr_carea' id='block_1_101' title="bbox 314 5101 1967 5184">
    <p class='ocr_par' dir='ltr' id='par_1_101' title="bbox 314 5101 1967 5184">
     <span class='ocr_line' id='line_1_101' title="bbox 314 5101 1967 5184; baseline 0.01 -29"><span class='ocrx_word' id='word_1_704' title='bbox 314 5101 471 5184; x_wconf 35' lang='lat' dir='ltr'>I‘ibu‘s</span> <span class='ocrx_word' id='word_1_705' title='bbox 510 5107 703 5184; x_wconf 85' lang='lat' dir='ltr'>autem</span> <span class='ocrx_word' id='word_1_706' title='bbox 736 5101 980 5184; x_wconf 61' lang='lat' dir='ltr'>sacram</span> <span class='ocrx_word' id='word_1_707' title='bbox 1016 5111 1504 5184; x_wconf 30' lang='lat' dir='ltr'>Arommunionem</span> <span class='ocrx_word' id='word_1_708' title='bbox 1557 5101 1967 5172; x_wconf 77' lang='lat' dir='ltr'>accedentibus</span> 
     </span>
    </p>
   </div>
   <div class='ocr_carea' id='block_1_102' title="bbox 315 5172 1963 5255">
    <p class='ocr_par' dir='ltr' id='par_1_102' title="bbox 315 5172 1963 5255">
     <span class='ocr_line' id='line_1_102' title="bbox 315 5172 1963 5255; baseline 0.012 -31"><span class='ocrx_word' id='word_1_709' title='bbox 315 5173 368 5254; x_wconf 42' lang='lat' dir='ltr'>.S.</span> <span class='ocrx_word' id='word_1_710' title='bbox 408 5172 716 5255; x_wconf 52' lang='lat' dir='ltr'>Chrysost.</span> <span class='ocrx_word' id='word_1_711' title='bbox 735 5177 788 5228; x_wconf 92' lang='lat' dir='ltr'>in</span> <span class='ocrx_word' id='word_1_712' title='bbox 823 5177 979 5255; x_wconf 85' lang='lat' dir='ltr'>horn_.</span> <span class='ocrx_word' id='word_1_713' title='bbox 1006 5181 1077 5233; x_wconf 75' lang='lat' dir='ltr'>De</span> <span class='ocrx_word' id='word_1_714' title='bbox 1108 5183 1193 5235; x_wconf 77' lang='lat' dir='ltr'>ira</span> <span class='ocrx_word' id='word_1_715' title='bbox 1223 5192 1273 5236; x_wconf 89' lang='lat' dir='ltr'>et</span> <span class='ocrx_word' id='word_1_716' title='bbox 1291 5185 1571 5255; x_wconf 69' lang='lat' dir='ltr'>simultate</span> <span class='ocrx_word' id='word_1_717' title='bbox 1590 5204 1608 5239; x_wconf 90' lang='lat'><em>:</em></span> <span class='ocrx_word' id='word_1_718' title='bbox 1633 5186 1749 5240; x_wconf 85' lang='lat' dir='ltr'>Non</span> <span class='ocrx_word' id='word_1_719' title='bbox 1777 5188 1963 5254; x_wconf 77' lang='lat' dir='ltr'>audes,</span> 
     </span>
    </p>
   </div>
   <div class='ocr_carea' id='block_1_103' title="bbox 311 5245 1964 5327">
    <p class='ocr_par' dir='ltr' id='par_1_103' title="bbox 311 5245 1964 5327">
     <span class='ocr_line' id='line_1_103' title="bbox 311 5245 1964 5327; baseline 0.01 -30"><span class='ocrx_word' id='word_1_720' title='bbox 311 5245 531 5327; x_wconf 70' lang='lat' dir='ltr'>inquit,</span> <span class='ocrx_word' id='word_1_721' title='bbox 574 5245 742 5327; x_wconf 52' lang='lat' dir='ltr'>illatis</span> <span class='ocrx_word' id='word_1_722' title='bbox 796 5251 1310 5327; x_wconf 50' lang='lat' dir='ltr'>manipussacram</span> <span class='ocrx_word' id='word_1_723' title='bbox 1368 5254 1600 5310; x_wconf 77' lang='lat' dir='ltr'>hostium</span> <span class='ocrx_word' id='word_1_724' title='bbox 1653 5245 1964 5325; x_wconf 72' lang='lat' dir='ltr'>attrectare,</span> 
     </span>
    </p>
   </div>
   <div class='ocr_carea' id='block_1_104' title="bbox 310 5317 1968 5397">
    <p class='ocr_par' dir='ltr' id='par_1_104' title="bbox 310 5317 1968 5397">
     <span class='ocr_line' id='line_1_104' title="bbox 310 5317 1968 5397; baseline 0.009 -27"><span class='ocrx_word' id='word_1_725' title='bbox 310 5317 531 5397; x_wconf 48' lang='lat' dir='ltr'>etiamsi</span> <span class='ocrx_word' id='word_1_726' title='bbox 557 5317 711 5397; x_wconf 72' lang='lat' dir='ltr'>mille</span> <span class='ocrx_word' id='word_1_727' title='bbox 751 5321 1162 5397; x_wconf 57' lang='lat' dir='ltr'>necessitatibus</span> <span class='ocrx_word' id='word_1_728' title='bbox 1189 5327 1480 5392; x_wconf 79' lang='lat' dir='ltr'>premaris,</span> <span class='ocrx_word' id='word_1_729' title='bbox 1512 5343 1582 5381; x_wconf 84' lang='lat' dir='ltr'>ne</span> <span class='ocrx_word' id='word_1_730' title='bbox 1610 5329 1784 5397; x_wconf 80' lang='lat' dir='ltr'>igitur</span> <span class='ocrx_word' id='word_1_731' title='bbox 1812 5317 1968 5386; x_wconf 74' lang='grc' dir='ltr'>ίιιυίά</span> 
     </span>
    </p>
   </div>
   <div class='ocr_carea' id='block_1_105' title="bbox 310 5386 1960 5455">
    <p class='ocr_par' dir='ltr' id='par_1_105' title="bbox 310 5386 1960 5455">
     <span class='ocr_line' id='line_1_105' title="bbox 310 5386 1960 5455; baseline 0.008 -14"><span class='ocrx_word' id='word_1_732' title='bbox 310 5386 531 5441; x_wconf 76' lang='lat' dir='ltr'>accedas</span> <span class='ocrx_word' id='word_1_733' title='bbox 585 5390 795 5443; x_wconf 83' lang='lat' dir='ltr'>anima.</span> <span class='ocrx_word' id='word_1_734' title='bbox 859 5390 926 5444; x_wconf 85' lang='lat' dir='ltr'>Et</span> <span class='ocrx_word' id='word_1_735' title='bbox 978 5394 1034 5446; x_wconf 81' lang='lat' dir='ltr'>S.</span> <span class='ocrx_word' id='word_1_736' title='bbox 1087 5386 1293 5448; x_wconf 65' lang='lat' dir='ltr'>Ciesar.</span> <span class='ocrx_word' id='word_1_737' title='bbox 1348 5386 1546 5452; x_wconf 30' lang='lat' dir='ltr'>Arel&#39;ut.</span> <span class='ocrx_word' id='word_1_738' title='bbox 1599 5386 1774 5454; x_wconf 63' lang='lat' dir='ltr'>eorm.</span> <span class='ocrx_word' id='word_1_739' title='bbox 1808 5402 1960 5455; x_wconf 73' lang='lat'>2&#39;29:</span> 
     </span>
    </p>
   </div>
   <div class='ocr_carea' id='block_1_106' title="bbox 311 5458 1965 5532">
    <p class='ocr_par' dir='ltr' id='par_1_106' title="bbox 311 5458 1965 5532">
     <span class='ocr_line' id='line_1_106' title="bbox 311 5458 1965 5532; baseline 0.011 -22"><span class='ocrx_word' id='word_1_740' title='bbox 311 5458 504 5532; x_wconf 75' lang='lat' dir='ltr'>Dmncs</span> <span class='ocrx_word' id='word_1_741' title='bbox 528 5460 674 5523; x_wconf 53' lang='lat' dir='ltr'>“viri,</span> <span class='ocrx_word' id='word_1_742' title='bbox 713 5460 919 5531; x_wconf 87' lang='lat' dir='ltr'>inquit,</span> <span class='ocrx_word' id='word_1_743' title='bbox 949 5463 1162 5532; x_wconf 63' lang='lat' dir='ltr'>quando</span> <span class='ocrx_word' id='word_1_744' title='bbox 1211 5480 1614 5523; x_wconf 74' lang='lat' dir='ltr'>communicare</span> <span class='ocrx_word' id='word_1_745' title='bbox 1660 5471 1965 5529; x_wconf 75' lang='lat' dir='ltr'>desiderant</span> 
     </span>
    </p>
   </div>
   <div class='ocr_carea' id='block_1_107' title="bbox 310 5528 1960 5611">
    <p class='ocr_par' dir='ltr' id='par_1_107' title="bbox 310 5528 1960 5611">
     <span class='ocr_line' id='line_1_107' title="bbox 310 5528 1960 5611; baseline 0.01 -30"><span class='ocrx_word' id='word_1_746' title='bbox 310 5528 721 5611; x_wconf 58' lang='lat' dir='ltr'>lavant‘minus</span> <span class='ocrx_word' id='word_1_747' title='bbox 748 5528 897 5611; x_wconf 64' lang='lat' dir='ltr'>suos.</span> <span class='ocrx_word' id='word_1_748' title='bbox 932 5528 1077 5611; x_wconf 79' lang='lat' dir='ltr'>Quia</span> <span class='ocrx_word' id='word_1_749' title='bbox 1112 5533 1389 5611; x_wconf 76' lang='lat' dir='ltr'>nimirum</span> <span class='ocrx_word' id='word_1_750' title='bbox 1422 5537 1525 5611; x_wconf 65' lang='lat' dir='ltr'>viri</span> <span class='ocrx_word' id='word_1_751' title='bbox 1563 5541 1719 5595; x_wconf 86' lang='lat' dir='ltr'>nuda</span> <span class='ocrx_word' id='word_1_752' title='bbox 1764 5560 1960 5611; x_wconf 86' lang='lat' dir='ltr'>manu,</span> 
     </span>
    </p>
   </div>
   <div class='ocr_carea' id='block_1_108' title="bbox 310 5604 1961 5677">
    <p class='ocr_par' dir='ltr' id='par_1_108' title="bbox 310 5604 1961 5677">
     <span class='ocr_line' id='line_1_108' title="bbox 310 5604 1961 5677; baseline 0.011 -27"><span class='ocrx_word' id='word_1_753' title='bbox 310 5604 673 5677; x_wconf 71' lang='lat' dir='ltr'>accipiebant</span> <span class='ocrx_word' id='word_1_754' title='bbox 711 5608 973 5677; x_wconf 78' lang='lat' dir='ltr'>sanctam</span> <span class='ocrx_word' id='word_1_755' title='bbox 1006 5604 1279 5677; x_wconf 73' lang='lat' dir='ltr'>hostium,</span> <span class='ocrx_word' id='word_1_756' title='bbox 1316 5607 1592 5662; x_wconf 86' lang='lat' dir='ltr'>mulieres</span> <span class='ocrx_word' id='word_1_757' title='bbox 1624 5619 1817 5667; x_wconf 87' lang='lat' dir='ltr'>autem</span> <span class='ocrx_word' id='word_1_758' title='bbox 1853 5604 1961 5668; x_wconf 50' lang='lat' dir='ltr'>lin;</span> 
     </span>
    </p>
   </div>
   <div class='ocr_carea' id='block_1_109' title="bbox 311 5672 1966 5745">
    <p class='ocr_par' dir='ltr' id='par_1_109' title="bbox 311 5672 1966 5745">
     <span class='ocr_line' id='line_1_109' title="bbox 311 5672 1966 5745; baseline 0.011 -25"><span class='ocrx_word' id='word_1_759' title='bbox 311 5672 421 5722; x_wconf 90' lang='lat' dir='ltr'>teis</span> <span class='ocrx_word' id='word_1_760' title='bbox 472 5684 572 5724; x_wconf 88' lang='lat' dir='ltr'>seu</span> <span class='ocrx_word' id='word_1_761' title='bbox 625 5673 876 5745; x_wconf 86' lang='lat' dir='ltr'>mappis,</span> <span class='ocrx_word' id='word_1_762' title='bbox 911 5679 975 5729; x_wconf 91' lang='lat' dir='ltr'>ut</span> <span class='ocrx_word' id='word_1_763' title='bbox 1024 5692 1091 5730; x_wconf 85' lang='lat' dir='ltr'>ex</span> <span class='ocrx_word' id='word_1_764' title='bbox 1119 5675 1251 5731; x_wconf 90' lang='lat' dir='ltr'>Vita</span> <span class='ocrx_word' id='word_1_765' title='bbox 1279 5678 1336 5731; x_wconf 90' lang='lat' dir='ltr'>S.</span> <span class='ocrx_word' id='word_1_766' title='bbox 1373 5678 1697 5737; x_wconf 72' lang='lat' dir='ltr'>Wiboradae</span> <span class='ocrx_word' id='word_1_767' title='bbox 1744 5685 1966 5740; x_wconf 87' lang='lat' dir='ltr'>notavit</span> 
     </span>
    </p>
   </div>
   <div class='ocr_carea' id='block_1_110' title="bbox 2082 4656 3701 4728">
    <p class='ocr_par' dir='ltr' id='par_1_110' title="bbox 2082 4656 3701 4728">
     <span class='ocr_line' id='line_1_110' title="bbox 2082 4656 3701 4728; baseline -0.004 -17"><span class='ocrx_word' id='word_1_768' title='bbox 2082 4656 2391 4711; x_wconf 67' lang='lat' dir='ltr'>Helisaeum</span> <span class='ocrx_word' id='word_1_769' title='bbox 2419 4657 2763 4728; x_wconf 87' lang='lat' dir='ltr'>prophetam</span> <span class='ocrx_word' id='word_1_770' title='bbox 2785 4657 2842 4710; x_wconf 93' lang='lat' dir='ltr'>in</span> <span class='ocrx_word' id='word_1_771' title='bbox 2870 4672 3084 4728; x_wconf 85' lang='lat' dir='ltr'>aquam</span> <span class='ocrx_word' id='word_1_772' title='bbox 3113 4656 3470 4728; x_wconf 86' lang='lat' dir='ltr'>mittijussit</span> <span class='ocrx_word' id='word_1_773' title='bbox 3488 4661 3549 4711; x_wconf 85' lang='lat' dir='ltr'>ut</span> <span class='ocrx_word' id='word_1_774' title='bbox 3565 4669 3701 4709; x_wconf 85' lang='lat' dir='ltr'>sana-</span> 
     </span>
    </p>
   </div>
   <div class='ocr_carea' id='block_1_111' title="bbox 2081 4744 3703 4819">
    <p class='ocr_par' dir='ltr' id='par_1_111' title="bbox 2081 4744 3703 4819">
     <span class='ocr_line' id='line_1_111' title="bbox 2081 4744 3703 4819; baseline -0.004 -19"><span class='ocrx_word' id='word_1_775' title='bbox 2081 4750 2242 4801; x_wconf 89' lang='lat' dir='ltr'>retur</span> <span class='ocrx_word' id='word_1_776' title='bbox 2263 4745 2541 4801; x_wconf 88' lang='lat' dir='ltr'>sterilitas</span> <span class='ocrx_word' id='word_1_777' title='bbox 2556 4763 2740 4818; x_wconf 75' lang='lat' dir='ltr'>aquae.</span> <span class='ocrx_word' id='word_1_778' title='bbox 2758 4745 2856 4819; x_wconf 90' lang='lat' dir='ltr'>qui</span> <span class='ocrx_word' id='word_1_779' title='bbox 2881 4746 3075 4801; x_wconf 91' lang='lat' dir='ltr'>divina</span> <span class='ocrx_word' id='word_1_780' title='bbox 3094 4762 3233 4801; x_wconf 89' lang='lat' dir='ltr'>voce</span> <span class='ocrx_word' id='word_1_781' title='bbox 3253 4744 3376 4802; x_wconf 89' lang='lat' dir='ltr'>oris</span> <span class='ocrx_word' id='word_1_782' title='bbox 3397 4746 3488 4802; x_wconf 88' lang='lat' dir='ltr'>sui</span> <span class='ocrx_word' id='word_1_783' title='bbox 3510 4745 3703 4800; x_wconf 80' lang='lat' dir='ltr'>locutus</span> 
     </span>
    </p>
   </div>
   <div class='ocr_carea' id='block_1_112' title="bbox 2081 4902 3699 4976">
    <p class='ocr_par' dir='ltr' id='par_1_112' title="bbox 2081 4902 3699 4976">
     <span class='ocr_line' id='line_1_112' title="bbox 2081 4902 3699 4976; baseline -0.003 -17"><span class='ocrx_word' id='word_1_784' title='bbox 2081 4903 2455 4959; x_wconf 87' lang='lat' dir='ltr'>Mabillonius</span> <span class='ocrx_word' id='word_1_785' title='bbox 2487 4905 3456 4976; x_wconf 67' lang='lat' dir='ltr'>saec.v,Bened.,p.51.luculentum</span> <span class='ocrx_word' id='word_1_786' title='bbox 3479 4921 3599 4959; x_wconf 77' lang='lat' dir='ltr'>vero</span> <span class='ocrx_word' id='word_1_787' title='bbox 3618 4902 3699 4954; x_wconf 85' lang='lat' dir='ltr'>bu-</span> 
     </span>
    </p>
   </div>
   <div class='ocr_carea' id='block_1_113' title="bbox 2070 4975 3700 5050">
    <p class='ocr_par' dir='ltr' id='par_1_113' title="bbox 2070 4975 3700 5050">
     <span class='ocr_line' id='line_1_113' title="bbox 2070 4975 3700 5050; baseline -0.003 -20"><span class='ocrx_word' id='word_1_788' title='bbox 2070 4976 2174 5050; x_wconf 82' lang='lat' dir='ltr'>jus</span> <span class='ocrx_word' id='word_1_789' title='bbox 2206 4975 2569 5050; x_wconf 83' lang='lat' dir='ltr'>discriminis</span> <span class='ocrx_word' id='word_1_790' title='bbox 2593 4977 2757 5050; x_wconf 69' lang='lat' dir='ltr'>apud</span> <span class='ocrx_word' id='word_1_791' title='bbox 2790 4977 2847 5031; x_wconf 89' lang='lat' dir='ltr'>S.</span> <span class='ocrx_word' id='word_1_792' title='bbox 2882 4975 3161 5050; x_wconf 67' lang='lat' dir='ltr'>Cyrillum</span> <span class='ocrx_word' id='word_1_793' title='bbox 3199 4977 3414 5050; x_wconf 72' lang='lat' dir='ltr'>Hiems</span> <span class='ocrx_word' id='word_1_794' title='bbox 3442 4980 3611 5031; x_wconf 85' lang='lat' dir='ltr'>exstat</span> <span class='ocrx_word' id='word_1_795' title='bbox 3639 4978 3700 5050; x_wconf 76' lang='lat' dir='ltr'>te-</span> 
     </span>
    </p>
   </div>
   <div class='ocr_carea' id='block_1_114' title="bbox 2080 5043 3693 5119">
    <p class='ocr_par' dir='ltr' id='par_1_114' title="bbox 2080 5043 3693 5119">
     <span class='ocr_line' id='line_1_114' title="bbox 2080 5043 3693 5119; baseline -0.002 -19"><span class='ocrx_word' id='word_1_796' title='bbox 2080 5043 2390 5119; x_wconf 74' lang='lat' dir='ltr'>timonium</span> <span class='ocrx_word' id='word_1_797' title='bbox 2428 5043 2656 5119; x_wconf 47' lang='lat' dir='ltr'>catech;</span> <span class='ocrx_word' id='word_1_798' title='bbox 2676 5043 2942 5119; x_wconf 49' lang='lat' dir='ltr'>Mystag:</span> <span class='ocrx_word' id='word_1_799' title='bbox 2958 5048 3059 5119; x_wconf 85' lang='lat' dir='ltr'>III,</span> <span class='ocrx_word' id='word_1_800' title='bbox 3086 5048 3251 5103; x_wconf 86' lang='lat' dir='ltr'>initio</span> <span class='ocrx_word' id='word_1_801' title='bbox 3283 5053 3483 5104; x_wconf 83' lang='lat' dir='ltr'>autem</span> <span class='ocrx_word' id='word_1_802' title='bbox 3512 5043 3693 5101; x_wconf 23' lang='lat' dir='ltr'>catech.</span> 
     </span>
    </p>
   </div>
   <div class='ocr_carea' id='block_1_115' title="bbox 2077 5117 3695 5181">
    <p class='ocr_par' dir='ltr' id='par_1_115' title="bbox 2077 5117 3695 5181">
     <span class='ocr_line' id='line_1_115' title="bbox 2077 5117 3695 5181; baseline -0.002 -11"><span class='ocrx_word' id='word_1_803' title='bbox 2077 5118 2144 5181; x_wconf 92' lang='lat' dir='ltr'>V,</span> <span class='ocrx_word' id='word_1_804' title='bbox 2171 5119 2240 5172; x_wconf 91' lang='lat' dir='ltr'>de</span> <span class='ocrx_word' id='word_1_805' title='bbox 2262 5117 2559 5173; x_wconf 87' lang='lat' dir='ltr'>communi</span> <span class='ocrx_word' id='word_1_806' title='bbox 2585 5117 2841 5172; x_wconf 79' lang='lat' dir='ltr'>ﬁdelium</span> <span class='ocrx_word' id='word_1_807' title='bbox 2869 5134 2978 5172; x_wconf 84' lang='lat' dir='ltr'>usu</span> <span class='ocrx_word' id='word_1_808' title='bbox 3004 5117 3233 5173; x_wconf 87' lang='lat' dir='ltr'>lavandi</span> <span class='ocrx_word' id='word_1_809' title='bbox 3256 5125 3393 5174; x_wconf 85' lang='lat' dir='ltr'>ante</span> <span class='ocrx_word' id='word_1_810' title='bbox 3414 5119 3695 5174; x_wconf 82' lang='lat' dir='ltr'>orationem</span> 
     </span>
    </p>
   </div>
   <div class='ocr_carea' id='block_1_116' title="bbox 2078 5185 3695 5260">
    <p class='ocr_par' dir='ltr' id='par_1_116' title="bbox 2078 5185 3695 5260">
     <span class='ocr_line' id='line_1_116' title="bbox 2078 5185 3695 5260; baseline -0.001 -17"><span class='ocrx_word' id='word_1_811' title='bbox 2078 5206 2306 5243; x_wconf 86' lang='lat' dir='ltr'>manus.</span> <span class='ocrx_word' id='word_1_812' title='bbox 2336 5189 2415 5243; x_wconf 79' lang='lat' dir='ltr'>De</span> <span class='ocrx_word' id='word_1_813' title='bbox 2446 5206 2560 5260; x_wconf 88' lang='lat' dir='ltr'>quo</span> <span class='ocrx_word' id='word_1_814' title='bbox 2594 5189 2881 5256; x_wconf 50' lang='lat' dir='ltr'>Catterum,</span> <span class='ocrx_word' id='word_1_815' title='bbox 2917 5189 2998 5244; x_wconf 86' lang='lat' dir='ltr'>ait</span> <span class='ocrx_word' id='word_1_816' title='bbox 3028 5189 3427 5245; x_wconf 88' lang='lat' dir='ltr'>Tertullianus</span> <span class='ocrx_word' id='word_1_817' title='bbox 3461 5208 3507 5244; x_wconf 93' lang='lat' dir='ltr'>c.</span> <span class='ocrx_word' id='word_1_818' title='bbox 3547 5190 3617 5253; x_wconf 88' lang='lat' dir='ltr'>II,</span> <span class='ocrx_word' id='word_1_819' title='bbox 3642 5185 3695 5237; x_wconf 75' lang='lat' dir='ltr'>d6</span> 
     </span>
    </p>
   </div>
   <div class='ocr_carea' id='block_1_117' title="bbox 2077 5260 3696 5333">
    <p class='ocr_par' dir='ltr' id='par_1_117' title="bbox 2077 5260 3696 5333">
     <span class='ocr_line' id='line_1_117' title="bbox 2077 5260 3696 5333; baseline -0.002 -18"><span class='ocrx_word' id='word_1_820' title='bbox 2077 5260 2367 5333; x_wconf 80' lang='lat' dir='ltr'>Oratione.</span> <span class='ocrx_word' id='word_1_821' title='bbox 2395 5275 2521 5331; x_wconf 69' lang='lat' dir='ltr'>qua?</span> <span class='ocrx_word' id='word_1_822' title='bbox 2551 5262 2690 5315; x_wconf 70' lang='lat' dir='ltr'>ratio</span> <span class='ocrx_word' id='word_1_823' title='bbox 2721 5269 2816 5321; x_wconf 76' lang='lat' dir='ltr'>est,</span> <span class='ocrx_word' id='word_1_824' title='bbox 2847 5262 3105 5316; x_wconf 74' lang='lat' dir='ltr'>manibus</span> <span class='ocrx_word' id='word_1_825' title='bbox 3127 5261 3351 5333; x_wconf 66' lang='lat' dir='ltr'>ablatis,</span> <span class='ocrx_word' id='word_1_826' title='bbox 3377 5263 3577 5333; x_wconf 76' lang='lat' dir='ltr'>spiritu</span> <span class='ocrx_word' id='word_1_827' title='bbox 3604 5270 3696 5312; x_wconf 74' lang='lat' dir='ltr'>vero</span> 
     </span>
    </p>
   </div>
   <div class='ocr_carea' id='block_1_118' title="bbox 2073 5332 3693 5387">
    <p class='ocr_par' dir='ltr' id='par_1_118' title="bbox 2073 5332 3693 5387">
     <span class='ocr_line' id='line_1_118' title="bbox 2073 5332 3693 5387; baseline -0.004 -1"><span class='ocrx_word' id='word_1_828' title='bbox 2073 5332 2324 5387; x_wconf 81' lang='lat' dir='ltr'>sordente</span> <span class='ocrx_word' id='word_1_829' title='bbox 2352 5333 2657 5386; x_wconf 78' lang='lat' dir='ltr'>orationem</span> <span class='ocrx_word' id='word_1_830' title='bbox 2693 5333 2861 5387; x_wconf 86' lang='lat' dir='ltr'>obire.</span> <span class='ocrx_word' id='word_1_831' title='bbox 2899 5333 3116 5386; x_wconf 88' lang='lat' dir='ltr'>Morem</span> <span class='ocrx_word' id='word_1_832' title='bbox 3149 5332 3316 5387; x_wconf 90' lang='lat' dir='ltr'>illum</span> <span class='ocrx_word' id='word_1_833' title='bbox 3361 5332 3693 5387; x_wconf 72' lang='lat' dir='ltr'>communem</span> 
     </span>
    </p>
   </div>
   <div class='ocr_carea' id='block_1_119' title="bbox 2077 5402 3690 5475">
    <p class='ocr_par' dir='ltr' id='par_1_119' title="bbox 2077 5402 3690 5475">
     <span class='ocr_line' id='line_1_119' title="bbox 2077 5402 3690 5475; baseline -0.001 -20"><span class='ocrx_word' id='word_1_834' title='bbox 2077 5403 2257 5475; x_wconf 80' lang='lat' dir='ltr'>fuisse</span> <span class='ocrx_word' id='word_1_835' title='bbox 2300 5402 2585 5457; x_wconf 76' lang='lat' dir='ltr'>discimus</span> <span class='ocrx_word' id='word_1_836' title='bbox 2626 5420 2694 5457; x_wconf 80' lang='lat' dir='ltr'>ex</span> <span class='ocrx_word' id='word_1_837' title='bbox 2738 5403 2895 5457; x_wconf 87' lang='lat' dir='ltr'>hom.</span> <span class='ocrx_word' id='word_1_838' title='bbox 2921 5403 3091 5458; x_wconf 83' lang='lat' dir='ltr'>XLIII</span> <span class='ocrx_word' id='word_1_839' title='bbox 3125 5403 3184 5457; x_wconf 86' lang='lat' dir='ltr'>S.</span> <span class='ocrx_word' id='word_1_840' title='bbox 3218 5403 3513 5475; x_wconf 75' lang='lat' dir='ltr'>Chrysost.</span> <span class='ocrx_word' id='word_1_841' title='bbox 3549 5404 3690 5475; x_wconf 26' lang='lat' dir='ltr'>in‘ep.</span> 
     </span>
    </p>
   </div>
   <div class='ocr_carea' id='block_1_120' title="bbox 2077 5469 3692 5545">
    <p class='ocr_par' dir='ltr' id='par_1_120' title="bbox 2077 5469 3692 5545">
     <span class='ocr_line' id='line_1_120' title="bbox 2077 5469 3692 5545; baseline -0.002 -20"><span class='ocrx_word' id='word_1_842' title='bbox 2077 5474 2199 5528; x_wconf 82' lang='lat' dir='ltr'>[ad</span> <span class='ocrx_word' id='word_1_843' title='bbox 2255 5474 2496 5529; x_wconf 82' lang='lat' dir='ltr'>Corinth.</span> <span class='ocrx_word' id='word_1_844' title='bbox 2554 5477 2594 5527; x_wconf 84' lang='lat' dir='ltr'>t.</span> <span class='ocrx_word' id='word_1_845' title='bbox 2629 5478 2691 5535; x_wconf 84' lang='grc' dir='ltr'>Χ,</span> <span class='ocrx_word' id='word_1_846' title='bbox 2720 5491 2753 5545; x_wconf 84' lang='grc' dir='ltr'>ρ</span> <span class='ocrx_word' id='word_1_847' title='bbox 2810 5476 2930 5528; x_wconf 73' lang='grc'>405.</span> <span class='ocrx_word' id='word_1_848' title='bbox 2987 5475 3143 5529; x_wconf 89' lang='lat' dir='ltr'>Idem</span> <span class='ocrx_word' id='word_1_849' title='bbox 3204 5475 3260 5528; x_wconf 89' lang='lat' dir='ltr'>in</span> <span class='ocrx_word' id='word_1_850' title='bbox 3309 5469 3478 5529; x_wconf 53' lang='lat' dir='ltr'>J&#39;oan.</span> <span class='ocrx_word' id='word_1_851' title='bbox 3511 5480 3551 5528; x_wconf 90' lang='lat' dir='ltr'>t.</span> <span class='ocrx_word' id='word_1_852' title='bbox 3581 5469 3692 5531; x_wconf 73' lang='grc' dir='ltr'>νηί,</span> 
     </span>
    </p>
   </div>
   <div class='ocr_carea' id='block_1_121' title="bbox 2074 5545 3693 5670">
    <p class='ocr_par' dir='ltr' id='par_1_121' title="bbox 2074 5545 3693 5670">
     <span class='ocr_line' id='line_1_121' title="bbox 2074 5545 3693 5670; baseline -0.001 -71"><span class='ocrx_word' id='word_1_853' title='bbox 2074 5562 2130 5670; x_wconf 70' lang='lat' dir='ltr'>p.</span> <span class='ocrx_word' id='word_1_854' title='bbox 2164 5545 2268 5599; x_wconf 81' lang='lat'>313</span> <span class='ocrx_word' id='word_1_855' title='bbox 2298 5550 2356 5599; x_wconf 89' lang='lat' dir='ltr'>et</span> <span class='ocrx_word' id='word_1_856' title='bbox 2385 5546 2488 5599; x_wconf 79' lang='grc'>433</span> <span class='ocrx_word' id='word_1_857' title='bbox 2518 5552 2651 5599; x_wconf 88' lang='lat' dir='ltr'>ante</span> <span class='ocrx_word' id='word_1_858' title='bbox 2693 5545 2999 5600; x_wconf 84' lang='lat' dir='ltr'>lectionem</span> <span class='ocrx_word' id='word_1_859' title='bbox 3033 5546 3210 5601; x_wconf 87' lang='lat' dir='ltr'>etiam</span> <span class='ocrx_word' id='word_1_860' title='bbox 3243 5562 3471 5601; x_wconf 88' lang='lat' dir='ltr'>sacram</span> <span class='ocrx_word' id='word_1_861' title='bbox 3523 5555 3693 5600; x_wconf 77' lang='lat' dir='ltr'>manus</span> 
     </span>
     <span class='ocr_line' id='line_1_122' title="bbox 2097 5620 2518 5670; baseline -0.007 0"><span class='ocrx_word' id='word_1_862' title='bbox 2097 5622 2222 5670; x_wconf 87' lang='lat' dir='ltr'>otas</span> <span class='ocrx_word' id='word_1_863' title='bbox 2252 5620 2518 5670; x_wconf 89' lang='lat' dir='ltr'>testatur.</span> 
     </span>
    </p>
   </div>
   <div class='ocr_carea' id='block_1_122' title="bbox 2097 5620 2518 5672">
    <p class='ocr_par' dir='ltr' id='par_1_122' title="bbox 2097 5620 2518 5672">
     <span class='ocr_line' id='line_1_123' title="bbox 2097 5620 2518 5672; baseline -0.012 0"><span class='ocrx_word' id='word_1_864' title='bbox 2097 5622 2222 5672; x_wconf 87' lang='lat' dir='ltr'>otas</span> <span class='ocrx_word' id='word_1_865' title='bbox 2252 5620 2518 5671; x_wconf 87' lang='lat' dir='ltr'>testatur.</span> 
     </span>
    </p>
   </div>
  </div>
