3892 6212
98 389 227 454 10ιό

1155 372 1631 439 BENEDICTIO
1676 370 1893 436 SALIS
1936 373 2034 436 ΕΤ
2082 370 2339 448 AQUIE.

3297 360 3452 431 1046

92 519 251 581 estad
279 509 585 590 discipulos
617 527 757 572 suos
785 506 987 570 dicens
1022 525 1035 569 :
1067 510 1184 568 Vos
1213 509 1353 568 estis
1375 507 1461 567 sal
1484 512 1688 565 terras:
1722 505 1778 577 Α
1808 503 2065 565 medium
2101 522 2278 582 super
2306 504 2457 563 hanc
2508 506 2833 564 creaturam
2884 499 3025 563 salis
3073 504 3129 561 et
3169 517 3352 578 aquas,
3386 504 3453 559 ut

92 612 177 686 qui
204 627 297 684 per
323 603 638 680 apostolum
665 620 842 661 suum
890 601 1136 658 Paulum
1180 602 1370 657 dicere
1420 599 1696 672 dignatus

91 698 266 764 est,Sit
291 710 474 753 sermo
500 699 691 749 vester
720 690 1019 765 sapientiae
1052 690 1172 746 sale
1211 689 1503 757 conditus,
1539 689 1694 744 ideo-

91 806 186 862 que
211 786 421 842 efticere
451 781 537 839 sal
567 779 947 844 exorcizatus,
980 779 1052 834 ad
1083 778 1480 834 evacuandum
1511 780 1567 833 et
1596 795 1697 833 ex-

89 875 387 950 pellendum
402 869 792 934 inimicum,et
813 884 1048 924 omnem
1070 867 1345 922 virtutem
1372 865 1697 939 putredinis

88 963 280 1036 ejus.ln
308 958 535 1016 nomine
559 956 790 1014 Domini
824 955 1007 1013 nostri
1031 955 1135 1011 lhu
1156 955 1394 1027 Xpi.Qui
1419 958 1699 1010 venturus

89 1059 163 1109 est
182 1050 428 1123 judicare
454 1048 612 1102 vivos
636 1049 694 1101 et
723 1049 1003 1101 mortuos.

147 1142 274 1195 Alia.
305 1135 544 1193 Benedic
573 1133 942 1206 omnipotens
976 1137 1125 1189 Deus
1171 1132 1322 1189 hanc
1372 1136 1699 1188 creaturam

88 1228 209 1285 salis
236 1231 330 1282 tua
357 1223 762 1281 benedictione
810 1222 1026 1278 rmlesti
1077 1222 1133 1276 in
1184 1221 1420 1277 nomine
1468 1220 1698 1277 Domini

84 1315 247 1373 nostri
278 1314 374 1369 lbu
406 1312 534 1384 Xpi,
569 1316 628 1368 et
658 1311 717 1366 in
749 1310 960 1366 virtute
992 1311 1177 1367 sancti
1211 1309 1466 1382 Spiritus
1495 1310 1601 1377 tui,
1626 1310 1698 1365 ad

83 1402 427 1476 etfugandum
459 1400 785 1466 inimicum,
817 1415 995 1470 quam
1035 1404 1099 1454 tu
1144 1398 1389 1454 Domine
1438 1399 1699 1453 sanctifi-

81 1493 244 1550 cando
271 1489 680 1553 sanctiﬁces,et
710 1487 1103 1544 benedicendo
1135 1487 1701 1560 benedicas,ﬁatque

81 1581 330 1639 omnibus
346 1576 764 1649 accipientibus
776 1575 1033 1648 perfecta
1049 1574 1339 1631 medicina
1352 1593 1700 1648 permanens

81 1672 133 1726 in
159 1667 464 1725 visceribus
493 1665 940 1723 summentium.
975 1664 1038 1719 In
1070 1663 1305 1720 nomine
1334 1664 1439 1719 Dni
1474 1665 1561 1721 nri
1595 1665 1700 1720 lhu

79 1759 190 1832 Xpi.
221 1756 322 1824 Qui
349 1761 630 1812 venturus
657 1758 766 1809 est.

1806 598 2141 671 ubicunque
2172 596 2667 665 intercesserit,ad
2700 596 2909 653 animai
2941 600 2998 651 et
3027 594 3288 668 corporis
3318 608 3450 667 pro-

1806 688 1965 743 ficiat
1993 687 2327 744 sanitatem.
2361 691 2489 743 Per.

1874 777 2022 833 Alia.
2055 778 2285 832 Eterne
2336 776 2579 832 Domine
2638 780 2792 831 Deus
2846 772 3215 846 omnipotens
3272 768 3448 826 officii

1806 864 1990 920 nostri
2024 865 2318 921 functione
2350 864 2628 921 immeriti
2657 865 3060 938 deprecamur,
3074 865 3139 917 ut
3165 860 3288 917 haec
3312 857 3454 915 salis

1807 959 1864 1009 et
1892 970 2056 1026 aqua:
2090 953 2486 1026 permixtio,in
2509 954 2743 1010 nomine
2765 950 3082 1009 clementia:
3105 954 3217 1006 tua
3240 947 3455 1006 sancti-

1808 1042 1999 1107 ﬁcata,
2030 1059 2164 1098 cum
2195 1060 2298 1115 per
2342 1046 2571 1099 nostras
2621 1043 2794 1099 fuerit
2844 1058 3056 1097 manus
3103 1039 3342 1105 emissa,
3369 1034 3458 1093 vel

1808 1131 2068 1203 quolibet
2093 1132 2267 1187 modo
2296 1136 2579 1199 assumta,
2612 1130 2873 1203 expulsis
2903 1129 3129 1186 cunctis
3158 1126 3460 1183 machina-

1809 1221 2026 1277 mentis
2055 1221 2388 1277 dmmonum
2418 1237 2487 1276 ex
2516 1220 2717 1276 eodem
2748 1220 2873 1275 loco
2917 1219 3116 1291 fugata
3161 1215 3454 1279 deficiant,

1809 1314 1865 1364 et
1887 1314 2221 1366 sanctorum
2244 1308 2584 1382 angelorum
2603 1308 2868 1365 custodia
2883 1323 3114 1380 semper
3134 1306 3275 1362 inibi
3296 1322 3459 1361 man-

1809 1416 1950 1454 sura
1979 1398 2281 1455 consistat.
2311 1399 2418 1453 Per
2448 1398 2619 1455 Dum.

1881 1487 2165 1544 Dominus
2193 1486 2514 1543 vobiscum.
2545 1488 2770 1542 Etcum
2805 1485 3014 1558 spiritu
3055 1490 3174 1542 tuo.
3207 1486 3457 1541 Sursum

1809 1577 2005 1633 corda.
2035 1576 2330 1632 Habemus
2360 1576 2431 1631 ad
2465 1575 2800 1631 Dominum.
2834 1575 3034 1631 Gratia
3066 1590 3312 1648 agamus
3340 1574 3459 1629 Do-

1811 1665 1971 1721 mino
2005 1670 2114 1721 Deo
2145 1668 2363 1720 nostro.
2395 1664 2648 1738 Dignum
2681 1668 2739 1721 et
2760 1665 2991 1735 justum
3020 1666 3129 1720 est.

2495 1756 2782 1825 PrzBfntio.

136 1849 270 1904 Alia.
300 1846 451 1945 Deus
481 1841 1443 1945 invisibilis,Deuslinaastimabilis,
1468 1843 1704 1945 quinper
1731 1880 1780 1945 B
1818 1933 1829 1944 .
1883 1841 2128 1899 Domine
2171 1846 2322 1942 Deus
2370 1841 2497 1897 caeli
2544 1842 3032 1945 et.terrae,-cujus
3074 1840 3272 1897 virtuti
3320 1841 3461 1898 sub-

80 1941 267 1992 cuncta
295 1934 544 1991 diffusus
573 1949 658 2000 es,
679 1931 952 2003 pietatem
978 1935 1141 1986 tuam
1162 1935 1219 1986 et
1241 1931 1702 1987 misericordiam
1732 1930 1780 1945 ”
1805 1933 1963 2003 jecta
2016 1936 2156 1987 sunt
2202 1931 2495 1996 universa,
2529 1930 2700 2000 cuius
2744 1933 2918 2003 verbo
2966 1936 3278 2004 procurata
3325 1934 3465 1987 sunt

78 2043 167 2099 per
192 2027 452 2081 sanctum
484 2025 542 2077 et
572 2020 940 2077 tremendum
975 2019 1100 2075 Filii
1131 2020 1216 2075 tui
1250 2037 1462 2076 nomen
1486 2020 1708 2093 suppli-

78 2131 161 2170 ces
181 2113 647 2184 deprecamur,ut
675 2125 852 2180 super
879 2108 1031 2163 hanc
1059 2113 1387 2163 creaturam
1431 2109 1570 2166 salis
1602 2110 1706 2166 be-

78 2201 440 2258 nedictionem
471 2203 635 2254 tuam
667 2214 769 2270 per
793 2196 1112 2269 potentiam
1145 2197 1459 2252 invisibilis
1498 2214 1709 2271 opera-

76 2291 233 2347 tionis
263 2289 636 2355 infundas,ut
654 2287 946 2358 jumenta,
976 2303 1104 2357 qua:
1126 2287 1577 2343 necessitatibus
1603 2287 1708 2343 bu-

77 2380 251 2436 manis
277 2376 532 2434 tribuere
561 2374 842 2448 dignatus
873 2391 1097 2440 es,cum
1128 2391 1197 2430 ex
1224 2376 1427 2431 eadem
1471 2393 1706 2449 accepe-

76 2466 286 2537 rint,vel
318 2462 704 2540 gustaverint,
732 2462 855 2518 haec
886 2462 1210 2519 benedictio
1240 2466 1297 2519 et
1327 2464 1707 2521 sanctificatio

77 2560 167 2613 tua
194 2555 387 2611 inlaesa
419 2554 712 2627 reddat,et
739 2552 813 2608 ab
842 2551 1003 2607 omni
1052 2552 1420 2624 temptatoris
1462 2553 1707 2611 incursu

75 2650 124 2701 te
148 2647 478 2718 protegente
509 2640 820 2697 custodiat.
852 2641 914 2696 P.

816 2730 959 2785 Alia.

137 2824 490 2879 Immensum
522 2816 894 2875 clementiam
920 2823 1085 2875 tuam
1107 2820 1477 2892 omnipotens
1500 2825 1711 2877 aeterne

74 2917 211 2969 Deus
259 2911 568 2969 humiliter
620 2907 1030 2981 imploramus,
1063 2912 1128 2964 ut
1176 2908 1327 2965 hanc
1382 2914 1711 2966 creaturam

71 3002 218 3070 salis,
247 3017 432 3075 quam
463 3000 521 3055 in
555 3014 730 3054 usum
750 2997 981 3070 generis
1005 2996 1248 3054 humani
1272 2997 1715 3055 tribuisti'bene-

72 3092 247 3147 dicere
275 3095 335 3147 et
376 3086 752 3145 sanctiﬁcare
800 3090 901 3141 tua
948 3085 1160 3158 pietate
1208 3086 1488 3159 digneris,
1524 3092 1589 3143 ut
1638 3088 1716 3143 sit

70 3180 333 3237 omnibus
355 3176 735 3235 sumcntibus
763 3173 986 3231 sanitas
1016 3175 1226 3231 animas
1257 3180 1315 3231 et
1337 3177 1629 3248 corporis;
1651 3180 1717 3232 ut

1813 2021 2033 2087 omnia,
2084 2021 2364 2075 submitte
2419 2019 2703 2091 Spiritum
2753 2025 2921 2075 tuum
2971 2024 3238 2076 sanetum
3287 2035 3465 2091 super

1815 2109 1965 2166 hanc
1995 2113 2323 2165 creaturam
2356 2124 2542 2180 aquae,
2575 2112 2643 2163 ut
2675 2109 2778 2164 fiat
2805 2125 2959 2181 aqua
3007 2109 3370 2164 sanctificata
3401 2108 3463 2165 in

1813 2199 2049 2254 nomine
2075 2197 2175 2253 Dei
2208 2196 2413 2263 Patris,
2446 2202 2505 2252 et
2536 2196 2685 2262 Filii,
2717 2202 2775 2251 et
2803 2197 3058 2270 Spiritus
3088 2197 3298 2252 sancti.
3332 2196 3466 2269 Ipsa

1814 2292 1871 2343 te
1902 2287 2170 2359 cognovit
2198 2285 2487 2341 altissima
2520 2285 2681 2341 salus
2712 2288 2768 2341 et
2797 2290 3091 2358 respector
3120 2290 3259 2342 tuus
3288 2302 3462 2358 aqua.

1814 2377 1963 2451 Ergo
1994 2374 2248 2431 humiles
2278 2391 2607 2443 exoramus,
2639 2378 2705 2430 ut
2735 2374 3011 2431 exaudias
3040 2378 3097 2430 et
3134 2373 3465 2431 miserearis

1817 2465 2087 2539 precibus
2119 2465 2354 2528 nostris,
2389 2467 2455 2518 ut
2485 2463 2820 2536 ubicunque
2852 2464 3209 2536 aspersionis
3230 2468 3286 2519 et
3307 2463 3466 2535 puri-

1817 2554 2104 2611 ﬁcationis
2135 2557 2191 2608 te
2214 2552 2458 2622 jubente
2486 2569 2724 2625 aspersa
2746 2553 2919 2608 fuerit
2937 2552 3057 2608 haec
3079 2553 3469 2624 aqua,habeat

1815 2643 1898 2700 ibi
1928 2645 2141 2699 domus
2172 2641 2476 2714 gaudium,
2510 2641 2990 2714 spem,honorem
3027 2645 3468 2715 perpetuum,ut

1816 2733 2008 2789 omnis
2040 2731 2292 2786 malivoli
2320 2730 2536 2786 invidia
2566 2730 2889 2802 expellatur
2918 2735 2977 2786 et
3005 2735 3328 2802 separetur,
3365 2747 3468 2803 per

1814 2823 2092 2877 virtutem
2129 2820 2355 2875 Domini
2391 2820 2573 2874 nostri
2605 2819 2744 2875 Jcsu
2774 2818 2990 2875 Christi
3020 2837 3194 2891 quem
3226 2819 3471 2875 laudant

1820 2908 2030 2983 angeli,
2064 2913 2121 2966 et
2152 2927 2265 2963 non
2305 2912 2538 2965 cessant
2587 2907 2837 2964 clamare
2884 2907 3165 2964 dicentes.
3194 2910 3467 2977 Sanctus,

1820 3001 2092 3065 Sanctus,
2124 2999 2395 3064 Sanctus,
2429 2997 2711 3053 Dominus
2744 3002 2895 3053 Deus
2926 2997 3191 3053 sabaoth.

2526 3085 2769 3142 Oremus.

1897 3176 2208 3248 Praeceptis
2239 3174 2596 3231 salutaribus
2636 3173 2839 3229 moniti
2890 3177 2947 3230 et
2992 3174 3189 3230 divina
3237 3175 3473 3232 institu-

72 3269 345 3342 quidquid
376 3284 451 3324 eo
499 3269 722 3321 tactum
768 3263 858 3319 vel
905 3280 1238 3335 respersum
1298 3247 1490 3332 fuerit,
1524 3270 1718 3322 careat
1747 3247 1791 3313 (ἶ
1828 3265 1985 3322 tione
2018 3247 2248 3322 formati
2281 3264 2567 3320 audemus
2598 3262 2809 3319 dicere.
2846 3262 3014 3318 Pater
3040 3267 3239 3319 noster
3269 3264 3476 3323 Libera

71 3357 221 3414 omni
252 3354 661 3420 immunditia,
693 3351 971 3424 omnique
999 3351 1444 3426 impugnatione
1482 3354 1720 3427 spirita-

69 3445 137 3502 lis
167 3445 470 3519 nequitiae.
504 3443 631 3499 Per.

410 3547 748 3589 BENEDICTIO
786 3546 1075 3585 AMBORUM
1116 3548 1379 3586 PARITER.

533 3622 632 3679 Hic
650 3620 840 3689 sul/lat
868 3625 950 3675 ter
976 3626 1027 3674 et
1054 3620 1259 3674 miscet.

138 3717 286 3768 Dens
318 3709 419 3767 cui
453 3724 632 3781 super
659 3706 976 3763 Cherubim
1025 3711 1081 3762 et
1130 3706 1432 3779 Scraphim
1486 3706 1726 3763 sublimi

68 3801 273 3856 throno
303 3796 537 3856 sedenti
566 3795 759 3852 omnis
788 3794 1156 3869 profunditas
1187 3795 1404 3868 ab'yssi,
1439 3795 1630 3851 omnis
1652 3795 1729 3851 la-

67 3889 253 3945 titudo
294 3885 615 3961 perspicua
663 3888 769 3941 est.
805 3888 955 3939 Deus
1002 3884 1173 3954 cujus
1223 3884 1454 3940 aeternis
1502 3884 1730 3957 legibus

67 3977 258 4033 omnis
277 3973 500 4032 natura
515 3971 1062 4029 concluditur.Deus
1078 3973 1250 4043 cujus
1266 3972 1550 4028 voluntati
1567 3974 1732 4046 quid-

70 4066 207 4138 quid
239 4063 475 4121 resistit
504 4062 805 4117 inﬁrmum
838 4060 1238 4133 est,quidquid
1267 4061 1430 4117 saevit
1459 4061 1734 4118 inimicus

67 4158 121 4210 et
147 4153 509 4209 immundus
538 4149 784 4222 spiritus
806 4149 928 4205 tuis
948 4149 1320 4205 sermonibus
1342 4150 1562 4206 sanctis
1584 4150 1733 4206 evic-

69 4247 191 4298 tum
221 4245 335 4298 est.
375 4245 530 4295 Deus
561 4238 662 4310 qui
689 4237 1084 4311 malignorum
1108 4239 1365 4294 destruis
1386 4238 1623 4305 vires,et
1639 4240 1738 4295 ad-

67 4330 366 4387 versantia
400 4344 507 4402 per
557 4325 809 4382 famulos
856 4331 990 4383 tuos
1042 4330 1466 4398 temptamenta
1513 4327 1737 4383 inimici

69 4419 482 4493 extinguis.Te
514 4416 760 4472 Domine
788 4414 1083 4488 supplices
1113 4421 1516 4484 exoramus,ut
1539 4418 1608 4473 ad
1632 4417 1737 4472 de-

69 4508 406 4565 fensionem
460 4493 722 4560 nostram
772 4503 1040 4576 placatus
1090 4505 1363 4577 aspicias,
1394 4509 1451 4561 et
1499 4505 1641 4561 salis
1684 4511 1742 4561 et

1830 3373 1937 3411 nos
1969 3370 2309 3427 quaesumus
2338 3351 2583 3409 Domine
2614 3351 2685 3407 ab
2706 3351 2982 3408 omnibus
3014 3351 3186 3408 malis
3217 3355 3473 3425 praeteri-

1829 3443 1926 3507 tis,
1960 3441 2368 3514 praesentibus,
2400 3443 2457 3495 et
2486 3437 2719 3506 futuris,
2742 3442 2799 3493 et
2824 3438 3051 3493 custodi
3084 3455 3190 3494 nos
3220 3439 3279 3495 in
3313 3440 3474 3496 omni

1830 3547 2001 3603 opere
2031 3531 2204 3593 bono,
2239 3544 2342 3601 per
2369 3527 2737 3582 liberatorem
2763 3526 3069 3581 Dominum
3092 3531 3359 3585 nostrum
3381 3529 3479 3586 Je-

1834 3636 1965 3676 sum
1999 3617 2298 3673 Christum
2333 3614 2543 3672 Filium
2575 3620 2766 3683 tuum,
2799 3615 2898 3687 qui
2933 3622 3123 3671 tecum
3154 3617 3295 3673 vivit
3319 3623 3376 3675 et
3398 3637 3483 3678 re-

1835 3711 1993 3782 gnat.
2029 3707 2209 3763 Credo
2232 3706 2289 3761 in
2325 3710 2521 3760 Deum.

2179 3810 2511 3850 BENFDICTIO
2548 3810 2835 3849 AMBORUM
2877 3807 3117 3850 PARITER
3126 3836 3138 3849 .

1909 3886 2065 3942 Deus
2094 3884 2316 3939 invicta:
2345 3882 2576 3938 virtutis
2609 3886 2895 3950 auctor,et
2926 3883 3278 3957 insuperalis
3306 3883 3491 3959 impe-

1840 3976 1911 4031 rii
1943 3976 2060 4031 Rex
2089 3979 2196 4029 etc.

2130 4078 2465 4119 BENEDICTIO
2504 4079 2688 4117 MINOR
2728 4079 2884 4117 SALIS
2922 4080 2989 4118 ET
3026 4078 3208 4125 Δοῦλε.

1913 4152 2183 4208 Exorcizo
2214 4155 2269 4206 te
2299 4156 2567 4207 creatura
2597 4149 2739 4205 salis
2770 4166 2873 4221 per
2904 4154 3085 4204 Deum
3129 4151 3344 4218 vivum,
3397 4168 3500 4223 per

1844 4243 2028 4298 Deum
2068 4256 2292 4304 verum,
2329 4257 2431 4311 per
2481 4244 2662 4293 Deum
2713 4244 3003 4307 sanetum,
3038 4255 3138 4310 per
3188 4240 3498 4295 Dominum

1846 4329 1946 4400 qui
1980 4332 2035 4384 te
2068 4345 2170 4400 per
2199 4327 2506 4382 Helisaeum
2534 4330 2644 4382 etc.

2133 4414 2564 4472 BENEDICTIO
2615 4414 2812 4470 SALIS
2852 4415 2944 4470 ET
2981 4414 3213 4480 AQUIE.

2028 4506 2127 4575 (Ex
2161 4522 2269 4559 nis.
2304 4503 2477 4558 Vind.
2510 4502 2596 4557 th.
2629 4504 2755 4567 277,
2785 4519 2915 4557 saec.
2947 4519 3027 4556 XII
3057 4502 3145 4559 vel
3174 4505 3323 4572 xm.)

70 4614 236 4670 aqua:
262 4596 457 4668 hujus
479 4597 805 4649 creaturam
827 4592 1026 4666 gratiae
1054 4598 1166 4649 tuae
1188 4592 1590 4651 benedictione
1611 4612 1741 4650 san-
1774 4616 1818 4679 η
1924 4600 2074 4650 Deus
2107 4594 2164 4648 in
2207 4592 2561 4664 adjutorium
2614 4607 2811 4646 meum
2864 4590 3119 4647 intende.
3153 4593 3395 4649 Domine
3427 4595 3497 4650 ad

66 4686 393 4752 ctifices,et
425 4681 771 4739 necessariis
801 4682 1313 4754 puriﬁcationibus
1340 4683 1521 4739 facias
1545 4683 1739 4738 efﬁca-

67 4792 187 4841 ces,
223 4779 291 4830 ut
319 4771 612 4844 quidquid
646 4770 821 4827 fuerit
861 4768 1087 4842 liquore
1132 4771 1262 4841 ejus
1307 4787 1634 4843 aSpersum,
1669 4772 1742 4827 ab

65 4862 233 4919 omni
267 4858 660 4916 immunditia
690 4858 1005 4931 spirituum
1030 4859 1466 4915 immundorum
1491 4877 1743 4915 vacuum

67 4951 173 5006 fiat
205 4955 269 5007 et
301 4945 749 5004 liberum.Nihil
771 4946 849 5002 ibi
874 4945 1208 5020 pestilentia
1232 4947 1744 5016 morbidum,nihil

68 5039 258 5095 ullius
292 5036 545 5093 terroris
576 5035 1203 5108 sitinquietnm,omne
1222 5035 1341 5092 illic
1364 5037 1743 5103 daemonium,

68 5143 320 5185 omnem
356 5124 757 5181 adversariam
781 5128 1122 5197 potestatem
1148 5142 1250 5196 per
1271 5124 1449 5196 hujus
1471 5130 1746 5181 creaturae

70 5224 187 5274 tuas
221 5214 377 5273 salis
411 5218 469 5269 et
497 5230 661 5286 aqua
690 5214 1089 5286 aspersionem
1140 5213 1469 5287 deprecatio
1518 5218 1629 5269 tuae
1661 5213 1748 5269 in-

68 5303 421 5363 vocationis
450 5302 716 5375 expellat.
749 5302 865 5358 Nec
894 5301 1046 5358 ullas
1077 5302 1157 5358 ibi
1197 5301 1412 5358 diaboli
1460 5302 1754 5359 ministro-

71 5409 346 5466 rumque
378 5391 510 5461 ejus
541 5391 787 5448 insidias
814 5408 1022 5447 nocere
1050 5395 1153 5446 aut
1180 5390 1385 5447 laedere
1424 5392 1751 5463 permittas,

73 5485 179 5539 ubi
213 5482 294 5538 de
326 5485 439 5535 tuo
465 5479 676 5537 auxilio
710 5480 1088 5553 praesumitur
1109 5484 1167 5536 et
1186 5479 1369 5536 virtus
1388 5480 1475 5535 tui
1499 5480 1755 5536 nominis

71 5573 426 5627 invocatur.
458 5568 582 5624 Per.

150 5662 313 5716 Alia.
348 5658 569 5714 Praesta
598 5674 936 5732 quaesumus
968 5648 1218 5714 Domine
1232 5662 1400 5714 tuum
1424 5658 1655 5714 salubre
1680 5675 1759 5713 re-

1851 4683 2247 4755 adjuvanduni
2300 4699 2391 4737 me
2440 4680 2668 4737 festina.
2715 4697 2839 4736 cum
2897 4678 3095 4736 Gloria
3140 4681 3315 4737 Patri.
3349 4681 3504 4739 Kirie

1851 4774 2091 4830 elcison.
2127 4773 2246 4843 Xpe
2276 4771 2348 4827 el.
2403 4770 2558 4826 Kirie
2605 4767 2679 4825 el.
2724 4769 2893 4825 Pater
2945 4773 3160 4825 noster.
3212 4770 3394 4828 Credo
3443 4772 3503 4827 in

1856 4867 2058 4917 Deum.
2094 4846 2156 4915 Et
2194 4862 2405 4916 ieiunia
2450 4860 2698 4931 sequitur
2741 4859 2794 4913 si
2839 4859 2941 4912 vis.
2973 4858 3305 4914 Benedictio
3334 4858 3504 4917 Salis.

1853 4950 2125 5006 Exorciso
2154 4954 2211 5005 te
2240 4953 2507 5003 creatura
2540 4946 2680 5003 salis
2710 4945 2768 5000 in
2803 4944 3039 5002 nomine
3064 4947 3154 5002 Dei
3176 4947 3362 5003 Patris
3384 4964 3507 5004 om-

1857 5038 2261 5111 nipotentis,et
2293 5038 2351 5092 in
2385 5037 2622 5091 caritate
2657 5034 2760 5090 lini
2794 5035 2883 5089 nri
2917 5034 3022 5090 lhu
3057 5035 3187 5110 Xpi,
3219 5040 3275 5092 et
3304 5037 3365 5093 in
3391 5038 3517 5093 vir-

1858 5132 1981 5183 tute
2011 5126 2263 5198 Spiritus
2294 5125 2502 5182 sancti.
2537 5124 2805 5179 Exorcizo
2837 5129 2892 5180 te
2921 5140 3024 5195 per
3061 5129 3244 5182 Deum
3294 5126 3511 5194 vivum,

1860 5234 1964 5289 per
1988 5215 2171 5270 Deum
2200 5212 2530 5284 verum,qui
2564 5216 2617 5268 te
2649 5212 2718 5266 ad
2753 5211 2997 5269 tutelam
3020 5211 3263 5271 humani
3284 5213 3514 5289 generis

1862 5303 2201 5378 procreavit,
2228 5308 2287 5358 et
2335 5300 2549 5375 populo
2592 5300 2842 5357 venienti
2876 5302 2948 5357 ad
2980 5301 3382 5358 credulitatem
3413 5318 3516 5374 per

1863 5410 2059 5449 servos
2092 5408 2230 5447 suos
2261 5390 2588 5446 consecrari
2618 5389 2905 5463 praecepit.
2942 5390 3189 5446 Proinde
3238 5405 3514 5463 rogamus

1866 5487 1920 5537 te
1950 5483 2070 5537 Dne
2103 5486 2255 5536 Deus
2287 5483 2577 5545 noster,ut
2604 5479 2726 5535 haec
2748 5483 3014 5535 creatura
3034 5478 3175 5535 salis
3195 5476 3255 5532 in
3278 5477 3516 5532 nomine

1866 5569 2171 5626 Trinitatis
2200 5568 2486 5624 efficiatur
2515 5567 2770 5623 salutare
2800 5568 3230 5622 sacramentum
3263 5564 3338 5619 ad
3369 5565 3515 5621 etfu-

1867 5658 2126 5731 gandum
2160 5656 2464 5713 inimicum
2502 5673 2516 5711 :
2550 5656 2705 5728 quod
2739 5660 2802 5710 tu
2835 5651 3075 5711 Domine
3097 5649 3516 5735 sanctificando
