3892 6212
43 379 183 444 [053

1235 371 1703 434 BENEDICTIO
1747 370 2203 436 CEREORUM.

3266 372 3421 433 1034

1028 719 1559 807 ΒΕΝΕΟΙΟΊ
1591 718 1717 805 ΙΟ
1777 716 2412 805 CEREORUM

838 918 908 962 ιιι
939 899 1076 961 Νοη
1103 897 1283 960 Febr.
1331 896 1646 979 Ypapanti.
1683 892 1844 977 (207)
1877 893 1979 956 Ad
2003 904 2266 955 sanctam
2301 895 2588 956 Mariam.

1125 1050 1230 1119 (Ex
1259 1048 1386 1105 cod.
1418 1046 1593 1103 Vind.
1625 1044 1801 1102 theol.
1835 1061 1893 1101 n.
1925 1045 2033 1101 685
2061 1061 2195 1101 saec.
2226 1045 2303 1119 κ.)

1524 1234 1895 1246 ——_——

89 1394 327 1451 Domine
359 1395 516 1451 Deus
546 1393 918 1467 omnipotens
947 1397 1172 1449 creator
1220 1391 1348 1448 cceli
1397 1396 1453 1446 et
1496 1393 1661 1445 terrae
1695 1388 1745 1454 Α
1852 1390 1995 1444 Tune
2022 1388 2343 1445 dividantur
2371 1389 2615 1446 candelx
2637 1403 2737 1461 per
2772 1388 3422 1457 singulos,etaccendan-
3466 1434 3471 1441 .

43 1502 114 1539 ex
133 1502 329 1557 regum
352 1483 636 1540 Dominus
659 1480 1325 1545 dominantium,exaudi
1350 1496 1457 1535 nos
1479 1481 1664 1534 famu-

47 1591 105 1628 os
132 1579 264 1628 tuos
292 1572 616 1629 clamantes
665 1576 723 1628 et
751 1577 984 1627 orantes
1015 1570 1084 1626 ad
1116 1575 1192 1625 te.
1227 1571 1535 1625 Precamur
1581 1572 1656 1631 te,

43 1662 252 1717 )omine
283 1666 485 1716 sancte
517 1661 684 1716 Pater
712 1660 1081 1732 omnipotens
1113 1664 1325 1714 aeterne
1357 1662 1526 1724 Deus,
1562 1656 1663 1728 qui

43 1751 209 1805 imnia
255 1766 325 1805 ex
380 1749 562 1804 nihilo
611 1748 842 1815 creasti,
873 1753 931 1804 et
972 1748 1147 1819 jussu
1196 1751 1299 1803 tuo
1348 1762 1450 1819 per
1488 1761 1664 1817 Opera

43 1856 189 1911 lpum
211 1839 369 1894 hunc
406 1836 694 1910 liquorem
739 1837 808 1892 ad
834 1838 1245 1909 perfectionem
1271 1852 1414 1891 cer:e
1436 1834 1663 1889 evenire

43 1928 219 1994 iecisti,
235 1932 291 1983 et
311 1926 413 1999 qui
439 1927 722 1982 hodierna
740 1925 832 1981 die
856 1926 1195 1998 petitionem
1209 1925 1355 1995 justi
1372 1923 1663 1980 Simeonis

44 2017 291 2088 mplesti.
308 2021 367 2071 te
397 2015 699 2071 humiliter
726 2017 1203 2087 deprecamur,ut
1225 2015 1331 2070 has
1353 2012 1664 2079 canfdelas

43 2106 95 2160 1d
122 2122 261 2161 usus
280 2104 613 2170 hominum,
629 2109 685 2158 et
706 2104 1015 2159 sanitatem
1040 2120 1347 2175 corporum
1369 2107 1427 2158 et
1445 2102 1664 2156 anima-

43 2210 149 2248 rum
180 2193 297 2247 sive
327 2192 386 2247 in
420 2198 573 2248 terra
602 2192 721 2249 sive
772 2193 830 2248 in
876 2193 1048 2265 aquis
1095 2209 1199 2265 per
1240 2192 1661 2248 invocationem

43 2282 198 2336 sancti
246 2281 333 2336 tui
384 2281 664 2349 nominis,
692 2286 747 2337 et
778 2298 880 2353 per
932 2280 1411 2337 intercessionem
1451 2286 1664 2335 sanctae

43 2370 206 2425 Mariae
237 2370 541 2439 genitricis
569 2374 704 2437 tuae,
732 2371 901 2443 cujus
933 2370 1103 2425 hodie
1136 2370 1283 2426 festa
1313 2371 1511 2425 devote
1543 2386 1667 2441 per-

43 2458 281 2521 :olimus,
301 2464 360 2513 et
388 2475 494 2530 per
521 2475 719 2531 preces
750 2458 1015 2516 omnium
1054 2460 1402 2516 Sanctorum
1426 2463 1663 2514 tuorum

43 2547 393 2611 aenetdicere
422 2551 481 2603 et
511 2548 878 2603 sanctiﬁcare
909 2547 1189 2619 digneris,
1233 2552 1298 2602 ut
1346 2547 1467 2601 haec
1501 2546 1666 2619 plebs

43 2640 124 2689 tua
141 2635 268 2691 illas
295 2636 354 2691 in
381 2636 658 2691 manibus
678 2635 995 2691 honorifice
1014 2640 1337 2707 portans,te
1354 2636 1665 2695 cantando.

43 2727 191 2793 teque
215 2723 532 2790 laudando,
567 2731 626 2778 tu
661 2725 935 2780 exaudies
983 2740 1151 2779 voces
1202 2724 1379 2792 illius,
1411 2725 1483 2779 de
1526 2723 1668 2780 cmlo

43 2817 219 2867 sancto
249 2818 353 2867 tuo
378 2818 438 2868 et
469 2813 540 2868 de
572 2814 709 2869 sede
736 2811 1061 2885 majestatis
1104 2818 1238 2868 tum.
1267 2813 1560 2884 Propitius
1589 2812 1671 2868 sis

43 2901 291 2956 omnibus
320 2901 720 2957 clamantibus
741 2903 814 2957 ad
834 2906 1068 2974 te,quos
1090 2902 1387 2958 redemisti
1412 2899 1671 2972 precioso

43 2990 311 3063 sanguine
340 2994 464 3051 tuo,
488 2989 589 3062 qui
617 2990 762 3045 vivis
791 2995 849 3044 et
878 3006 1089 3063 regnas
1120 3008 1224 3063 per
1238 2991 1437 3046 omnia
1462 2990 1674 3046 saecula

43 3078 386 3135 saeculorum.
423 3082 627 3133 Amen.
651 3078 930 3134 Dominus
958 3078 1283 3134 vobiscum.
1308 3079 1377 3134 Et
1407 3095 1541 3133 cum
1559 3077 1672 3150 spi-

43 3165 136 3220 ritu
181 3171 303 3222 tuo.
333 3167 588 3222 Sursum
637 3168 831 3222 corda.
876 3167 1284 3223 Habemus'ad
1334 3166 1669 3223 Dominum.

43 3254 245 3311 3ratias
265 3272 520 3329 agamus
546 3255 788 3311 Domino
823 3260 933 3311 Deo
964 3261 1185 3312 nostro.
1213 3256 1457 3330 Dignum
1490 3261 1547 3312 et
1568 3257 1668 3327 ju-

43 3348 174 3398 stum
205 3344 482 3400 est.Vere
503 3343 748 3417 dignum
772 3349 828 3399 et
850 3347 1082 3415 justum
1113 3351 1459 3417 estnequam
1492 3349 1548 3401 et
1570 3362 1673 3401 sa-

51 3433 373 3497 ut-1re.Quia
394 3450 502 3506 per
520 3432 960 3489 semuissimam
978 3450 1044 3490 ac
1060 3433 1524 3506 placidissimam
1540 3433 1674 3490 stel-

50 3537 133 3576 am
158 3521 505 3594 genitricem
547 3525 733 3587 tuam,
757 3524 926 3593 cujus
957 3522 1424 3579 sacratissimum
1459 3540 1672 3579 nomen

43 3626 123 3679 per
148 3609 443 3665 ineffabile
473 3615 530 3665 et
558 3610 947 3666 inenarrabile
978 3611 1252 3666 meritum
1286 3611 1456 3667 stella
1493 3611 1674 3667 maris

52 3699 793 3771 nterpretatur,humanum
816 3716 1002 3771 genus
1037 3699 1368 3756 illuminare
1397 3701 1675 3773 dignatus

43 3801 103 3840 es.
136 3788 240 3849 Pro
272 3787 384 3842 hoc
409 3788 664 3843 maxime
689 3787 902 3860 gaudio
924 3788 1209 3844 hodierna
1228 3788 1320 3843 die
1341 3795 1601 3860 ovantes,
1619 3792 1675 3844 et

43 3891 126 3929 ias
146 3876 420 3932 candelas
440 3876 501 3931 in
529 3876 805 3932 manibus
828 3876 1046 3932 nostris
1068 3877 1472 3933 venerabiliter
1493 3877 1676 3933 feren-

43 3969 187 4029 .es,et
215 3964 556 4020 incessabili
584 3981 724 4020 voce
745 3963 1089 4034 clamantes,
1112 3971 1176 4021 ut
1201 3983 1303 4038 pro
1326 3966 1671 4021 dulcissimo

43 4069 232 4121 tmere,
264 4059 323 4110 et
353 4053 818 4110 clementissima
849 4055 1267 4112 intercessione
1316 4060 1429 4111 tuae
1477 4056 1668 4127 dignae

43 4116 315 4212 genitricis
345 4159 695 4214 semperque
715 4142 972 4214 Virginis
1001 4159 1109 4198 nos
1141 4116 1665 4216 indignos,seduta‘
1697 4116 1743 4186 θ

43 4246 150 4285 nen
180 4231 438 4304 pretioso
468 4231 756 4303 sanguine
785 4236 885 4287 tuo
916 4232 1251 4304 redemptos
1280 4237 1337 4288 te
1366 4235 1581 4295 aeterno
1605 4250 1670 4289 ac

43 4335 148 4375 vero
175 4319 402 4375 lumine
436 4319 617 4375 facias
646 4320 963 4376 clementer
993 4320 1236 4392 perfrui.
1270 4320 1393 4376 Per.

88 4408 351 4464 Oremus.
368 4408 752 4481 Omnipotens
771 4424 895 4464 sem
900 4408 1125 4481 piterne
1140 4409 1419 4481 Dcus,qui
1440 4409 1670 4466 hodier-

43 4512 93 4549 ia
116 4497 204 4552 die
237 4496 621 4569 Unigenitum
652 4500 823 4552 tuum
869 4495 1029 4552 ulnis
1059 4496 1245 4553 sancti
1270 4498 1577 4570 Symeonis
1607 4498 1668 4554 in

44 4585 231 4656 emplo
258 4590 360 4640 tuo
394 4590 595 4641 sancto
627 4584 1070 4657 suscipiendum
1105 4587 1467 4657 praesentasti
1505 4593 1667 4643 tuam

43 4672 305 4745 Lupplices
338 4673 723 4745 deprecamur
754 4673 1146 4741 clementiam,
1183 4684 1245 4729 ut
1295 4674 1402 4729 hos
1450 4692 1665 4747 cereos,

43 4778 159 4831 [uos
184 4779 291 4817 nos
320 4761 406 4817 tui
425 4761 628 4817 famuli
651 4761 735 4816 tui
765 4761 824 4816 in
848 4762 1104 4818 nominis
1125 4762 1558 4836 magniﬁcentia
1576 4783 1670 4821 su-

43 4848 325 4920 icipientes
348 4855 578 4924 gestare
601 4850 874 4922 cupimus
899 4850 1277 4915 benefdicere
1301 4856 1356 4907 et
1377 4854 1669 4918 sanctifﬁ-

43 4952 143 4991 tare
167 4944 346 5010 atque
368 4936 594 4993 lumine
624 4955 889 5010 supernae
911 4939 1332 4996 benedictionis
1355 4943 1667 5003 ascendere

43 5021 270 5097 ligneris
290 5044 303 5080 :
324 5026 605 5097 quatinus
636 5043 735 5081 eos
766 5027 870 5081 tibi
905 5027 1028 5082 Dno
1057 5033 1165 5084 Deo
1190 5034 1390 5085 nostro
1421 5031 1663 5085 otl‘eren-

43 5110 107 5166 lo.
139 5113 323 5185 digni,
359 5118 419 5169 et
447 5118 646 5169 sancto
677 5114 810 5187 igne
841 5120 953 5170 tuae
998 5116 1353 5173 dulcissimae
1403 5118 1665 5173 caritatis

49 5201 278 5256 uccensi
311 5201 372 5257 in
408 5195 622 5275 templo
653 5208 854 5258 sancto
878 5203 1072 5277 gloriae
1106 5211 1217 5261 tuae
1263 5206 1663 5279 repraesentari

43 5289 368 5347 nereamur.
401 5291 526 5347 Per.

44 5499 53 5509 .
84 5430 370 5509 (2071195.
407 5433 660 5509 Belctho,
694 5434 795 5509 qui
837 5434 977 5509 vixit
1004 5453 1134 5509 saec.
1179 5455 1297 5509 xu,
1316 5436 1375 5492 in
1407 5437 1661 5508 explica-

43 5503 166 5556 ione
196 5503 530 5559 divinorum
562 5503 858 5560 ol’ticfHaec
889 5506 1198 5563 celebritas
1227 5508 1402 5564 etiam
1454 5503 1663 5566 Cande-

43 5573 156 5626 aria
175 5573 335 5649 dicta
350 5581 715 5649 memoratur
733 5576 807 5649 ab
828 5577 1248 5649 antiquissima
1269 5580 1664 5635 Romanorum

44 5645 441 5701 :onsuetudine
472 5646 530 5701 in
564 5646 847 5719 principio
872 5645 1168 5705 Februarii
1190 5650 1666 5708 urbemlustran-

1692 5476 1742 5544 D

1773 1487 1887 1543 tur,
1917 1479 2291 1550 stantibusque
2320 1479 2571 1533 omnibus
2601 1479 2661 1532 in
2685 1478 2866 1533 eodem
2896 1478 3009 1532 loco
3036 1484 3292 1532 cantatur
3309 1478 3427 1534 Ιιττσ

1774 1569 2137 1639 anthiphona.

1844 1658 1967 1712 Ant.
2000 1659 2115 1713 Ave
2145 1657 2332 1728 gratia
2367 1656 2537 1728 plena
2594 1656 2690 1710 Dei
2742 1654 2991 1728 genitrix
3039 1654 3220 1728 virgo,
3255 1672 3323 1710 ex
3372 1659 3427 1710 te

1773 1747 1930 1802 enim
1962 1752 2126 1802 ortus
2152 1752 2240 1802 est
2271 1745 2367 1801 Sol
2391 1745 2666 1816 justiciaz,
2701 1743 3042 1800 illuminans
3075 1761 3200 1816 quae
3229 1744 3288 1799 iu
3336 1748 3426 1799 te-

1775 1835 1972 1891 nebris
2001 1840 2158 1891 sunt.
2179 1835 2397 1890 Laetare
2428 1839 2485 1890 et
2515 1839 2577 1889 tu
2609 1833 3338 1906 seniorjuste,suscipiens
3366 1833 3427 1889 in

1776 1924 1944 1979 ulnas
1976 1924 2343 1979 liberatorem
2378 1923 2709 1978 animarum
2740 1923 3422 1991 nostrarum,donantcm

1779 2009 1948 2067 nobis
1978 2012 2485 2069 resurrectionem.

1847 2102 2048 2157 Oratio.
2084 2101 2300 2156 Exaudi
2335 2116 2675 2172 quaesumus
2708 2103 2826 2153 Dne
2875 2098 3102 2170 plebem
3152 2103 3337 2164 tuam,
3372 2103 3429 2153 et

1775 2208 1905 2263 quae
1935 2190 2298 2252 extrinsecus
2329 2206 2528 2244 annua
2568 2188 2781 2243 tribuis
2808 2187 3111 2243 devotione
3139 2187 3423 2254 venerari,

1776 2280 2023 2335 interius
2055 2278 2289 2350 assequi
2319 2277 2518 2351 gratiae
2549 2282 2658 2332 tuae
2688 2277 2817 2332 luce
2847 2277 3120 2332 concede.
3154 2277 3279 2332 Per.

1853 2371 1986 2425 Tum
2035 2370 2283 2440 primum
2332 2375 2589 2423 exeuntes
2638 2366 2765 2421 inde
2807 2366 3102 2437 procedant
3149 2382 3319 2437 usque
3349 2367 3428 2422 ad

1775 2475 1990 2514 erucem
2018 2457 2288 2512 cantando
2316 2457 2436 2510 Ant.
2458 2456 2827 2525 Responsum
2871 2454 3095 2525 accepit
3115 2453 3363 2525 Symeon
3397 2470 3431 2509 a

1778 2548 1997 2618 Spiritu
2027 2551 2248 2601 sancto.
2273 2546 2398 2600 Non
2429 2545 2694 2598 visurum
2720 2560 2780 2598 se
2804 2547 3049 2597 mortem
3076 2542 3189 2596 nisi
3211 2542 3432 2598 videret

1779 2636 2077 2691 Christum
2110 2635 2447 2690 Dominum.
2474 2633 2543 2687 Et
2574 2649 2704 2687 cum
2731 2632 3077 2686 inducerent
3099 2647 3345 2702 puerum
3370 2630 3431 2685 in

1700 2754 1749 2821 B
1779 2725 2086 2797 templum,
2122 2723 2342 2794 accepit
2371 2739 2505 2778 eum
2542 2721 2599 2775 in
2635 2719 2804 2776 ulnas
2844 2737 2984 2775 suas
3031 2724 3089 2774 et
3139 2720 3433 2775 benedixit

1781 2814 2050 2879 Deum,et
2071 2813 2213 2867 dixit
2240 2829 2251 2868 :
2278 2812 2442 2866 Nunc
2464 2807 2715 2865 dimittis
2740 2809 2979 2864 Domine
3002 2825 3232 2863 servum
3261 2812 3430 2863 tuum

1782 2903 1838 2957 in
1873 2918 2033 2975 pace.
2058 2900 2362 2957 Versiculi.

1853 2991 1955 3057 Qui
1990 2991 2117 3046 sine
2148 2995 2383 3062 peccato
2412 2986 2616 3060 templi
2641 2990 2730 3040 est
2758 2985 2992 3042 oblatus
3023 2986 3094 3041 ad
3119 3002 3301 3041 aram.

1852 3082 1895 3135 A
1928 3080 2097 3135 nobis
2126 3078 2383 3135 clemens
2413 3076 2659 3132 crimina
2688 3092 2932 3147 quaeque
2965 3074 3181 3129 demat.

1850 3169 2012 3233 Quod
2032 3168 2249 3223 chorus
2270 3172 2466 3221 vatum
2499 3164 2866 3221 venerandus
2894 3162 3035 3218 olim
3053 3162 3273 3234 Spiritu
3296 3179 3431 3217 san-

1782 3262 1872 3311 cto
1903 3257 2113 3313 cecinit
2142 3254 2482 3328 regletus,in
2518 3254 2612 3308 Dei
2648 3255 2866 3308 factum
2899 3251 3177 3325 genitrice
3206 3256 3436 3306 constat

1784 3363 1913 3402 esse
1942 3345 2144 3401 Maria.
2178 3344 2285 3412 Qui
2319 3344 2447 3400 sine
2479 3346 2735 3415 peccato.

1853 3435 1983 3490 Haec
2015 3439 2193 3490 Deum
2226 3432 2352 3488 cceli
2391 3431 2818 3503 Dominamque
2871 3433 3036 3484 terrae
3085 3429 3246 3502 virgo
3290 3446 3433 3484 con-

1782 3523 1954 3599 cepit,
1988 3522 2330 3595 peperitque
2359 3521 2539 3592 virgo,
2572 3525 2747 3591 atque
2778 3523 2911 3592 post
2940 3512 3172 3590 partum
3217 3516 3436 3573 meruit

1782 3628 2020 3667 manere
2050 3609 2346 3666 inviolata.
2379 3608 2488 3673 Qui
2521 3607 2668 3663 sine.

1852 3702 2032 3765 Quem
2068 3716 2242 3755 senex
2282 3699 2486 3769 justus
2536 3698 2785 3769 Symeon
2833 3696 2893 3751 in
2945 3694 3101 3750 ulnis
3152 3695 3212 3751 in
3260 3695 3434 3750 domo

1783 3790 2039 3862 sumpsit
2067 3788 2297 3844 Domini
2327 3786 2578 3859 gavisus.
2607 3785 2690 3841 Ob
2710 3785 2865 3857 quod
2900 3788 3166 3856 optatum
3200 3784 3433 3857 proprio

1780 3879 2003 3934 videret
2031 3877 2253 3933 lumine
2283 3875 2601 3931 Christum.
2634 3874 2760 3938 Qui.

1852 3969 1941 4023 Tu
1971 3967 2159 4022 libens
2186 3966 2356 4030 votis,
2393 3964 2650 4037 petimus
2690 3963 3002 4035 precantis,
3034 3963 3187 4035 regis
3236 3962 3435 4018 aeterni

1782 4055 2052 4129 genitrix,
2085 4056 2289 4121 faveto,
2336 4053 2496 4109 clara
2544 4070 2673 4125 qua:
2722 4050 2862 4108 celsi
2915 4052 3173 4107 retinens
3220 4051 3430 4123 Olimpi

1787 4162 1966 4218 regna
1996 4144 2215 4216 petisti.
2249 4143 2378 4208 Qui.

1853 4236 1943 4290 Sit
1962 4235 2076 4289 Deo
2107 4237 2307 4289 nostro
2332 4232 2510 4287 decus
2534 4235 2591 4285 et
2615 4235 2893 4303 potestas.
2917 4229 3003 4285 Sit
3024 4228 3183 4283 salus
3204 4244 3432 4299 perpes,

1780 4323 1860 4378 sit
1888 4323 2077 4378 honor
2106 4320 2397 4393 perennis.
2418 4320 2522 4383 Qui
2552 4318 2669 4395 poli
2702 4334 2935 4374 summa
2965 4317 3182 4373 residet
3211 4315 3269 4370 in
3303 4333 3434 4370 arce

1780 4410 1967 4466 tribus
1998 4414 2056 4465 et
2085 4426 2260 4465 unus.
2294 4408 2423 4473 Qui.

1850 4499 2058 4555 Oratio.
2120 4496 2399 4552 lllumina
2461 4495 2707 4550 Domine
2766 4509 3107 4566 quaesumus
3152 4491 3433 4563 pepulum

1777 4593 1969 4655 tuum,
1995 4591 2052 4643 et
2081 4586 2390 4657 splendore
2421 4582 2617 4657 gloriae
2653 4587 2763 4637 tua:
2793 4598 2893 4637 cor
2922 4582 3050 4653 ejus
3081 4595 3315 4651 semper
3343 4596 3434 4634 ac-

1778 4678 2048 4743 cende,ut
2082 4676 2439 4731 Salvatorem
2464 4676 2727 4739 suum,et
2748 4672 3112 4726 incessanter
3133 4672 3430 4740 agnoscat,

1778 4771 1834 4822 et
1863 4764 2141 4821 veraciter
2170 4762 2589 4834 apprehendat.
2628 4761 2736 4816 Per
2762 4759 3035 4815 eundem.

1853 4857 1997 4910 Tunc
2023 4852 2363 4926 procedentes
2392 4850 2518 4905 inde
2548 4850 2769 4904 veniant
2798 4846 2867 4902 ad
2892 4847 3069 4902 altare
3095 4853 3301 4902 saneta:
3321 4845 3434 4901 Ma-

1776 4944 1881 4999 riw
1908 4941 2168 4997 canendo.
2204 4945 2338 4995 Αηε.
2370 4939 2602 4993 Adorna
2632 4936 2957 4992 thalamum
2990 4939 3158 4990 tuum
3187 4934 3346 4998 Sion,
3379 4940 3438 4991 et

1776 5031 2009 5102 suscipe
2041 5046 2235 5101 regem
2268 5027 2588 5082 Christum.
2622 5025 2987 5097 Amplectere
3020 5024 3433 5096 Mariamque:

1774 5126 1864 5176 est
1894 5119 2145 5175 ccelestis
2176 5121 2360 5189 porta.
2388 5121 2521 5187 Ipsa
2545 5115 2703 5170 enim
2742 5118 2936 5187 portat
2966 5130 3160 5186 regem
3212 5112 3429 5186 gloriae.

1774 5210 1912 5264 Novi
1972 5205 2214 5262 luminis
2264 5201 2537 5259 subsistit
2583 5203 2767 5277 virgo,
2802 5203 3101 5259 adducens
3157 5201 3433 5257 manibus

1774 5296 1960 5353 filium
1993 5298 2127 5351 ante
2158 5292 2485 5349 luciferum.
2521 5293 2703 5358 Quem
2736 5291 3030 5366 accipiens
3069 5292 3319 5365 Symeon
3371 5287 3429 5341 in

1773 5440 1854 5503 di,
1887 5455 2016 5493 eam
2048 5435 2466 5492 circumeundo
2499 5452 2603 5491 seu
2637 5435 2945 5492 ambiendo
2990 5450 3123 5489 cum
3172 5428 3431 5503 candelis

1775 5501 2117 5566 ardentibus
2147 5508 2204 5561 in
2240 5506 2535 5576 manibus,
2558 5508 2712 5563 unde
2742 5508 2920 5562 etiam
2953 5501 3285 5559 Amburbate
3329 5515 3427 5552 vo-

1774 5585 1971 5637 catum
2006 5580 2243 5635 festum.
