3892 6212
448 341 605 409 1055

1227 346 1568 409 APPEND.
1612 345 1715 408 AD
1759 346 1947 409 SEC.
1992 345 2070 407 X.
2105 378 2181 390 —
2210 345 2714 413 MUNUMEN'I‘A
2755 349 3067 414 LITURG.
3675 356 3765 416 10543

443 481 616 538 ulnas
645 498 784 538 suas
817 477 1148 553 praedicavit
1178 479 1409 552 populis
1445 480 1755 537 Dominum
1786 497 1923 537 eum
1964 495 2090 537 esse
2119 479 2176 548 Α
2205 485 2263 538 et
2288 479 2395 540 has
2425 481 2698 541 candelas
2730 486 2830 540 tua
2863 482 3310 549 beneidictione
3365 482 3656 556 perfunde;
3681 504 3768 560 qua-

441 573 570 627 vita:
601 576 659 627 et
691 569 915 635 mortis,
946 574 1003 624 et
1051 569 1405 624 Salvatorem
1439 569 1663 624 mundi.
1700 570 1902 625 Oratio.
1955 569 2089 624 Ore-

444 677 596 716 mus.
615 661 698 715 Da
718 675 1060 731 quaesumus
1079 657 1289 728 populo
1303 663 1401 713 tuo
1417 659 1659 713 Domine
1682 657 2093 714 inviolabiliter

443 750 576 806 ﬁdei
607 749 946 803 ﬁrmitatem
978 751 1043 801 ut
1072 747 1169 817 qui
1206 747 1575 817 unigenitum
1603 753 1771 802 tuum
1797 748 1853 801 in
1887 751 1988 802 tua
2007 751 2087 802 te-

441 856 575 896 cum
603 837 789 910 gloria
810 837 1231 908 sempiternum
1261 835 1318 889 in
1351 836 1591 890 veritate
1622 836 1805 890 nostri
1831 835 2088 908 corporis

442 932 645 984 natum
677 927 748 982 de
780 930 964 980 matre
994 925 1216 994 virgine
1239 925 1670 979 conﬁtentur.et
1701 925 2087 996 praesentibus

440 1016 759 1071 liberentur
787 1013 1129 1079 adversis,et
1160 1013 1456 1068 mansuris
1478 1013 1708 1085 gaudiis
1733 1013 2084 1068 inserantur.

438 1105 814 1174 Peerleque
843 1104 1138 1172 incipiente
1168 1111 1386 1156 cantare
1417 1102 1539 1156 Ant.
1564 1101 1710 1156 Cum
1746 1103 2087 1157 inducerent

435 1209 704 1265 puerum.
744 1198 830 1246 Ps.
864 1189 1230 1244 Benedictus.
1266 1191 1531 1245 Oremus.
1567 1190 1779 1245 Perﬁce
1807 1189 1865 1244 in
1917 1191 2085 1245 nobis

436 1297 773 1353 quaesumus
807 1279 1048 1353 Domine
1079 1278 1330 1349 gratiam
1360 1277 1656 1348 tuam,qui
1683 1278 1829 1347 justi
1855 1279 2086 1350 Symeo-

432 1350 526 1432 riis
557 1350 1044 1440 exspectationem
1090 1366 1363 1437 implesti,
1397 1372 1462 1420 ut
1491 1367 1645 1421 sicut
1690 1365 1786 1422 ille
1837 1371 2083 1422 mortem

435 1477 550 1515 non
600 1459 743 1513 vidit
797 1459 1140 1527 priusquam
1192 1455 1489 1510 Christum
1540 1455 1850 1510 Dominum
1892 1456 2086 1512 videre

434 1553 776 1611 mereretur,
806 1547 885 1600 ita
915 1551 970 1600 et
1002 1561 1107 1600 nos
1137 1545 1315 1598 vitam
1366 1543 1734 1599 obtineamus
1783 1550 2078 1600 aeternam.

434 1638 541 1693 Per
570 1637 822 1692 eundem
855 1636 1024 1702 (208).

719 1743 822 1810 (Ex
851 1741 1029 1796 codice
1062 1740 1342 1807 Rhenaug.
1374 1754 1500 1794 saec.
1532 1755 1609 1802 xu,
1643 1739 1800 1805 circ.)

433 1834 549 1888 Ave
597 1831 804 1904 gratia.

1111 1900 1358 1955 Oremus
1390 1915 1403 1952 :

449 2013 460 2022 '
503 1990 843 2062 Erudi(209)
871 2004 1212 2060 quaesumus
1256 1986 1496 2042 Domine
1535 1985 1761 2057 plebem
1793 1989 1991 2053 tuam;
2026 1990 2082 2042 et

431 2098 556 2153 quae
587 2080 950 2136 extrinsecus
983 2093 1180 2132 annua
1208 2074 1422 2130 tribuis
1451 2075 1750 2130 devotione
1797 2075 2078 2143 venerari,

430 2169 784 2226 intrinsecus
815 2166 1049 2238 assequi
1079 2164 1277 2237 gratias
1307 2168 1419 2218 tuas
1449 2163 1639 2219 lucem
1671 2163 1941 2231 concede.
1974 2163 2082 2218 Per

430 2259 582 2314 Dnm
614 2262 902 2314 nostrum.

500 2348 746 2404 Domine
766 2347 919 2401 Deus
950 2347 1176 2400 creator
1203 2341 1330 2398 casti
1363 2344 1419 2396 et
1441 2345 1627 2407 terrae,
1662 2359 1759 2398 rex
1788 2358 1991 2414 regum
2022 2345 2080 2398 et

428 2437 712 2492 Dominus
759 2432 1216 2499 dominantium,
1249 2429 1459 2485 exaudi
1509 2430 1781 2503 indignos
1827 2430 2080 2487 famulos

427 2530 582 2594 tuos,
614 2525 935 2580 clamantes
969 2525 1024 2576 et
1054 2524 1288 2574 orantes
1319 2519 1391 2575 ad
1423 2523 1479 2573 te
1508 2535 1520 2573 :
1557 2535 1865 2590 precamur
1894 2525 2002 2575 etc.

499 2619 650 2670 Deus
675 2613 839 2667 Pater
863 2609 1251 2680 omnipotens,
1275 2607 1473 2662 lumen
1508 2607 2074 2674 indeﬁciens,oondi-

425 2707 518 2760 tor
539 2697 1146 2758 omniumluminuml
1174 2695 1383 2752 exaudi
1407 2713 1532 2760 nos,
1548 2700 1606 2751 et
1643 2697 1927 2760 bene’rdic
1967 2697 2074 2753 hoc

425 2790 808 2863 lumen.quod
823 2792 928 2844 ate
948 2785 1301 2842 sanctiﬁcari
1328 2790 1502 2857 atque
1524 2784 1787 2840 benedici
1803 2791 2074 2858 rogantes

428 2881 830 2945 olferimus,ut
860 2876 1250 2932 accendamur
1280 2878 1336 2928 et
1367 2872 1771 2930 illuminemur
1801 2875 1933 2947 igne
1964 2874 2076 2930 cla-

422 2969 614 3025 ritatis
663 2975 803 3035 tuae;
838 2971 894 3022 et
940 2964 1092 3020 sicut
1136 2963 1269 3036 igne
1317 2961 1663 3018 illuminasti
1703 2963 1961 3036 Moysen,
1990 2963 2073 3019 ita

422 3073 764 3130 quaesumus
795 3059 858 3110 ut
887 3051 1183 3108 illumines
1213 3051 1408 3123 corda,
1425 3055 1481 3106 et
1507 3068 1716 3107 sensus
1750 3057 2073 3119 nostros,et

421 3145 652 3202 mittere
682 3142 942 3216 digneris
971 3145 1240 3197 sanctum
1271 3139 1546 3212 angelum
1577 3145 1746 3196 tuum
1771 3141 2071 3213 Raphahe-

918 1835 968 1893 ᾗ.
1001 1827 1380 1913 Suscepimus
1429 1831 1539 1882 etc.
1594 1831 1710 1881 Dns
1756 1826 2077 1882 vobiscum.
2113 1849 2160 1913 B

2200 574 2372 627 tenus
2398 572 2583 627 fidelis
2615 572 2866 644 populus
2896 589 2996 628 eas
3044 572 3101 626 in
3134 573 3430 629 manibus
3478 580 3683 645 portans
3707 594 3770 631 no:
3820 575 3821 654 ι

2200 659 2392 716 solum
2419 660 2685 715 exteriori
2708 659 2930 715 lumine
2951 660 3220 732 gaudeat,
3260 661 3372 716 sed
3403 663 3626 718 cecitate
3651 667 3774 720 cordis
3820 659 3821 692 ξ

2199 747 2446 819 repulsa,
2465 749 2548 803 sic
2569 748 2951 820 lumen,quod
2974 749 3031 803 in
3051 749 3316 805 tenebris
3342 748 3515 814 lucet,
3531 753 3776 823 apprehen-

2197 837 2297 891 dat
2331 853 2342 890 :
2381 841 2444 891 ut
2476 852 2847 908 nequaquam
2882 853 2915 890 a
2945 835 3036 891 via
3064 836 3337 892 veritatis
3367 837 3603 894 aberret.
3625 857 3668 910 p.
3688 845 3774 896 Dn
3809 833 3813 844 ’

2197 923 2237 978 l.
2269 924 2371 980 Ch.
2407 926 2468 980 F.
2495 929 2538 979 t.
2573 942 2629 996 q.
2665 929 2774 980 tec.
2807 941 2859 979 v.
2894 929 2951 980 et
2983 942 3027 979 r.
3063 925 3118 980 in
3152 944 3209 980 u.
3243 929 3349 997 Sp.
3387 926 3446 981 S.
3486 931 3544 980 D.
3583 945 3668 999 per
3702 947 3776 983 om.

2197 1030 2278 1068 sc.
2311 1015 2517 1068 Amen.

2265 1102 2551 1157 Dominus
2581 1101 2882 1157 vobiscum
2913 1105 3022 1158 etc.
3101 1104 3362 1159 Sursum
3407 1104 3574 1160 corda
3597 1110 3684 1160 etc.

2337 1190 2570 1245 Gratias
2601 1206 2848 1262 agamus
2873 1195 2994 1246 Dno
3025 1195 3134 1246 etc.

2299 1279 2444 1334 Vere
2474 1280 2719 1349 dignum
2749 1284 2858 1334 etc.
2937 1284 3146 1335 aeterne
3179 1285 3362 1336 Deus.

2266 1367 2434 1422 Fons.
2469 1371 2524 1422 et
2548 1367 2709 1440 origo
2741 1366 2919 1423 totius
2951 1367 3118 1434 lucis,
3153 1369 3259 1442 qui
3295 1371 3582 1425 mundum
3623 1370 3778 1425 illumi-

2193 1455 2344 1512 nasti
2377 1455 2598 1511 lumine
2629 1461 2740 1511 tuae
2767 1454 3069 1522 claritatis,
3107 1458 3404 1513 mittendo
3452 1459 3608 1514 nobis
3637 1461 3775 1531 unige-

2193 1543 2380 1600 nitum
2411 1549 2581 1600 tuum
2613 1562 2715 1617 per
2772 1549 3006 1601 uterum
3067 1547 3439 1601 intemeratae
3478 1547 3779 1619 Virginis;et

2192 1649 2366 1703 quem
2399 1633 2568 1706 longe
2599 1639 2732 1689 ante
2765 1633 3086 1705 promisisti
3118 1634 3548 1706 Prophetarum
3576 1635 3774 1699 oraculis,

2191 1723 2555 1794 temporibus
2577 1721 2912 1778 novissimis
2937 1722 3130 1794 ipsum
3150 1723 3380 1780 misisti
3404 1723 3776 1795 lucem,populis

2193 1812 2532 1867 sedentibus
2563 1811 2623 1866 in
2656 1811 3006 1876 tenebris,in
3039 1810 3280 1882 regione
3315 1813 3534 1868 umbra:
3564 1813 3772 1868 mortisin

2193 1900 2320 1972 ipso
2342 1899 2577 1955 claritas
2600 1905 2798 1955 exorta
2820 1904 2910 1956 ect
2924 1901 3010 1956 eis
3033 1917 3046 1954 :
3069 1901 3154 1955 Tu
3189 1917 3435 1973 quoque
3456 1901 3774 1957 benedictione

2187 1993 2292 2045 tua
2311 1988 2567 2061 digneris
2598 1987 2974 2054 beneidicere
3004 1988 3112 2043 has
3143 1989 3430 2044 candelas
3476 1989 3674 2046 Nomini
3708 1994 3770 2044 tuo

2189 2084 2570 2150 praeparatas;
2595 2078 2694 2149 qui
2719 2094 2822 2132 nos
2849 2076 3206 2133 transtulisti
3228 2095 3266 2132 a
3284 2081 3567 2150 potestate
3586 2079 3773 2134 tenebu-

2187 2185 2319 2223 rum
2350 2167 2408 2223 in
2443 2165 2653 2231 lucem,
2687 2171 2744 2221 et
2773 2182 3018 2238 regnum
3049 2165 3244 2221 dilecti
3282 2165 3394 2221 ﬁlii
3427 2167 3630 2239 tui,per
3651 2183 3767 2238 quem

2185 2261 2450 2312 exortum
2481 2259 2570 2312 est
2600 2256 2658 2310 in
2683 2255 2938 2310 tenebris
2965 2254 3162 2309 lumen
3188 2255 3374 2310 rectis
3403 2256 3566 2310 corde
3605 2260 3651 2309 et
3675 2271 3767 2326 gau-

2186 2345 2352 2401 dium
2373 2344 2580 2401 salutis
2603 2349 2848 2399 aeternae.
2865 2345 2935 2399 Et
2957 2343 3057 2414 qui
3073 2345 3315 2415 justum
3335 2344 3644 2399 Simeonem
3667 2341 3766 2396 ﬁdeli

2186 2433 2420 2507 replesti
2442 2433 2889 2505 exspectatione,
2911 2436 2976 2488 ut
3001 2449 3116 2488 non
3142 2433 3314 2504 prius
3337 2434 3551 2488 videret
3570 2436 3765 2488 mortem.

2184 2528 2499 2595 antequam
2519 2522 2818 2577 Christum
2842 2521 3072 2577 Domini
3093 2521 3323 2577 videret
3342 2522 3598 2576 indutum
3617 2535 3765 2576 carne:

2183 2612 2366 2668 totius
2391 2611 2597 2667 mundi
2613 2609 2812 2666 lumen
2834 2614 2892 2666 et
2912 2609 3198 2678 salutem;
3220 2610 3353 2682 ipse
3366 2628 3471 2666 nos
3491 2609 3677 2664 lumine
3693 2613 3764 2661 tua.

2182 2699 2462 2758 claritatis
2485 2699 2570 2756 sic
2601 2698 2845 2772 repleas,
2860 2703 2926 2753 ut
2954 2715 3158 2754 omnes
3189 2699 3552 2755 inﬁdelitatis
3567 2697 3762 2752 tenebras

2183 2808 2217 2846 a
2247 2790 2415 2846 nobis
2446 2787 2732 2861 repellas;
2763 2793 2822 2844 et
2851 2787 3003 2843 sicut
3022 2787 3196 2843 hodie
3223 2805 3461 2845 servum
3482 2793 3624 2842 tuum
3642 2785 3759 2840 dimi«

2180 2875 2312 2933 sisti
2343 2875 2402 2930 in
2435 2891 2598 2948 pace,
2634 2874 2716 2931 ita
2745 2891 2852 2930 nos
2885 2875 2942 2930 in
2975 2891 3115 2947 pace
3143 2880 3262 2930 tuas
3316 2881 3522 2931 sancte
3566 2871 3758 2928 Ecclesia

2179 2965 2436 3039 digneris
2467 2965 2798 3037 gubernare
2831 2980 2845 3018 :
2880 2968 2944 3020 ut
2974 2969 3209 3036 portum
3245 2965 3466 3037 quietis
3491 2968 3676 3019 eterna
3695 2978 3753 3014 va-

2177 3053 2404 3110 leamus
2436 3054 2673 3119 intrare,
2707 3057 3000 3126 quatenus
3031 3054 3211 3109 radiis
3244 3060 3315 3110 nt
3346 3054 3489 3124 (210)
3517 3051 3641 3108 lucis
3669 3066 3753 3122 per

2177 3143 2292 3198 fusi
2321 3142 2399 3198 ibi
2432 3143 2491 3198 in
2524 3142 2617 3198 die
2639 3142 2788 3213 justi
2830 3142 3128 3199 Examinis
3175 3143 3296 3199 laeti
3347 3160 3477 3198 cum
3517 3140 3750 3215 ymnidicis

421 3234 536 3292 lem
573 3252 587 3290 ;
627 3241 689 3289 ut
717 3214 819 3305 qui
849 3229 1060 3287 evulsit
1088 3234 1146 3285 et
1175 3228 1390 3301 repulit
1434 3246 1468 3283 a
1497 3228 1640 3284 Sara
1667 3233 1724 3284 et
1751 3230 1934 3285 Tobia
1955 3231 2066 3285 dae-
2100 3214 2142 3281 C
2176 3231 2531 3304 Angelorum
2564 3230 2758 3286 choris
2787 3229 3089 3286 valeamus
3107 3232 3310 3288 videre
3331 3214 3532 3288 faciem
3548 3224 3752 3285 indefessi

420 3341 654 3380 monem
689 3321 1051 3378 mortiferum
1082 3318 1478 3384 infestantem,
1509 3321 1770 3374 conterat
1799 3318 1988 3383 illum,
2013 3321 2070 3373 et

419 3413 720 3484 disperdat
748 3412 820 3466 de
847 3408 1072 3466 cunctis
1102 3407 1566 3463 habitationibus
1597 3405 1912 3462 colentium
1955 3407 2066 3463 Do-

418 3503 668 3567 minum,
701 3501 772 3555 de
805 3496 1084 3562 basilicis,
1117 3497 1188 3552 de
1219 3495 1516 3560 domibus,
1539 3497 1610 3550 de
1631 3496 1969 3568 angulis,de
1991 3496 2067 3552 le-

417 3591 610 3654 ctulis,
643 3591 714 3644 de
747 3587 1085 3650 refectoriis,
1117 3587 1189 3640 de
1223 3583 1508 3640 universis
1540 3584 1682 3640 locis
1715 3585 1774 3639 in
1819 3587 2064 3657 quibus-

417 3695 648 3750 cunque
697 3676 1049 3732 lamulantes
1108 3673 1351 3728 Domino
1399 3672 1684 3742 habitant,
1717 3679 1774 3728 et
1805 3675 2064 3746 requies-

416 3771 576 3831 cunt,
612 3765 935 3828 dormiunt,
950 3760 1550 3834 vigilant,ambulant,
1573 3762 1932 3830 consistunt;
1960 3781 2064 3820 nec

417 3853 670 3925 amplius
728 3851 914 3907 valeat
964 3850 1307 3922 inquietare,
1341 3849 1427 3904 vel
1478 3866 1718 3920 pavores
1766 3850 2063 3909 inmittere

417 3958 594 4013 super
623 3938 774 4006 illos,
804 3955 952 4010 quos
981 3937 1168 3993 sancti
1200 3936 1494 3993 orismatis
1546 3937 1632 3993 tui
1683 3939 1880 3996 unctio
1925 3927 2062 3996 fecit

416 4044 546 4085 esse
578 4026 861 4082 munitos.

486 4115 808 4181 Benetdico
838 4119 894 4170 te
926 4129 1057 4169 cera
1087 4113 1146 4168 in
1179 4111 1414 4168 nomine
1460 4116 1672 4168 sanctae
1713 4115 2014 4173 Trinitatis
2044 4135 2056 4172 :

414 4209 479 4260 ut
511 4205 592 4260 sis
620 4203 1024 4260 exterminatio
1054 4200 1365 4266 diaboli,et
1394 4202 1656 4258 omnium
1681 4205 2063 4262 contuberna-

412 4294 554 4350 lium
579 4294 725 4365 ejus.
759 4293 867 4348 Per
894 4308 1050 4356 eum,
1084 4290 1185 4362 qui
1215 4289 1352 4344 vivit
1403 4294 1459 4345 et
1509 4295 1713 4363 regnat
1762 4297 1913 4348 Deus
1960 4311 2062 4366 per

413 4382 612 4438 omnia
641 4379 839 4437 secula
869 4378 1224 4437 seculorum.
1257 4380 1462 4434 Amen.

2177 3320 2338 3378 solis.
2373 3321 2481 3377 Per
2509 3320 2782 3376 eundem.
2804 3323 2865 3374 D.
2901 3336 2960 3376 n.
2991 3320 3045 3375 J.
3078 3319 3183 3375 Ch.
3213 3321 3282 3375 F.
3319 3326 3361 3376 t.
3393 3338 3449 3392 q.
3481 3324 3519 3375 t.
3546 3322 3747 3385 metreg.

2176 3411 2235 3465 in
2272 3409 2420 3464 unit.
2452 3410 2550 3481 Sp.
2585 3414 2640 3464 S.
2681 3413 2741 3463 D.
2774 3425 2878 3481 per
2904 3425 2957 3464 ο.
2992 3407 3148 3464 secla
3179 3409 3432 3465 seclum.
3463 3412 3636 3464 Amen.

2249 3499 2452 3554 Deinde
2474 3504 2858 3570 aspergantur,
2890 3499 3300 3568 thuriﬁceutur,
3332 3497 3697 3554 distribuantur.

2247 3587 2365 3642 Ant.
2427 3588 2649 3642 Lumen
2704 3586 2776 3640 ad
2838 3585 3192 3642 Revelation.
3259 3593 3374 3643 etc.
3447 3591 3474 3650 ᾖ
3525 3581 3748 3654 Accipiens

2173 3677 2408 3732 Simeon
2440 3691 2688 3748 puerum
2718 3673 2777 3728 in
2811 3673 3086 3730 manibus
3119 3691 3132 3729 :
3167 3676 3395 3747 gratias
3442 3689 3597 3748 agens
3631 3671 3746 3726 bene-

2173 3766 2315 3821 dicit
2346 3763 2683 3822 Dominum.

2241 3853 2624 3926 Omnipotens
2683 3851 3039 3925 scmpiterne
3091 3853 3282 3909 Deus!
3317 3853 3413 3927 qui
3460 3847 3742 3923 unigenitum

2170 3946 2340 3998 tuum
2372 3946 2504 3998 ante
2531 3946 2797 4015 tempora
2823 3942 2896 3997 de
2914 3945 2972 3997 te
3001 3940 3294 4015 genitum,
3311 3943 3414 3999 sed
3433 3935 3747 4012 temporaliter

2171 4033 2241 4088 de
2273 4031 2456 4088 Maria
2484 4031 2708 4103 virgine
2739 4031 3130 4096 incarnatum,
3162 4029 3369 4086 lumen
3399 4045 3596 4093 verum,
3622 4030 3663 4080 et
3690 4022 3745 4074 in-

2171 4120 2448 4177 deiiciens
2479 4121 2548 4175 ad
2583 4119 2959 4191 depellendas
2983 4119 3228 4174 humani
3261 4119 3490 4194 generis
3527 4114 3742 4172 tenebras

2171 4213 2228 4266 et
2257 4210 2327 4265 ad
2355 4208 2790 4265 incendendum
2821 4208 3020 4264 lumen
3055 4209 3188 4264 ﬁdei
3214 4212 3275 4263 et
3294 4206 3542 4265 veritatis
3564 4205 3611 4258 in
3631 4214 3743 4256 mun-

2171 4299 2312 4353 dum
2345 4297 2594 4364 misisti;
2627 4297 2878 4352 concede
2923 4297 3235 4370 propitius,
3272 4302 3340 4353 ut
3381 4296 3521 4352 sicut
3562 4287 3744 4348 exterius

2171 4387 2476 4459 corporali,
2510 4386 2593 4441 ita
2624 4385 2801 4442 etiam
2833 4383 3084 4441 interius
3115 4383 3246 4441 luce
3279 4382 3558 4458 spirituali
3588 4389 3744 4434 mere-a-

480 4471 696 4526 Adesta
715 4467 1242 4542 supplicationibus
1260 4467 1473 4524 nostris
1489 4468 1862 4540 omnipotens
1878 4471 2060 4529 Deus!
2096 4478 2142 4542 ι)
2172 4492 2305 4530 mur
2335 4474 2626 4530 irradiari.
2663 4474 2769 4530 Per
2798 4473 2974 4530 eund.
3000 4473 3216 4530 Christ.

1480 4704 2172 4795 BENEDICTIO
2243 4707 2765 4796 CINEBUM

801 4953 1064 5008 Dominus
1091 4953 1385 5008 vobiscum.
1423 4950 1665 5007 Oremus.

481 5038 762 5110 Deus,qui
789 5038 1118 5095 humilitate
1147 5040 1417 5105 flecteris,
1433 5044 1491 5095 et
1516 5040 1914 5098 satisfactione
1935 5041 2053 5115 pla-

411 5125 595 5195 c'aris;
629 5143 832 5181 aurem
864 5131 976 5182 ture
1008 5127 1240 5200 pietatis
1273 5128 1488 5184 inclina
1519 5129 1789 5200 precibus
1821 5133 2055 5201 nostris,

482 5270 633 5340 (208)
667 5268 943 5340 Pleraque
991 5269 1168 5338 hujus
1218 5270 1367 5326 ritus
1425 5270 1612 5327 festivi
1663 5273 1957 5330 orationes
2005 5279 2062 5329 et

411 5339 741 5415 antipliOnae
774 5339 906 5415 cum
938 5356 1048 5415 usu
1087 5340 1363 5415 hodierno
1395 5343 1655 5415 Romano
1688 5346 2061 5415 conveniunt,

411 5414 482 5468 de
533 5409 702 5481 cujus
762 5409 1112 5486 antiquitate
1152 5411 1408 5486 diximus
1458 5413 1517 5486 P.
1560 5431 1638 5486 ni.
1674 5415 1931 5486 Disquis.
1967 5409 2058 5483 IX,

410 5501 459 5539 c.
495 5487 548 5550 2,
585 5481 1081 5562 n._12_.__Nuspiam
1112 5498 1245 5538 vero
1271 5484 1574 5562 quidpiam
1605 5481 1913 5562 inpos-tris
1945 5481 2063 5562 mof

411 5556 710 5609 numentis
741 5553 1031 5622 liturgicis
1061 5553 1313 5609 occurrit
1360 5553 1436 5609 de
1476 5555 1877 5614 benedictione
1927 5560 2058 5615 novi

411 5625 566 5706 ignis
586 5644 615 5681 e
639 5625 797 5689 silice
812 5625 1221 5691 e.\'cussi,unde
1239 5626 1384 5680 ccrci
1405 5627 2062 5706 accenderenturﬂujus

2167 5042 2527 5116 etcapitibus
2544 5037 2843 5100 servorum
2861 5046 3096 5098 tuorum
3113 5043 3329 5098 horum
3351 5041 3587 5098 cinerum
3598 5039 3732 5098 889°"

2169 5132 2332 5189 sione
2362 5148 2429 5187 ac
2459 5131 2630 5186 tactis
2661 5131 2807 5200 (211)
2836 5131 3070 5187 ell’unde
3099 5130 3392 5202 prepitius
3420 5122 3634 5201 gratiam
3661 5119 3734 5166 ωε

2170 5274 2440 5330 meminit
2465 5274 2522 5329 S.
2557 5273 2886 5328 Bernardus
2918 5271 3082 5326 initio
3115 5271 3406 5328 sermonis
3435 5270 3480 5333 1,
3510 5265 3570 5320 de
3608 5247 3732 5314 Ριπίίι

2169 5347 2429 5415 variique
2461 5345 2594 5399 libri
2629 5343 2868 5400 rituales
2899 5344 3052 5415 apud
3090 5343 3459 5399 Martenium.

2243 5363 2310 5400 ru
2360 5363 2429 5400 ue
2461 5363 2594 5399 non
2629 5363 2868 5400 ruuaies
2899 5363 3052 5415 apuo
3090 5363 3106 5398 1‘

2243 5363 2392 5487 (20%)
2427 5415 2590 5487 Miss.
2621 5416 2686 5470 Η.
2718 5414 2961 5482 Exaudi,
2995 5418 3106 5470 etc.

2245 5489 2392 5629 $210)
2425 5486 2537 5559 leg.
2571 5492 2704 5541 tuae.

2269 5561 2396 5628 211)
2426 5558 2538 5629 leg.
2571 5563 2704 5614 attat

2269 5561 2396 5628 211)
2426 5557 2538 5630 leg.
2571 5557 2822 5614 attactis.
