3892 6212
363 312 521 372 1063

361 444 559 518 palma
584 441 931 505 victorimmt
962 438 1153 493 fructu
1190 437 1476 491 bonorum
1508 451 1747 507 operum
1782 434 1883 489 tibi
1918 450 2011 489 va-
2044 433 2097 499 Α
2198 432 2479 489 Dominus
2508 431 2813 490 vobiscum

360 534 518 591 leant
548 547 845 606 apparere.
880 528 988 583 Per
1017 526 1221 593 eund.,
1253 529 1360 580 etc.

432 623 609 689 Deus,
643 619 741 693 qui
776 617 988 676 Filium
1019 621 1189 671 tuum
1222 613 1591 686 unigenitum
1625 629 1728 685 pro
1750 611 2016 683 redemp-

360 712 519 770 tione
548 714 746 766 nostra
775 707 1050 780 dignatus
1079 722 1142 761 es
1154 703 1226 759 ad
1254 719 1361 758 nos
1373 701 1715 775 dirigere,ut
1732 698 2015 773 populum

362 805 530 857 tuum
559 798 619 854 in
669 795 887 870 peccati
935 792 1222 868 profundo
1270 791 1344 846 ab
1395 790 1560 845 initio
1602 790 1938 845 demersum
1984 805 2019 843 a

364 893 548 945 morte
579 887 650 942 ad
679 885 855 941 vitam
888 884 1269 946 revocares,et
1298 875 1883 951 chyrograpbolzntali
1915 877 2016 933 de-

361 977 474 1033 leto
501 974 785 1048 sanguine
816 971 944 1027 Filii
975 971 1057 1027 tui
1089 969 1364 1043 gentibus
1395 967 1702 1023 innovares
1746 981 2012 1037 regnum.

361 1062 643 1137 Deus,qul
673 1062 939 1134 dispersa
966 1061 1370 1132 congregas,et
1400 1059 1752 1128 congregata
1781 1069 2012 1109 conser-

360 1172 494 1222 vas;
527 1153 627 1226 qui
660 1150 889 1225 populis
918 1148 1147 1205 obviam
1169 1145 1398 1202 Christo
1429 1161 1623 1200 ramos
1647 1141 2014 1215 portantibus

360 1241 723 1307 benedixisti;
756 1237 1037 1305 benetdic
1067 1236 1243 1292 etiam
1274 1234 1383 1289 hos
1412 1232 1745 1306 palmarum
1775 1235 1833 1286 et
1862 1233 2013 1285 cete-

358 1349 556 1388 rarum
590 1328 867 1386 frontium
898 1341 1271 1397 ramos,quos
1302 1323 1383 1378 tui
1419 1320 1714 1394 supplices
1735 1320 1804 1374 ad
1832 1317 2016 1373 nomi-

362 1423 452 1478 nis
481 1419 566 1476 tui
596 1418 840 1492 gloriam
874 1414 1126 1471 fideliter
1150 1409 1646 1485 suscipiunt;utin
1660 1423 2016 1481 quocunque

359 1513 482 1567 loco
512 1507 678 1565 altari
714 1506 947 1567 fuerint,
982 1502 1127 1559 inibi
1151 1504 1626 1556 manentestuam
1660 1495 2013 1552 benedictio-

361 1617 493 1656 nem
525 1599 960 1668 consoquantur
991 1610 1004 1648 :
1040 1597 1096 1646 et
1125 1590 1285 1646 omni
1317 1590 1560 1644 adversa
1587 1585 1904 1643 valitudine
1924 1584 2010 1640 fu-

360 1693 494 1763 gata
522 1688 758 1743 dextera
786 1688 888 1738 tua
914 1684 1180 1754 protegat
1219 1695 1369 1751 quos
1418 1677 1683 1734 redemit.
1715 1675 1821 1731 Per
1867 1690 2012 1729 eun-

360 1780 514 1844 dem,
548 1781 656 1831 etc.

431 1866 588 1922 Deus
615 1863 714 1935 qui
748 1877 847 1932 per
876 1857 1037 1916 oliva:
1070 1873 1302 1911 ramum
1333 1871 1534 1927 pacem
1559 1859 1720 1909 terrae
1752 1849 2009 1906 nuntiari

352 1952 609 2028 jussisti,
642 1955 850 2024 praesta
882 1962 1220 2020 qnmsumus
1254 1963 1267 2000 :
1301 1949 1366 2000 ut
1394 1943 1500 1998 hos
1531 1940 1880 2013 palmarum,
1914 1954 2004 1994 ce-

361 2053 736 2113 terarumque
766 2038 1063 2095 frondium
1094 2052 1289 2090 ramos
1318 2032 1399 2088 ita
1426 2037 1527 2087 tua
1576 2028 1791 2085 cmlesti
1834 2028 2007 2083 bene-

359 2135 610 2191 dictione
665 2128 1027 2193 sanctiﬁces;
1072 2130 1138 2180 ut
1192 2122 1468 2179 omnibus
1527 2118 1693 2185 locis,
1751 2118 1823 2173 ad
1882 2133 2009 2188 qua:

360 2222 571 2297 portati
603 2218 838 2284 fuerint,
872 2220 1073 2271 contra
1103 2210 1327 2283 antiqui
1377 2207 1564 2297 hostis
1615 2204 1859 2261 insidias
1908 2221 2009 2276 pa-

359 2293 483 2369 cem
515 2316 572 2366 et
602 2305 1070 2364 benedictionem
1112 2300 1341 2356 valeant
1390 2296 1515 2353 sine
1564 2296 1677 2350 fine
1727 2293 2006 2349 conferre.

362 2403 484 2467 POP,
509 2406 618 2454 etc.

430 2485 715 2552 Beneidic
745 2481 984 2538 Domine
1015 2492 1354 2550 quaesumus
1385 2473 1492 2528 hos
1524 2472 1873 2545 palmarum,
1907 2470 2007 2525 sed

360 2578 642 2635 olivarum
692 2586 923 2635 ramos;
977 2567 1152 2623 etiam
1201 2563 1444 2620 Domine
1486 2562 1912 2633 deprecamur:
1946 2562 2011 2613 ut

360 2665 635 2740 praedicta
679 2661 954 2715 arborum
994 2655 1263 2729 germina
1309 2653 1389 2708 ita
1431 2650 1833 2714 sanctiHiearc
1881 2648 2009 2720 dig-

362 2736 538 2821 neris,
572 2756 637 2807 ut
666 2749 811 2815 loca,
853 2747 924 2803 ad
967 2763 1095 2818 quas
1146 2748 1373 2817 portata
1420 2739 1654 2808 fuerint,
1686 2736 2011 2793 sanctifica-

362 2849 419 2899 ta
474 2840 858 2899 efficiantur:
911 2851 1027 2908 quo
1075 2832 1270 2889 omnis
1317 2830 1598 2902 iniquitas
1653 2843 1758 2883 seu
1814 2824 2010 2881 illusio

361 2935 692 2989 daemonum
748 2926 1044 2991 abscedat,
1094 2927 1151 2979 et
1195 2926 1294 2978 tua
1343 2936 1449 2976 nos
1498 2933 1729 2989 semper
1776 2916 2012 2972 dextera

362 3026 660 3095 protegere
716 3016 1009 3091 dignetur.
1070 3012 1175 3067 Per
1223 3010 1289 3068 D.
1342 3027 1399 3065 n.
1443 3008 1497 3065 J.
1548 3006 1651 3063 Cb.
1704 3005 1765 3061 F.
1796 3008 1856 3095 At.
1909 3003 2011 3075 qui

360 3093 401 3167 ί.
451 3128 503 3166 v.
537 3093 613 3166 iet
664 3125 711 3163 r.
765 3112 899 3173 etc.,
958 3119 1062 3176 per
1115 3099 1315 3158 omnia
1369 3095 1584 3155 saecula
1639 3093 2008 3151 saeculorum.

361 3203 561 3257 Amen.

1152 302 1486 364 APPEND.
1534 299 1633 361 AD
1684 302 1870 361 SAEC.
1918 298 1990 359 X.
2025 333 2102 343 —
2132 296 2635 363 MONUMENTA
2675 297 2989 361 LITURG.

2041 1801 2088 1865 Β
2117 1797 2287 1852 terris
2335 1796 2624 1851 redditam
2674 1794 3010 1849 nuntiavit:
3055 1810 3161 1849 nec
3214 1809 3330 1848 non
3379 1797 3439 1847 et

3651 294 3785 352 ltitil

2960 431 3031 486 Et
3061 445 3199 486 cum
3230 428 3452 501 spiritu
3489 432 3617 483 tuo.

2199 522 2448 579 Sursum
2479 521 2675 578 corda.
2966 519 3284 585 Habemus,
3319 523 3436 575 etc.

2198 611 2727 689 Gratias‘agamus,
2761 614 2870 666 etc.
2964 609 3242 683 Dignum,
3276 611 3391 663 etc.

2196 735 2344 791 Vere
2374 734 2620 808 dignum
2651 739 2709 791 et
2745 734 2977 805 justum
3026 737 3136 798 est,
3191 738 3304 788 etc.
3353 736 3582 788 aeterne
3626 735 3784 786 Dens.

2124 823 2404 879 Conditor
2433 822 3051 894 mundi,omniumque
3073 825 3486 876 creaturarum
3507 819 3787 875 mirabilis
3842 819 3843 875 Ϊ

2126 912 2465 984 dispositor,
2499 912 2598 985 qui
2631 911 2783 968 inter
2809 912 2939 984 ipsa
2962 910 3166 966 mundi
3200 910 3558 982 primordia,
3578 925 3785 965 cuine:

2126 1000 2308 1055 nihilo
2335 1005 2548 1056 cuncta
2578 1000 2890 1065 conderes;
2924 997 3086 1071 ligna
3123 1014 3362 1069 quoque
3406 997 3716 1053 fructifera
3739 1000 3786 1051 et

2124 1088 2351 1145 diverso
2402 1090 2534 1145 usui
2584 1104 2845 1161 congrua
2882 1093 3097 1142 terram
3146 1086 3477 1158 producere
3513 1084 3781 1156 jussisti;

2125 1194 2191 1233 ac
2235 1182 2368 1249 post
2415 1176 2796 1233 maledictum
2858 1176 3177 1231 interdicta:
3226 1174 3459 1229 arboris
3520 1174 3785 1227 universa

2124 1267 2293 1322 nobis
2325 1282 2426 1338 per
2454 1264 2848 1321 obedientiam
2880 1263 3163 1336 unigeniti
3194 1263 3280 1318 tui
3323 1263 3381 1316 in
3430 1261 3785 1317 benedictio-

2122 1371 2256 1411 nem
2287 1354 2619 1411 convertisti
2655 1369 2669 1408 :
2705 1353 2988 1417 benefdic
3037 1352 3212 1407 etiam
3262 1350 3372 1405 hos
3421 1349 3785 1421 multigena-
3850 1372 3851 1385 ι

2122 1461 2253 1499 rum
2284 1443 2557 1499 arborum
2612 1458 2829 1507 ramos,
2868 1440 3023 1495 inter
3070 1455 3220 1510 quas
3264 1438 3565 1510 precipue
3619 1438 3783 1492 arbor

2122 1531 2282 1587 olivas
2313 1531 2667 1603 pinguedine
2696 1535 2907 1584 cuncta
2935 1527 3364 1601 prsecellit;per
3389 1543 3581 1598 quam
3612 1527 3781 1582 etiam

2122 1637 2255 1675 cum
2286 1620 2533 1675 crimina
2564 1617 2767 1673 mundi
2797 1617 3014 1672 diluvio
3046 1617 3347 1688 quondam
3398 1616 3782 1686 expiarentur

2120 1709 2355 1776 diffuso,
2388 1707 2660 1763 columba
2691 1722 2920 1761 ramum
2952 1706 3219 1777 ejusdem
3267 1704 3543 1760 deferens
3588 1720 3782 1776 pacem

3498 1793 3783 1848 inuocem

2117 1886 2291 1941 turba
2319 1885 2539 1957 Spiritu
2572 1888 2773 1939 sancto
2818 1884 3035 1952 afflatu,
3068 1881 3367 1954 unigenito
3397 1887 3506 1936 tuo
3539 1882 3781 1937 Domino

2119 1979 2317 2030 nostro
2345 1974 2483 2029 Jesu
2513 1972 2743 2029 Christo
2773 1988 2877 2043 pro
2909 1972 3090 2027 totius
3120 1970 3326 2026 mundi
3348 1970 3543 2025 salute
3576 1986 3775 2041 passu-

2118 2081 2182 2119 ro
2212 2062 2440 2118 obviam
2472 2077 2736 2127 currens,
2765 2061 3187 2133 palmarum,et
3215 2059 3397 2130 hujus
3427 2060 3667 2114 arboris
3695 2077 3779 2115 ra-

2120 2168 2248 2206 mos
2299 2150 2631 2215 abscidens,
2680 2166 2746 2204 ac
2795 2149 3059 2221 vestigiis
3106 2150 3237 2218 ejus
3275 2148 3638 2203 subtemens
3658 2148 3778 2218 jam

2119 2240 2288 2311 quasi
2312 2238 2802 2311 triumphatorem
2832 2238 2903 2293 de
2932 2238 3138 2293 mortis
3186 2236 3450 2309 principe
3505 2238 3774 2293 ostende-

2118 2329 2237 2384 bat.

2190 2418 2271 2472 Te
2302 2415 2544 2471 Domine
2576 2414 2921 2487 suppliciter
2948 2413 3334 2485 deprecamur
3366 2431 3380 2468 :
3414 2418 3485 2468 ut
3529 2414 3633 2485 qui
3681 2431 3773 2467 an-

2120 2523 2238 2561 nua
2269 2505 2571 2560 devotione
2601 2503 2866 2575 ejusdem
2899 2502 3305 2574 Redemptoris
3354 2503 3541 2556 nostri
3582 2518 3771 2556 sacra-

2122 2594 2413 2650 tissimum
2446 2592 2778 2665 passionem
2829 2591 3143 2662 praevenire
3173 2589 3455 2653 nitimur;
3490 2590 3622 2661 ipso
3675 2592 3773 2644 ad-

2113 2686 2355 2755 juvante
2387 2680 2643 2753 palmam
2673 2678 2925 2735 victoriae
2957 2683 3244 2746 tenentes,
3279 2684 3454 2750 atque
3505 2679 3635 2734 oleo
3668 2680 3767 2733 mi-

2120 2770 2446 2829 sericordiae
2505 2768 2859 2825 intrinsecus
2915 2767 3289 2840 refulgentes,
3343 2768 3404 2822 in
3452 2769 3583 2839 ejus
3609 2784 3770 2822 sanc-

2119 2864 2178 2915 ta
2234 2858 2658 2915 resurrectione
2702 2857 3024 2929 praemium
3094 2856 3223 2910 vita
3295 2860 3354 2911 et
3425 2854 3767 2910 immortali-

2118 2948 2257 3004 tatis
2312 2963 2586 3003 coronam
2647 2946 2941 3018 pereipere
3000 2960 3367 3000 mereamur.
3430 2944 3537 3000 Per
3598 2944 3766 2999 eund.

2119 3042 2283 3092 Dom.

360 3346 3239 3381 _____________________.________————————————-————

1547 3504 2247 3597 BENEDICTIO
2316 3504 2587 3593 OLEI

1854 3690 2281 3705 _—

869 3857 938 3913 IN
968 3854 1186 3912 COENA
1226 3853 1495 3909 DOMINI.

449 3977 553 4046 (Ex
582 3973 709 4030 cod.
741 3970 882 4028 bibl.
914 3955 1054 4026 Bais.
1087 3969 1433 4046 VinqLAsazc.
1467 3985 1504 4022 x
1534 3965 1622 4022 vel
1653 3983 1709 4021 x1
1742 3963 1917 4020 theol.

1014 4058 1177 4096 num.
1210 4041 1359 4113 359).

430 4217 548 4288 Ipso
578 4213 669 4269 die
696 4215 960 4269 sanentur
986 4223 1272 4281 campana?
1308 4207 1378 4264 ad
1425 4208 1661 4272 Missam,
1696 4211 1747 4261 et
1794 4205 1866 4261 ad
1910 4222 2013 4261 caa-

364 4310 507 4360 teras
537 4302 862 4365 horas,sicul
890 4316 1005 4354 mos
1034 4302 1111 4353 est
1139 4297 1328 4353 diebus
1354 4296 1726 4362 sollemnibus,
1741 4300 1803 4350 ut
1832 4311 2017 4350 omnes

361 4394 585 4449 veniant
615 4390 685 4445 ad
717 4389 1097 4452 Ecclesiam,in
1127 4404 1233 4459 qua
1265 4386 1513 4442 Chrisma
1541 4401 1655 4439 mos
1707 4389 1784 4439 est
1829 4401 2014 4441 conse-

362 4483 531 4546 crari,
565 4485 615 4536 et
644 4481 723 4534 sic
750 4480 950 4533 sileant
982 4493 1145 4548 usque
1174 4477 1235 4530 in
1263 4476 1545 4530 sabbatum
1586 4477 1852 4529 sanctum.
1886 4476 2017 4530 Pre-

360 4568 707 4626 sbiteri'vero
738 4572 791 4622 el
817 4568 1006 4624 caeteri
1033 4564 1381 4630 clerici,hora
1406 4565 1569 4620 tertia
1598 4564 1833 4619 induant
1861 4580 1917 4618 se
1934 4581 2017 4618 ve-

361 4658 637 4714 stimentis
691 4655 1066 4717 sollemnibus,
1116 4657 1170 4708 et
1210 4651 1430 4706 diaconi
1472 4650 1803 4715 dalmaticis,
1854 4654 2018 4721 atque

360 4746 681 4802 subdiaconi
709 4744 850 4799 albis
880 4744 1069 4798 sericis
1098 4741 1423 4804 induantur,
1457 4743 1509 4794 et
1555 4743 1699 4793 stent
1736 4740 1797 4794 in
1826 4740 2019 4794 ordine

362 4852 478 4900 suo,
510 4834 719 4905 singuli
748 4834 805 4887 in
837 4832 1075 4887 Ecclesia
1114 4833 1502 4901 exspectantes,
1536 4844 1704 4900 usque
1750 4828 1880 4883 dum
1926 4844 2017 4883 ve-

362 4925 485 4977 niat
522 4923 749 4977 domnus
796 4922 1056 4991 Pontifex
1100 4937 1225 4975 cum
1267 4920 1606 4990 processione
1646 4918 1901 4988 plenaria
1947 4917 2017 4974 ad

364 5011 744 5074 Missam,sicut
772 5010 960 5064 diebus
988 5009 1342 5064 sollemnibus
1368 5008 1650 5073 solet,cum
1706 5006 1791 5061 Vl!
1834 5007 2015 5063 diaco-

367 5100 528 5155 nibus
558 5106 608 5152 et
641 5095 866 5152 totidem
896 5097 1315 5153 subdiaconibus
1358 5101 1412 5152 et
1439 5097 1785 5168 cerofcrariis
1832 5101 1885 5152 et
1932 5097 2022 5153 VII

2036 3850 2080 3915 C
2118 3864 2356 3919 rinthios
2383 3880 2405 3917 :
2439 3862 2667 3917 Fratres
2704 3858 3186 3915 convenientibus
3234 3858 3403 3914 vobis
3453 3857 3511 3913 in
3567 3872 3753 3912 unum.

2119 3968 2308 4024 usque,
2342 3956 2405 4007 ut
2434 3967 2550 4006 non
2575 3960 2718 4005 ‘cum
2749 3947 2858 4004 hoc
2889 3947 3111 4002 mundo
3142 3947 3481 4002 damnetur.
3517 3945 3755 4003 Gr.Chri-

2122 4045 2251 4098 stus
2282 4041 2471 4096 factus
2503 4042 2615 4096 est.
2640 4044 2690 4103 il.
2725 4038 2967 4109 Propter
2998 4036 3151 4108 quod
3188 4040 3364 4091 Deus.
3415 4038 3557 4091 Ante
3598 4037 3757 4089 Evan-

2121 4131 2329 4201 gelium
2352 4133 2645 4201 portentur
2670 4126 2912 4182 candela:
2938 4129 2992 4181 et
3020 4128 3305 4180 incensum
3356 4126 3501 4179 sicut
3540 4140 3650 4179 mos
3674 4126 3773 4185 est,‘

2123 4221 2326 4290 legitur
2354 4218 2711 4289 Evangelium
2741 4214 3037 4270 secundum
3064 4215 3330 4269 Joannem
3359 4232 3382 4268 .·
3412 4212 3477 4268 In
3508 4213 3607 4268 illo
3634 4216 3763 4267 tem-

2124 4309 2433 4380 pore.Ante
2464 4306 2618 4360 diem
2638 4304 2852 4359 festum
2872 4302 3107 4358 Pascha:
3125 4302 3506 4358 sciensJesus
3521 4301 3657 4373 quia
3681 4315 3763 4353 ve-

2125 4396 2212 4451 nit
2241 4394 2386 4451 hora
2416 4395 2565 4464 ejus.
2602 4394 2790 4464 Usque,
2816 4390 3315 4463 quemadmodum
3348 4405 3457 4464 ego
3488 4387 3765 4456 feci,vobis

2127 4485 2207 4540 ita
2234 4488 2291 4539 et
2319 4500 2420 4539 vos
2452 4480 2699 4538 faciatis.
2732 4480 2977 4536 Perlecto
3015 4478 3331 4549 Evangelia,
3379 4480 3529 4550 facto
3576 4478 3643 4533 ad
3680 4492 3766 4549 po-

2120 4574 2316 4644 pulum
2344 4587 2592 4628 sermone
2618 4570 2765 4625 dicat
2790 4570 3043 4640 pontifex
3071 4587 3094 4622 .·
3122 4567 3409 4623 Dominus
3454 4568 3763 4623 vobiscum.

2126 4663 2355 4717 Etcum
2387 4662 2486 4733 Sp.
2522 4664 2546 4715 t
2616 4663 2674 4714 et
2714 4657 2981 4713 Oremus.
3035 4656 3239 4711 Deinde
3290 4658 3520 4711 canitur
3563 4658 3767 4728 offertu-

2125 4753 2274 4806 rium
2305 4754 2546 4815 Dextera
2578 4746 2828 4802 Domini.
2863 4745 3226 4819 Offerentibus
3250 4745 3578 4817 presbiter-is
3609 4748 3659 4799 et
3680 4759 3767 4798 et-

2128 4842 2260 4896 teris
2288 4840 2385 4911 qui
2425 4838 2720 4901 voluerint,
2772 4840 2902 4890 tunc
2946 4834 3165 4890 dicatur
3207 4839 3437 4889 secreta.
3474 4834 3608 4906 Ipse
3652 4831 3770 4889 Tibi

2128 4929 2391 4994 Domine,
2424 4932 2533 4983 etc.
2570 4929 2653 4995 (ut
2682 4928 2811 4979 tom.
2846 4923 2870 4978 1
2895 4925 3015 4979 Μοη
3039 4940 3167 4994 pag.
3196 4926 3315 4991 72.)

2198 5016 2458 5088 Sequitur
2487 5012 2772 5079 Praefatio,
2812 5016 2863 5067 et
2891 5012 3038 5067 dicat
3064 5013 3321 5083 pomifer
3350 5011 3431 5087 Te
3483 5011 3668 5084 igitur
3693 5026 3770 5065 or-

2125 5106 2255 5161 dine
2282 5119 2377 5159 suo
2408 5104 2503 5159 ubi
2532 5118 2698 5173 usque
2726 5102 2931 5155 dicitur
2959 5101 3476 5157 Communicantes
3524 5104 3584 5155 et
3630 5100 3772 5154 diem

365 5186 681 5244 σι’τϐθεταείδ
712 5190 764 5282 ϐξ
793 5185 997 5241 ἀῑιοῦιιε
1037 5186 1327 5242 ίαννίὺαιίδ
1372 5202 1496 5241 cum
1543 5188 1780 5241 τήσεηδο-
1817 5187 2019 5267 Οαηίοτ
2047 5218 2095 5282 D
2128 5191 2594 5250 sacratissimum
2621 5190 3126 5261 celebrantes,quo
3158 5189 3441 5245 Dominus
3474 5194 3675 5245 noster
3698 5187 3776 5244 Je-

364 5280 550 5333 autem
578 5279 629 5330 et
657 5274 800 5329 scola
829 5276 1017 5328 statim
1048 5278 1107 5329 ut
1126 5275 1339 5345 jussum
1350 5277 1523 5347 fuerit
1552 5277 1797 5346 imponat
1826 5277 2019 5332 introi-

370 5372 489 5424 tum
520 5364 589 5421 ad
621 5365 835 5421 Missam
864 5382 885 5418 :
915 5362 1032 5418 Nos
1061 5367 1256 5418 autem
1290 5364 1544 5436 gloriari.
1577 5383 1700 5421 cum
1724 5366 1937 5438 psalmo
1963 5370 2018 5421 et

364 5456 579 5512 Gloria.
612 5459 665 5511 et
694 5470 853 5509 versu
880 5456 933 5507 et
961 5453 1130 5525 Kyrie
1161 5451 1398 5507 eleison.

440 5547 584 5601 Tunc
612 5544 760 5600 dicat
788 5543 1040 5615 pontifex
1067 5562 1088 5596 .-
1119 5540 1314 5597 Gloria
1359 5541 1417 5597 in
1466 5542 1707 5598 excelsis
1747 5547 1881 5599 Deo.
1914 5560 2018 5616 quo

365 5637 524 5707 ﬁnito
552 5635 698 5690 dicat
729 5635 1033 5690 oralionem
1058 5632 1327 5704 plenitur.
1358 5633 1495 5686 sicut
1525 5635 1653 5687 aliis
1680 5634 1886 5699 diebus,
1906 5635 2019 5689 Pax

366 5723 552 5781 vobis.
583 5729 635 5790 ἢ.
668 5724 739 5779 Et
766 5738 901 5778 cum
932 5720 1144 5794 spiritu
1183 5724 1303 5775 tuo.
1355 5722 1505 5777 Orat.
1542 5726 1690 5777 Deus
1737 5741 1771 5778 a
1818 5739 1934 5796 quo
1964 5728 2021 5779 et

369 5810 553 5871 Judas
583 5811 864 5887 proditor.
900 5812 1044 5869 Tune
1072 5811 1288 5884 legatur
1333 5809 1561 5884 epistola
1607 5812 1773 5868 Pauli
1819 5813 1889 5870 ad
1921 5814 2020 5874 Co-

2127 5300 2232 5339 sus
2260 5282 2529 5338 Christus
2560 5295 2663 5351 pro
2694 5278 2865 5334 nobis
2894 5282 2983 5334 est
3011 5276 3284 5346 traditus,
3317 5279 3421 5333 sed
3459 5283 3519 5333 et
3569 5293 3773 5334 memo-

2126 5372 2275 5428 riam
2304 5374 2667 5426 venerantes.
2702 5367 3004 5439 Sequitur:
3036 5366 3195 5423 Hanc
3217 5366 3404 5440 igitur
3432 5365 3776 5423 oblationem

2127 5459 2425 5518 servitutis
2456 5463 2668 5514 nostrae
2698 5463 2755 5513 et
2784 5462 3005 5513 cunctae
3037 5457 3270 5512 familiae
3316 5463 3430 5513 tute
3471 5474 3654 5530 quam
3684 5454 3779 5511 tibi

2127 5549 2429 5606 offerimus
2456 5548 2530 5603 ob
2561 5546 2715 5600 diem
2764 5545 2824 5599 in
2873 5562 2989 5618 qua
3040 5546 3322 5602 Dominus
3370 5550 3574 5602 noster
3618 5545 3779 5601 Jesns

2127 5639 2393 5696 Christus
2425 5634 2984 5707 tradiditdgscipulis
2998 5634 3122 5691 suis
3136 5636 3400 5707 corporis
3412 5640 3469 5692 et
3482 5632 3778 5708 sanguinis

2129 5728 2222 5787 sui
2254 5725 2531 5800 mysteria
2561 5723 3562 5796 celebranda,quiesumusDomine,
3578 5728 3642 5779 ut
3661 5721 3774 5795 pla-

2130 5822 2296 5877 catus
2328 5813 2580 5890 accipias
2609 5816 2667 5870 et
2696 5811 3045 5891 reliq.usque
3072 5812 3180 5880 Qui
3208 5812 3401 5895 pridie
3429 5829 3611 5890 quam
3624 5814 3771 5891 pato-
