3892 6212
98 352 234 418 1065

1394 343 1868 405 BENEDICTIO
1915 348 1960 401 0
1974 343 2116 402 Llil.

3246 328 3457 406 ‘ioec

96 495 235 545 retur
263 502 354 558 pro
398 486 593 540 nostra
625 482 885 537 omnium
933 481 1121 536 salute
1150 478 1258 534 hoc
1289 481 1378 531 est
1408 476 1578 531 hodie
1608 490 1707 529 ue-
1734 473 1788 540 Α
1892 476 2032 530 Tunc
2076 474 2180 528 duo
2219 474 2436 530 accolili
2471 476 2795 547 accipientes
2841 477 2975 532 duas
3020 478 3310 548 ampullas,
3342 495 3460 550 qum

92 576 224 648 cepit
248 591 440 648 panem
472 572 529 626 in
562 576 794 627 sanctas
827 588 893 625 ac
923 567 1283 624 venerabiles
1311 584 1520 620 manus
1538 581 1696 620 suas.

153 668 279 721 Tunc
293 664 547 735 oﬂeratur
571 662 826 734 pontiﬁci
855 661 1036 717 oleum
1080 658 1147 713 de
1174 657 1434 728 ampullis
1463 671 1596 727 quas
1624 654 1701 724 of-

86 758 252 826 ferunt
272 752 452 825 populi
477 751 548 807 ad
577 750 883 820 (inguendos
923 754 1033 804 tam
1066 748 1311 819 inﬁrmos
1355 762 1521 817 quam
1548 760 1704 799 ener-

84 859 330 914 gumenos,
365 845 411 896 et
442 841 500 895 in
531 841 728 896 ultimo
774 843 1069 911 antequam
1115 836 1352 901 dicatur,
1386 836 1493 891 Per
1522 852 1698 907 quem

86 933 190 989 hzec
216 931 441 987 Domine
469 945 702 1001 semper
730 929 887 985 bona
914 945 1097 993 creas,
1126 927 1395 982 exoret/tet
1443 930 1496 980 et
1545 926 1702 980 bene-

82 1022 207 1076 dieat
236 1019 363 1076 illud
392 1024 501 1075 tam
520 1019 632 1091 ipse
645 1035 811 1090 quam
829 1034 1014 1073 omnes
1038 1018 1347 1090 presbyteri
1375 1016 1471 1087 qui
1490 1018 1697 1080 assunt,

84 1115 130 1164 ut
160 1114 354 1165 tantum
380 1111 543 1180 possit
574 1125 607 1164 a
635 1107 1116 1163 circumstantibus
1137 1105 1341 1161 audiri.

604 1212 971 1253 EXORCISMUS
999 1212 1144 1251 OLEI.

142 1286 387 1343 Exoreizo
420 1292 471 1343 te
502 1284 955 1343 inmundissimc
986 1284 1229 1355 spiritus
1259 1282 1568 1356 omnisque
1610 1282 1697 1336 in-

79 1376 248 1432 cursio
277 1380 480 1431 sstanae
511 1378 570 1431 et
598 1390 770 1431 omne
802 1374 1113 1440 fantasma,
1132 1373 1188 1427 in
1222 1372 1455 1429 nomine
1485 1371 1697 1438 Patris,

76 1471 123 1521 et
151 1466 349 1525 Filii.et
376 1465 626 1538 Spiritus
678 1464 887 1531 sancti,
924 1468 985 1519 ut
1018 1463 1254 1519 recedas
1303 1461 1374 1519 ab
1407 1461 1513 1516 hoc
1552 1460 1697 1529 oleo,

76 1560 127 1609 ut
158 1555 328 1626 possit
357 1554 504 1611 efﬁci
537 1554 733 1609 unctio
782 1552 1061 1625 spiritalis
1092 1552 1162 1608 ad
1204 1551 1699 1607 corroborandum

75 1642 334 1715 templum
363 1643 460 1700 Dei
496 1642 630 1712 vivi,
660 1648 723 1699 ut
773 1642 832 1697 in
864 1658 930 1697 eo
963 1642 1148 1713 possit
1177 1641 1429 1713 Spiritus
1460 1643 1699 1696 sanctus

73 1733 337 1804 habitare,
368 1750 472 1806 per
502 1749 711 1789 nomen
746 1731 840 1787 Dei
863 1731 1051 1787 Patris
1081 1729 1235 1786 omni
1245 1730 1581 1802 potentis,et
1601 1745 1702 1800 per

76 1837 264 1877 nomen
297 1821 665 1878 dilectissimi
716 1819 843 1875 Filii
888 1820 1016 1891 ejus
1065 1816 1292 1875 Domini
1347 1818 1530 1874 nostri
1559 1817 1695 1873 Jesu

73 1910 286 1966 Christi.
318 1913 383 1965 Et
412 1928 519 1966 non
546 1914 846 1982 peragatur
872 1910 1162 1965 conclusio.

130 2000 263 2054 Atia.
296 2000 510 2055 Emitte
558 1998 802 2055 Domine
842 1998 1125 2070 Spiritum
1161 2003 1325 2053 tuum
1358 1995 1699 2068 paraclitum

75 2090 133 2143 de
159 2088 309 2144 caelis
340 2090 395 2144 in
427 2089 581 2144 hanc
612 2088 1029 2161 pinguedinem
1052 2085 1416 2158 olivai,quam
1439 2087 1509 2140 de
1529 2085 1699 2140 viridi

75 2176 211 2249 ligno
240 2179 555 2250 producere
587 2177 865 2251 dignatus
881 2193 943 2233 es
957 2175 1027 2231 ad
1048 2175 1422 2231 refectionem
1442 2174 1700 2246 corporis

73 2272 124 2320 ut
152 2273 244 2323 tua
271 2273 479 2324 sancta
524 2266 927 2323 benedictione
974 2266 1052 2321 sit
1100 2265 1260 2321 omni
1305 2263 1565 2338 tangenti
1597 2280 1701 2319 un-

71 2360 329 2426 guentum
351 2355 590 2413 salubre
603 2342 895 2410 medicina
924 2353 1464 2421 coelestis,tutamen
1490 2350 1700 2409 mentis

70 2449 116 2496 et
144 2444 496 2517 corporis,ad
513 2443 876 2500 evacuandos
893 2459 1097 2499 omnes
1115 2441 1362 2505 dolores,
1378 2457 1699 2513 omnesque

72 2531 799 2605 inﬁrmitates,omnemque
830 2532 1235 2605 aegritudinem
1253 2530 1467 2587 mentis
1497 2536 1553 2586 et
1582 2547 1700 2586 cor-

71 2619 386 2691 poris,unde
417 2619 641 2678 unxisti
672 2620 1279 2692 sacerdotes,reges.et
1300 2618 1700 2691 prophetas,et

73 2709 629 2783 martyresﬂhrisma
657 2714 827 2766 tuum
858 2709 1180 2783 perfectum
1208 2708 1453 2764 Domine
1475 2708 1642 2764 nobis
1667 2726 1700 2764 a

73 2803 116 2853 te
143 2799 506 2857 bensdictum
539 2815 887 2873 permanens
916 2798 973 2854 in
1014 2798 1335 2857 visceribus
1366 2798 1600 2854 nostris.
1634 2798 1696 2855 In

72 2888 284 2944 nomine
314 2889 551 2945 Domini
582 2888 764 2944 nostri
793 2886 848 2944 J.
880 2887 979 2944 Cb.
1015 2888 1181 2959 (215).

133 2978 263 3033 Tunc
286 2978 510 3034 dicatur
536 2996 558 3033 .·
595 2978 702 3034 Per
750 2993 923 3049 quem
967 2975 1086 3032 haec
1129 2977 1348 3044 omnia,
1397 2979 1505 3032 etc.
1547 2976 1695 3032 Prie-

68 3065 231 3136 eeptis
260 3066 622 3123 salutaribus
654 3065 858 3122 moniti
890 3070 947 3122 et
976 3065 1174 3121 divina
1200 3064 1569 3121 institutione
1590 3065 1698 3121 for-

68 3154 192 3209 mati
221 3156 509 3212 audemus
536 3156 727 3211 dicere
760 3173 774 3210 :
808 3154 976 3210 Pater
1004 3157 1291 3211 noster.Et
1310 3156 1488 3210 oleum
1510 3171 1691 3226 repor-

65 3245 196 3298 tetur
223 3249 273 3299 et
300 3247 361 3299 in
377 3247 495 3301 loco
506 3245 1139 3301 suoconserveturnltissa
1152 3260 1275 3299 vero
1306 3244 1361 3297 in
1384 3244 1576 3298 ordine
1598 3260 1693 3299 suo
1726 3216 1768 3281 C

62 3336 433 3406 ugatur,usque
463 3333 597 3389 dum
618 3333 1015 3389 bencdictiones
1037 3333 1362 3404 episcopales
1393 3334 1692 3389 solvantur.

128 3422 259 3477 Tunc
302 3422 669 3478 communicet
712 3422 856 3478 solus
907 3422 1160 3493 ponti/es:
1214 3425 1342 3477 ante
1397 3422 1592 3487 altare,
1645 3426 1698 3477 et

60 3508 302 3567 diaconus
357 3514 411 3568 ei
438 3513 639 3585 offerat
683 3512 909 3566 calicem
956 3515 1009 3566 et
1058 3527 1167 3566 non
1210 3512 1434 3582 frangat
1490 3512 1699 3567 oblatas

62 3600 161 3652 nisi
186 3616 303 3655 eam
328 3603 509 3658 solam
538 3600 681 3657 unde
728 3601 825 3657 ille
869 3602 1237 3656 communicat
1267 3601 1364 3654 illo
1394 3604 1609 3656 tantum
1640 3602 1700 3656 in

58 3686 157 3741 die.
188 3690 483 3763 Postquam
528 3690 1032 3754 communicaverat,
1060 3693 1231 3760 ponat
1275 3689 1534 3744 diaconus
1561 3691 1697 3745 cali-

57 3793 163 3831 cem
189 3794 349 3850 super
377 3780 581 3835 altare.
604 3778 809 3843 Deinde
853 3782 1128 3849 acceptam
1173 3794 1208 3831 a
1257 3778 1581 3835 subdiacono
1607 3797 1702 3851 pa-

58 3868 230 3922 trnam
252 3872 426 3938 ponat
445 3868 617 3939 juxta
644 3868 873 3923 calicem
899 3868 964 3922 de
993 3868 1171 3921 altare
1190 3868 1492 3932 sinistro,et
1509 3869 1703 3924 statim

55 3970 84 4005 a
110 3954 310 4011 duobus
340 3956 667 4011 diaconibus
694 3960 987 4027 utrumque
1013 3956 1358 4025 cooperiatur
1382 3956 1449 4010 de
1474 3957 1701 4013 sindone

56 4044 446 4116 munda,quam
501 4046 657 4116 prius
708 4047 1155 4115 praeparaverant
1200 4044 1261 4097 in
1316 4060 1411 4099 ora
1450 4046 1644 4101 altaris
1673 4064 1703 4102 e

55 4133 264 4200 regione
286 4138 409 4205 post
434 4132 777 4205 corporalem
804 4148 1123 4203 expansum.
1154 4133 1295 4188 Tunc
1320 4134 1559 4188 Domnus
1586 4137 1700 4206 epi-

55 4236 228 4291 scapus
246 4223 413 4278 vadat
433 4222 507 4278 ad
519 4222 695 4277 sedem
707 4238 865 4277 suam
879 4237 1003 4276 cum
1016 4220 1333 4277 diaeonibus
1346 4225 1397 4276 et
1411 4226 1700 4293 exspectet.

198 4328 271 4367 DE
301 4327 770 4367 CONSECRATIONE
800 4325 1159 4366 PRINCIPALIS
1189 4326 1546 4366 CHRISMATIS.

115 4400 484 4472 Escspectante
512 4415 637 4455 vero
668 4401 728 4454 in
773 4398 894 4455 sede
939 4414 1040 4453 sua
1083 4399 1341 4470 pontiﬁce
1382 4401 1605 4455 veniant
1636 4399 1706 4455 ad

55 4491 351 4545 sacrarium
382 4490 482 4544 XII
520 4489 832 4560 presbyteri
875 4490 927 4542 et
971 4487 1159 4541 cceteri
1203 4487 1394 4542 clerici
1438 4493 1707 4560 quantum

55 4591 174 4645 opus
200 4580 278 4632 sit
306 4577 381 4634 ad
410 4577 769 4648 deferendum
797 4592 920 4631 cum
949 4575 1102 4630 omni
1128 4574 1318 4630 decore
1345 4576 1523 4631 oleum
1551 4576 1706 4650 chry-
1737 4578 1784 4644 D

55 4665 236 4732 smale,
269 4670 326 4722 et
354 4666 544 4722 oleum
588 4664 1054 4720 catecuminorum
1101 4667 1153 4719 et
1200 4663 1595 4736 neophytorum
1626 4682 1707 4719 us-

55 4770 147 4821 que
177 4755 235 4808 in
269 4754 565 4809 ecclesiam
593 4757 723 4809 ante
764 4753 1090 4824 episcopum.
1115 4752 1239 4806 Sint
1267 4754 1413 4807 enim
1445 4753 1590 4809 idem
1614 4772 1711 4825 pa-

55 4842 159 4895 rati
184 4842 513 4914 presbyteri
539 4845 591 4897 et
618 4858 743 4896 eum
772 4842 849 4896 eis
896 4841 1083 4896 caeteri
1110 4840 1298 4895 clerici
1324 4844 1473 4897 casui
1480 4842 1524 4895 is
1551 4847 1601 4897 et
1630 4860 1709 4899 so-

55 4930 320 4986 lemnibus
347 4931 713 4986 uestimentis.

113 5046 262 5117 (215)
294 5050 365 5101 In
396 5045 534 5102 cod.
564 5044 739 5101 Vind.
775 5044 857 5100 th.
889 5047 1014 5101 277.
1048 5061 1179 5102 saec.
1211 5062 1290 5100 xu
1321 5045 1407 5101 vel
1437 5063 1561 5115 xui,
1593 5048 1709 5104 alio

55 5133 142 5174 sea
153 5119 363 5174 uentis
393 5118 717 5174 adduntur.

158 5195 178 5244 t
205 5204 332 5260 non
346 5193 657 5260 peragatur
668 5188 940 5260 conclusio
958 5187 1451 5260 ;_item_benedictio
1471 5188 1710 5259 ejusdem

55 5260 149 5314 ilei
178 5279 199 5313 .-
231 5282 261 5308 ‹‹
296 5257 554 5315 Domine
582 5258 894 5331 quistudio
909 5258 1116 5331 salutis
1139 5257 1409 5331 humanae
1428 5257 1710 5318 creaturis

55 5330 160 5384 .uis
192 5331 317 5385 vim
379 5329 807 5385 benedictionis
838 5329 1126 5395 indidisti,
1158 5333 1221 5384 ut
1251 5330 1581 5386 animarum
1613 5351 1711 5389 n0-

55 5404 306 5457 itrarum
342 5400 833 5457 sanctiﬁcationis
866 5400 1089 5455 utilitas
1112 5405 1513 5457 creaturarum
1534 5402 1709 5459 etiam

55 5472 453 5544 :orporalium
482 5472 810 5544 ministerio
823 5471 1039 5544 nostris
1063 5471 1597 5544 salustemporibus
1619 5476 1713 5529 tri-

55 5542 362 5609 Jueretur;
398 5542 648 5614 infunde
679 5542 1390 5614 sanctificationemtuam
1411 5542 1544 5598 huic
1564 5544 1707 5614 oleo,

55 5620 106 5672 1t
135 5633 268 5688 quae
303 5613 548 5671 unxerit
576 5613 1080 5688 membra,t'ugati_s
1111 5612 1346 5688 insidiis
1372 5612 1711 5688 adversariae

55 5682 360 5762 potestatis
393 5685 764 5760 susceptione
794 5682 1096 5758 praesentis
1118 5682 1229 5742 olei
1250 5684 1503 5761 Spiritus
1525 5688 1711 5749 sancti

378 5813 651 5877 PATBOL.
696 5811 1069 5877 CXXXVIII.

1810 564 1879 620 ad
1921 564 2170 637 chrysma
2203 569 2255 619 et
2304 564 2373 620 ad
2420 567 2597 621 oleum
2644 567 3109 621 catecuminorum
3155 568 3462 625 consecrari

1809 654 2022 719 debent,
2055 657 2107 707 et
2131 654 2447 725 procedant,
2481 660 2531 711 et
2563 656 2817 711 ordinent
2844 672 2898 711 se
2938 655 3028 710 illi
3052 656 3376 728 presbyteri,
3410 660 3462 712 et

1805 744 2058 815 praedicti
2084 745 2273 799 clerici
2318 746 2425 800 rite
2454 750 2505 799 et
2552 745 2938 801 ordinabiliter
2988 746 3069 801 ita
3118 749 3177 799 ut
3218 746 3465 817 primum

1810 836 2092 890 ambulent
2120 836 2225 892 duo
2263 836 2453 892 acoliti
2495 853 2620 892 cum
2664 830 3007 891 candelabris
3057 839 3109 891 et
3145 834 3464 891 ardentibus

1810 926 2210 981 cereis.Deinde
2232 930 2523 998 portentur
2568 926 2688 982 tltltB
2734 943 2919 981 cruces
2946 930 2998 982 et
3028 926 3175 980 inter
3204 924 3329 981 illas
3357 940 3466 979 nic-

1809 1013 1960 1069 dium
1991 1015 2283 1072 chrismate
2311 1017 2510 1072 oleum.
2536 1017 2660 1071 Post
2703 1032 2793 1071 eas
2817 1019 3070 1087 portetur
3095 1015 3457 1084 euangelium,

1812 1109 1871 1160 ut
1904 1106 2199 1177 impleatur
2229 1122 2384 1162 omne
2436 1108 2654 1162 bonum.
2686 1108 2875 1162 Postea
2920 1110 3221 1178 sequantur
3263 1105 3383 1160 bini
3410 1108 3463 1160 et

1813 1196 1932 1251 bini
1962 1196 2050 1250 illi
2078 1196 2169 1250 XII
2212 1197 2520 1268 presbyteri
2550 1200 2787 1252 testes'et
2823 1201 3192 1267 cooperatores
3221 1195 3459 1267 ejusdem

1810 1287 2143 1341 sacrosancti
2168 1285 2478 1340 chrismatis
2507 1286 2779 1357 mysterii.
2806 1287 2948 1340 Tunc
2975 1301 3105 1341 uero
3133 1285 3460 1356 subsequan-

1813 1379 1904 1431 tur
1928 1376 2091 1446 pueri
2118 1377 2179 1429 in
2209 1374 2428 1431 laudem
2457 1376 2507 1447 ej
2515 1375 2695 1432 usdem
2724 1375 2977 1447 mysterii
3003 1376 3347 1430 concinentes
3367 1372 3461 1428 hos

1812 1481 2013 1520 υθνκυης.

1880 1553 2031 1609 Audi
2053 1554 2237 1625 judex
2268 1559 2631 1610 mortuorum
2664 1570 2781 1609 una
2810 1569 2944 1627 spes
2976 1552 3332 1609 mortalium.

1878 1641 2031 1698 Audi
2059 1659 2228 1725 voces
2259 1644 2656 1715 prol'erentum
2686 1643 2906 1699 donum
2938 1642 3094 1714 pacis
3126 1642 3423 1714 praevium.

1812 1739 1863 1798 ᾖ.
1897 1731 1940 1787 0
1974 1732 2327 1804 Redemptor
2350 1749 2517 1788 sume
2537 1748 2771 1787 carnem
2794 1736 2973 1789 temet
3003 1730 3455 1787 concinentium.

1811 1829 1859 1888 Si.
1899 1821 2087 1877 Arbor
2118 1820 2231 1876 feta
2260 1820 2417 1877 alma
2445 1819 2555 1877 lum
2586 1821 2693 1877 hoc
2724 1821 3079 1879 sacrandum
3110 1820 3369 1893 protulit.

1882 1913 2013 1966 Fert
2043 1911 2149 1966 hoc
2181 1928 2365 1983 prona
2412 1928 2696 1984 prensens
2728 1912 2900 1967 turba
2937 1911 3206 1967 salvatori
3241 1910 3457 1967 seaculi.

2023 2000 2066 2055 0
2100 2000 2469 2072 Redemptor.

1810 2095 1860 2154 ᾖ.
1903 2090 2076 2145 Stans
2107 2090 2180 2145 od
2210 2107 2372 2145 aram
2405 2090 2521 2145 imo
2553 2088 3103 2162 supplexinl’ulatus
3133 2089 3408 2162 pontifex.

1881 2178 2153 2235 Debitum
2184 2178 2460 2251 persolvit
2487 2195 2659 2235 omne
2688 2183 3024 2235 consecrato
3049 2179 3383 2235 chrismate.

2023 2268 2066 2324 0
2099 2268 2467 2341 Redemptor.

1809 2366 1859 2425 iv.
1901 2360 2253 2419 Consecrare
2282 2363 2343 2413 tu
2376 2358 2619 2431 dignare
2650 2358 2767 2414 Rex
2797 2358 3068 2429 perennis
3100 2357 3318 2431 gloriae.

1881 2449 1995 2505 Hoc
2026 2447 2242 2504 olivum
2260 2448 2498 2521 signum
2518 2447 2710 2504 vivum
2727 2448 2867 2519 jura
2883 2452 3084 2504 contra
3098 2449 3453 2504 daemonum.

2022 2539 2065 2594 0
2096 2539 2463 2611 Redemptor.

1809 2634 1858 2693 it.
1900 2628 1973 2684 Ut
2002 2634 2243 2684 novetur
2271 2644 2446 2684 sexus
2477 2627 2670 2683 omnis
2702 2626 2971 2683 unctione
3001 2626 3372 2700 chrysmatis.

1880 2718 1947 2772 Et
1978 2719 2239 2773 medetur
2269 2718 2531 2774 sauciata
2560 2717 2863 2791 dignitatis
2892 2714 3095 2790 gloria.

2020 2808 2063 2863 0
2096 2809 2462 2882 Redemptor.

1806 2901 1857 2963 ᾖ.
1902 2899 2044 2953 Lota
2073 2902 2266 2954 mente
2295 2915 2457 2954 sacro
2488 2898 2643 2955 fonte
2673 2898 3030 2970 aul’ugantur
3068 2897 3334 2954 erimina.

1880 2987 2062 3043 Uncta
2093 2988 2247 3043 fonte
2277 2992 2647 3044 sacrosancta
2677 2988 2885 3044 influat
2913 2987 3245 3044 carismata.

2018 3078 2061 3133 0
2092 3077 2459 3149 Redemptor.

1876 3167 2055 3222 Corde
2087 3171 2260 3222 natus
2289 3182 2357 3222 ex
2386 3169 2643 3239 parentis
2673 3165 2867 3222 alvum
2886 3166 3138 3241 implens
3166 3167 3445 3241 Virginis.

1877 3256 2094 3311 Praesta
2123 3256 2311 3311 lucem
2343 3255 2547 3312 claude
2579 3260 2823 3312 mortem
2854 3256 3191 3314 chrismatis
3221 3274 3451 3313 consor-

2019 3346 2062 3401 Ο
2094 3346 2461 3418 Redemptor.
3245 3347 3445 3418 [tibus

1877 3435 1964 3490 Sit
1993 3436 2118 3490 dies
2150 3435 2268 3489 hinc
2300 3436 2447 3491 festa
2474 3435 2643 3491 nobis
2673 3434 3018 3491 saeculorum
3058 3436 3306 3493 saeculis.

1879 3525 1967 3580 Sit
1996 3529 2225 3579 sacrata
2251 3523 2429 3598 digna
2460 3523 2630 3580 laude
2663 3540 2763 3580 nec
2795 3529 3062 3582 senescat
3098 3529 3376 3598 tempore.

2021 3612 2065 3667 Ο
2096 3611 2463 3684 Redemptor.

1885 3703 2232 3759 Venientibus
2260 3706 2444 3757 autem
2471 3703 2654 3758 eodem
2675 3703 2864 3759 ordine
2894 3705 2954 3759 in
2981 3705 3203 3760 chorum
3234 3708 3285 3760 et
3305 3708 3453 3760 stan-

1810 3793 1953 3847 tibus
1983 3793 2051 3847 ad
2079 3793 2346 3847 orientem
2391 3793 2558 3847 uersis
2602 3794 2943 3866 versibusque
2970 3795 3147 3866 ﬁnitis
3176 3794 3454 3849 interdum

1808 3883 2065 3939 ordinent
2109 3899 2165 3938 se
2194 3883 2435 3947 lectores,
2470 3883 2741 3948 hostiarii,
2788 3885 3006 3940 accoliti
3035 3888 3087 3940 et
3114 3885 3449 3949 subdiaconi,

1809 3976 1861 4028 et
1889 3975 2031 4028 stent
2060 3974 2121 4027 in
2150 3971 2339 4027 ordine
2383 3988 2478 4027 suo
2523 3973 2818 4028 secundum
2865 3991 3050 4030 eorum
3078 3975 3326 4046 gradum,
3359 3975 3456 4030 ubi

1809 4061 2123 4116 ascenditur
2146 4062 2215 4116 ad
2243 4063 2423 4118 altare
2470 4064 2631 4127 tanti,
2681 4067 2743 4118 ut
2786 4064 3146 4120 subdiaconus
3172 4066 3245 4120 sit
3271 4068 3456 4119 sextus

1811 4152 1869 4205 in
1900 4152 2254 4206 eminentiori
2283 4153 2412 4216 loco,
2446 4157 2500 4207 et
2536 4153 2705 4223 juxta
2754 4170 2878 4207 eum
2915 4153 3332 4209 archidiaconus
3360 4154 3457 4224 qui

1813 4239 2041 4309 legebat,
2073 4243 2127 4293 et
2156 4240 2235 4294 ita
2282 4242 2586 4296 involutam
2631 4243 2937 4312 ampullam
2980 4242 3333 4312 suscipientes
3357 4257 3459 4312 per

1813 4328 2059 4383 ordinem
2088 4332 2149 4382 ut
2177 4330 2451 4383 ascendat.
2475 4332 2539 4384 Et
2579 4335 2637 4384 ut
2663 4332 2975 4401 pervenerit
3020 4329 3089 4383 ad
3117 4329 3457 4385 archidiaco-

1811 4417 2073 4482 num,ille
2094 4418 2339 4487 perferat
2368 4434 2489 4472 eam
2520 4419 2600 4472 ita
2630 4419 2930 4474 involutam
2969 4424 3099 4474 ante
3122 4420 3455 4490 pontiﬁcem.

1816 4507 2041 4561 Interim
2072 4496 2257 4560 autem
2304 4522 2445 4560 unus
2488 4506 2847 4562 subdiaconus
2890 4508 3139 4579 deferens
3184 4508 3459 4563 vasculum

1813 4613 1936 4651 cum
1967 4596 2205 4651 balsamo
2234 4596 2339 4650 alii
2365 4595 2591 4651 diacono
2620 4601 2672 4652 et
2705 4596 2800 4652 ille
2824 4599 3091 4669 pontifici.

1888 4687 2030 4740 Tunc
2057 4685 2383 4740 ordinentur
2426 4687 2571 4742 circa
2618 4688 2923 4759 episcopum
2970 4688 3099 4743 hinc
3142 4692 3306 4759 atque
3334 4688 3461 4744 hinc

1816 4775 2001 4831 eadem
2029 4774 2358 4829 candelabra
2405 4780 2457 4830 et
2501 4791 2684 4831 cruces
2712 4781 2765 4832 et
2794 4777 3075 4833 thuribula
3105 4783 3266 4851 atque
3294 4797 3458 4837 evan-

1814 4866 2039 4935 gelium.
2071 4864 2285 4919 Necnon
2336 4869 2387 4918 et
2429 4865 2680 4936 przedicti
2728 4867 3036 4939 presbyteri
3088 4870 3181 4923 XII
3224 4875 3381 4927 testes
3409 4878 3461 4929 et

1858 4979 2004 5034 ralia
2032 4978 2308 5034 salutaris
2338 4979 2695 5035 debilitatem
2726 4997 2795 5036 ex
2838 4980 3056 5050 ellat,et
3077 4983 3308 5056 plenam
3332 5004 3463 5044 con-

1817 4997 1964 5105 Ig‘erat
1993 5050 2333 5105 sosnitatem
2389 5049 2448 5104 in
2507 5051 2742 5105 nomine
2798 4998 3030 5105 Bomini
3089 5056 3269 5105 nostri
3318 5058 3456 5105 ,Ιρςιιι

1841 5049 1964 5106 erat
1993 5050 2333 5122 sospitatem
2389 5049 2448 5104 in
2507 5051 2742 5107 nomine
2798 5049 3031 5110 Domini
3077 5049 3273 5112 nostri
3318 5058 3461 5117 Jesu

1817 5122 2115 5202 (inrisum)
2160 5124 2227 5202 Iit
2266 5138 2375 5202 non
2414 5126 2713 5202 peragatur
2755 5126 3044 5202 conclusio.
3097 5127 3239 5184 Item
3284 5130 3461 5186 bene-

1817 5194 1994 5272 dictio
2024 5193 2288 5265 ejusdem
2315 5192 2530 5272 _olei_ad
2552 5209 2795 5272 omnem
2826 5195 3168 5272 languorem
3197 5215 3463 5272 quocun-

1819 5282 1931 5337 que
1962 5264 2240 5337 tempore,
2273 5268 2326 5319 et
2354 5264 2511 5320 nulla
2539 5267 2597 5320 in
2627 5265 2790 5337 hujus
2817 5264 3316 5329 olei'benedictione
3342 5289 3465 5329 con-

1818 5336 1988 5414 clusio
2034 5336 2251 5414 dicatur
2291 5340 2583 5414 antequam
2626 5336 3023 5414 subinferatur.
3072 5366 3100 5394 »
3142 5343 3248 5399 Per
3289 5359 3464 5414 quem

1820 5408 1942 5482 haec
1972 5405 2457 5482 omnia,Domiiie,
2491 5425 2721 5482 semper
2766 5405 2919 5467 bona
2948 5431 3122 5471 creas.
3136 5418 3201 5468 In
3231 5405 3330 5468 tuo
3362 5429 3465 5482 nee

1823 5479 1996 5552 mine,
2030 5478 2184 5552 Deus
2213 5476 2381 5552 Pater
2423 5476 2813 5552 omnipotens,
2845 5488 2901 5539 et
2945 5485 3084 5541 Jesu
3116 5482 3328 5541 Christi
3361 5481 3466 5537 ﬁlii

1820 5550 1906 5634 tui
1938 5548 2171 5634 Domini
2202 5548 2385 5604 nostri
2417 5548 2661 5634 signo—et
2681 5553 2741 5634 in
2761 5548 2973 5611 virtute
2995 5553 3468 5634 Sp_i_ritus_sancti

1819 5620 1972 5677 hanc
2014 5625 2341 5678 creaturam
2389 5620 2500 5682 olei
2546 5624 2963 5684 exorcizamus.
2994 5620 3160 5686 »Ἠίο
3203 5625 3468 5685 dicatur:

1823 5714 1851 5747 ‹‹
1883 5692 1992 5752 Per
2023 5708 2219 5769 quem,
2254 5714 2284 5745 ››
2314 5696 2414 5754 etc.

3076 5825 3156 5894 3%
