  <div class='ocr_page' id='page_1' title='image "/cluster/home/n/w/nwhite01/storage/ocr_20150623/138/uva.x000829786/543.png"; bbox 0 0 3892 6212; ppageno 0'>
   <div class='ocr_carea' id='block_1_1' title="bbox 387 325 595 438">
    <p class='ocr_par' dir='ltr' id='par_1_1' title="bbox 387 325 595 438">
     <span class='ocr_line' id='line_1_1' title="bbox 387 325 595 438; baseline -0.01 0"><span class='ocrx_word' id='word_1_1' title='bbox 387 377 539 438; x_wconf 78' lang='grc'><strong><em>1067</em></strong></span> <span class='ocrx_word' id='word_1_2' title='bbox 577 325 595 344; x_wconf 36' lang='grc' dir='ltr'>α</span> 
     </span>
    </p>
   </div>
   <div class='ocr_carea' id='block_1_2' title="bbox 1170 370 3001 442">
    <p class='ocr_par' dir='ltr' id='par_1_2' title="bbox 1170 370 3001 442">
     <span class='ocr_line' id='line_1_2' title="bbox 1170 370 3001 442; baseline 0.001 -6"><span class='ocrx_word' id='word_1_3' title='bbox 1170 376 1503 436; x_wconf 81' lang='lat' dir='ltr'><strong><em>APPEND.</em></strong></span> <span class='ocrx_word' id='word_1_4' title='bbox 1550 375 1649 436; x_wconf 87' lang='lat' dir='ltr'><strong><em>AD</em></strong></span> <span class='ocrx_word' id='word_1_5' title='bbox 1695 373 1880 435; x_wconf 64' lang='lat' dir='ltr'><strong><em>SEO.</em></strong></span> <span class='ocrx_word' id='word_1_6' title='bbox 1927 373 1998 432; x_wconf 89' lang='lat' dir='ltr'><strong><em>X.</em></strong></span> <span class='ocrx_word' id='word_1_7' title='bbox 2034 407 2110 415; x_wconf 90' lang='lat'><strong>—</strong></span> <span class='ocrx_word' id='word_1_8' title='bbox 2144 370 2644 439; x_wconf 83' lang='lat' dir='ltr'><strong><em>MONUMENTA</em></strong></span> <span class='ocrx_word' id='word_1_9' title='bbox 2688 379 3001 442; x_wconf 80' lang='lat' dir='ltr'><strong><em>LITURG.</em></strong></span> 
     </span>
    </p>
   </div>
   <div class='ocr_carea' id='block_1_3' title="bbox 3686 378 3823 437">
    <p class='ocr_par' dir='ltr' id='par_1_3' title="bbox 3686 378 3823 437">
     <span class='ocr_line' id='line_1_3' title="bbox 3686 378 3823 437; baseline -0.022 0"><span class='ocrx_word' id='word_1_10' title='bbox 3686 378 3757 437; x_wconf 73' lang='grc'><strong><em>1(</em></strong></span> <span class='ocrx_word' id='word_1_11' title='bbox 3758 380 3823 435; x_wconf 57' lang='grc' dir='ltr'><strong><em>ίμό</em></strong></span> 
     </span>
    </p>
   </div>
   <div class='ocr_carea' id='block_1_4' title="bbox 382 505 3824 585">
    <p class='ocr_par' dir='ltr' id='par_1_4' title="bbox 382 505 3824 585">
     <span class='ocr_line' id='line_1_4' title="bbox 382 505 3824 585; baseline -0.001 -16"><span class='ocrx_word' id='word_1_12' title='bbox 382 513 658 585; x_wconf 77' lang='lat' dir='ltr'><strong><em>adjutores</em></strong></span> <span class='ocrx_word' id='word_1_13' title='bbox 687 509 925 583; x_wconf 85' lang='lat' dir='ltr'><strong><em>ejusdem</em></strong></span> <span class='ocrx_word' id='word_1_14' title='bbox 972 510 1244 581; x_wconf 81' lang='lat' dir='ltr'><strong><em>mysterii,</em></strong></span> <span class='ocrx_word' id='word_1_15' title='bbox 1286 513 1367 564; x_wconf 88' lang='lat' dir='ltr'><strong><em>ita</em></strong></span> <span class='ocrx_word' id='word_1_16' title='bbox 1396 512 1458 563; x_wconf 90' lang='lat' dir='ltr'><strong><em>ut</em></strong></span> <span class='ocrx_word' id='word_1_17' title='bbox 1502 508 1723 563; x_wconf 88' lang='lat' dir='ltr'><strong><em>diaconi</em></strong></span> <span class='ocrx_word' id='word_1_18' title='bbox 1749 512 1893 562; x_wconf 88' lang='lat' dir='ltr'><strong><em>stent</em></strong></span> <span class='ocrx_word' id='word_1_19' title='bbox 1917 511 2037 578; x_wconf 88' lang='lat' dir='ltr'><strong><em>post</em></strong></span> <span class='ocrx_word' id='word_1_20' title='bbox 2066 508 2121 572; x_wconf 81' lang='grc' dir='ltr'><strong>Α</strong></span> <span class='ocrx_word' id='word_1_21' title='bbox 2153 505 2530 577; x_wconf 82' lang='lat' dir='ltr'><strong><em>adjutorium.</em></strong></span> <span class='ocrx_word' id='word_1_22' title='bbox 2566 510 2668 565; x_wconf 89' lang='lat' dir='ltr'><strong><em>Sed</em></strong></span> <span class='ocrx_word' id='word_1_23' title='bbox 2687 512 2900 583; x_wconf 81' lang='lat' dir='ltr'><strong><em>antiph.</em></strong></span> <span class='ocrx_word' id='word_1_24' title='bbox 2932 510 3182 568; x_wconf 83' lang='lat' dir='ltr'><strong><em>Calicem</em></strong></span> <span class='ocrx_word' id='word_1_25' title='bbox 3214 510 3531 567; x_wconf 85' lang='lat' dir='ltr'><strong><em>salutaris.</em></strong></span> <span class='ocrx_word' id='word_1_26' title='bbox 3572 511 3676 566; x_wconf 81' lang='lat' dir='ltr'><strong><em>Ps.</em></strong></span> <span class='ocrx_word' id='word_1_27' title='bbox 3711 512 3824 567; x_wconf 79' lang='lat' dir='ltr'><strong><em>Cre-</em></strong></span> 
     </span>
    </p>
   </div>
   <div class='ocr_carea' id='block_1_5' title="bbox 382 597 2034 672">
    <p class='ocr_par' dir='ltr' id='par_1_5' title="bbox 382 597 2034 672">
     <span class='ocr_line' id='line_1_5' title="bbox 382 597 2034 672; baseline -0.006 -14"><span class='ocrx_word' id='word_1_28' title='bbox 382 603 600 658; x_wconf 89' lang='lat' dir='ltr'><strong><em>dorsum</em></strong></span> <span class='ocrx_word' id='word_1_29' title='bbox 636 601 888 672; x_wconf 88' lang='lat' dir='ltr'><strong><em>episcopi,</em></strong></span> <span class='ocrx_word' id='word_1_30' title='bbox 917 600 1225 672; x_wconf 78' lang='lat' dir='ltr'><strong><em>presbyteri</em></strong></span> <span class='ocrx_word' id='word_1_31' title='bbox 1254 616 1377 655; x_wconf 85' lang='lat' dir='ltr'><strong><em>vero</em></strong></span> <span class='ocrx_word' id='word_1_32' title='bbox 1398 617 1440 653; x_wconf 88' lang='grc' dir='ltr'><em>ἀ</em></span> <span class='ocrx_word' id='word_1_33' title='bbox 1467 599 1677 653; x_wconf 70' lang='lat' dir='ltr'><strong><em>death-is</em></strong></span> <span class='ocrx_word' id='word_1_34' title='bbox 1722 602 1774 652; x_wconf 88' lang='lat' dir='ltr'><strong><em>et</em></strong></span> <span class='ocrx_word' id='word_1_35' title='bbox 1802 615 1839 652; x_wconf 89' lang='lat' dir='ltr'><strong><em>a</em></strong></span> <span class='ocrx_word' id='word_1_36' title='bbox 1864 597 2034 651; x_wconf 87' lang='lat' dir='ltr'><strong><em>sinis-</em></strong></span> 
     </span>
    </p>
   </div>
   <div class='ocr_carea' id='block_1_6' title="bbox 382 686 2029 760">
    <p class='ocr_par' dir='ltr' id='par_1_6' title="bbox 382 686 2029 760">
     <span class='ocr_line' id='line_1_6' title="bbox 382 686 2029 760; baseline -0.004 -13"><span class='ocrx_word' id='word_1_37' title='bbox 382 692 504 747; x_wconf 84' lang='lat' dir='ltr'><strong><em>tris.</em></strong></span> <span class='ocrx_word' id='word_1_38' title='bbox 539 692 734 746; x_wconf 83' lang='lat' dir='ltr'><strong><em>Cruces</em></strong></span> <span class='ocrx_word' id='word_1_39' title='bbox 762 706 889 745; x_wconf 87' lang='lat' dir='ltr'><strong><em>vero</em></strong></span> <span class='ocrx_word' id='word_1_40' title='bbox 917 694 971 746; x_wconf 92' lang='lat' dir='ltr'><strong><em>et</em></strong></span> <span class='ocrx_word' id='word_1_41' title='bbox 1000 694 1197 744; x_wconf 57' lang='lat' dir='ltr'><strong><em>cetera</em></strong></span> <span class='ocrx_word' id='word_1_42' title='bbox 1224 691 1485 760; x_wconf 69' lang='lat' dir='ltr'><strong><em>utrinque</em></strong></span> <span class='ocrx_word' id='word_1_43' title='bbox 1514 689 1660 742; x_wconf 85' lang='lat' dir='ltr'><strong><em>inter</em></strong></span> <span class='ocrx_word' id='word_1_44' title='bbox 1679 689 1803 742; x_wconf 88' lang='lat' dir='ltr'><strong><em>illos</em></strong></span> <span class='ocrx_word' id='word_1_45' title='bbox 1828 686 2029 741; x_wconf 89' lang='lat' dir='ltr'><strong><em>media.</em></strong></span> 
     </span>
    </p>
   </div>
   <div class='ocr_carea' id='block_1_7' title="bbox 379 777 2037 849">
    <p class='ocr_par' dir='ltr' id='par_1_7' title="bbox 379 777 2037 849">
     <span class='ocr_line' id='line_1_7' title="bbox 379 777 2037 849; baseline -0.004 -12"><span class='ocrx_word' id='word_1_46' title='bbox 379 780 475 837; x_wconf 83' lang='lat' dir='ltr'><strong><em>His</em></strong></span> <span class='ocrx_word' id='word_1_47' title='bbox 504 781 587 834; x_wconf 91' lang='lat' dir='ltr'><strong><em>ita</em></strong></span> <span class='ocrx_word' id='word_1_48' title='bbox 616 780 926 835; x_wconf 65' lang='lat' dir='ltr'><strong><em>constitutis</em></strong></span> <span class='ocrx_word' id='word_1_49' title='bbox 973 782 1251 835; x_wconf 86' lang='lat' dir='ltr'><strong><em>convertat</em></strong></span> <span class='ocrx_word' id='word_1_50' title='bbox 1291 795 1346 833; x_wconf 84' lang='lat' dir='ltr'><strong><em>se</em></strong></span> <span class='ocrx_word' id='word_1_51' title='bbox 1393 778 1668 849; x_wconf 85' lang='lat' dir='ltr'><strong><em>episcopus</em></strong></span> <span class='ocrx_word' id='word_1_52' title='bbox 1696 781 1794 832; x_wconf 86' lang='lat' dir='ltr'><strong><em>aut</em></strong></span> <span class='ocrx_word' id='word_1_53' title='bbox 1820 778 1912 831; x_wconf 87' lang='lat' dir='ltr'><strong><em>cui</em></strong></span> <span class='ocrx_word' id='word_1_54' title='bbox 1940 777 2037 831; x_wconf 86' lang='lat' dir='ltr'><strong><em>ille</em></strong></span> 
     </span>
    </p>
   </div>
   <div class='ocr_carea' id='block_1_8' title="bbox 378 867 2036 941">
    <p class='ocr_par' dir='ltr' id='par_1_8' title="bbox 378 867 2036 941">
     <span class='ocr_line' id='line_1_8' title="bbox 378 867 2036 941; baseline -0.002 -17"><span class='ocrx_word' id='word_1_55' title='bbox 378 870 707 941; x_wconf 66' lang='lat' dir='ltr'><strong><em>praeceperit</em></strong></span> <span class='ocrx_word' id='word_1_56' title='bbox 736 872 849 923; x_wconf 88' lang='lat' dir='ltr'><strong><em>tam</em></strong></span> <span class='ocrx_word' id='word_1_57' title='bbox 878 868 948 923; x_wconf 85' lang='lat' dir='ltr'><strong><em>ad</em></strong></span> <span class='ocrx_word' id='word_1_58' title='bbox 976 869 1183 923; x_wconf 87' lang='lat' dir='ltr'><strong><em>clerum</em></strong></span> <span class='ocrx_word' id='word_1_59' title='bbox 1212 884 1376 940; x_wconf 89' lang='lat' dir='ltr'><strong><em>quam</em></strong></span> <span class='ocrx_word' id='word_1_60' title='bbox 1404 867 1474 922; x_wconf 90' lang='lat' dir='ltr'><strong><em>ad</em></strong></span> <span class='ocrx_word' id='word_1_61' title='bbox 1498 867 1839 938; x_wconf 86' lang='lat' dir='ltr'><strong><em>populum,et</em></strong></span> <span class='ocrx_word' id='word_1_62' title='bbox 1864 867 2036 936; x_wconf 88' lang='lat' dir='ltr'><strong><em>faciat</em></strong></span> 
     </span>
    </p>
   </div>
   <div class='ocr_carea' id='block_1_9' title="bbox 380 957 2032 1028">
    <p class='ocr_par' dir='ltr' id='par_1_9' title="bbox 380 957 2032 1028">
     <span class='ocr_line' id='line_1_9' title="bbox 380 957 2032 1028; baseline -0.001 -18"><span class='ocrx_word' id='word_1_63' title='bbox 380 972 683 1012; x_wconf 77' lang='lat' dir='ltr'><strong><em>sermonem</em></strong></span> <span class='ocrx_word' id='word_1_64' title='bbox 737 957 805 1012; x_wconf 89' lang='lat' dir='ltr'><strong><em>de</em></strong></span> <span class='ocrx_word' id='word_1_65' title='bbox 858 958 1193 1028; x_wconf 78' lang='lat' dir='ltr'><strong><em>confectione</em></strong></span> <span class='ocrx_word' id='word_1_66' title='bbox 1246 957 1573 1028; x_wconf 83' lang='lat' dir='ltr'><strong><em>chrysmatis</em></strong></span> <span class='ocrx_word' id='word_1_67' title='bbox 1626 960 2032 1025; x_wconf 76' lang='lat' dir='ltr'><strong><em>congruentem.</em></strong></span> 
     </span>
    </p>
   </div>
   <div class='ocr_carea' id='block_1_10' title="bbox 381 1045 2037 1111">
    <p class='ocr_par' dir='ltr' id='par_1_10' title="bbox 381 1045 2037 1111">
     <span class='ocr_line' id='line_1_10' title="bbox 381 1045 2037 1111; baseline -0.001 -11"><span class='ocrx_word' id='word_1_68' title='bbox 381 1045 589 1101; x_wconf 82' lang='lat' dir='ltr'><strong><em>Deinde</em></strong></span> <span class='ocrx_word' id='word_1_69' title='bbox 614 1050 894 1101; x_wconf 84' lang='lat' dir='ltr'><strong><em>convertat</em></strong></span> <span class='ocrx_word' id='word_1_70' title='bbox 920 1062 977 1101; x_wconf 91' lang='lat' dir='ltr'><strong><em>se</em></strong></span> <span class='ocrx_word' id='word_1_71' title='bbox 1022 1045 1093 1100; x_wconf 88' lang='lat' dir='ltr'><strong><em>ad</em></strong></span> <span class='ocrx_word' id='word_1_72' title='bbox 1138 1046 1437 1111; x_wconf 80' lang='lat' dir='ltr'><strong><em>Orientem,</em></strong></span> <span class='ocrx_word' id='word_1_73' title='bbox 1470 1049 1523 1099; x_wconf 89' lang='lat' dir='ltr'><strong><em>et</em></strong></span> <span class='ocrx_word' id='word_1_74' title='bbox 1569 1046 1739 1099; x_wconf 82' lang='lat' dir='ltr'><strong><em>intret</em></strong></span> <span class='ocrx_word' id='word_1_75' title='bbox 1769 1046 1829 1098; x_wconf 88' lang='lat' dir='ltr'><strong><em>in</em></strong></span> <span class='ocrx_word' id='word_1_76' title='bbox 1858 1060 2037 1099; x_wconf 83' lang='lat' dir='ltr'><strong><em>conse-</em></strong></span> 
     </span>
    </p>
   </div>
   <div class='ocr_carea' id='block_1_11' title="bbox 381 1135 2038 1206">
    <p class='ocr_par' dir='ltr' id='par_1_11' title="bbox 381 1135 2038 1206">
     <span class='ocr_line' id='line_1_11' title="bbox 381 1135 2038 1206; baseline -0.002 -16"><span class='ocrx_word' id='word_1_77' title='bbox 381 1136 651 1190; x_wconf 80' lang='lat' dir='ltr'><strong><em>cutionem</em></strong></span> <span class='ocrx_word' id='word_1_78' title='bbox 701 1135 1030 1206; x_wconf 80' lang='lat' dir='ltr'><strong><em>principalis</em></strong></span> <span class='ocrx_word' id='word_1_79' title='bbox 1074 1135 1425 1206; x_wconf 82' lang='lat' dir='ltr'><strong><em>chrysmatis.</em></strong></span> <span class='ocrx_word' id='word_1_80' title='bbox 1460 1137 1525 1189; x_wconf 86' lang='lat' dir='ltr'><strong><em>Et</em></strong></span> <span class='ocrx_word' id='word_1_81' title='bbox 1576 1135 1759 1205; x_wconf 89' lang='lat' dir='ltr'><strong><em>primo</em></strong></span> <span class='ocrx_word' id='word_1_82' title='bbox 1812 1135 2038 1187; x_wconf 84' lang='lat' dir='ltr'><strong><em>misceat</em></strong></span> 
     </span>
    </p>
   </div>
   <div class='ocr_carea' id='block_1_12' title="bbox 384 1223 2038 1295">
    <p class='ocr_par' dir='ltr' id='par_1_12' title="bbox 384 1223 2038 1295">
     <span class='ocr_line' id='line_1_12' title="bbox 384 1223 2038 1295; baseline -0.002 -17"><span class='ocrx_word' id='word_1_83' title='bbox 384 1224 686 1278; x_wconf 82' lang='lat' dir='ltr'><strong><em>balsamum</em></strong></span> <span class='ocrx_word' id='word_1_84' title='bbox 713 1240 837 1278; x_wconf 88' lang='lat' dir='ltr'><strong><em>cum</em></strong></span> <span class='ocrx_word' id='word_1_85' title='bbox 865 1225 999 1289; x_wconf 88' lang='lat' dir='ltr'><strong><em>oleo,</em></strong></span> <span class='ocrx_word' id='word_1_86' title='bbox 1032 1223 1230 1278; x_wconf 88' lang='lat' dir='ltr'><strong><em>deinde</em></strong></span> <span class='ocrx_word' id='word_1_87' title='bbox 1261 1224 1415 1279; x_wconf 87' lang='lat' dir='ltr'><strong><em>halat</em></strong></span> <span class='ocrx_word' id='word_1_88' title='bbox 1446 1228 1529 1279; x_wconf 90' lang='lat' dir='ltr'><strong><em>ter</em></strong></span> <span class='ocrx_word' id='word_1_89' title='bbox 1547 1240 1711 1295; x_wconf 82' lang='lat' dir='ltr'><strong><em>super</em></strong></span> <span class='ocrx_word' id='word_1_90' title='bbox 1739 1223 1895 1277; x_wconf 85' lang='lat' dir='ltr'><strong><em>illam</em></strong></span> <span class='ocrx_word' id='word_1_91' title='bbox 1926 1238 2038 1276; x_wconf 85' lang='lat' dir='ltr'><strong><em>am-</em></strong></span> 
     </span>
    </p>
   </div>
   <div class='ocr_carea' id='block_1_13' title="bbox 376 1313 1256 1384">
    <p class='ocr_par' dir='ltr' id='par_1_13' title="bbox 376 1313 1256 1384">
     <span class='ocr_line' id='line_1_13' title="bbox 376 1313 1256 1384; baseline 0 -17"><span class='ocrx_word' id='word_1_92' title='bbox 376 1313 613 1384; x_wconf 86' lang='lat' dir='ltr'><strong><em>pullam,</em></strong></span> <span class='ocrx_word' id='word_1_93' title='bbox 644 1316 697 1367; x_wconf 90' lang='lat' dir='ltr'><strong><em>et</em></strong></span> <span class='ocrx_word' id='word_1_94' title='bbox 725 1313 871 1368; x_wconf 88' lang='lat' dir='ltr'><strong><em>dicat</em></strong></span> <span class='ocrx_word' id='word_1_95' title='bbox 901 1314 1051 1368; x_wconf 87' lang='lat' dir='ltr'><strong><em>lenta</em></strong></span> <span class='ocrx_word' id='word_1_96' title='bbox 1083 1329 1205 1367; x_wconf 82' lang='lat' dir='ltr'><strong><em>voce</em></strong></span> <span class='ocrx_word' id='word_1_97' title='bbox 1233 1332 1256 1367; x_wconf 88' lang='grc'><strong><em>.·</em></strong></span> 
     </span>
    </p>
   </div>
   <div class='ocr_carea' id='block_1_14' title="bbox 455 1399 2037 1473">
    <p class='ocr_par' dir='ltr' id='par_1_14' title="bbox 455 1399 2037 1473">
     <span class='ocr_line' id='line_1_14' title="bbox 455 1399 2037 1473; baseline 0 -18"><span class='ocrx_word' id='word_1_98' title='bbox 455 1401 723 1456; x_wconf 83' lang='lat' dir='ltr'><strong><em>Exorcizo</em></strong></span> <span class='ocrx_word' id='word_1_99' title='bbox 752 1404 809 1455; x_wconf 87' lang='lat' dir='ltr'><strong><em>te</em></strong></span> <span class='ocrx_word' id='word_1_100' title='bbox 838 1405 1106 1456; x_wconf 78' lang='lat' dir='ltr'><strong><em>creatura</em></strong></span> <span class='ocrx_word' id='word_1_101' title='bbox 1134 1399 1247 1455; x_wconf 89' lang='lat' dir='ltr'><strong><em>olei</em></strong></span> <span class='ocrx_word' id='word_1_102' title='bbox 1296 1418 1400 1473; x_wconf 88' lang='lat' dir='ltr'><strong><em>per</em></strong></span> <span class='ocrx_word' id='word_1_103' title='bbox 1438 1401 1620 1456; x_wconf 89' lang='lat' dir='ltr'><strong><em>Deum</em></strong></span> <span class='ocrx_word' id='word_1_104' title='bbox 1654 1402 1881 1456; x_wconf 82' lang='lat' dir='ltr'><strong><em>Patrem</em></strong></span> <span class='ocrx_word' id='word_1_105' title='bbox 1912 1417 2037 1455; x_wconf 84' lang='lat' dir='ltr'><strong><em>om-</em></strong></span> 
     </span>
    </p>
   </div>
   <div class='ocr_carea' id='block_1_15' title="bbox 382 1490 2039 1563">
    <p class='ocr_par' dir='ltr' id='par_1_15' title="bbox 382 1490 2039 1563">
     <span class='ocr_line' id='line_1_15' title="bbox 382 1490 2039 1563; baseline 0.001 -18"><span class='ocrx_word' id='word_1_106' title='bbox 382 1490 763 1563; x_wconf 88' lang='lat' dir='ltr'><strong><em>nipotentem,</em></strong></span> <span class='ocrx_word' id='word_1_107' title='bbox 796 1494 905 1544; x_wconf 91' lang='lat' dir='ltr'><strong><em>etc.</em></strong></span> <span class='ocrx_word' id='word_1_108' title='bbox 940 1494 1023 1557; x_wconf 89' lang='lat' dir='ltr'><strong><em>(ut</em></strong></span> <span class='ocrx_word' id='word_1_109' title='bbox 1055 1494 1184 1545; x_wconf 90' lang='lat' dir='ltr'><strong><em>tom.</em></strong></span> <span class='ocrx_word' id='word_1_110' title='bbox 1218 1491 1258 1544; x_wconf 91' lang='lat' dir='ltr'><strong><em>I.</em></strong></span> <span class='ocrx_word' id='word_1_111' title='bbox 1294 1492 1433 1546; x_wconf 82' lang='lat' dir='ltr'><strong><em>Men.</em></strong></span> <span class='ocrx_word' id='word_1_112' title='bbox 1462 1508 1519 1561; x_wconf 91' lang='lat' dir='ltr'><strong><em>p.</em></strong></span> <span class='ocrx_word' id='word_1_113' title='bbox 1551 1490 1664 1561; x_wconf 70' lang='lat'><strong><em>7/1.)</em></strong></span> <span class='ocrx_word' id='word_1_114' title='bbox 1707 1495 1814 1545; x_wconf 90' lang='lat' dir='ltr'><strong><em>Per</em></strong></span> <span class='ocrx_word' id='word_1_115' title='bbox 1842 1490 2039 1546; x_wconf 85' lang='lat' dir='ltr'><strong><em>omnia</em></strong></span> 
     </span>
    </p>
   </div>
   <div class='ocr_carea' id='block_1_16' title="bbox 383 1576 2037 1635">
    <p class='ocr_par' dir='ltr' id='par_1_16' title="bbox 383 1576 2037 1635">
     <span class='ocr_line' id='line_1_16' title="bbox 383 1576 2037 1635; baseline 0.001 -2"><span class='ocrx_word' id='word_1_116' title='bbox 383 1577 597 1633; x_wconf 60' lang='lat' dir='ltr'><strong><em>saecula</em></strong></span> <span class='ocrx_word' id='word_1_117' title='bbox 626 1576 995 1633; x_wconf 63' lang='lat' dir='ltr'><strong><em>seculorum.</em></strong></span> <span class='ocrx_word' id='word_1_118' title='bbox 1029 1580 1233 1633; x_wconf 85' lang='lat' dir='ltr'><strong><em>Amen.</em></strong></span> <span class='ocrx_word' id='word_1_119' title='bbox 1268 1578 1554 1634; x_wconf 82' lang='lat' dir='ltr'><strong><em>Dominus</em></strong></span> <span class='ocrx_word' id='word_1_120' title='bbox 1581 1579 1876 1635; x_wconf 84' lang='lat' dir='ltr'><strong><em>vobisc.Et</em></strong></span> <span class='ocrx_word' id='word_1_121' title='bbox 1905 1597 2037 1635; x_wconf 90' lang='lat' dir='ltr'><strong><em>cum</em></strong></span> 
     </span>
    </p>
   </div>
   <div class='ocr_carea' id='block_1_17' title="bbox 384 1666 2037 1739">
    <p class='ocr_par' dir='ltr' id='par_1_17' title="bbox 384 1666 2037 1739">
     <span class='ocr_line' id='line_1_17' title="bbox 384 1666 2037 1739; baseline 0.001 -17"><span class='ocrx_word' id='word_1_122' title='bbox 384 1666 599 1739; x_wconf 79' lang='lat' dir='ltr'><strong><em>spiritu</em></strong></span> <span class='ocrx_word' id='word_1_123' title='bbox 632 1667 1007 1722; x_wconf 82' lang='lat' dir='ltr'><strong><em>tuo.Sursum</em></strong></span> <span class='ocrx_word' id='word_1_124' title='bbox 1039 1667 1537 1723; x_wconf 86' lang='lat' dir='ltr'><strong><em>corda.Habemus</em></strong></span> <span class='ocrx_word' id='word_1_125' title='bbox 1568 1669 1637 1723; x_wconf 92' lang='lat' dir='ltr'><strong><em>ad</em></strong></span> <span class='ocrx_word' id='word_1_126' title='bbox 1674 1669 2037 1724; x_wconf 88' lang='lat' dir='ltr'><strong><em>Dnum.Gra-</em></strong></span> 
     </span>
    </p>
   </div>
   <div class='ocr_carea' id='block_1_18' title="bbox 384 1754 2036 1828">
    <p class='ocr_par' dir='ltr' id='par_1_18' title="bbox 384 1754 2036 1828">
     <span class='ocr_line' id='line_1_18' title="bbox 384 1754 2036 1828; baseline 0.001 -17"><span class='ocrx_word' id='word_1_127' title='bbox 384 1754 497 1812; x_wconf 86' lang='lat' dir='ltr'><strong><em>tias</em></strong></span> <span class='ocrx_word' id='word_1_128' title='bbox 526 1771 771 1828; x_wconf 82' lang='lat' dir='ltr'><strong><em>agamus</em></strong></span> <span class='ocrx_word' id='word_1_129' title='bbox 794 1759 915 1811; x_wconf 92' lang='lat' dir='ltr'><strong><em>Dno</em></strong></span> <span class='ocrx_word' id='word_1_130' title='bbox 938 1757 1053 1811; x_wconf 90' lang='lat' dir='ltr'><strong><em>Deo</em></strong></span> <span class='ocrx_word' id='word_1_131' title='bbox 1078 1756 1555 1828; x_wconf 85' lang='lat' dir='ltr'><strong><em>nostro.Dignum</em></strong></span> <span class='ocrx_word' id='word_1_132' title='bbox 1588 1762 1645 1812; x_wconf 88' lang='lat' dir='ltr'><strong><em>et</em></strong></span> <span class='ocrx_word' id='word_1_133' title='bbox 1665 1758 1897 1828; x_wconf 86' lang='lat' dir='ltr'><strong><em>justum</em></strong></span> <span class='ocrx_word' id='word_1_134' title='bbox 1930 1762 2036 1814; x_wconf 88' lang='lat' dir='ltr'><strong><em>est.</em></strong></span> 
     </span>
    </p>
   </div>
   <div class='ocr_carea' id='block_1_19' title="bbox 383 1844 2039 1917">
    <p class='ocr_par' dir='ltr' id='par_1_19' title="bbox 383 1844 2039 1917">
     <span class='ocr_line' id='line_1_19' title="bbox 383 1844 2039 1917; baseline 0.002 -18"><span class='ocrx_word' id='word_1_135' title='bbox 383 1845 531 1900; x_wconf 88' lang='lat' dir='ltr'><strong><em>Vere</em></strong></span> <span class='ocrx_word' id='word_1_136' title='bbox 545 1844 863 1917; x_wconf 83' lang='lat' dir='ltr'><strong><em>dignumst</em></strong></span> <span class='ocrx_word' id='word_1_137' title='bbox 873 1845 1105 1915; x_wconf 87' lang='lat' dir='ltr'><strong><em>justum</em></strong></span> <span class='ocrx_word' id='word_1_138' title='bbox 1138 1849 1484 1917; x_wconf 69' lang='lat' dir='ltr'><strong><em>est,aaquum</em></strong></span> <span class='ocrx_word' id='word_1_139' title='bbox 1515 1850 1573 1903; x_wconf 92' lang='lat' dir='ltr'><strong><em>et</em></strong></span> <span class='ocrx_word' id='word_1_140' title='bbox 1615 1845 1890 1902; x_wconf 82' lang='lat' dir='ltr'><strong><em>salutare.</em></strong></span> <span class='ocrx_word' id='word_1_141' title='bbox 1923 1847 2039 1903; x_wconf 87' lang='lat' dir='ltr'><strong><em>Nos</em></strong></span> 
     </span>
    </p>
   </div>
   <div class='ocr_carea' id='block_1_20' title="bbox 384 1934 2037 2008">
    <p class='ocr_par' dir='ltr' id='par_1_20' title="bbox 384 1934 2037 2008">
     <span class='ocr_line' id='line_1_20' title="bbox 384 1934 2037 2008; baseline 0 -18"><span class='ocrx_word' id='word_1_142' title='bbox 384 1934 487 1990; x_wconf 89' lang='lat' dir='ltr'><strong><em>tibi</em></strong></span> <span class='ocrx_word' id='word_1_143' title='bbox 519 1950 753 2007; x_wconf 80' lang='lat' dir='ltr'><strong><em>semper</em></strong></span> <span class='ocrx_word' id='word_1_144' title='bbox 778 1936 835 1990; x_wconf 87' lang='lat' dir='ltr'><strong><em>et</em></strong></span> <span class='ocrx_word' id='word_1_145' title='bbox 872 1934 1091 2006; x_wconf 87' lang='lat' dir='ltr'><strong><em>ubique</em></strong></span> <span class='ocrx_word' id='word_1_146' title='bbox 1119 1934 1339 2006; x_wconf 79' lang='lat' dir='ltr'><strong><em>gratias</em></strong></span> <span class='ocrx_word' id='word_1_147' title='bbox 1369 1951 1559 2007; x_wconf 86' lang='lat' dir='ltr'><strong><em>agere,</em></strong></span> <span class='ocrx_word' id='word_1_148' title='bbox 1592 1939 1702 1991; x_wconf 94' lang='lat' dir='ltr'><strong><em>etc.</em></strong></span> <span class='ocrx_word' id='word_1_149' title='bbox 1736 1935 1832 2006; x_wconf 90' lang='lat' dir='ltr'><strong><em>(ib.</em></strong></span> <span class='ocrx_word' id='word_1_150' title='bbox 1860 1936 2037 2008; x_wconf 87' lang='lat' dir='ltr'><strong><em>p.76.)</em></strong></span> 
     </span>
    </p>
   </div>
   <div class='ocr_carea' id='block_1_21' title="bbox 456 2024 2038 2097">
    <p class='ocr_par' dir='ltr' id='par_1_21' title="bbox 456 2024 2038 2097">
     <span class='ocr_line' id='line_1_21' title="bbox 456 2024 2038 2097; baseline 0.001 -18"><span class='ocrx_word' id='word_1_151' title='bbox 456 2024 643 2079; x_wconf 80' lang='lat' dir='ltr'><strong><em>Finita</em></strong></span> <span class='ocrx_word' id='word_1_152' title='bbox 722 2024 1098 2080; x_wconf 82' lang='lat' dir='ltr'><strong><em>benedictione</em></strong></span> <span class='ocrx_word' id='word_1_153' title='bbox 1176 2025 1404 2080; x_wconf 88' lang='lat' dir='ltr'><strong><em>domnus</em></strong></span> <span class='ocrx_word' id='word_1_154' title='bbox 1478 2027 1765 2097; x_wconf 80' lang='lat' dir='ltr'><strong><em>Episcopus</em></strong></span> <span class='ocrx_word' id='word_1_155' title='bbox 1836 2026 2038 2081; x_wconf 84' lang='lat' dir='ltr'><strong><em>salutet</em></strong></span> 
     </span>
    </p>
   </div>
   <div class='ocr_carea' id='block_1_22' title="bbox 387 2112 2038 2185">
    <p class='ocr_par' dir='ltr' id='par_1_22' title="bbox 387 2112 2038 2185">
     <span class='ocr_line' id='line_1_22' title="bbox 387 2112 2038 2185; baseline 0.001 -17"><span class='ocrx_word' id='word_1_156' title='bbox 387 2112 637 2169; x_wconf 83' lang='lat' dir='ltr'><strong><em>Chrisma</em></strong></span> <span class='ocrx_word' id='word_1_157' title='bbox 663 2114 875 2168; x_wconf 87' lang='lat' dir='ltr'><strong><em>nudum</em></strong></span> <span class='ocrx_word' id='word_1_158' title='bbox 898 2118 950 2169; x_wconf 87' lang='lat' dir='ltr'><strong><em>et</em></strong></span> <span class='ocrx_word' id='word_1_159' title='bbox 976 2115 1225 2169; x_wconf 85' lang='lat' dir='ltr'><strong><em>ministri</em></strong></span> <span class='ocrx_word' id='word_1_160' title='bbox 1251 2116 1348 2185; x_wconf 85' lang='lat' dir='ltr'><strong><em>qui</em></strong></span> <span class='ocrx_word' id='word_1_161' title='bbox 1364 2114 1533 2184; x_wconf 68' lang='lat' dir='ltr'><strong><em>juxta</em></strong></span> <span class='ocrx_word' id='word_1_162' title='bbox 1563 2129 1687 2168; x_wconf 86' lang='lat' dir='ltr'><strong><em>eum</em></strong></span> <span class='ocrx_word' id='word_1_163' title='bbox 1722 2119 1929 2179; x_wconf 86' lang='lat' dir='ltr'><strong><em>sunt,et</em></strong></span> <span class='ocrx_word' id='word_1_164' title='bbox 1957 2116 2038 2169; x_wconf 89' lang='lat' dir='ltr'><strong><em>ita</em></strong></span> 
     </span>
    </p>
   </div>
   <div class='ocr_carea' id='block_1_23' title="bbox 385 2202 2038 2273">
    <p class='ocr_par' dir='ltr' id='par_1_23' title="bbox 385 2202 2038 2273">
     <span class='ocr_line' id='line_1_23' title="bbox 385 2202 2038 2273; baseline 0 -16"><span class='ocrx_word' id='word_1_165' title='bbox 385 2203 588 2257; x_wconf 83' lang='lat' dir='ltr'><strong><em>iterum</em></strong></span> <span class='ocrx_word' id='word_1_166' title='bbox 612 2217 714 2273; x_wconf 85' lang='lat' dir='ltr'><strong><em>per</em></strong></span> <span class='ocrx_word' id='word_1_167' title='bbox 740 2202 987 2257; x_wconf 86' lang='lat' dir='ltr'><strong><em>ordinem</em></strong></span> <span class='ocrx_word' id='word_1_168' title='bbox 1016 2202 1316 2268; x_wconf 84' lang='lat' dir='ltr'><strong><em>descendet,</em></strong></span> <span class='ocrx_word' id='word_1_169' title='bbox 1364 2204 1508 2257; x_wconf 85' lang='lat' dir='ltr'><strong><em>sicut</em></strong></span> <span class='ocrx_word' id='word_1_170' title='bbox 1551 2202 1810 2258; x_wconf 86' lang='lat' dir='ltr'><strong><em>ascendit.</em></strong></span> <span class='ocrx_word' id='word_1_171' title='bbox 1851 2204 1919 2257; x_wconf 88' lang='lat' dir='ltr'><strong><em>Et</em></strong></span> <span class='ocrx_word' id='word_1_172' title='bbox 1965 2207 2038 2258; x_wconf 84' lang='lat' dir='ltr'><strong><em>te-</em></strong></span> 
     </span>
    </p>
   </div>
   <div class='ocr_carea' id='block_1_24' title="bbox 384 2290 2038 2362">
    <p class='ocr_par' dir='ltr' id='par_1_24' title="bbox 384 2290 2038 2362">
     <span class='ocr_line' id='line_1_24' title="bbox 384 2290 2038 2362; baseline 0.001 -18"><span class='ocrx_word' id='word_1_173' title='bbox 384 2294 549 2346; x_wconf 87' lang='lat' dir='ltr'><strong><em>nente</em></strong></span> <span class='ocrx_word' id='word_1_174' title='bbox 579 2292 886 2362; x_wconf 86' lang='lat' dir='ltr'><strong><em>ampullam</em></strong></span> <span class='ocrx_word' id='word_1_175' title='bbox 934 2292 1159 2345; x_wconf 88' lang='lat' dir='ltr'><strong><em>accolito</em></strong></span> <span class='ocrx_word' id='word_1_176' title='bbox 1205 2290 1487 2361; x_wconf 87' lang='lat' dir='ltr'><strong><em>deferatur</em></strong></span> <span class='ocrx_word' id='word_1_177' title='bbox 1513 2292 1763 2346; x_wconf 88' lang='lat' dir='ltr'><strong><em>omnibus</em></strong></span> <span class='ocrx_word' id='word_1_178' title='bbox 1789 2295 2038 2362; x_wconf 88' lang='lat' dir='ltr'><strong><em>cooperta</em></strong></span> 
     </span>
    </p>
   </div>
   <div class='ocr_carea' id='block_1_25' title="bbox 387 2378 2039 2449">
    <p class='ocr_par' dir='ltr' id='par_1_25' title="bbox 387 2378 2039 2449">
     <span class='ocr_line' id='line_1_25' title="bbox 387 2378 2039 2449; baseline 0.001 -16"><span class='ocrx_word' id='word_1_179' title='bbox 387 2378 457 2433; x_wconf 90' lang='lat' dir='ltr'><strong><em>ad</em></strong></span> <span class='ocrx_word' id='word_1_180' title='bbox 484 2379 837 2434; x_wconf 86' lang='lat' dir='ltr'><strong><em>salutandum</em></strong></span> <span class='ocrx_word' id='word_1_181' title='bbox 862 2395 962 2449; x_wconf 87' lang='lat' dir='ltr'><strong><em>per</em></strong></span> <span class='ocrx_word' id='word_1_182' title='bbox 988 2378 1256 2443; x_wconf 85' lang='lat' dir='ltr'><strong><em>ordinem,</em></strong></span> <span class='ocrx_word' id='word_1_183' title='bbox 1289 2383 1351 2433; x_wconf 90' lang='lat' dir='ltr'><strong><em>ut</em></strong></span> <span class='ocrx_word' id='word_1_184' title='bbox 1379 2397 1412 2434; x_wconf 89' lang='lat' dir='ltr'><strong><em>a</em></strong></span> <span class='ocrx_word' id='word_1_185' title='bbox 1440 2382 1662 2435; x_wconf 83' lang='lat' dir='ltr'><strong><em>nemine</em></strong></span> <span class='ocrx_word' id='word_1_186' title='bbox 1680 2380 1827 2434; x_wconf 87' lang='lat' dir='ltr'><strong><em>nuda</em></strong></span> <span class='ocrx_word' id='word_1_187' title='bbox 1856 2380 2039 2435; x_wconf 81' lang='lat' dir='ltr'><strong><em>videa-</em></strong></span> 
     </span>
    </p>
   </div>
   <div class='ocr_carea' id='block_1_26' title="bbox 386 2468 2039 2540">
    <p class='ocr_par' dir='ltr' id='par_1_26' title="bbox 386 2468 2039 2540">
     <span class='ocr_line' id='line_1_26' title="bbox 386 2468 2039 2540; baseline 0.002 -19"><span class='ocrx_word' id='word_1_188' title='bbox 386 2471 497 2522; x_wconf 89' lang='lat' dir='ltr'><strong><em>tur.</em></strong></span> <span class='ocrx_word' id='word_1_189' title='bbox 528 2470 637 2522; x_wconf 83' lang='lat' dir='ltr'><strong><em>Hoc</em></strong></span> <span class='ocrx_word' id='word_1_190' title='bbox 663 2471 847 2522; x_wconf 89' lang='lat' dir='ltr'><strong><em>autem</em></strong></span> <span class='ocrx_word' id='word_1_191' title='bbox 874 2468 1019 2538; x_wconf 87' lang='lat' dir='ltr'><strong><em>facto</em></strong></span> <span class='ocrx_word' id='word_1_192' title='bbox 1046 2484 1256 2523; x_wconf 88' lang='lat' dir='ltr'><strong><em>summo</em></strong></span> <span class='ocrx_word' id='word_1_193' title='bbox 1286 2468 1487 2523; x_wconf 83' lang='lat' dir='ltr'><strong><em>honore</em></strong></span> <span class='ocrx_word' id='word_1_194' title='bbox 1513 2473 1853 2540; x_wconf 86' lang='lat' dir='ltr'><strong><em>procuretur,</em></strong></span> <span class='ocrx_word' id='word_1_195' title='bbox 1869 2485 2039 2540; x_wconf 88' lang='lat' dir='ltr'><strong><em>usque</em></strong></span> 
     </span>
    </p>
   </div>
   <div class='ocr_carea' id='block_1_27' title="bbox 384 2555 2037 2625">
    <p class='ocr_par' dir='ltr' id='par_1_27' title="bbox 384 2555 2037 2625">
     <span class='ocr_line' id='line_1_27' title="bbox 384 2555 2037 2625; baseline 0.002 -16"><span class='ocrx_word' id='word_1_196' title='bbox 384 2555 516 2609; x_wconf 88' lang='lat' dir='ltr'><strong><em>dum</em></strong></span> <span class='ocrx_word' id='word_1_197' title='bbox 543 2557 721 2609; x_wconf 87' lang='lat' dir='ltr'><strong><em>altera</em></strong></span> <span class='ocrx_word' id='word_1_198' title='bbox 747 2556 993 2625; x_wconf 89' lang='lat' dir='ltr'><strong><em>ampulla</em></strong></span> <span class='ocrx_word' id='word_1_199' title='bbox 1021 2556 1277 2611; x_wconf 86' lang='lat' dir='ltr'><strong><em>ascendat</em></strong></span> <span class='ocrx_word' id='word_1_200' title='bbox 1306 2561 1359 2611; x_wconf 90' lang='lat' dir='ltr'><strong><em>et</em></strong></span> <span class='ocrx_word' id='word_1_201' title='bbox 1404 2559 1608 2611; x_wconf 83' lang='lat' dir='ltr'><strong><em>iterum</em></strong></span> <span class='ocrx_word' id='word_1_202' title='bbox 1635 2558 1942 2623; x_wconf 86' lang='lat' dir='ltr'><strong><em>descendat,</em></strong></span> <span class='ocrx_word' id='word_1_203' title='bbox 1974 2562 2037 2613; x_wconf 88' lang='lat' dir='ltr'><strong><em>ut</em></strong></span> 
     </span>
    </p>
   </div>
   <div class='ocr_carea' id='block_1_28' title="bbox 386 2642 1651 2715">
    <p class='ocr_par' dir='ltr' id='par_1_28' title="bbox 386 2642 1651 2715">
     <span class='ocr_line' id='line_1_28' title="bbox 386 2642 1651 2715; baseline 0.002 -18"><span class='ocrx_word' id='word_1_204' title='bbox 386 2643 561 2698; x_wconf 73' lang='lat' dir='ltr'><strong><em>ambae</em></strong></span> <span class='ocrx_word' id='word_1_205' title='bbox 590 2642 886 2715; x_wconf 79' lang='lat' dir='ltr'><strong><em>honorifice</em></strong></span> <span class='ocrx_word' id='word_1_206' title='bbox 915 2643 983 2697; x_wconf 87' lang='lat' dir='ltr'><strong><em>ad</em></strong></span> <span class='ocrx_word' id='word_1_207' title='bbox 1014 2644 1191 2699; x_wconf 88' lang='lat' dir='ltr'><strong><em>locum</em></strong></span> <span class='ocrx_word' id='word_1_208' title='bbox 1218 2660 1378 2699; x_wconf 88' lang='lat' dir='ltr'><strong><em>suum</em></strong></span> <span class='ocrx_word' id='word_1_209' title='bbox 1407 2645 1651 2700; x_wconf 86' lang='lat' dir='ltr'><strong><em>redeant.</em></strong></span> 
     </span>
    </p>
   </div>
   <div class='ocr_carea' id='block_1_29' title="bbox 934 2775 1485 2817">
    <p class='ocr_par' dir='ltr' id='par_1_29' title="bbox 934 2775 1485 2817">
     <span class='ocr_line' id='line_1_29' title="bbox 934 2775 1485 2817; baseline 0.002 -4"><span class='ocrx_word' id='word_1_210' title='bbox 934 2775 1299 2817; x_wconf 76' lang='lat' dir='ltr'><strong><em>EXORCISMUS</em></strong></span> <span class='ocrx_word' id='word_1_211' title='bbox 1339 2777 1485 2817; x_wconf 68' lang='lat' dir='ltr'><strong><em>OLBI.</em></strong></span> 
     </span>
    </p>
   </div>
   <div class='ocr_carea' id='block_1_30' title="bbox 457 2865 2035 2940">
    <p class='ocr_par' dir='ltr' id='par_1_30' title="bbox 457 2865 2035 2940">
     <span class='ocr_line' id='line_1_30' title="bbox 457 2865 2035 2940; baseline 0.004 -19"><span class='ocrx_word' id='word_1_212' title='bbox 457 2865 821 2922; x_wconf 86' lang='lat' dir='ltr'><strong><em>Descendente</em></strong></span> <span class='ocrx_word' id='word_1_213' title='bbox 863 2870 1049 2923; x_wconf 88' lang='lat' dir='ltr'><strong><em>autem</em></strong></span> <span class='ocrx_word' id='word_1_214' title='bbox 1076 2868 1323 2940; x_wconf 88' lang='lat' dir='ltr'><strong><em>ampulla</em></strong></span> <span class='ocrx_word' id='word_1_215' title='bbox 1350 2885 1475 2924; x_wconf 91' lang='lat' dir='ltr'><strong><em>cum</em></strong></span> <span class='ocrx_word' id='word_1_216' title='bbox 1517 2868 1820 2926; x_wconf 85' lang='lat' dir='ltr'><strong><em>Chrismate</em></strong></span> <span class='ocrx_word' id='word_1_217' title='bbox 1846 2872 2035 2927; x_wconf 87' lang='lat' dir='ltr'><strong><em>statim</em></strong></span> 
     </span>
    </p>
   </div>
   <div class='ocr_carea' id='block_1_31' title="bbox 388 2955 2035 3030">
    <p class='ocr_par' dir='ltr' id='par_1_31' title="bbox 388 2955 2035 3030">
     <span class='ocr_line' id='line_1_31' title="bbox 388 2955 2035 3030; baseline 0.004 -19"><span class='ocrx_word' id='word_1_218' title='bbox 388 2955 505 3011; x_wconf 90' lang='lat' dir='ltr'><strong><em>alia</em></strong></span> <span class='ocrx_word' id='word_1_219' title='bbox 531 2972 656 3011; x_wconf 90' lang='lat' dir='ltr'><strong><em>cum</em></strong></span> <span class='ocrx_word' id='word_1_220' title='bbox 684 2956 797 3011; x_wconf 90' lang='lat' dir='ltr'><strong><em>oleo</em></strong></span> <span class='ocrx_word' id='word_1_221' title='bbox 844 2958 1310 3013; x_wconf 86' lang='lat' dir='ltr'><strong><em>catecuminorum</em></strong></span> <span class='ocrx_word' id='word_1_222' title='bbox 1338 2963 1589 3030; x_wconf 89' lang='lat' dir='ltr'><strong><em>cooperta</em></strong></span> <span class='ocrx_word' id='word_1_223' title='bbox 1615 2960 1870 3016; x_wconf 87' lang='lat' dir='ltr'><strong><em>ascendat</em></strong></span> <span class='ocrx_word' id='word_1_224' title='bbox 1895 2962 2035 3017; x_wconf 84' lang='lat' dir='ltr'><strong><em>sicut</em></strong></span> 
     </span>
    </p>
   </div>
   <div class='ocr_carea' id='block_1_32' title="bbox 383 3046 2036 3122">
    <p class='ocr_par' dir='ltr' id='par_1_32' title="bbox 383 3046 2036 3122">
     <span class='ocr_line' id='line_1_32' title="bbox 383 3046 2036 3122; baseline 0.005 -23"><span class='ocrx_word' id='word_1_225' title='bbox 383 3046 541 3116; x_wconf 88' lang='lat' dir='ltr'><strong><em>prior</em></strong></span> <span class='ocrx_word' id='word_1_226' title='bbox 570 3061 736 3117; x_wconf 86' lang='lat' dir='ltr'><strong><em>usque</em></strong></span> <span class='ocrx_word' id='word_1_227' title='bbox 762 3049 891 3101; x_wconf 90' lang='lat' dir='ltr'><strong><em>ante</em></strong></span> <span class='ocrx_word' id='word_1_228' title='bbox 937 3048 1275 3118; x_wconf 81' lang='lat' dir='ltr'><strong><em>Episcopum.</em></strong></span> <span class='ocrx_word' id='word_1_229' title='bbox 1326 3048 1393 3102; x_wconf 85' lang='lat' dir='ltr'><strong><em>Et</em></strong></span> <span class='ocrx_word' id='word_1_230' title='bbox 1438 3048 1591 3103; x_wconf 85' lang='lat' dir='ltr'><strong><em>halat</em></strong></span> <span class='ocrx_word' id='word_1_231' title='bbox 1633 3051 1691 3103; x_wconf 89' lang='lat' dir='ltr'><strong><em>in</em></strong></span> <span class='ocrx_word' id='word_1_232' title='bbox 1740 3051 1915 3122; x_wconf 87' lang='lat' dir='ltr'><strong><em>ipsam</em></strong></span> <span class='ocrx_word' id='word_1_233' title='bbox 1953 3056 2036 3107; x_wconf 89' lang='lat' dir='ltr'><strong><em>ter</em></strong></span> 
     </span>
    </p>
   </div>
   <div class='ocr_carea' id='block_1_33' title="bbox 386 3135 2030 3211">
    <p class='ocr_par' dir='ltr' id='par_1_33' title="bbox 386 3135 2030 3211">
     <span class='ocr_line' id='line_1_33' title="bbox 386 3135 2030 3211; baseline 0.004 -23"><span class='ocrx_word' id='word_1_234' title='bbox 386 3135 527 3189; x_wconf 88' lang='lat' dir='ltr'><strong><em>sicut</em></strong></span> <span class='ocrx_word' id='word_1_235' title='bbox 555 3136 615 3189; x_wconf 88' lang='lat' dir='ltr'><strong><em>in</em></strong></span> <span class='ocrx_word' id='word_1_236' title='bbox 638 3135 900 3206; x_wconf 85' lang='lat' dir='ltr'><strong><em>priorem,</em></strong></span> <span class='ocrx_word' id='word_1_237' title='bbox 914 3135 1004 3190; x_wconf 90' lang='lat' dir='ltr'><strong><em>sed</em></strong></span> <span class='ocrx_word' id='word_1_238' title='bbox 1033 3137 1199 3191; x_wconf 88' lang='lat' dir='ltr'><strong><em>tacite</em></strong></span> <span class='ocrx_word' id='word_1_239' title='bbox 1226 3136 1419 3192; x_wconf 88' lang='lat' dir='ltr'><strong><em>ordine</em></strong></span> <span class='ocrx_word' id='word_1_240' title='bbox 1444 3154 1549 3210; x_wconf 89' lang='lat' dir='ltr'><strong><em>quo</em></strong></span> <span class='ocrx_word' id='word_1_241' title='bbox 1576 3154 1744 3211; x_wconf 88' lang='lat' dir='ltr'><strong><em>supra</em></strong></span> <span class='ocrx_word' id='word_1_242' title='bbox 1771 3139 2030 3206; x_wconf 84' lang='lat' dir='ltr'><strong><em>delatam,</em></strong></span> 
     </span>
    </p>
   </div>
   <div class='ocr_carea' id='block_1_34' title="bbox 387 3223 2218 3321">
    <p class='ocr_par' dir='ltr' id='par_1_34' title="bbox 387 3223 2218 3321">
     <span class='ocr_line' id='line_1_34' title="bbox 387 3223 2218 3321; baseline 0.003 -44"><span class='ocrx_word' id='word_1_243' title='bbox 387 3226 441 3278; x_wconf 91' lang='lat' dir='ltr'><strong><em>et</em></strong></span> <span class='ocrx_word' id='word_1_244' title='bbox 470 3223 745 3295; x_wconf 86' lang='lat' dir='ltr'><strong><em>imprimis</em></strong></span> <span class='ocrx_word' id='word_1_245' title='bbox 772 3225 945 3294; x_wconf 86' lang='lat' dir='ltr'><strong><em>faciat</em></strong></span> <span class='ocrx_word' id='word_1_246' title='bbox 974 3225 1027 3279; x_wconf 89' lang='lat' dir='ltr'><strong><em>ei</em></strong></span> <span class='ocrx_word' id='word_1_247' title='bbox 1054 3226 1436 3291; x_wconf 71' lang='lat' dir='ltr'><strong><em>exorcismum,</em></strong></span> <span class='ocrx_word' id='word_1_248' title='bbox 1487 3230 1541 3282; x_wconf 92' lang='lat' dir='ltr'><strong><em>et</em></strong></span> <span class='ocrx_word' id='word_1_249' title='bbox 1586 3227 1867 3282; x_wconf 87' lang='lat' dir='ltr'><strong><em>benedicat</em></strong></span> <span class='ocrx_word' id='word_1_250' title='bbox 1913 3244 2035 3283; x_wconf 91' lang='lat' dir='ltr'><strong><em>eam</em></strong></span> <span class='ocrx_word' id='word_1_251' title='bbox 2062 3241 2106 3308; x_wconf 71' lang='grc' dir='ltr'><strong>ρ</strong></span> <span class='ocrx_word' id='word_1_252' title='bbox 2144 3223 2218 3321; x_wconf 55' lang='lat'><strong><em>:3</em></strong></span> 
     </span>
    </p>
   </div>
   <div class='ocr_carea' id='block_1_35' title="bbox 385 3312 1089 3383">
    <p class='ocr_par' dir='ltr' id='par_1_35' title="bbox 385 3312 1089 3383">
     <span class='ocr_line' id='line_1_35' title="bbox 385 3312 1089 3383; baseline 0.003 -16"><span class='ocrx_word' id='word_1_253' title='bbox 385 3314 544 3383; x_wconf 89' lang='lat' dir='ltr'><strong><em>quasi</em></strong></span> <span class='ocrx_word' id='word_1_254' title='bbox 572 3312 752 3383; x_wconf 87' lang='lat' dir='ltr'><strong><em>legens</em></strong></span> <span class='ocrx_word' id='word_1_255' title='bbox 782 3313 1089 3369; x_wconf 87' lang='lat' dir='ltr'><strong><em>lectionem.</em></strong></span> 
     </span>
    </p>
   </div>
   <div class='ocr_carea' id='block_1_36' title="bbox 456 3401 2033 3479">
    <p class='ocr_par' dir='ltr' id='par_1_36' title="bbox 456 3401 2033 3479">
     <span class='ocr_line' id='line_1_36' title="bbox 456 3401 2033 3479; baseline 0.004 -23"><span class='ocrx_word' id='word_1_256' title='bbox 456 3401 725 3458; x_wconf 82' lang='lat' dir='ltr'><strong><em>Exoreizo</em></strong></span> <span class='ocrx_word' id='word_1_257' title='bbox 752 3405 808 3459; x_wconf 86' lang='lat' dir='ltr'><strong><em>to</em></strong></span> <span class='ocrx_word' id='word_1_258' title='bbox 838 3406 1103 3460; x_wconf 84' lang='lat' dir='ltr'><strong><em>creatura</em></strong></span> <span class='ocrx_word' id='word_1_259' title='bbox 1153 3402 1263 3479; x_wconf 85' lang='lat' dir='ltr'><strong><em>olei</em></strong></span> <span class='ocrx_word' id='word_1_260' title='bbox 1312 3404 1371 3459; x_wconf 89' lang='lat' dir='ltr'><strong><em>in</em></strong></span> <span class='ocrx_word' id='word_1_261' title='bbox 1429 3405 1664 3462; x_wconf 86' lang='lat' dir='ltr'><strong><em>nomine</em></strong></span> <span class='ocrx_word' id='word_1_262' title='bbox 1710 3404 1811 3461; x_wconf 85' lang='lat' dir='ltr'><strong><em>Dei</em></strong></span> <span class='ocrx_word' id='word_1_263' title='bbox 1843 3405 2033 3463; x_wconf 89' lang='lat' dir='ltr'><strong><em>Patris</em></strong></span> 
     </span>
    </p>
   </div>
   <div class='ocr_carea' id='block_1_37' title="bbox 384 3490 1888 3567">
    <p class='ocr_par' dir='ltr' id='par_1_37' title="bbox 384 3490 1888 3567">
     <span class='ocr_line' id='line_1_37' title="bbox 384 3490 1888 3567; baseline 0.003 -21"><span class='ocrx_word' id='word_1_264' title='bbox 384 3490 804 3564; x_wconf 79' lang='lat' dir='ltr'><strong><em>omnipotentis</em></strong></span> <span class='ocrx_word' id='word_1_265' title='bbox 832 3496 942 3548; x_wconf 85' lang='lat' dir='ltr'><strong><em>etc.</em></strong></span> <span class='ocrx_word' id='word_1_266' title='bbox 978 3493 1142 3565; x_wconf 90' lang='lat' dir='ltr'><strong><em>(Tom.</em></strong></span> <span class='ocrx_word' id='word_1_267' title='bbox 1173 3495 1199 3550; x_wconf 91' lang='lat' dir='ltr'><strong><em>I</em></strong></span> <span class='ocrx_word' id='word_1_268' title='bbox 1226 3495 1367 3550; x_wconf 83' lang='lat' dir='ltr'><strong><em>Men.</em></strong></span> <span class='ocrx_word' id='word_1_269' title='bbox 1395 3512 1522 3567; x_wconf 90' lang='lat' dir='ltr'><strong><em>pag.</em></strong></span> <span class='ocrx_word' id='word_1_270' title='bbox 1555 3496 1645 3550; x_wconf 85' lang='grc'><strong><em>74.</em></strong></span> <span class='ocrx_word' id='word_1_271' title='bbox 1677 3495 1779 3550; x_wconf 81' lang='lat' dir='ltr'><strong><em>col.</em></strong></span> <span class='ocrx_word' id='word_1_272' title='bbox 1817 3495 1888 3566; x_wconf 90' lang='grc'><strong><em>1.)</em></strong></span> 
     </span>
    </p>
   </div>
   <div class='ocr_carea' id='block_1_38' title="bbox 456 3577 2031 3642">
    <p class='ocr_par' dir='ltr' id='par_1_38' title="bbox 456 3577 2031 3642">
     <span class='ocr_line' id='line_1_38' title="bbox 456 3577 2031 3642; baseline 0.002 -7"><span class='ocrx_word' id='word_1_273' title='bbox 456 3581 597 3636; x_wconf 89' lang='lat' dir='ltr'><strong><em>Tunc</em></strong></span> <span class='ocrx_word' id='word_1_274' title='bbox 623 3577 770 3636; x_wconf 81' lang='lat' dir='ltr'><strong><em>dicat</em></strong></span> <span class='ocrx_word' id='word_1_275' title='bbox 798 3581 1084 3638; x_wconf 86' lang='lat' dir='ltr'><strong><em>Dominus</em></strong></span> <span class='ocrx_word' id='word_1_276' title='bbox 1131 3582 1453 3639; x_wconf 85' lang='lat' dir='ltr'><strong><em>vobiscum.</em></strong></span> <span class='ocrx_word' id='word_1_277' title='bbox 1503 3584 1658 3642; x_wconf 87' lang='lat' dir='ltr'><strong><em>Deus</em></strong></span> <span class='ocrx_word' id='word_1_278' title='bbox 1705 3583 2031 3640; x_wconf 87' lang='lat' dir='ltr'><strong><em>incremen-</em></strong></span> 
     </span>
    </p>
   </div>
   <div class='ocr_carea' id='block_1_39' title="bbox 382 3671 1171 3743">
    <p class='ocr_par' dir='ltr' id='par_1_39' title="bbox 382 3671 1171 3743">
     <span class='ocr_line' id='line_1_39' title="bbox 382 3671 1171 3743; baseline 0.001 -18"><span class='ocrx_word' id='word_1_279' title='bbox 382 3672 598 3738; x_wconf 84' lang='lat' dir='ltr'><strong><em>torum,</em></strong></span> <span class='ocrx_word' id='word_1_280' title='bbox 631 3675 741 3726; x_wconf 85' lang='lat' dir='ltr'><strong><em>etc.</em></strong></span> <span class='ocrx_word' id='word_1_281' title='bbox 774 3671 871 3743; x_wconf 87' lang='lat' dir='ltr'><strong><em>(ib.</em></strong></span> <span class='ocrx_word' id='word_1_282' title='bbox 897 3688 1026 3742; x_wconf 86' lang='lat' dir='ltr'><strong><em>pag.</em></strong></span> <span class='ocrx_word' id='word_1_283' title='bbox 1057 3674 1171 3740; x_wconf 88' lang='lat'><strong><em>75.)</em></strong></span> 
     </span>
    </p>
   </div>
   <div class='ocr_carea' id='block_1_40' title="bbox 458 3757 2033 3832">
    <p class='ocr_par' dir='ltr' id='par_1_40' title="bbox 458 3757 2033 3832">
     <span class='ocr_line' id='line_1_40' title="bbox 458 3757 2033 3832; baseline 0.003 -21"><span class='ocrx_word' id='word_1_284' title='bbox 458 3759 601 3812; x_wconf 87' lang='lat' dir='ltr'><strong><em>Tunc</em></strong></span> <span class='ocrx_word' id='word_1_285' title='bbox 628 3757 856 3813; x_wconf 87' lang='lat' dir='ltr'><strong><em>domnus</em></strong></span> <span class='ocrx_word' id='word_1_286' title='bbox 884 3761 1173 3831; x_wconf 87' lang='lat' dir='ltr'><strong><em>Episcopus</em></strong></span> <span class='ocrx_word' id='word_1_287' title='bbox 1215 3764 1267 3814; x_wconf 93' lang='lat' dir='ltr'><strong><em>et</em></strong></span> <span class='ocrx_word' id='word_1_288' title='bbox 1318 3762 1415 3832; x_wconf 87' lang='lat' dir='ltr'><strong><em>qui</em></strong></span> <span class='ocrx_word' id='word_1_289' title='bbox 1445 3760 1613 3831; x_wconf 73' lang='lat' dir='ltr'><strong><em>juxta</em></strong></span> <span class='ocrx_word' id='word_1_290' title='bbox 1642 3777 1765 3815; x_wconf 84' lang='lat' dir='ltr'><strong><em>eam</em></strong></span> <span class='ocrx_word' id='word_1_291' title='bbox 1794 3764 1922 3815; x_wconf 91' lang='lat' dir='ltr'><strong><em>sunt</em></strong></span> <span class='ocrx_word' id='word_1_292' title='bbox 1950 3777 2033 3815; x_wconf 90' lang='lat' dir='ltr'><strong><em>sa-</em></strong></span> 
     </span>
    </p>
   </div>
   <div class='ocr_carea' id='block_1_41' title="bbox 386 3846 2032 3919">
    <p class='ocr_par' dir='ltr' id='par_1_41' title="bbox 386 3846 2032 3919">
     <span class='ocr_line' id='line_1_41' title="bbox 386 3846 2032 3919; baseline 0.003 -18"><span class='ocrx_word' id='word_1_293' title='bbox 386 3846 561 3901; x_wconf 88' lang='lat' dir='ltr'><strong><em>lutent</em></strong></span> <span class='ocrx_word' id='word_1_294' title='bbox 590 3863 712 3901; x_wconf 90' lang='lat' dir='ltr'><strong><em>eam</em></strong></span> <span class='ocrx_word' id='word_1_295' title='bbox 741 3850 793 3901; x_wconf 92' lang='lat' dir='ltr'><strong><em>et</em></strong></span> <span class='ocrx_word' id='word_1_296' title='bbox 820 3846 1104 3903; x_wconf 86' lang='lat' dir='ltr'><strong><em>descendat</em></strong></span> <span class='ocrx_word' id='word_1_297' title='bbox 1127 3865 1229 3919; x_wconf 91' lang='lat' dir='ltr'><strong><em>per</em></strong></span> <span class='ocrx_word' id='word_1_298' title='bbox 1271 3850 1520 3905; x_wconf 86' lang='lat' dir='ltr'><strong><em>ordinem</em></strong></span> <span class='ocrx_word' id='word_1_299' title='bbox 1564 3851 1705 3906; x_wconf 87' lang='lat' dir='ltr'><strong><em>sicut</em></strong></span> <span class='ocrx_word' id='word_1_300' title='bbox 1750 3851 1948 3917; x_wconf 85' lang='lat' dir='ltr'><strong><em>altera,</em></strong></span> <span class='ocrx_word' id='word_1_301' title='bbox 1979 3854 2032 3906; x_wconf 90' lang='lat' dir='ltr'><strong><em>et</em></strong></span> 
     </span>
    </p>
   </div>
   <div class='ocr_carea' id='block_1_42' title="bbox 385 3933 2033 4011">
    <p class='ocr_par' dir='ltr' id='par_1_42' title="bbox 385 3933 2033 4011">
     <span class='ocr_line' id='line_1_42' title="bbox 385 3933 2033 4011; baseline 0.003 -22"><span class='ocrx_word' id='word_1_302' title='bbox 385 3933 667 4005; x_wconf 88' lang='lat' dir='ltr'><strong><em>deferatur</em></strong></span> <span class='ocrx_word' id='word_1_303' title='bbox 711 3935 961 3990; x_wconf 86' lang='lat' dir='ltr'><strong><em>omnibus</em></strong></span> <span class='ocrx_word' id='word_1_304' title='bbox 989 3936 1059 3991; x_wconf 90' lang='lat' dir='ltr'><strong><em>ad</em></strong></span> <span class='ocrx_word' id='word_1_305' title='bbox 1113 3937 1485 4004; x_wconf 87' lang='lat' dir='ltr'><strong><em>salutandum,</em></strong></span> <span class='ocrx_word' id='word_1_306' title='bbox 1534 3937 1620 3994; x_wconf 86' lang='lat' dir='ltr'><strong><em>his</em></strong></span> <span class='ocrx_word' id='word_1_307' title='bbox 1666 3941 1746 3994; x_wconf 89' lang='lat' dir='ltr'><strong><em>ita</em></strong></span> <span class='ocrx_word' id='word_1_308' title='bbox 1794 3940 2033 4011; x_wconf 85' lang='lat' dir='ltr'><strong><em>peractis</em></strong></span> 
     </span>
    </p>
   </div>
   <div class='ocr_carea' id='block_1_43' title="bbox 386 4021 2033 4099">
    <p class='ocr_par' dir='ltr' id='par_1_43' title="bbox 386 4021 2033 4099">
     <span class='ocr_line' id='line_1_43' title="bbox 386 4021 2033 4099; baseline 0.004 -23"><span class='ocrx_word' id='word_1_309' title='bbox 386 4021 569 4077; x_wconf 86' lang='lat' dir='ltr'><strong><em>eodem</em></strong></span> <span class='ocrx_word' id='word_1_310' title='bbox 598 4022 790 4079; x_wconf 86' lang='lat' dir='ltr'><strong><em>ordine</em></strong></span> <span class='ocrx_word' id='word_1_311' title='bbox 818 4028 869 4079; x_wconf 87' lang='lat' dir='ltr'><strong><em>et</em></strong></span> <span class='ocrx_word' id='word_1_312' title='bbox 896 4024 1083 4081; x_wconf 88' lang='lat' dir='ltr'><strong><em>decore</em></strong></span> <span class='ocrx_word' id='word_1_313' title='bbox 1111 4041 1215 4099; x_wconf 88' lang='lat' dir='ltr'><strong><em>quo</em></strong></span> <span class='ocrx_word' id='word_1_314' title='bbox 1260 4027 1617 4083; x_wconf 83' lang='lat' dir='ltr'><strong><em>ascenderant</em></strong></span> <span class='ocrx_word' id='word_1_315' title='bbox 1664 4029 1724 4083; x_wconf 91' lang='lat' dir='ltr'><strong><em>in</em></strong></span> <span class='ocrx_word' id='word_1_316' title='bbox 1754 4029 2033 4084; x_wconf 80' lang='lat' dir='ltr'><strong><em>ecclesiam</em></strong></span> 
     </span>
    </p>
   </div>
   <div class='ocr_carea' id='block_1_44' title="bbox 383 4110 2029 4189">
    <p class='ocr_par' dir='ltr' id='par_1_44' title="bbox 383 4110 2029 4189">
     <span class='ocr_line' id='line_1_44' title="bbox 383 4110 2029 4189; baseline 0.005 -23"><span class='ocrx_word' id='word_1_317' title='bbox 383 4110 611 4168; x_wconf 87' lang='lat' dir='ltr'><strong><em>redeant</em></strong></span> <span class='ocrx_word' id='word_1_318' title='bbox 638 4114 811 4169; x_wconf 70' lang='lat' dir='ltr'><strong><em>ambae</em></strong></span> <span class='ocrx_word' id='word_1_319' title='bbox 837 4112 909 4169; x_wconf 87' lang='lat' dir='ltr'><strong><em>ad</em></strong></span> <span class='ocrx_word' id='word_1_320' title='bbox 935 4116 1267 4181; x_wconf 86' lang='lat' dir='ltr'><strong><em>sacrarium;</em></strong></span> <span class='ocrx_word' id='word_1_321' title='bbox 1296 4119 1426 4171; x_wconf 89' lang='lat' dir='ltr'><strong><em>tunc</em></strong></span> <span class='ocrx_word' id='word_1_322' title='bbox 1455 4116 1596 4171; x_wconf 88' lang='lat' dir='ltr'><strong><em>lavet</em></strong></span> <span class='ocrx_word' id='word_1_323' title='bbox 1628 4119 1884 4189; x_wconf 73' lang='lat' dir='ltr'><strong><em>pontifex</em></strong></span> <span class='ocrx_word' id='word_1_324' title='bbox 1910 4135 2029 4174; x_wconf 88' lang='lat' dir='ltr'><strong><em>ma-</em></strong></span> 
     </span>
    </p>
   </div>
   <div class='ocr_carea' id='block_1_45' title="bbox 382 4203 2031 4278">
    <p class='ocr_par' dir='ltr' id='par_1_45' title="bbox 382 4203 2031 4278">
     <span class='ocr_line' id='line_1_45' title="bbox 382 4203 2031 4278; baseline 0.004 -23"><span class='ocrx_word' id='word_1_325' title='bbox 382 4218 487 4256; x_wconf 87' lang='lat' dir='ltr'><strong><em>nus</em></strong></span> <span class='ocrx_word' id='word_1_326' title='bbox 541 4207 593 4258; x_wconf 90' lang='lat' dir='ltr'><strong><em>et</em></strong></span> <span class='ocrx_word' id='word_1_327' title='bbox 647 4203 867 4260; x_wconf 88' lang='lat' dir='ltr'><strong><em>diaconi</em></strong></span> <span class='ocrx_word' id='word_1_328' title='bbox 922 4204 1126 4260; x_wconf 88' lang='lat' dir='ltr'><strong><em>vadunt</em></strong></span> <span class='ocrx_word' id='word_1_329' title='bbox 1179 4205 1250 4259; x_wconf 91' lang='lat' dir='ltr'><strong><em>ad</em></strong></span> <span class='ocrx_word' id='word_1_330' title='bbox 1304 4205 1501 4271; x_wconf 89' lang='lat' dir='ltr'><strong><em>altare,</em></strong></span> <span class='ocrx_word' id='word_1_331' title='bbox 1560 4210 1612 4261; x_wconf 88' lang='lat' dir='ltr'><strong><em>et</em></strong></span> <span class='ocrx_word' id='word_1_332' title='bbox 1665 4206 2031 4278; x_wconf 88' lang='lat' dir='ltr'><strong><em>discoperiant</em></strong></span> 
     </span>
    </p>
   </div>
   <div class='ocr_carea' id='block_1_46' title="bbox 379 4294 2030 4366">
    <p class='ocr_par' dir='ltr' id='par_1_46' title="bbox 379 4294 2030 4366">
     <span class='ocr_line' id='line_1_46' title="bbox 379 4294 2030 4366; baseline 0.002 -19"><span class='ocrx_word' id='word_1_333' title='bbox 379 4296 588 4348; x_wconf 86' lang='lat' dir='ltr'><strong><em>sancta.</em></strong></span> <span class='ocrx_word' id='word_1_334' title='bbox 618 4294 685 4349; x_wconf 90' lang='lat' dir='ltr'><strong><em>Et</em></strong></span> <span class='ocrx_word' id='word_1_335' title='bbox 722 4295 977 4366; x_wconf 73' lang='lat' dir='ltr'><strong><em>pontifex</em></strong></span> <span class='ocrx_word' id='word_1_336' title='bbox 1003 4296 1224 4350; x_wconf 86' lang='lat' dir='ltr'><strong><em>veniens</em></strong></span> <span class='ocrx_word' id='word_1_337' title='bbox 1251 4294 1321 4350; x_wconf 89' lang='lat' dir='ltr'><strong><em>ad</em></strong></span> <span class='ocrx_word' id='word_1_338' title='bbox 1364 4296 1544 4351; x_wconf 89' lang='lat' dir='ltr'><strong><em>altare</em></strong></span> <span class='ocrx_word' id='word_1_339' title='bbox 1569 4295 1781 4351; x_wconf 81' lang='lat' dir='ltr'><strong><em>dividat</em></strong></span> <span class='ocrx_word' id='word_1_340' title='bbox 1821 4297 2030 4351; x_wconf 89' lang='lat' dir='ltr'><strong><em>oblatas</em></strong></span> 
     </span>
    </p>
   </div>
   <div class='ocr_carea' id='block_1_47' title="bbox 378 4381 2029 4456">
    <p class='ocr_par' dir='ltr' id='par_1_47' title="bbox 378 4381 2029 4456">
     <span class='ocr_line' id='line_1_47' title="bbox 378 4381 2029 4456; baseline 0.002 -19"><span class='ocrx_word' id='word_1_341' title='bbox 378 4381 448 4438; x_wconf 88' lang='lat' dir='ltr'><strong><em>ad</em></strong></span> <span class='ocrx_word' id='word_1_342' title='bbox 483 4383 840 4455; x_wconf 86' lang='lat' dir='ltr'><strong><em>frangendas,</em></strong></span> <span class='ocrx_word' id='word_1_343' title='bbox 896 4387 949 4439; x_wconf 90' lang='lat' dir='ltr'><strong><em>et</em></strong></span> <span class='ocrx_word' id='word_1_344' title='bbox 975 4385 1335 4441; x_wconf 85' lang='lat' dir='ltr'><strong><em>communicet</em></strong></span> <span class='ocrx_word' id='word_1_345' title='bbox 1357 4386 1534 4440; x_wconf 86' lang='lat' dir='ltr'><strong><em>omnis</em></strong></span> <span class='ocrx_word' id='word_1_346' title='bbox 1557 4385 1789 4456; x_wconf 83' lang='lat' dir='ltr'><strong><em>populus</em></strong></span> <span class='ocrx_word' id='word_1_347' title='bbox 1838 4385 2029 4441; x_wconf 83' lang='lat' dir='ltr'><strong><em>ordine</em></strong></span> 
     </span>
    </p>
   </div>
   <div class='ocr_carea' id='block_1_48' title="bbox 374 4473 2029 4546">
    <p class='ocr_par' dir='ltr' id='par_1_48' title="bbox 374 4473 2029 4546">
     <span class='ocr_line' id='line_1_48' title="bbox 374 4473 2029 4546; baseline 0.001 -19"><span class='ocrx_word' id='word_1_348' title='bbox 374 4488 471 4528; x_wconf 90' lang='lat' dir='ltr'><strong><em>suo</em></strong></span> <span class='ocrx_word' id='word_1_349' title='bbox 499 4475 553 4528; x_wconf 92' lang='lat' dir='ltr'><strong><em>et</em></strong></span> <span class='ocrx_word' id='word_1_350' title='bbox 579 4477 760 4528; x_wconf 88' lang='lat' dir='ltr'><strong><em>sumat</em></strong></span> <span class='ocrx_word' id='word_1_351' title='bbox 787 4473 853 4530; x_wconf 89' lang='lat' dir='ltr'><strong><em>de</em></strong></span> <span class='ocrx_word' id='word_1_352' title='bbox 881 4475 1013 4546; x_wconf 87' lang='lat' dir='ltr'><strong><em>ipsis</em></strong></span> <span class='ocrx_word' id='word_1_353' title='bbox 1041 4473 1249 4529; x_wconf 85' lang='lat' dir='ltr'><strong><em>oblatas</em></strong></span> <span class='ocrx_word' id='word_1_354' title='bbox 1297 4475 1540 4545; x_wconf 88' lang='lat' dir='ltr'><strong><em>integras</em></strong></span> <span class='ocrx_word' id='word_1_355' title='bbox 1585 4474 1655 4529; x_wconf 88' lang='lat' dir='ltr'><strong><em>ad</em></strong></span> <span class='ocrx_word' id='word_1_356' title='bbox 1701 4474 2029 4529; x_wconf 86' lang='lat' dir='ltr'><strong><em>servandam</em></strong></span> 
     </span>
    </p>
   </div>
   <div class='ocr_carea' id='block_1_49' title="bbox 374 4562 2029 4634">
    <p class='ocr_par' dir='ltr' id='par_1_49' title="bbox 374 4562 2029 4634">
     <span class='ocr_line' id='line_1_49' title="bbox 374 4562 2029 4634; baseline 0.001 -18"><span class='ocrx_word' id='word_1_357' title='bbox 374 4578 548 4634; x_wconf 87' lang='lat' dir='ltr'><strong><em>usque</em></strong></span> <span class='ocrx_word' id='word_1_358' title='bbox 571 4578 736 4617; x_wconf 87' lang='lat' dir='ltr'><strong><em>mane</em></strong></span> <span class='ocrx_word' id='word_1_359' title='bbox 781 4562 895 4617; x_wconf 89' lang='lat' dir='ltr'><strong><em>diei</em></strong></span> <span class='ocrx_word' id='word_1_360' title='bbox 917 4579 1227 4634; x_wconf 80' lang='lat' dir='ltr'><strong><em>parasceve,</em></strong></span> <span class='ocrx_word' id='word_1_361' title='bbox 1260 4562 1325 4620; x_wconf 90' lang='lat' dir='ltr'><strong><em>de</em></strong></span> <span class='ocrx_word' id='word_1_362' title='bbox 1380 4563 1575 4634; x_wconf 84' lang='lat' dir='ltr'><strong><em>quibus</em></strong></span> <span class='ocrx_word' id='word_1_363' title='bbox 1628 4564 2029 4618; x_wconf 87' lang='lat' dir='ltr'><strong><em>communicent</em></strong></span> 
     </span>
    </p>
   </div>
   <div class='ocr_carea' id='block_1_50' title="bbox 373 4651 2029 4724">
    <p class='ocr_par' dir='ltr' id='par_1_50' title="bbox 373 4651 2029 4724">
     <span class='ocr_line' id='line_1_50' title="bbox 373 4651 2029 4724; baseline 0.001 -18"><span class='ocrx_word' id='word_1_364' title='bbox 373 4651 572 4723; x_wconf 86' lang='lat' dir='ltr'><strong><em>absque</em></strong></span> <span class='ocrx_word' id='word_1_365' title='bbox 598 4653 868 4723; x_wconf 86' lang='lat' dir='ltr'><strong><em>sanguine</em></strong></span> <span class='ocrx_word' id='word_1_366' title='bbox 912 4652 1152 4717; x_wconf 88' lang='lat' dir='ltr'><strong><em>Domini,</em></strong></span> <span class='ocrx_word' id='word_1_367' title='bbox 1185 4652 1409 4722; x_wconf 87' lang='lat' dir='ltr'><strong><em>sanguis</em></strong></span> <span class='ocrx_word' id='word_1_368' title='bbox 1436 4668 1563 4708; x_wconf 82' lang='lat' dir='ltr'><strong><em>vero</em></strong></span> <span class='ocrx_word' id='word_1_369' title='bbox 1608 4651 1795 4707; x_wconf 88' lang='lat' dir='ltr'><strong><em>eadem</em></strong></span> <span class='ocrx_word' id='word_1_370' title='bbox 1823 4651 1913 4706; x_wconf 88' lang='lat' dir='ltr'><strong><em>die</em></strong></span> <span class='ocrx_word' id='word_1_371' title='bbox 1935 4669 2029 4724; x_wconf 90' lang='lat' dir='ltr'><strong><em>pe-</em></strong></span> 
     </span>
    </p>
   </div>
   <div class='ocr_carea' id='block_1_51' title="bbox 372 4740 2025 4813">
    <p class='ocr_par' dir='ltr' id='par_1_51' title="bbox 372 4740 2025 4813">
     <span class='ocr_line' id='line_1_51' title="bbox 372 4740 2025 4813; baseline 0.001 -18"><span class='ocrx_word' id='word_1_372' title='bbox 372 4741 523 4795; x_wconf 87' lang='lat' dir='ltr'><strong><em>nitus</em></strong></span> <span class='ocrx_word' id='word_1_373' title='bbox 549 4746 921 4797; x_wconf 83' lang='lat' dir='ltr'><strong><em>consumatur.</em></strong></span> <span class='ocrx_word' id='word_1_374' title='bbox 953 4743 1019 4797; x_wconf 89' lang='lat' dir='ltr'><strong><em>Et</em></strong></span> <span class='ocrx_word' id='word_1_375' title='bbox 1044 4742 1188 4797; x_wconf 87' lang='lat' dir='ltr'><strong><em>scola</em></strong></span> <span class='ocrx_word' id='word_1_376' title='bbox 1217 4741 1432 4796; x_wconf 85' lang='lat' dir='ltr'><strong><em>dicente</em></strong></span> <span class='ocrx_word' id='word_1_377' title='bbox 1477 4741 1660 4811; x_wconf 82' lang='lat' dir='ltr'><strong><em>Agnus</em></strong></span> <span class='ocrx_word' id='word_1_378' title='bbox 1695 4741 1797 4795; x_wconf 88' lang='lat' dir='ltr'><strong><em>Dei</em></strong></span> <span class='ocrx_word' id='word_1_379' title='bbox 1825 4740 2025 4813; x_wconf 89' lang='lat' dir='ltr'><strong><em>absque</em></strong></span> 
     </span>
    </p>
   </div>
   <div class='ocr_carea' id='block_1_52' title="bbox 373 4829 2021 4901">
    <p class='ocr_par' dir='ltr' id='par_1_52' title="bbox 373 4829 2021 4901">
     <span class='ocr_line' id='line_1_52' title="bbox 373 4829 2021 4901; baseline 0.001 -18"><span class='ocrx_word' id='word_1_380' title='bbox 373 4830 552 4884; x_wconf 86' lang='lat' dir='ltr'><strong><em>osculo</em></strong></span> <span class='ocrx_word' id='word_1_381' title='bbox 581 4834 631 4884; x_wconf 89' lang='lat' dir='ltr'><strong><em>et</em></strong></span> <span class='ocrx_word' id='word_1_382' title='bbox 659 4832 1056 4887; x_wconf 86' lang='lat' dir='ltr'><strong><em>communione.</em></strong></span> <span class='ocrx_word' id='word_1_383' title='bbox 1090 4829 1380 4887; x_wconf 86' lang='lat' dir='ltr'><strong><em>Dominus</em></strong></span> <span class='ocrx_word' id='word_1_384' title='bbox 1408 4829 1605 4885; x_wconf 83' lang='lat' dir='ltr'><strong><em>Jesus.</em></strong></span> <span class='ocrx_word' id='word_1_385' title='bbox 1636 4846 1768 4884; x_wconf 90' lang='lat' dir='ltr'><strong><em>cum</em></strong></span> <span class='ocrx_word' id='word_1_386' title='bbox 1794 4829 2021 4901; x_wconf 77' lang='lat' dir='ltr'><strong><em>psalmo</em></strong></span> 
     </span>
    </p>
   </div>
   <div class='ocr_carea' id='block_1_53' title="bbox 373 4918 2023 4992">
    <p class='ocr_par' dir='ltr' id='par_1_53' title="bbox 373 4918 2023 4992">
     <span class='ocr_line' id='line_1_53' title="bbox 373 4918 2023 4992; baseline 0.002 -21"><span class='ocrx_word' id='word_1_387' title='bbox 373 4923 427 4972; x_wconf 87' lang='lat' dir='ltr'><strong><em>et</em></strong></span> <span class='ocrx_word' id='word_1_388' title='bbox 461 4918 663 4989; x_wconf 80' lang='lat' dir='ltr'><strong><em>gloria.</em></strong></span> <span class='ocrx_word' id='word_1_389' title='bbox 699 4921 905 4976; x_wconf 73' lang='lat' dir='ltr'><strong><em>Fractis</em></strong></span> <span class='ocrx_word' id='word_1_390' title='bbox 952 4924 1138 4975; x_wconf 89' lang='lat' dir='ltr'><strong><em>autem</em></strong></span> <span class='ocrx_word' id='word_1_391' title='bbox 1165 4920 1363 4975; x_wconf 89' lang='lat' dir='ltr'><strong><em>oblatis</em></strong></span> <span class='ocrx_word' id='word_1_392' title='bbox 1390 4920 1788 4975; x_wconf 86' lang='lat' dir='ltr'><strong><em>communicent</em></strong></span> <span class='ocrx_word' id='word_1_393' title='bbox 1804 4921 2023 4992; x_wconf 85' lang='lat' dir='ltr'><strong><em>presby-</em></strong></span> 
     </span>
    </p>
   </div>
   <div class='ocr_carea' id='block_1_54' title="bbox 375 5009 2021 5080">
    <p class='ocr_par' dir='ltr' id='par_1_54' title="bbox 375 5009 2021 5080">
     <span class='ocr_line' id='line_1_54' title="bbox 375 5009 2021 5080; baseline 0.002 -18"><span class='ocrx_word' id='word_1_394' title='bbox 375 5009 480 5063; x_wconf 86' lang='lat' dir='ltr'><strong><em>teri</em></strong></span> <span class='ocrx_word' id='word_1_395' title='bbox 504 5011 703 5079; x_wconf 85' lang='lat' dir='ltr'><strong><em>primo,</em></strong></span> <span class='ocrx_word' id='word_1_396' title='bbox 730 5015 916 5080; x_wconf 87' lang='lat' dir='ltr'><strong><em>postea</em></strong></span> <span class='ocrx_word' id='word_1_397' title='bbox 944 5010 1182 5079; x_wconf 85' lang='lat' dir='ltr'><strong><em>diaconi,</em></strong></span> <span class='ocrx_word' id='word_1_398' title='bbox 1232 5014 1285 5064; x_wconf 90' lang='lat' dir='ltr'><strong><em>et</em></strong></span> <span class='ocrx_word' id='word_1_399' title='bbox 1330 5011 1517 5065; x_wconf 71' lang='lat' dir='ltr'><strong><em>creteri</em></strong></span> <span class='ocrx_word' id='word_1_400' title='bbox 1562 5026 1767 5065; x_wconf 87' lang='lat' dir='ltr'><strong><em>omnes.</em></strong></span> <span class='ocrx_word' id='word_1_401' title='bbox 1820 5011 1886 5065; x_wconf 89' lang='lat' dir='ltr'><strong><em>Et</em></strong></span> <span class='ocrx_word' id='word_1_402' title='bbox 1941 5013 2021 5065; x_wconf 86' lang='lat' dir='ltr'><strong><em>ita</em></strong></span> 
     </span>
    </p>
   </div>
   <div class='ocr_carea' id='block_1_55' title="bbox 370 5099 2019 5171">
    <p class='ocr_par' dir='ltr' id='par_1_55' title="bbox 370 5099 2019 5171">
     <span class='ocr_line' id='line_1_55' title="bbox 370 5099 2019 5171; baseline 0.002 -19"><span class='ocrx_word' id='word_1_403' title='bbox 370 5099 689 5169; x_wconf 82' lang='lat' dir='ltr'><strong><em>perficiatur</em></strong></span> <span class='ocrx_word' id='word_1_404' title='bbox 716 5100 871 5154; x_wconf 78' lang='lat' dir='ltr'><strong><em>Missa</em></strong></span> <span class='ocrx_word' id='word_1_405' title='bbox 902 5100 1092 5155; x_wconf 81' lang='lat' dir='ltr'><strong><em>ordine</em></strong></span> <span class='ocrx_word' id='word_1_406' title='bbox 1120 5116 1234 5155; x_wconf 77' lang='lat' dir='ltr'><strong><em>suo.</em></strong></span> <span class='ocrx_word' id='word_1_407' title='bbox 1266 5099 1345 5154; x_wconf 76' lang='lat' dir='ltr'><strong><em>Ad</em></strong></span> <span class='ocrx_word' id='word_1_408' title='bbox 1376 5101 1579 5171; x_wconf 48' lang='lat' dir='ltr'><strong><em>Compl.</em></strong></span> <span class='ocrx_word' id='word_1_409' title='bbox 1631 5099 1841 5155; x_wconf 78' lang='lat' dir='ltr'><strong><em>Refecti</em></strong></span> <span class='ocrx_word' id='word_1_410' title='bbox 1874 5100 2019 5156; x_wconf 86' lang='lat' dir='ltr'><strong><em>vita-</em></strong></span> 
     </span>
    </p>
   </div>
   <div class='ocr_carea' id='block_1_56' title="bbox 372 5186 2019 5260">
    <p class='ocr_par' dir='ltr' id='par_1_56' title="bbox 372 5186 2019 5260">
     <span class='ocr_line' id='line_1_56' title="bbox 372 5186 2019 5260; baseline 0.001 -17"><span class='ocrx_word' id='word_1_411' title='bbox 372 5187 529 5243; x_wconf 83' lang='lat' dir='ltr'><strong><em>libus</em></strong></span> <span class='ocrx_word' id='word_1_412' title='bbox 560 5186 1053 5259; x_wconf 80' lang='lat' dir='ltr'><strong><em>alimentis.Super</em></strong></span> <span class='ocrx_word' id='word_1_413' title='bbox 1074 5190 1357 5260; x_wconf 83' lang='lat' dir='ltr'><strong><em>populum.</em></strong></span> <span class='ocrx_word' id='word_1_414' title='bbox 1390 5189 1650 5244; x_wconf 86' lang='lat' dir='ltr'><strong><em>Concede</em></strong></span> <span class='ocrx_word' id='word_1_415' title='bbox 1679 5204 2019 5259; x_wconf 69' lang='lat' dir='ltr'><strong><em>quaesumus</em></strong></span> 
     </span>
    </p>
   </div>
   <div class='ocr_carea' id='block_1_57' title="bbox 371 5270 1917 5348">
    <p class='ocr_par' dir='ltr' id='par_1_57' title="bbox 371 5270 1917 5348">
     <span class='ocr_line' id='line_1_57' title="bbox 371 5270 1917 5348; baseline 0 -16"><span class='ocrx_word' id='word_1_416' title='bbox 371 5275 636 5344; x_wconf 88' lang='lat' dir='ltr'><strong><em>Domine,</em></strong></span> <span class='ocrx_word' id='word_1_417' title='bbox 668 5280 734 5330; x_wconf 90' lang='lat' dir='ltr'><strong><em>ut</em></strong></span> <span class='ocrx_word' id='word_1_418' title='bbox 764 5282 1099 5348; x_wconf 88' lang='lat' dir='ltr'><strong><em>perceptum</em></strong></span> <span class='ocrx_word' id='word_1_419' title='bbox 1132 5276 1317 5332; x_wconf 89' lang='lat' dir='ltr'><strong><em>novis.</em></strong></span> <span class='ocrx_word' id='word_1_420' title='bbox 1914 5270 1917 5273; x_wconf 15' lang='grc' dir='ltr'><em>Α</em></span> 
     </span>
    </p>
   </div>
   <div class='ocr_carea' id='block_1_58' title="bbox 438 5364 2019 5438">
    <p class='ocr_par' dir='ltr' id='par_1_58' title="bbox 438 5364 2019 5438">
     <span class='ocr_line' id='line_1_58' title="bbox 438 5364 2019 5438; baseline 0.001 -16"><span class='ocrx_word' id='word_1_421' title='bbox 438 5367 509 5422; x_wconf 88' lang='lat' dir='ltr'><strong><em>Et</em></strong></span> <span class='ocrx_word' id='word_1_422' title='bbox 530 5366 785 5438; x_wconf 72' lang='lat' dir='ltr'><strong><em>pontifex</em></strong></span> <span class='ocrx_word' id='word_1_423' title='bbox 810 5364 1097 5420; x_wconf 86' lang='lat' dir='ltr'><strong><em>descendat</em></strong></span> <span class='ocrx_word' id='word_1_424' title='bbox 1124 5367 1187 5419; x_wconf 88' lang='lat' dir='ltr'><strong><em>in</em></strong></span> <span class='ocrx_word' id='word_1_425' title='bbox 1230 5368 1536 5421; x_wconf 87' lang='lat' dir='ltr'><strong><em>sacrarium</em></strong></span> <span class='ocrx_word' id='word_1_426' title='bbox 1577 5365 1847 5422; x_wconf 86' lang='lat' dir='ltr'><strong><em>mandans</em></strong></span> <span class='ocrx_word' id='word_1_427' title='bbox 1870 5384 2019 5438; x_wconf 82' lang='lat' dir='ltr'><strong><em>pres-</em></strong></span> 
     </span>
    </p>
   </div>
   <div class='ocr_carea' id='block_1_59' title="bbox 370 5451 2019 5527">
    <p class='ocr_par' dir='ltr' id='par_1_59' title="bbox 370 5451 2019 5527">
     <span class='ocr_line' id='line_1_59' title="bbox 370 5451 2019 5527; baseline -0.002 -15"><span class='ocrx_word' id='word_1_428' title='bbox 370 5455 561 5512; x_wconf 85' lang='lat' dir='ltr'><strong><em>biteris</em></strong></span> <span class='ocrx_word' id='word_1_429' title='bbox 587 5452 727 5527; x_wconf 87' lang='lat' dir='ltr'><strong><em>guod</em></strong></span> <span class='ocrx_word' id='word_1_430' title='bbox 754 5453 1008 5518; x_wconf 80' lang='lat' dir='ltr'><strong><em>voluerit,</em></strong></span> <span class='ocrx_word' id='word_1_431' title='bbox 1043 5451 1446 5526; x_wconf 62' lang='lat' dir='ltr'><strong><em>tunchhrisma</em></strong></span> <span class='ocrx_word' id='word_1_432' title='bbox 1476 5472 1676 5509; x_wconf 77' lang='lat' dir='ltr'><strong><em>novum</em></strong></span> <span class='ocrx_word' id='word_1_433' title='bbox 1721 5456 2019 5509; x_wconf 79' lang='lat' dir='ltr'><strong><em>misceatur</em></strong></span> 
     </span>
    </p>
   </div>
   <div class='ocr_carea' id='block_1_60' title="bbox 366 5541 2017 5615">
    <p class='ocr_par' dir='ltr' id='par_1_60' title="bbox 366 5541 2017 5615">
     <span class='ocr_line' id='line_1_60' title="bbox 366 5541 2017 5615; baseline -0.001 -15"><span class='ocrx_word' id='word_1_434' title='bbox 366 5561 491 5601; x_wconf 89' lang='lat' dir='ltr'><strong><em>cum</em></strong></span> <span class='ocrx_word' id='word_1_435' title='bbox 517 5544 710 5611; x_wconf 83' lang='lat' dir='ltr'><strong><em>veteri,</em></strong></span> <span class='ocrx_word' id='word_1_436' title='bbox 739 5544 790 5599; x_wconf 91' lang='lat' dir='ltr'><strong><em>si</em></strong></span> <span class='ocrx_word' id='word_1_437' title='bbox 816 5541 948 5615; x_wconf 85' lang='lat' dir='ltr'><strong><em>quid</em></strong></span> <span class='ocrx_word' id='word_1_438' title='bbox 976 5542 1255 5597; x_wconf 86' lang='lat' dir='ltr'><strong><em>residuum</em></strong></span> <span class='ocrx_word' id='word_1_439' title='bbox 1281 5544 1372 5607; x_wconf 87' lang='lat' dir='ltr'><strong><em>sit,</em></strong></span> <span class='ocrx_word' id='word_1_440' title='bbox 1394 5544 1651 5599; x_wconf 85' lang='lat' dir='ltr'><strong><em>similiter</em></strong></span> <span class='ocrx_word' id='word_1_441' title='bbox 1679 5548 1732 5599; x_wconf 91' lang='lat' dir='ltr'><strong><em>et</em></strong></span> <span class='ocrx_word' id='word_1_442' title='bbox 1759 5545 2017 5610; x_wconf 88' lang='lat' dir='ltr'><strong><em>oleum,et</em></strong></span> 
     </span>
    </p>
   </div>
   <div class='ocr_carea' id='block_1_61' title="bbox 369 5631 1835 5706">
    <p class='ocr_par' dir='ltr' id='par_1_61' title="bbox 369 5631 1835 5706">
     <span class='ocr_line' id='line_1_61' title="bbox 369 5631 1835 5706; baseline -0.001 -16"><span class='ocrx_word' id='word_1_443' title='bbox 369 5634 451 5689; x_wconf 86' lang='lat' dir='ltr'><strong><em>ita</em></strong></span> <span class='ocrx_word' id='word_1_444' title='bbox 476 5634 757 5690; x_wconf 85' lang='lat' dir='ltr'><strong><em>dividatur</em></strong></span> <span class='ocrx_word' id='word_1_445' title='bbox 780 5648 881 5706; x_wconf 88' lang='lat' dir='ltr'><strong><em>per</em></strong></span> <span class='ocrx_word' id='word_1_446' title='bbox 903 5631 1249 5704; x_wconf 89' lang='lat' dir='ltr'><strong><em>presbiteros,</em></strong></span> <span class='ocrx_word' id='word_1_447' title='bbox 1282 5634 1334 5686; x_wconf 93' lang='lat' dir='ltr'><strong><em>et</em></strong></span> <span class='ocrx_word' id='word_1_448' title='bbox 1361 5632 1524 5702; x_wconf 84' lang='lat' dir='ltr'><strong><em>ﬁnita</em></strong></span> <span class='ocrx_word' id='word_1_449' title='bbox 1550 5636 1678 5687; x_wconf 88' lang='lat' dir='ltr'><strong><em>sunt</em></strong></span> <span class='ocrx_word' id='word_1_450' title='bbox 1710 5634 1835 5689; x_wconf 88' lang='lat' dir='ltr'><strong><em>ista.</em></strong></span> 
     </span>
    </p>
   </div>
   <div class='ocr_carea' id='block_1_62' title="bbox 439 5720 2014 5798">
    <p class='ocr_par' dir='ltr' id='par_1_62' title="bbox 439 5720 2014 5798">
     <span class='ocr_line' id='line_1_62' title="bbox 439 5720 2014 5798; baseline -0.001 -15"><span class='ocrx_word' id='word_1_451' title='bbox 439 5723 518 5783; x_wconf 81' lang='lat' dir='ltr'><strong><em>Ad</em></strong></span> <span class='ocrx_word' id='word_1_452' title='bbox 548 5739 826 5798; x_wconf 86' lang='lat' dir='ltr'><strong><em>vesperum</em></strong></span> <span class='ocrx_word' id='word_1_453' title='bbox 856 5724 915 5781; x_wconf 87' lang='lat' dir='ltr'><strong><em>in</em></strong></span> <span class='ocrx_word' id='word_1_454' title='bbox 944 5738 1094 5780; x_wconf 73' lang='lat' dir='ltr'><strong><em>aena</em></strong></span> <span class='ocrx_word' id='word_1_455' title='bbox 1124 5720 1483 5780; x_wconf 83' lang='lat' dir='ltr'><strong><em>Domini.Non</em></strong></span> <span class='ocrx_word' id='word_1_456' title='bbox 1515 5720 1732 5779; x_wconf 84' lang='lat' dir='ltr'><strong><em>dicatur</em></strong></span> <span class='ocrx_word' id='word_1_457' title='bbox 1780 5728 1925 5781; x_wconf 79' lang='lat' dir='ltr'><strong><em>Deus</em></strong></span> <span class='ocrx_word' id='word_1_458' title='bbox 1952 5722 2014 5781; x_wconf 90' lang='lat' dir='ltr'><strong><em>in</em></strong></span> 
     </span>
    </p>
   </div>
   <div class='ocr_carea' id='block_1_63' title="bbox 2143 595 3825 672">
    <p class='ocr_par' dir='ltr' id='par_1_63' title="bbox 2143 595 3825 672">
     <span class='ocr_line' id='line_1_63' title="bbox 2143 595 3825 672; baseline 0.002 -23"><span class='ocrx_word' id='word_1_459' title='bbox 2143 595 2262 649; x_wconf 92' lang='lat' dir='ltr'><strong><em>didi</em></strong></span> <span class='ocrx_word' id='word_1_460' title='bbox 2297 602 2534 670; x_wconf 84' lang='lat' dir='ltr'><strong><em>propter</em></strong></span> <span class='ocrx_word' id='word_1_461' title='bbox 2562 599 2685 655; x_wconf 75' lang='lat' dir='ltr'><strong><em>Ant.</em></strong></span> <span class='ocrx_word' id='word_1_462' title='bbox 2719 600 2861 655; x_wconf 85' lang='lat' dir='ltr'><strong><em>Cum</em></strong></span> <span class='ocrx_word' id='word_1_463' title='bbox 2894 599 2990 655; x_wconf 89' lang='lat' dir='ltr'><strong><em>bis</em></strong></span> <span class='ocrx_word' id='word_1_464' title='bbox 3016 600 3119 672; x_wconf 87' lang='lat' dir='ltr'><strong><em>qui</em></strong></span> <span class='ocrx_word' id='word_1_465' title='bbox 3148 601 3426 656; x_wconf 86' lang='lat' dir='ltr'><strong><em>oderunt.</em></strong></span> <span class='ocrx_word' id='word_1_466' title='bbox 3462 602 3566 654; x_wconf 78' lang='lat' dir='ltr'><strong><em>Ps.</em></strong></span> <span class='ocrx_word' id='word_1_467' title='bbox 3604 600 3699 654; x_wconf 82' lang='lat' dir='ltr'><strong><em>Ad</em></strong></span> <span class='ocrx_word' id='word_1_468' title='bbox 3735 600 3825 653; x_wconf 62' lang='lat' dir='ltr'><strong><em>Dn-</em></strong></span> 
     </span>
    </p>
   </div>
   <div class='ocr_carea' id='block_1_64' title="bbox 2144 682 3823 761">
    <p class='ocr_par' dir='ltr' id='par_1_64' title="bbox 2144 682 3823 761">
     <span class='ocr_line' id='line_1_64' title="bbox 2144 682 3823 761; baseline 0.004 -23"><span class='ocrx_word' id='word_1_469' title='bbox 2144 682 2391 741; x_wconf 88' lang='lat' dir='ltr'><strong><em>minum.</em></strong></span> <span class='ocrx_word' id='word_1_470' title='bbox 2422 687 2488 742; x_wconf 83' lang='lat' dir='ltr'><strong><em>A.</em></strong></span> <span class='ocrx_word' id='word_1_471' title='bbox 2520 688 2603 741; x_wconf 81' lang='lat' dir='ltr'><strong><em>Ab</em></strong></span> <span class='ocrx_word' id='word_1_472' title='bbox 2653 688 2994 743; x_wconf 86' lang='lat' dir='ltr'><strong><em>hominibus</em></strong></span> <span class='ocrx_word' id='word_1_473' title='bbox 3045 688 3292 761; x_wconf 87' lang='lat' dir='ltr'><strong><em>iniquis.</em></strong></span> <span class='ocrx_word' id='word_1_474' title='bbox 3334 691 3432 744; x_wconf 85' lang='lat' dir='ltr'><strong><em>Ps.</em></strong></span> <span class='ocrx_word' id='word_1_475' title='bbox 3489 688 3688 759; x_wconf 79' lang='lat' dir='ltr'><strong><em>Eripe</em></strong></span> <span class='ocrx_word' id='word_1_476' title='bbox 3726 705 3823 744; x_wconf 83' lang='lat' dir='ltr'><strong><em>me.</em></strong></span> 
     </span>
    </p>
   </div>
   <div class='ocr_carea' id='block_1_65' title="bbox 2141 774 3825 849">
    <p class='ocr_par' dir='ltr' id='par_1_65' title="bbox 2141 774 3825 849">
     <span class='ocr_line' id='line_1_65' title="bbox 2141 774 3825 849; baseline 0.002 -21"><span class='ocrx_word' id='word_1_477' title='bbox 2141 774 2208 829; x_wconf 88' lang='lat' dir='ltr'><strong><em>A.</em></strong></span> <span class='ocrx_word' id='word_1_478' title='bbox 2266 775 2494 830; x_wconf 84' lang='lat' dir='ltr'><strong><em>custodi</em></strong></span> <span class='ocrx_word' id='word_1_479' title='bbox 2554 793 2645 832; x_wconf 92' lang='lat' dir='ltr'><strong><em>me</em></strong></span> <span class='ocrx_word' id='word_1_480' title='bbox 2696 793 2730 831; x_wconf 87' lang='lat' dir='ltr'><strong><em>a</em></strong></span> <span class='ocrx_word' id='word_1_481' title='bbox 2775 776 3003 849; x_wconf 82' lang='lat' dir='ltr'><strong><em>laqueo.</em></strong></span> <span class='ocrx_word' id='word_1_482' title='bbox 3068 780 3156 833; x_wconf 87' lang='lat' dir='ltr'><strong><em>Ps.</em></strong></span> <span class='ocrx_word' id='word_1_483' title='bbox 3232 776 3489 832; x_wconf 81' lang='lat' dir='ltr'><strong><em>Domine</em></strong></span> <span class='ocrx_word' id='word_1_484' title='bbox 3554 775 3825 832; x_wconf 70' lang='lat' dir='ltr'><strong><em>clamavi.</em></strong></span> 
     </span>
    </p>
   </div>
   <div class='ocr_carea' id='block_1_66' title="bbox 2142 863 3827 921">
    <p class='ocr_par' dir='ltr' id='par_1_66' title="bbox 2142 863 3827 921">
     <span class='ocr_line' id='line_1_66' title="bbox 2142 863 3827 921; baseline 0.002 -5"><span class='ocrx_word' id='word_1_485' title='bbox 2142 863 2207 916; x_wconf 90' lang='lat' dir='ltr'><strong><em>A.</em></strong></span> <span class='ocrx_word' id='word_1_486' title='bbox 2240 863 2692 920; x_wconf 80' lang='lat' dir='ltr'><strong><em>Considerabam</em></strong></span> <span class='ocrx_word' id='word_1_487' title='bbox 2724 866 2795 920; x_wconf 85' lang='lat' dir='ltr'><strong><em>ad</em></strong></span> <span class='ocrx_word' id='word_1_488' title='bbox 2827 866 3241 921; x_wconf 81' lang='lat' dir='ltr'><strong><em>dexteram.Ps.</em></strong></span> <span class='ocrx_word' id='word_1_489' title='bbox 3274 865 3441 920; x_wconf 84' lang='lat' dir='ltr'><strong><em>Voce</em></strong></span> <span class='ocrx_word' id='word_1_490' title='bbox 3474 868 3827 921; x_wconf 60' lang='lat' dir='ltr'><strong><em>muleens</em></strong></span> 
     </span>
    </p>
   </div>
   <div class='ocr_carea' id='block_1_67' title="bbox 2143 951 3825 1027">
    <p class='ocr_par' dir='ltr' id='par_1_67' title="bbox 2143 951 3825 1027">
     <span class='ocr_line' id='line_1_67' title="bbox 2143 951 3825 1027; baseline 0.002 -23"><span class='ocrx_word' id='word_1_491' title='bbox 2143 966 2254 1005; x_wconf 78' lang='lat' dir='ltr'><strong><em>non.</em></strong></span> <span class='ocrx_word' id='word_1_492' title='bbox 2285 951 2505 1007; x_wconf 88' lang='lat' dir='ltr'><strong><em>dicatur</em></strong></span> <span class='ocrx_word' id='word_1_493' title='bbox 2524 970 2624 1008; x_wconf 88' lang='lat' dir='ltr'><strong><em>nec</em></strong></span> <span class='ocrx_word' id='word_1_494' title='bbox 2646 953 2963 1009; x_wconf 75' lang='lat' dir='ltr'><strong><em>rersus.Sed</em></strong></span> <span class='ocrx_word' id='word_1_495' title='bbox 2976 954 3323 1027; x_wconf 60' lang='lat' dir='ltr'><strong><em>antiphﬂmn</em></strong></span> <span class='ocrx_word' id='word_1_496' title='bbox 3332 953 3598 1008; x_wconf 85' lang='lat' dir='ltr'><strong><em>antibus</em></strong></span> <span class='ocrx_word' id='word_1_497' title='bbox 3613 959 3825 1009; x_wconf 80' lang='lat' dir='ltr'><strong><em>autem.</em></strong></span> 
     </span>
    </p>
   </div>
   <div class='ocr_carea' id='block_1_68' title="bbox 2145 1040 3827 1115">
    <p class='ocr_par' dir='ltr' id='par_1_68' title="bbox 2145 1040 3827 1115">
     <span class='ocr_line' id='line_1_68' title="bbox 2145 1040 3827 1115; baseline 0.003 -22"><span class='ocrx_word' id='word_1_498' title='bbox 2145 1041 2234 1093; x_wconf 89' lang='lat' dir='ltr'><strong><em>Ps.</em></strong></span> <span class='ocrx_word' id='word_1_499' title='bbox 2296 1040 2653 1112; x_wconf 83' lang='lat' dir='ltr'><strong><em>Magniﬁcat.</em></strong></span> <span class='ocrx_word' id='word_1_500' title='bbox 2702 1042 2892 1097; x_wconf 86' lang='lat' dir='ltr'><strong><em>Oratio</em></strong></span> <span class='ocrx_word' id='word_1_501' title='bbox 2942 1043 3013 1097; x_wconf 89' lang='lat' dir='ltr'><strong><em>ad</em></strong></span> <span class='ocrx_word' id='word_1_502' title='bbox 3060 1044 3365 1115; x_wconf 83' lang='lat' dir='ltr'><strong><em>l’esperum.</em></strong></span> <span class='ocrx_word' id='word_1_503' title='bbox 3429 1047 3607 1098; x_wconf 82' lang='lat' dir='ltr'><strong><em>Deus</em></strong></span> <span class='ocrx_word' id='word_1_504' title='bbox 3669 1044 3827 1114; x_wconf 81' lang='lat' dir='ltr'><strong><em>cujus</em></strong></span> 
     </span>
    </p>
   </div>
   <div class='ocr_carea' id='block_1_69' title="bbox 2149 1130 3825 1204">
    <p class='ocr_par' dir='ltr' id='par_1_69' title="bbox 2149 1130 3825 1204">
     <span class='ocr_line' id='line_1_69' title="bbox 2149 1130 3825 1204; baseline 0.002 -22"><span class='ocrx_word' id='word_1_505' title='bbox 2149 1144 2376 1183; x_wconf 75' lang='lat' dir='ltr'><strong><em>cumam</em></strong></span> <span class='ocrx_word' id='word_1_506' title='bbox 2427 1130 2828 1186; x_wconf 85' lang='lat' dir='ltr'><strong><em>sacratissima</em></strong></span> <span class='ocrx_word' id='word_1_507' title='bbox 2855 1147 3202 1186; x_wconf 78' lang='lat' dir='ltr'><strong><em>veneramur</em></strong></span> <span class='ocrx_word' id='word_1_508' title='bbox 3232 1136 3298 1185; x_wconf 90' lang='lat' dir='ltr'><strong><em>ut</em></strong></span> <span class='ocrx_word' id='word_1_509' title='bbox 3341 1147 3413 1186; x_wconf 80' lang='lat' dir='ltr'><strong><em>ea</em></strong></span> <span class='ocrx_word' id='word_1_510' title='bbox 3447 1131 3634 1204; x_wconf 83' lang='lat' dir='ltr'><strong><em>digni</em></strong></span> <span class='ocrx_word' id='word_1_511' title='bbox 3682 1133 3825 1187; x_wconf 72' lang='lat' dir='ltr'><strong><em>inve-</em></strong></span> 
     </span>
    </p>
   </div>
   <div class='ocr_carea' id='block_1_70' title="bbox 2150 1217 3824 1292">
    <p class='ocr_par' dir='ltr' id='par_1_70' title="bbox 2150 1217 3824 1292">
     <span class='ocr_line' id='line_1_70' title="bbox 2150 1217 3824 1292; baseline 0.004 -22"><span class='ocrx_word' id='word_1_512' title='bbox 2150 1217 2632 1282; x_wconf 86' lang='lat' dir='ltr'><strong><em>niamur,munda</em></strong></span> <span class='ocrx_word' id='word_1_513' title='bbox 2661 1236 2769 1274; x_wconf 92' lang='lat' dir='ltr'><strong><em>nos</em></strong></span> <span class='ocrx_word' id='word_1_514' title='bbox 2798 1236 3135 1291; x_wconf 69' lang='lat' dir='ltr'><strong><em>quaesumus</em></strong></span> <span class='ocrx_word' id='word_1_515' title='bbox 3163 1237 3197 1274; x_wconf 82' lang='lat' dir='ltr'><strong><em>a</em></strong></span> <span class='ocrx_word' id='word_1_516' title='bbox 3227 1221 3516 1275; x_wconf 81' lang='lat' dir='ltr'><strong><em>sordibus</em></strong></span> <span class='ocrx_word' id='word_1_517' title='bbox 3554 1228 3824 1292; x_wconf 70' lang='lat' dir='ltr'><strong><em>peccatu-</em></strong></span> 
     </span>
    </p>
   </div>
   <div class='ocr_carea' id='block_1_71' title="bbox 2149 1306 3822 1378">
    <p class='ocr_par' dir='ltr' id='par_1_71' title="bbox 2149 1306 3822 1378">
     <span class='ocr_line' id='line_1_71' title="bbox 2149 1306 3822 1378; baseline 0.004 -19"><span class='ocrx_word' id='word_1_518' title='bbox 2149 1307 2405 1378; x_wconf 88' lang='lat' dir='ltr'><strong><em>rum,qui</em></strong></span> <span class='ocrx_word' id='word_1_519' title='bbox 2439 1309 2507 1362; x_wconf 88' lang='lat' dir='ltr'><strong><em>ad</em></strong></span> <span class='ocrx_word' id='word_1_520' title='bbox 2542 1306 2962 1363; x_wconf 79' lang='lat' dir='ltr'><strong><em>insinuandum</em></strong></span> <span class='ocrx_word' id='word_1_521' title='bbox 3015 1309 3186 1364; x_wconf 88' lang='lat' dir='ltr'><strong><em>nobis</em></strong></span> <span class='ocrx_word' id='word_1_522' title='bbox 3225 1308 3604 1364; x_wconf 79' lang='lat' dir='ltr'><strong><em>humilitatis</em></strong></span> <span class='ocrx_word' id='word_1_523' title='bbox 3636 1327 3822 1375; x_wconf 72' lang='lat' dir='ltr'><strong><em>exem-</em></strong></span> 
     </span>
    </p>
   </div>
   <div class='ocr_carea' id='block_1_72' title="bbox 2147 1393 3821 1471">
    <p class='ocr_par' dir='ltr' id='par_1_72' title="bbox 2147 1393 3821 1471">
     <span class='ocr_line' id='line_1_72' title="bbox 2147 1393 3821 1471; baseline 0.003 -23"><span class='ocrx_word' id='word_1_524' title='bbox 2147 1393 2309 1468; x_wconf 90' lang='lat' dir='ltr'><strong><em>plum</em></strong></span> <span class='ocrx_word' id='word_1_525' title='bbox 2341 1396 2517 1467; x_wconf 86' lang='lat' dir='ltr'><strong><em>pedes</em></strong></span> <span class='ocrx_word' id='word_1_526' title='bbox 2535 1401 2772 1452; x_wconf 88' lang='lat' dir='ltr'><strong><em>tuorum</em></strong></span> <span class='ocrx_word' id='word_1_527' title='bbox 2790 1397 3067 1470; x_wconf 82' lang='lat' dir='ltr'><strong><em>dignatus</em></strong></span> <span class='ocrx_word' id='word_1_528' title='bbox 3082 1415 3144 1452; x_wconf 88' lang='lat' dir='ltr'><strong><em>es</em></strong></span> <span class='ocrx_word' id='word_1_529' title='bbox 3158 1397 3351 1453; x_wconf 79' lang='lat' dir='ltr'><strong><em>lavare</em></strong></span> <span class='ocrx_word' id='word_1_530' title='bbox 3368 1397 3821 1471; x_wconf 85' lang='lat' dir='ltr'><strong><em>discipulorum</em></strong></span> 
     </span>
    </p>
   </div>
   <div class='ocr_carea' id='block_1_73' title="bbox 2148 1484 3817 1560">
    <p class='ocr_par' dir='ltr' id='par_1_73' title="bbox 2148 1484 3817 1560">
     <span class='ocr_line' id='line_1_73' title="bbox 2148 1484 3817 1560; baseline 0.003 -23"><span class='ocrx_word' id='word_1_531' title='bbox 2148 1484 2245 1555; x_wconf 91' lang='lat' dir='ltr'><strong><em>qui</em></strong></span> <span class='ocrx_word' id='word_1_532' title='bbox 2279 1501 2413 1539; x_wconf 91' lang='lat' dir='ltr'><strong><em>cum</em></strong></span> <span class='ocrx_word' id='word_1_533' title='bbox 2446 1485 2560 1540; x_wconf 89' lang='lat' dir='ltr'><strong><em>Deo</em></strong></span> <span class='ocrx_word' id='word_1_534' title='bbox 2592 1485 2919 1541; x_wconf 83' lang='lat' dir='ltr'><strong><em>Patrc.Cum</em></strong></span> <span class='ocrx_word' id='word_1_535' title='bbox 2939 1490 3121 1541; x_wconf 85' lang='lat' dir='ltr'><strong><em>autem</em></strong></span> <span class='ocrx_word' id='word_1_536' title='bbox 3143 1488 3283 1541; x_wconf 86' lang='lat' dir='ltr'><strong><em>scola</em></strong></span> <span class='ocrx_word' id='word_1_537' title='bbox 3303 1488 3566 1558; x_wconf 81' lang='lat' dir='ltr'><strong><em>primum</em></strong></span> <span class='ocrx_word' id='word_1_538' title='bbox 3603 1489 3817 1560; x_wconf 62' lang='lat' dir='ltr'><strong><em>antipb.</em></strong></span> 
     </span>
    </p>
   </div>
   <div class='ocr_carea' id='block_1_74' title="bbox 2148 1572 3820 1648">
    <p class='ocr_par' dir='ltr' id='par_1_74' title="bbox 2148 1572 3820 1648">
     <span class='ocr_line' id='line_1_74' title="bbox 2148 1572 3820 1648; baseline 0.003 -21"><span class='ocrx_word' id='word_1_539' title='bbox 2148 1572 2559 1628; x_wconf 86' lang='lat' dir='ltr'><strong><em>dicit.Calicem</em></strong></span> <span class='ocrx_word' id='word_1_540' title='bbox 2589 1574 3093 1630; x_wconf 86' lang='lat' dir='ltr'><strong><em>salutaris.Statim</em></strong></span> <span class='ocrx_word' id='word_1_541' title='bbox 3123 1575 3231 1631; x_wconf 88' lang='lat' dir='ltr'><strong><em>duo</em></strong></span> <span class='ocrx_word' id='word_1_542' title='bbox 3257 1576 3456 1631; x_wconf 86' lang='lat' dir='ltr'><strong><em>acoliti</em></strong></span> <span class='ocrx_word' id='word_1_543' title='bbox 3479 1579 3698 1648; x_wconf 80' lang='lat' dir='ltr'><strong><em>parati</em></strong></span> <span class='ocrx_word' id='word_1_544' title='bbox 3712 1595 3820 1632; x_wconf 66' lang='lat' dir='ltr'><strong><em>cum</em></strong></span> 
     </span>
    </p>
   </div>
   <div class='ocr_carea' id='block_1_75' title="bbox 2148 1663 3821 1737">
    <p class='ocr_par' dir='ltr' id='par_1_75' title="bbox 2148 1663 3821 1737">
     <span class='ocr_line' id='line_1_75' title="bbox 2148 1663 3821 1737; baseline 0.002 -21"><span class='ocrx_word' id='word_1_545' title='bbox 2148 1663 2325 1732; x_wconf 88' lang='lat' dir='ltr'><strong><em>nigris</em></strong></span> <span class='ocrx_word' id='word_1_546' title='bbox 2353 1663 2553 1717; x_wconf 88' lang='lat' dir='ltr'><strong><em>casulis</em></strong></span> <span class='ocrx_word' id='word_1_547' title='bbox 2582 1664 2856 1735; x_wconf 85' lang='lat' dir='ltr'><strong><em>incipiant</em></strong></span> <span class='ocrx_word' id='word_1_548' title='bbox 2902 1666 3184 1736; x_wconf 60' lang='lat' dir='ltr'><strong><em>expoliare</em></strong></span> <span class='ocrx_word' id='word_1_549' title='bbox 3211 1665 3442 1729; x_wconf 87' lang='lat' dir='ltr'><strong><em>altaria,</em></strong></span> <span class='ocrx_word' id='word_1_550' title='bbox 3485 1681 3676 1737; x_wconf 70' lang='lat' dir='ltr'><strong><em>usque</em></strong></span> <span class='ocrx_word' id='word_1_551' title='bbox 3702 1666 3821 1720; x_wconf 68' lang='lat' dir='ltr'><strong><em>dum</em></strong></span> 
     </span>
    </p>
   </div>
   <div class='ocr_carea' id='block_1_76' title="bbox 2148 1752 3819 1826">
    <p class='ocr_par' dir='ltr' id='par_1_76' title="bbox 2148 1752 3819 1826">
     <span class='ocr_line' id='line_1_76' title="bbox 2148 1752 3819 1826; baseline 0.003 -21"><span class='ocrx_word' id='word_1_552' title='bbox 2148 1752 2347 1822; x_wconf 83' lang='lat' dir='ltr'><strong><em>ﬁnitur</em></strong></span> <span class='ocrx_word' id='word_1_553' title='bbox 2374 1768 2594 1823; x_wconf 81' lang='lat' dir='ltr'><strong><em>vespera</em></strong></span> <span class='ocrx_word' id='word_1_554' title='bbox 2611 1758 2797 1824; x_wconf 88' lang='lat' dir='ltr'><strong><em>postea</em></strong></span> <span class='ocrx_word' id='word_1_555' title='bbox 2826 1752 3161 1809; x_wconf 65' lang='lat' dir='ltr'><strong><em>tolluntuml</em></strong></span> <span class='ocrx_word' id='word_1_556' title='bbox 3184 1770 3405 1825; x_wconf 84' lang='lat' dir='ltr'><strong><em>vespera</em></strong></span> <span class='ocrx_word' id='word_1_557' title='bbox 3431 1759 3637 1810; x_wconf 74' lang='lat' dir='ltr'><strong><em>autem</em></strong></span> <span class='ocrx_word' id='word_1_558' title='bbox 3670 1755 3819 1826; x_wconf 66' lang='lat' dir='ltr'><strong><em>hujus</em></strong></span> 
     </span>
    </p>
   </div>
   <div class='ocr_carea' id='block_1_77' title="bbox 2148 1840 3816 1917">
    <p class='ocr_par' dir='ltr' id='par_1_77' title="bbox 2148 1840 3816 1917">
     <span class='ocr_line' id='line_1_77' title="bbox 2148 1840 3816 1917; baseline 0.003 -23"><span class='ocrx_word' id='word_1_559' title='bbox 2148 1840 2262 1895; x_wconf 88' lang='lat' dir='ltr'><strong><em>diei</em></strong></span> <span class='ocrx_word' id='word_1_560' title='bbox 2290 1840 2438 1895; x_wconf 87' lang='lat' dir='ltr'><strong><em>nuda</em></strong></span> <span class='ocrx_word' id='word_1_561' title='bbox 2464 1845 2592 1896; x_wconf 89' lang='lat' dir='ltr'><strong><em>sunt</em></strong></span> <span class='ocrx_word' id='word_1_562' title='bbox 2620 1842 2827 1897; x_wconf 88' lang='lat' dir='ltr'><strong><em>altaria</em></strong></span> <span class='ocrx_word' id='word_1_563' title='bbox 2855 1859 3023 1915; x_wconf 88' lang='lat' dir='ltr'><strong><em>usque</em></strong></span> <span class='ocrx_word' id='word_1_564' title='bbox 3048 1845 3111 1897; x_wconf 89' lang='lat' dir='ltr'><strong><em>in</em></strong></span> <span class='ocrx_word' id='word_1_565' title='bbox 3140 1860 3303 1898; x_wconf 87' lang='lat' dir='ltr'><strong><em>mane</em></strong></span> <span class='ocrx_word' id='word_1_566' title='bbox 3328 1843 3598 1898; x_wconf 80' lang='lat' dir='ltr'><strong><em>sabbati:</em></strong></span> <span class='ocrx_word' id='word_1_567' title='bbox 3622 1846 3816 1917; x_wconf 60' lang='lat' dir='ltr'><strong><em>Exple-</em></strong></span> 
     </span>
    </p>
   </div>
   <div class='ocr_carea' id='block_1_78' title="bbox 2150 1930 3817 2004">
    <p class='ocr_par' dir='ltr' id='par_1_78' title="bbox 2150 1930 3817 2004">
     <span class='ocr_line' id='line_1_78' title="bbox 2150 1930 3817 2004; baseline 0.002 -20"><span class='ocrx_word' id='word_1_568' title='bbox 2150 1931 2218 1984; x_wconf 87' lang='lat' dir='ltr'><strong><em>tis</em></strong></span> <span class='ocrx_word' id='word_1_569' title='bbox 2247 1930 2498 1985; x_wconf 89' lang='lat' dir='ltr'><strong><em>omnibus</em></strong></span> <span class='ocrx_word' id='word_1_570' title='bbox 2546 1932 2795 2003; x_wconf 87' lang='lat' dir='ltr'><strong><em>procedit</em></strong></span> <span class='ocrx_word' id='word_1_571' title='bbox 2848 1932 3075 1986; x_wconf 87' lang='lat' dir='ltr'><strong><em>domnus</em></strong></span> <span class='ocrx_word' id='word_1_572' title='bbox 3131 1932 3425 2004; x_wconf 76' lang='lat' dir='ltr'><strong><em>Episcopus</em></strong></span> <span class='ocrx_word' id='word_1_573' title='bbox 3480 1949 3621 1987; x_wconf 79' lang='lat' dir='ltr'><strong><em>cum</em></strong></span> <span class='ocrx_word' id='word_1_574' title='bbox 3676 1938 3817 1988; x_wconf 71' lang='lat' dir='ltr'><strong><em>omni</em></strong></span> 
     </span>
    </p>
   </div>
   <div class='ocr_carea' id='block_1_79' title="bbox 2146 2019 3813 2093">
    <p class='ocr_par' dir='ltr' id='par_1_79' title="bbox 2146 2019 3813 2093">
     <span class='ocr_line' id='line_1_79' title="bbox 2146 2019 3813 2093; baseline 0.003 -21"><span class='ocrx_word' id='word_1_575' title='bbox 2146 2019 2437 2074; x_wconf 86' lang='lat' dir='ltr'><strong><em>alacritate</em></strong></span> <span class='ocrx_word' id='word_1_576' title='bbox 2464 2037 2589 2074; x_wconf 87' lang='lat' dir='ltr'><strong><em>eum</em></strong></span> <span class='ocrx_word' id='word_1_577' title='bbox 2614 2021 2932 2093; x_wconf 85' lang='lat' dir='ltr'><strong><em>presbiteris</em></strong></span> <span class='ocrx_word' id='word_1_578' title='bbox 2959 2025 3013 2076; x_wconf 90' lang='lat' dir='ltr'><strong><em>et</em></strong></span> <span class='ocrx_word' id='word_1_579' title='bbox 3039 2022 3183 2076; x_wconf 84' lang='lat' dir='ltr'><strong><em>clero</em></strong></span> <span class='ocrx_word' id='word_1_580' title='bbox 3211 2023 3261 2075; x_wconf 88' lang='lat' dir='ltr'><strong><em>si</em></strong></span> <span class='ocrx_word' id='word_1_581' title='bbox 3288 2022 3409 2076; x_wconf 80' lang='lat' dir='ltr'><strong><em>vult</em></strong></span> <span class='ocrx_word' id='word_1_582' title='bbox 3440 2026 3580 2076; x_wconf 71' lang='lat' dir='ltr'><strong><em>ante</em></strong></span> <span class='ocrx_word' id='word_1_583' title='bbox 3602 2023 3690 2077; x_wconf 68' lang='lat' dir='ltr'><strong><em>vel</em></strong></span> <span class='ocrx_word' id='word_1_584' title='bbox 3704 2028 3813 2093; x_wconf 68' lang='lat' dir='ltr'><strong><em>post</em></strong></span> 
     </span>
    </p>
   </div>
   <div class='ocr_carea' id='block_1_80' title="bbox 2145 2104 3812 2182">
    <p class='ocr_par' dir='ltr' id='par_1_80' title="bbox 2145 2104 3812 2182">
     <span class='ocr_line' id='line_1_80' title="bbox 2145 2104 3812 2182; baseline 0.001 -20"><span class='ocrx_word' id='word_1_585' title='bbox 2145 2104 2326 2162; x_wconf 77' lang='lat' dir='ltr'><strong><em>cibum</em></strong></span> <span class='ocrx_word' id='word_1_586' title='bbox 2355 2108 2425 2163; x_wconf 89' lang='lat' dir='ltr'><strong><em>ad</em></strong></span> <span class='ocrx_word' id='word_1_587' title='bbox 2455 2110 2632 2164; x_wconf 87' lang='lat' dir='ltr'><strong><em>locum</em></strong></span> <span class='ocrx_word' id='word_1_588' title='bbox 2661 2110 2758 2164; x_wconf 86' lang='lat' dir='ltr'><strong><em>ubi</em></strong></span> <span class='ocrx_word' id='word_1_589' title='bbox 2792 2110 3114 2165; x_wconf 86' lang='lat' dir='ltr'><strong><em>mandatum</em></strong></span> <span class='ocrx_word' id='word_1_590' title='bbox 3160 2112 3279 2165; x_wconf 86' lang='lat' dir='ltr'><strong><em>vult</em></strong></span> <span class='ocrx_word' id='word_1_591' title='bbox 3321 2112 3621 2182; x_wconf 74' lang='lat' dir='ltr'><strong><em>perﬁcere.</em></strong></span> <span class='ocrx_word' id='word_1_592' title='bbox 3677 2113 3812 2168; x_wconf 71' lang='lat' dir='ltr'><strong><em>Unus</em></strong></span> 
     </span>
    </p>
   </div>
   <div class='ocr_carea' id='block_1_81' title="bbox 2145 2197 3810 2270">
    <p class='ocr_par' dir='ltr' id='par_1_81' title="bbox 2145 2197 3810 2270">
     <span class='ocr_line' id='line_1_81' title="bbox 2145 2197 3810 2270; baseline 0 -17"><span class='ocrx_word' id='word_1_593' title='bbox 2145 2214 2215 2253; x_wconf 69' lang='lat' dir='ltr'><strong><em>ex</em></strong></span> <span class='ocrx_word' id='word_1_594' title='bbox 2241 2197 2584 2253; x_wconf 84' lang='lat' dir='ltr'><strong><em>subdiaconis</em></strong></span> <span class='ocrx_word' id='word_1_595' title='bbox 2611 2216 2735 2254; x_wconf 86' lang='lat' dir='ltr'><strong><em>cum</em></strong></span> <span class='ocrx_word' id='word_1_596' title='bbox 2780 2200 3083 2270; x_wconf 72' lang='lat' dir='ltr'><strong><em>Exangelio</em></strong></span> <span class='ocrx_word' id='word_1_597' title='bbox 3130 2203 3183 2254; x_wconf 88' lang='lat' dir='ltr'><strong><em>et</em></strong></span> <span class='ocrx_word' id='word_1_598' title='bbox 3208 2200 3374 2270; x_wconf 85' lang='lat' dir='ltr'><strong><em>pueri</em></strong></span> <span class='ocrx_word' id='word_1_599' title='bbox 3412 2216 3543 2254; x_wconf 76' lang='lat' dir='ltr'><strong><em>cum</em></strong></span> <span class='ocrx_word' id='word_1_600' title='bbox 3574 2216 3740 2255; x_wconf 60' lang='lat' dir='ltr'><strong><em>mir</em></strong></span> <span class='ocrx_word' id='word_1_601' title='bbox 3765 2206 3810 2255; x_wconf 84' lang='lat' dir='ltr'><strong><em>et</em></strong></span> 
     </span>
    </p>
   </div>
   <div class='ocr_carea' id='block_1_82' title="bbox 2144 2288 3808 2360">
    <p class='ocr_par' dir='ltr' id='par_1_82' title="bbox 2144 2288 3808 2360">
     <span class='ocr_line' id='line_1_82' title="bbox 2144 2288 3808 2360; baseline 0.001 -18"><span class='ocrx_word' id='word_1_602' title='bbox 2144 2288 2350 2343; x_wconf 86' lang='lat' dir='ltr'><strong><em>duobus</em></strong></span> <span class='ocrx_word' id='word_1_603' title='bbox 2376 2290 2547 2343; x_wconf 88' lang='lat' dir='ltr'><strong><em>cereis</em></strong></span> <span class='ocrx_word' id='word_1_604' title='bbox 2574 2288 2893 2343; x_wconf 86' lang='lat' dir='ltr'><strong><em>ardentibus</em></strong></span> <span class='ocrx_word' id='word_1_605' title='bbox 2921 2292 2975 2342; x_wconf 89' lang='lat' dir='ltr'><strong><em>et</em></strong></span> <span class='ocrx_word' id='word_1_606' title='bbox 3004 2290 3241 2353; x_wconf 84' lang='lat' dir='ltr'><strong><em>incenso,</em></strong></span> <span class='ocrx_word' id='word_1_607' title='bbox 3269 2290 3466 2359; x_wconf 84' lang='lat' dir='ltr'><strong><em>parati</em></strong></span> <span class='ocrx_word' id='word_1_608' title='bbox 3510 2289 3808 2360; x_wconf 69' lang='lat' dir='ltr'><strong><em>procedunt</em></strong></span> 
     </span>
    </p>
   </div>
   <div class='ocr_carea' id='block_1_83' title="bbox 2144 2368 3803 2449">
    <p class='ocr_par' dir='ltr' id='par_1_83' title="bbox 2144 2368 3803 2449">
     <span class='ocr_line' id='line_1_83' title="bbox 2144 2368 3803 2449; baseline 0.001 -19"><span class='ocrx_word' id='word_1_609' title='bbox 2144 2394 2267 2431; x_wconf 85' lang='lat' dir='ltr'><strong><em>cum</em></strong></span> <span class='ocrx_word' id='word_1_610' title='bbox 2296 2376 2686 2432; x_wconf 83' lang='lat' dir='ltr'><strong><em>archidiadono</em></strong></span> <span class='ocrx_word' id='word_1_611' title='bbox 2714 2378 2775 2431; x_wconf 89' lang='lat' dir='ltr'><strong><em>in</em></strong></span> <span class='ocrx_word' id='word_1_612' title='bbox 2805 2378 2981 2432; x_wconf 89' lang='lat' dir='ltr'><strong><em>locum</em></strong></span> <span class='ocrx_word' id='word_1_613' title='bbox 3008 2377 3104 2432; x_wconf 87' lang='lat' dir='ltr'><strong><em>ubi</em></strong></span> <span class='ocrx_word' id='word_1_614' title='bbox 3129 2368 3334 2449; x_wconf 73' lang='lat' dir='ltr'><strong><em>fratres</em></strong></span> <span class='ocrx_word' id='word_1_615' title='bbox 3362 2377 3435 2432; x_wconf 85' lang='lat' dir='ltr'><strong><em>ad</em></strong></span> <span class='ocrx_word' id='word_1_616' title='bbox 3478 2377 3803 2433; x_wconf 67' lang='lat' dir='ltr'><strong><em>mandatam</em></strong></span> 
     </span>
    </p>
   </div>
   <div class='ocr_carea' id='block_1_84' title="bbox 2143 2466 3801 2538">
    <p class='ocr_par' dir='ltr' id='par_1_84' title="bbox 2143 2466 3801 2538">
     <span class='ocr_line' id='line_1_84' title="bbox 2143 2466 3801 2538; baseline 0.001 -18"><span class='ocrx_word' id='word_1_617' title='bbox 2143 2467 2492 2521; x_wconf 86' lang='lat' dir='ltr'><strong><em>conveniunt.</em></strong></span> <span class='ocrx_word' id='word_1_618' title='bbox 2540 2468 2608 2521; x_wconf 86' lang='lat' dir='ltr'><strong><em>Et</em></strong></span> <span class='ocrx_word' id='word_1_619' title='bbox 2656 2467 2837 2538; x_wconf 88' lang='lat' dir='ltr'><strong><em>primo</em></strong></span> <span class='ocrx_word' id='word_1_620' title='bbox 2893 2468 3142 2521; x_wconf 86' lang='lat' dir='ltr'><strong><em>omnium</em></strong></span> <span class='ocrx_word' id='word_1_621' title='bbox 3196 2466 3403 2536; x_wconf 83' lang='lat' dir='ltr'><strong><em>legitur</em></strong></span> <span class='ocrx_word' id='word_1_622' title='bbox 3459 2467 3801 2538; x_wconf 66' lang='lat' dir='ltr'><strong><em>anngelim</em></strong></span> 
     </span>
    </p>
   </div>
   <div class='ocr_carea' id='block_1_85' title="bbox 2143 2554 3801 2627">
    <p class='ocr_par' dir='ltr' id='par_1_85' title="bbox 2143 2554 3801 2627">
     <span class='ocr_line' id='line_1_85' title="bbox 2143 2554 3801 2627; baseline 0.001 -17"><span class='ocrx_word' id='word_1_623' title='bbox 2143 2554 2439 2610; x_wconf 85' lang='lat' dir='ltr'><strong><em>secundum</em></strong></span> <span class='ocrx_word' id='word_1_624' title='bbox 2465 2557 2752 2621; x_wconf 84' lang='lat' dir='ltr'><strong><em>Joannem,</em></strong></span> <span class='ocrx_word' id='word_1_625' title='bbox 2785 2558 2929 2611; x_wconf 88' lang='lat' dir='ltr'><strong><em>Ante</em></strong></span> <span class='ocrx_word' id='word_1_626' title='bbox 2956 2556 3110 2610; x_wconf 92' lang='lat' dir='ltr'><strong><em>diem</em></strong></span> <span class='ocrx_word' id='word_1_627' title='bbox 3134 2556 3348 2610; x_wconf 80' lang='lat' dir='ltr'><strong><em>festum</em></strong></span> <span class='ocrx_word' id='word_1_628' title='bbox 3381 2556 3801 2627; x_wconf 54' lang='lat' dir='ltr'><strong><em>pascaDeiade</em></strong></span> 
     </span>
    </p>
   </div>
   <div class='ocr_carea' id='block_1_86' title="bbox 2141 2644 3798 2715">
    <p class='ocr_par' dir='ltr' id='par_1_86' title="bbox 2141 2644 3798 2715">
     <span class='ocr_line' id='line_1_86' title="bbox 2141 2644 3798 2715; baseline -0.001 -17"><span class='ocrx_word' id='word_1_629' title='bbox 2141 2645 2411 2715; x_wconf 86' lang='lat' dir='ltr'><strong><em>fratribus</em></strong></span> <span class='ocrx_word' id='word_1_630' title='bbox 2437 2648 2627 2700; x_wconf 89' lang='lat' dir='ltr'><strong><em>mutuo</em></strong></span> <span class='ocrx_word' id='word_1_631' title='bbox 2654 2661 2768 2700; x_wconf 86' lang='lat' dir='ltr'><strong><em>sese</em></strong></span> <span class='ocrx_word' id='word_1_632' title='bbox 2814 2645 3125 2699; x_wconf 88' lang='lat' dir='ltr'><strong><em>lavantibus</em></strong></span> <span class='ocrx_word' id='word_1_633' title='bbox 3152 2648 3457 2700; x_wconf 84' lang='lat' dir='ltr'><strong><em>cantantur</em></strong></span> <span class='ocrx_word' id='word_1_634' title='bbox 3484 2644 3708 2715; x_wconf 74' lang='lat' dir='ltr'><strong><em>antiph.</em></strong></span> <span class='ocrx_word' id='word_1_635' title='bbox 3736 2644 3798 2697; x_wconf 79' lang='lat' dir='ltr'><strong><em>de</em></strong></span> 
     </span>
    </p>
   </div>
   <div class='ocr_carea' id='block_1_87' title="bbox 2142 2731 3796 2789">
    <p class='ocr_par' dir='ltr' id='par_1_87' title="bbox 2142 2731 3796 2789">
     <span class='ocr_line' id='line_1_87' title="bbox 2142 2731 3796 2789; baseline -0.001 -1"><span class='ocrx_word' id='word_1_636' title='bbox 2142 2750 2294 2788; x_wconf 73' lang='lat' dir='ltr'><strong><em>coma</em></strong></span> <span class='ocrx_word' id='word_1_637' title='bbox 2322 2733 2448 2788; x_wconf 86' lang='lat' dir='ltr'><strong><em>Dni.</em></strong></span> <span class='ocrx_word' id='word_1_638' title='bbox 2510 2734 2683 2789; x_wconf 70' lang='lat' dir='ltr'><strong><em>Coena</em></strong></span> <span class='ocrx_word' id='word_1_639' title='bbox 2740 2734 2895 2788; x_wconf 82' lang='lat' dir='ltr'><strong><em>facta</em></strong></span> <span class='ocrx_word' id='word_1_640' title='bbox 2950 2731 3093 2787; x_wconf 82' lang='lat' dir='ltr'><strong><em>dicit</em></strong></span> <span class='ocrx_word' id='word_1_641' title='bbox 3143 2731 3339 2788; x_wconf 86' lang='lat' dir='ltr'><strong><em>Jesus.</em></strong></span> <span class='ocrx_word' id='word_1_642' title='bbox 3401 2733 3494 2787; x_wconf 89' lang='lat' dir='ltr'><strong><em>Ps.</em></strong></span> <span class='ocrx_word' id='word_1_643' title='bbox 3529 2731 3796 2787; x_wconf 77' lang='lat' dir='ltr'><strong><em>Miserere</em></strong></span> 
     </span>
    </p>
   </div>
   <div class='ocr_carea' id='block_1_88' title="bbox 2145 2819 3797 2894">
    <p class='ocr_par' dir='ltr' id='par_1_88' title="bbox 2145 2819 3797 2894">
     <span class='ocr_line' id='line_1_88' title="bbox 2145 2819 3797 2894; baseline -0.001 -18"><span class='ocrx_word' id='word_1_644' title='bbox 2145 2822 2280 2888; x_wconf 90' lang='lat' dir='ltr'><strong><em>mei,</em></strong></span> <span class='ocrx_word' id='word_1_645' title='bbox 2310 2824 2375 2877; x_wconf 86' lang='lat' dir='ltr'><strong><em>A.</em></strong></span> <span class='ocrx_word' id='word_1_646' title='bbox 2409 2820 2726 2894; x_wconf 82' lang='lat' dir='ltr'><strong><em>Postquam</em></strong></span> <span class='ocrx_word' id='word_1_647' title='bbox 2773 2821 3046 2877; x_wconf 79' lang='lat' dir='ltr'><strong><em>surrexit.</em></strong></span> <span class='ocrx_word' id='word_1_648' title='bbox 3096 2822 3187 2876; x_wconf 89' lang='lat' dir='ltr'><strong><em>Ps.</em></strong></span> <span class='ocrx_word' id='word_1_649' title='bbox 3246 2819 3402 2876; x_wconf 88' lang='lat' dir='ltr'><strong><em>Deus</em></strong></span> <span class='ocrx_word' id='word_1_650' title='bbox 3450 2819 3797 2875; x_wconf 79' lang='lat' dir='ltr'><strong><em>misereatur</em></strong></span> 
     </span>
    </p>
   </div>
   <div class='ocr_carea' id='block_1_89' title="bbox 2143 2907 3793 2997">
    <p class='ocr_par' dir='ltr' id='par_1_89' title="bbox 2143 2907 3793 2997">
     <span class='ocr_line' id='line_1_89' title="bbox 2143 2907 3793 2997; baseline -0.002 -32"><span class='ocrx_word' id='word_1_651' title='bbox 2143 2909 2350 2966; x_wconf 88' lang='lat' dir='ltr'><strong><em>nostri.</em></strong></span> <span class='ocrx_word' id='word_1_652' title='bbox 2383 2915 2449 2965; x_wconf 83' lang='lat' dir='ltr'><strong><em>A.</em></strong></span> <span class='ocrx_word' id='word_1_653' title='bbox 2482 2910 2541 2965; x_wconf 91' lang='lat' dir='ltr'><strong><em>Si</em></strong></span> <span class='ocrx_word' id='word_1_654' title='bbox 2572 2926 2678 2997; x_wconf 82' lang='lat' dir='ltr'><strong><em>ego</em></strong></span> <span class='ocrx_word' id='word_1_655' title='bbox 2726 2908 3010 2965; x_wconf 88' lang='lat' dir='ltr'><strong><em>Dominus</em></strong></span> <span class='ocrx_word' id='word_1_656' title='bbox 3056 2913 3113 2964; x_wconf 91' lang='lat' dir='ltr'><strong><em>et</em></strong></span> <span class='ocrx_word' id='word_1_657' title='bbox 3142 2907 3443 2981; x_wconf 81' lang='lat' dir='ltr'><strong><em>magister.</em></strong></span> <span class='ocrx_word' id='word_1_658' title='bbox 3488 2910 3578 2963; x_wconf 88' lang='lat' dir='ltr'><strong><em>Ps.</em></strong></span> <span class='ocrx_word' id='word_1_659' title='bbox 3612 2910 3793 2975; x_wconf 77' lang='lat' dir='ltr'><strong><em>Quam</em></strong></span> 
     </span>
    </p>
   </div>
   <div class='ocr_carea' id='block_1_90' title="bbox 2142 2996 3793 3071">
    <p class='ocr_par' dir='ltr' id='par_1_90' title="bbox 2142 2996 3793 3071">
     <span class='ocr_line' id='line_1_90' title="bbox 2142 2996 3793 3071; baseline -0.003 -16"><span class='ocrx_word' id='word_1_660' title='bbox 2142 2999 2372 3055; x_wconf 89' lang='lat' dir='ltr'><strong><em>dilecta.</em></strong></span> <span class='ocrx_word' id='word_1_661' title='bbox 2405 3001 2471 3054; x_wconf 89' lang='lat' dir='ltr'><strong><em>A.</em></strong></span> <span class='ocrx_word' id='word_1_662' title='bbox 2506 2999 2566 3055; x_wconf 85' lang='lat' dir='ltr'><strong><em>in</em></strong></span> <span class='ocrx_word' id='word_1_663' title='bbox 2598 2998 2708 3055; x_wconf 92' lang='lat' dir='ltr'><strong><em>hoc</em></strong></span> <span class='ocrx_word' id='word_1_664' title='bbox 2737 3002 3108 3071; x_wconf 82' lang='lat' dir='ltr'><strong><em>cognoscent.</em></strong></span> <span class='ocrx_word' id='word_1_665' title='bbox 3141 3000 3230 3053; x_wconf 90' lang='lat' dir='ltr'><strong><em>Ps.</em></strong></span> <span class='ocrx_word' id='word_1_666' title='bbox 3280 2996 3528 3053; x_wconf 84' lang='lat' dir='ltr'><strong><em>Domine</em></strong></span> <span class='ocrx_word' id='word_1_667' title='bbox 3563 2998 3793 3053; x_wconf 86' lang='lat' dir='ltr'><strong><em>exaudi.</em></strong></span> 
     </span>
    </p>
   </div>
   <div class='ocr_carea' id='block_1_91' title="bbox 2140 3083 3794 3160">
    <p class='ocr_par' dir='ltr' id='par_1_91' title="bbox 2140 3083 3794 3160">
     <span class='ocr_line' id='line_1_91' title="bbox 2140 3083 3794 3160; baseline -0.002 -17"><span class='ocrx_word' id='word_1_668' title='bbox 2140 3091 2207 3146; x_wconf 88' lang='lat' dir='ltr'><strong><em>A.</em></strong></span> <span class='ocrx_word' id='word_1_669' title='bbox 2241 3088 2524 3144; x_wconf 89' lang='lat' dir='ltr'><strong><em>Dominus</em></strong></span> <span class='ocrx_word' id='word_1_670' title='bbox 2556 3086 3148 3160; x_wconf 80' lang='lat' dir='ltr'><strong><em>postquam.Ps.Beati</em></strong></span> <span class='ocrx_word' id='word_1_671' title='bbox 3170 3083 3558 3141; x_wconf 81' lang='lat' dir='ltr'><strong><em>immaculati.</em></strong></span> <span class='ocrx_word' id='word_1_672' title='bbox 3590 3088 3794 3141; x_wconf 79' lang='lat' dir='ltr'><strong><em>A.Dili-</em></strong></span> 
     </span>
    </p>
   </div>
   <div class='ocr_carea' id='block_1_92' title="bbox 2144 3174 3793 3250">
    <p class='ocr_par' dir='ltr' id='par_1_92' title="bbox 2144 3174 3793 3250">
     <span class='ocr_line' id='line_1_92' title="bbox 2144 3174 3793 3250; baseline -0.002 -17"><span class='ocrx_word' id='word_1_673' title='bbox 2144 3194 2355 3250; x_wconf 89' lang='lat' dir='ltr'><strong><em>gamus</em></strong></span> <span class='ocrx_word' id='word_1_674' title='bbox 2386 3194 2513 3233; x_wconf 88' lang='lat' dir='ltr'><strong><em>nos.</em></strong></span> <span class='ocrx_word' id='word_1_675' title='bbox 2547 3180 2636 3233; x_wconf 88' lang='lat' dir='ltr'><strong><em>Ps.</em></strong></span> <span class='ocrx_word' id='word_1_676' title='bbox 2670 3178 2811 3232; x_wconf 86' lang='lat' dir='ltr'><strong><em>Ecce</em></strong></span> <span class='ocrx_word' id='word_1_677' title='bbox 2843 3193 3019 3248; x_wconf 85' lang='lat' dir='ltr'><strong><em>quam</em></strong></span> <span class='ocrx_word' id='word_1_678' title='bbox 3063 3177 3307 3231; x_wconf 90' lang='lat' dir='ltr'><strong><em>bonum.</em></strong></span> <span class='ocrx_word' id='word_1_679' title='bbox 3353 3177 3419 3230; x_wconf 87' lang='lat' dir='ltr'><strong><em>A.</em></strong></span> <span class='ocrx_word' id='word_1_680' title='bbox 3455 3174 3793 3230; x_wconf 76' lang='lat' dir='ltr'><strong><em>Mandatum</em></strong></span> 
     </span>
    </p>
   </div>
   <div class='ocr_carea' id='block_1_93' title="bbox 2222 3263 3791 3334">
    <p class='ocr_par' dir='ltr' id='par_1_93' title="bbox 2222 3263 3791 3334">
     <span class='ocr_line' id='line_1_93' title="bbox 2222 3263 3791 3334; baseline -0.003 -13"><span class='ocrx_word' id='word_1_681' title='bbox 2222 3284 2379 3322; x_wconf 87' lang='lat' dir='ltr'><strong><em>vum.</em></strong></span> <span class='ocrx_word' id='word_1_682' title='bbox 2412 3268 2478 3334; x_wconf 92' lang='lat' dir='ltr'><strong><em>A,</em></strong></span> <span class='ocrx_word' id='word_1_683' title='bbox 2512 3266 2573 3322; x_wconf 89' lang='lat' dir='ltr'><strong><em>In</em></strong></span> <span class='ocrx_word' id='word_1_684' title='bbox 2621 3265 2827 3321; x_wconf 89' lang='lat' dir='ltr'><strong><em>diebus</em></strong></span> <span class='ocrx_word' id='word_1_685' title='bbox 2873 3263 3011 3320; x_wconf 89' lang='lat' dir='ltr'><strong><em>illis.</em></strong></span> <span class='ocrx_word' id='word_1_686' title='bbox 3061 3264 3128 3319; x_wconf 84' lang='lat' dir='ltr'><strong><em>A.</em></strong></span> <span class='ocrx_word' id='word_1_687' title='bbox 3162 3265 3311 3319; x_wconf 85' lang='lat' dir='ltr'><strong><em>Ante</em></strong></span> <span class='ocrx_word' id='word_1_688' title='bbox 3358 3263 3517 3319; x_wconf 88' lang='lat' dir='ltr'><strong><em>diem</em></strong></span> <span class='ocrx_word' id='word_1_689' title='bbox 3561 3263 3791 3318; x_wconf 80' lang='lat' dir='ltr'><strong><em>festum.</em></strong></span> 
     </span>
    </p>
   </div>
   <div class='ocr_carea' id='block_1_94' title="bbox 2144 3349 3793 3408">
    <p class='ocr_par' dir='ltr' id='par_1_94' title="bbox 2144 3349 3793 3408">
     <span class='ocr_line' id='line_1_94' title="bbox 2144 3349 3793 3408; baseline -0.001 -1"><span class='ocrx_word' id='word_1_690' title='bbox 2144 3355 2207 3408; x_wconf 87' lang='lat' dir='ltr'><strong><em>A.</em></strong></span> <span class='ocrx_word' id='word_1_691' title='bbox 2238 3353 2355 3408; x_wconf 89' lang='lat' dir='ltr'><strong><em>Vos</em></strong></span> <span class='ocrx_word' id='word_1_692' title='bbox 2384 3353 2603 3408; x_wconf 89' lang='lat' dir='ltr'><strong><em>vocatis</em></strong></span> <span class='ocrx_word' id='word_1_693' title='bbox 2632 3369 2744 3408; x_wconf 90' lang='lat' dir='ltr'><strong><em>me.</em></strong></span> <span class='ocrx_word' id='word_1_694' title='bbox 2776 3353 2822 3406; x_wconf 86' lang='lat' dir='ltr'><strong><em>A</em></strong></span> <span class='ocrx_word' id='word_1_695' title='bbox 2851 3350 3092 3407; x_wconf 88' lang='lat' dir='ltr'><strong><em>Domine</em></strong></span> <span class='ocrx_word' id='word_1_696' title='bbox 3124 3355 3186 3406; x_wconf 90' lang='lat' dir='ltr'><strong><em>tu</em></strong></span> <span class='ocrx_word' id='word_1_697' title='bbox 3217 3349 3365 3406; x_wconf 86' lang='lat' dir='ltr'><strong><em>mihi</em></strong></span> <span class='ocrx_word' id='word_1_698' title='bbox 3396 3350 3579 3406; x_wconf 76' lang='lat' dir='ltr'><strong><em>lavas.</em></strong></span> <span class='ocrx_word' id='word_1_699' title='bbox 3613 3352 3793 3407; x_wconf 78' lang='lat' dir='ltr'><strong><em>Oratio</em></strong></span> 
     </span>
    </p>
   </div>
   <div class='ocr_carea' id='block_1_95' title="bbox 2138 3437 3793 3514">
    <p class='ocr_par' dir='ltr' id='par_1_95' title="bbox 2138 3437 3793 3514">
     <span class='ocr_line' id='line_1_95' title="bbox 2138 3437 3793 3514; baseline -0.002 -16"><span class='ocrx_word' id='word_1_700' title='bbox 2138 3447 2257 3514; x_wconf 88' lang='lat' dir='ltr'><strong><em>post</em></strong></span> <span class='ocrx_word' id='word_1_701' title='bbox 2301 3442 2643 3497; x_wconf 88' lang='lat' dir='ltr'><strong><em>mandatum.</em></strong></span> <span class='ocrx_word' id='word_1_702' title='bbox 2693 3442 2820 3497; x_wconf 88' lang='lat' dir='ltr'><strong><em>Post</em></strong></span> <span class='ocrx_word' id='word_1_703' title='bbox 2865 3437 3145 3496; x_wconf 84' lang='lat' dir='ltr'><strong><em>lavacrum</em></strong></span> <span class='ocrx_word' id='word_1_704' title='bbox 3186 3438 3473 3512; x_wconf 81' lang='lat' dir='ltr'><strong><em>pedum,et</em></strong></span> <span class='ocrx_word' id='word_1_705' title='bbox 3514 3445 3635 3513; x_wconf 79' lang='lat' dir='ltr'><strong><em>post</em></strong></span> <span class='ocrx_word' id='word_1_706' title='bbox 3686 3442 3793 3511; x_wconf 79' lang='lat' dir='ltr'><strong><em>fra-</em></strong></span> 
     </span>
    </p>
   </div>
   <div class='ocr_carea' id='block_1_96' title="bbox 2140 3529 3789 3603">
    <p class='ocr_par' dir='ltr' id='par_1_96' title="bbox 2140 3529 3789 3603">
     <span class='ocr_line' id='line_1_96' title="bbox 2140 3529 3789 3603; baseline -0.003 -16"><span class='ocrx_word' id='word_1_707' title='bbox 2140 3534 2377 3587; x_wconf 90' lang='lat' dir='ltr'><strong><em>ctionem</em></strong></span> <span class='ocrx_word' id='word_1_708' title='bbox 2419 3533 2582 3603; x_wconf 86' lang='lat' dir='ltr'><strong><em>panis</em></strong></span> <span class='ocrx_word' id='word_1_709' title='bbox 2608 3530 2836 3586; x_wconf 87' lang='lat' dir='ltr'><strong><em>domnus</em></strong></span> <span class='ocrx_word' id='word_1_710' title='bbox 2881 3530 3173 3601; x_wconf 78' lang='lat' dir='ltr'><strong><em>EpiscOpus</em></strong></span> <span class='ocrx_word' id='word_1_711' title='bbox 3217 3529 3304 3584; x_wconf 84' lang='lat' dir='ltr'><strong><em>vel</em></strong></span> <span class='ocrx_word' id='word_1_712' title='bbox 3344 3529 3637 3601; x_wconf 75' lang='lat' dir='ltr'><strong><em>presbyter</em></strong></span> <span class='ocrx_word' id='word_1_713' title='bbox 3677 3545 3789 3600; x_wconf 84' lang='lat' dir='ltr'><strong><em>pro-</em></strong></span> 
     </span>
    </p>
   </div>
   <div class='ocr_carea' id='block_1_97' title="bbox 2140 3617 3785 3690">
    <p class='ocr_par' dir='ltr' id='par_1_97' title="bbox 2140 3617 3785 3690">
     <span class='ocr_line' id='line_1_97' title="bbox 2140 3617 3785 3690; baseline -0.004 -14"><span class='ocrx_word' id='word_1_714' title='bbox 2140 3622 2365 3676; x_wconf 88' lang='lat' dir='ltr'><strong><em>nuntiat</em></strong></span> <span class='ocrx_word' id='word_1_715' title='bbox 2394 3620 2487 3676; x_wconf 86' lang='lat' dir='ltr'><strong><em>hos</em></strong></span> <span class='ocrx_word' id='word_1_716' title='bbox 2500 3630 2720 3675; x_wconf 81' lang='lat' dir='ltr'><strong><em>versus:</em></strong></span> <span class='ocrx_word' id='word_1_717' title='bbox 2740 3617 3122 3690; x_wconf 89' lang='lat' dir='ltr'><strong><em>Suscepimus</em></strong></span> <span class='ocrx_word' id='word_1_718' title='bbox 3147 3622 3300 3673; x_wconf 88' lang='lat' dir='ltr'><strong><em>Deus</em></strong></span> <span class='ocrx_word' id='word_1_719' title='bbox 3328 3617 3785 3673; x_wconf 83' lang='lat' dir='ltr'><strong><em>misericordiam</em></strong></span> 
     </span>
    </p>
   </div>
   <div class='ocr_carea' id='block_1_98' title="bbox 2143 3706 3779 3780">
    <p class='ocr_par' dir='ltr' id='par_1_98' title="bbox 2143 3706 3779 3780">
     <span class='ocr_line' id='line_1_98' title="bbox 2143 3706 3779 3780; baseline -0.001 -14"><span class='ocrx_word' id='word_1_720' title='bbox 2143 3714 2305 3766; x_wconf 90' lang='lat' dir='ltr'><strong><em>tuam</em></strong></span> <span class='ocrx_word' id='word_1_721' title='bbox 2333 3709 2393 3764; x_wconf 90' lang='lat' dir='ltr'><strong><em>in</em></strong></span> <span class='ocrx_word' id='word_1_722' title='bbox 2429 3708 2622 3764; x_wconf 89' lang='lat' dir='ltr'><strong><em>medio</em></strong></span> <span class='ocrx_word' id='word_1_723' title='bbox 2652 3706 2878 3780; x_wconf 88' lang='lat' dir='ltr'><strong><em>templi.</em></strong></span> <span class='ocrx_word' id='word_1_724' title='bbox 2913 3707 2999 3763; x_wconf 89' lang='lat' dir='ltr'><strong><em>Tu</em></strong></span> <span class='ocrx_word' id='word_1_725' title='bbox 3026 3706 3323 3761; x_wconf 84' lang='lat' dir='ltr'><strong><em>mandasti</em></strong></span> <span class='ocrx_word' id='word_1_726' title='bbox 3355 3707 3638 3762; x_wconf 65' lang='lat' dir='ltr'><strong><em>mandata</em></strong></span> <span class='ocrx_word' id='word_1_727' title='bbox 3671 3712 3779 3765; x_wconf 78' lang='lat' dir='ltr'><strong><em>tua.</em></strong></span> 
     </span>
    </p>
   </div>
   <div class='ocr_carea' id='block_1_99' title="bbox 2141 3795 3780 3868">
    <p class='ocr_par' dir='ltr' id='par_1_99' title="bbox 2141 3795 3780 3868">
     <span class='ocr_line' id='line_1_99' title="bbox 2141 3795 3780 3868; baseline -0.005 -12"><span class='ocrx_word' id='word_1_728' title='bbox 2141 3797 2421 3856; x_wconf 86' lang='lat' dir='ltr'><strong><em>custodiri</em></strong></span> <span class='ocrx_word' id='word_1_729' title='bbox 2454 3797 2738 3854; x_wconf 85' lang='lat' dir='ltr'><strong><em>nimis.Tu</em></strong></span> <span class='ocrx_word' id='word_1_730' title='bbox 2772 3796 2977 3852; x_wconf 77' lang='lat' dir='ltr'><strong><em>levasti</em></strong></span> <span class='ocrx_word' id='word_1_731' title='bbox 3009 3796 3187 3868; x_wconf 84' lang='lat' dir='ltr'><strong><em>pedes</em></strong></span> <span class='ocrx_word' id='word_1_732' title='bbox 3203 3795 3635 3868; x_wconf 90' lang='lat' dir='ltr'><strong><em>discipulorum</em></strong></span> <span class='ocrx_word' id='word_1_733' title='bbox 3668 3800 3780 3850; x_wconf 80' lang='lat' dir='ltr'><strong><em>tuo-</em></strong></span> 
     </span>
    </p>
   </div>
   <div class='ocr_carea' id='block_1_100' title="bbox 2142 3883 3776 3961">
    <p class='ocr_par' dir='ltr' id='par_1_100' title="bbox 2142 3883 3776 3961">
     <span class='ocr_line' id='line_1_100' title="bbox 2142 3883 3776 3961; baseline -0.006 -16"><span class='ocrx_word' id='word_1_734' title='bbox 2142 3887 2489 3961; x_wconf 88' lang='lat' dir='ltr'><strong><em>rum.0pera</em></strong></span> <span class='ocrx_word' id='word_1_735' title='bbox 2518 3903 2801 3942; x_wconf 89' lang='lat' dir='ltr'><strong><em>manuum</em></strong></span> <span class='ocrx_word' id='word_1_736' title='bbox 2831 3891 3070 3941; x_wconf 89' lang='lat' dir='ltr'><strong><em>tuarum</em></strong></span> <span class='ocrx_word' id='word_1_737' title='bbox 3103 3888 3222 3940; x_wconf 88' lang='lat' dir='ltr'><strong><em>Dne</em></strong></span> <span class='ocrx_word' id='word_1_738' title='bbox 3261 3901 3378 3940; x_wconf 89' lang='lat' dir='ltr'><strong><em>non</em></strong></span> <span class='ocrx_word' id='word_1_739' title='bbox 3414 3884 3701 3958; x_wconf 80' lang='lat' dir='ltr'><strong><em>despicias</em></strong></span> <span class='ocrx_word' id='word_1_740' title='bbox 3727 3883 3776 3937; x_wconf 90' lang='lat' dir='ltr'><strong><em>in</em></strong></span> 
     </span>
    </p>
   </div>
   <div class='ocr_carea' id='block_1_101' title="bbox 2141 3983 2426 4034">
    <p class='ocr_par' dir='ltr' id='par_1_101' title="bbox 2141 3983 2426 4034">
     <span class='ocr_line' id='line_1_101' title="bbox 2141 3983 2426 4034; baseline -0.011 0"><span class='ocrx_word' id='word_1_741' title='bbox 2141 3983 2426 4034; x_wconf 88' lang='lat' dir='ltr'><strong><em>eternum.</em></strong></span> 
     </span>
    </p>
   </div>
   <div class='ocr_carea' id='block_1_102' title="bbox 2209 4062 3775 4136">
    <p class='ocr_par' dir='ltr' id='par_1_102' title="bbox 2209 4062 3775 4136">
     <span class='ocr_line' id='line_1_102' title="bbox 2209 4062 3775 4136; baseline -0.004 -14"><span class='ocrx_word' id='word_1_742' title='bbox 2209 4066 2424 4122; x_wconf 88' lang='lat' dir='ltr'><strong><em>Adesto</em></strong></span> <span class='ocrx_word' id='word_1_743' title='bbox 2455 4064 2696 4122; x_wconf 87' lang='lat' dir='ltr'><strong><em>Domine</em></strong></span> <span class='ocrx_word' id='word_1_744' title='bbox 2727 4063 2935 4121; x_wconf 80' lang='lat' dir='ltr'><strong><em>officiis</em></strong></span> <span class='ocrx_word' id='word_1_745' title='bbox 2966 4067 3179 4120; x_wconf 66' lang='lat' dir='ltr'><strong><em>nostra:</em></strong></span> <span class='ocrx_word' id='word_1_746' title='bbox 3211 4062 3537 4130; x_wconf 83' lang='lat' dir='ltr'><strong><em>servitutis,</em></strong></span> <span class='ocrx_word' id='word_1_747' title='bbox 3566 4062 3697 4136; x_wconf 71' lang='lat' dir='ltr'><strong><em>quia</em></strong></span> <span class='ocrx_word' id='word_1_748' title='bbox 3722 4067 3775 4115; x_wconf 84' lang='lat' dir='ltr'><strong><em>tu</em></strong></span> 
     </span>
    </p>
   </div>
   <div class='ocr_carea' id='block_1_103' title="bbox 2140 4151 3772 4229">
    <p class='ocr_par' dir='ltr' id='par_1_103' title="bbox 2140 4151 3772 4229">
     <span class='ocr_line' id='line_1_103' title="bbox 2140 4151 3772 4229; baseline -0.004 -18"><span class='ocrx_word' id='word_1_749' title='bbox 2140 4157 2316 4229; x_wconf 90' lang='lat' dir='ltr'><strong><em>pedes</em></strong></span> <span class='ocrx_word' id='word_1_750' title='bbox 2346 4155 2537 4210; x_wconf 87' lang='lat' dir='ltr'><strong><em>lavare</em></strong></span> <span class='ocrx_word' id='word_1_751' title='bbox 2566 4153 2843 4228; x_wconf 85' lang='lat' dir='ltr'><strong><em>dignatus</em></strong></span> <span class='ocrx_word' id='word_1_752' title='bbox 2858 4171 2920 4209; x_wconf 90' lang='lat' dir='ltr'><strong><em>es</em></strong></span> <span class='ocrx_word' id='word_1_753' title='bbox 2932 4152 3050 4208; x_wconf 90' lang='lat' dir='ltr'><strong><em>tuis</em></strong></span> <span class='ocrx_word' id='word_1_754' title='bbox 3067 4151 3489 4224; x_wconf 81' lang='lat' dir='ltr'><strong><em>discipulis.Ne</em></strong></span> <span class='ocrx_word' id='word_1_755' title='bbox 3507 4151 3772 4225; x_wconf 75' lang='lat' dir='ltr'><strong><em>despicias</em></strong></span> 
     </span>
    </p>
   </div>
   <div class='ocr_carea' id='block_1_104' title="bbox 2139 4241 3773 4327">
    <p class='ocr_par' dir='ltr' id='par_1_104' title="bbox 2139 4241 3773 4327">
     <span class='ocr_line' id='line_1_104' title="bbox 2139 4241 3773 4327; baseline -0.007 -24"><span class='ocrx_word' id='word_1_756' title='bbox 2139 4263 2314 4319; x_wconf 87' lang='lat' dir='ltr'><strong><em>opera</em></strong></span> <span class='ocrx_word' id='word_1_757' title='bbox 2342 4261 2626 4299; x_wconf 86' lang='lat' dir='ltr'><strong><em>manuum</em></strong></span> <span class='ocrx_word' id='word_1_758' title='bbox 2660 4249 2915 4327; x_wconf 86' lang='lat' dir='ltr'><strong><em>tuarum,</em></strong></span> <span class='ocrx_word' id='word_1_759' title='bbox 2950 4259 3078 4314; x_wconf 71' lang='lat' dir='ltr'><strong><em>quae</em></strong></span> <span class='ocrx_word' id='word_1_760' title='bbox 3100 4241 3271 4296; x_wconf 88' lang='lat' dir='ltr'><strong><em>nobis</em></strong></span> <span class='ocrx_word' id='word_1_761' title='bbox 3299 4241 3611 4297; x_wconf 79' lang='lat' dir='ltr'><strong><em>retinenda</em></strong></span> <span class='ocrx_word' id='word_1_762' title='bbox 3637 4255 3773 4295; x_wconf 83' lang='lat' dir='ltr'><strong><em>man-</em></strong></span> 
     </span>
    </p>
   </div>
   <div class='ocr_carea' id='block_1_105' title="bbox 2138 4330 3772 4402">
    <p class='ocr_par' dir='ltr' id='par_1_105' title="bbox 2138 4330 3772 4402">
     <span class='ocr_line' id='line_1_105' title="bbox 2138 4330 3772 4402; baseline -0.006 -10"><span class='ocrx_word' id='word_1_763' title='bbox 2138 4335 2383 4402; x_wconf 87' lang='lat' dir='ltr'><strong><em>dasti,ut</em></strong></span> <span class='ocrx_word' id='word_1_764' title='bbox 2411 4334 2562 4388; x_wconf 86' lang='lat' dir='ltr'><strong><em>sicut</em></strong></span> <span class='ocrx_word' id='word_1_765' title='bbox 2590 4332 2686 4387; x_wconf 87' lang='lat' dir='ltr'><strong><em>hic</em></strong></span> <span class='ocrx_word' id='word_1_766' title='bbox 2702 4330 2984 4387; x_wconf 83' lang='lat' dir='ltr'><strong><em>exteriora</em></strong></span> <span class='ocrx_word' id='word_1_767' title='bbox 3005 4330 3329 4386; x_wconf 89' lang='lat' dir='ltr'><strong><em>abluuntur</em></strong></span> <span class='ocrx_word' id='word_1_768' title='bbox 3346 4330 3772 4402; x_wconf 66' lang='lat' dir='ltr'><strong><em>inquinamenta</em></strong></span> 
     </span>
    </p>
   </div>
   <div class='ocr_carea' id='block_1_106' title="bbox 2138 4419 3767 4492">
    <p class='ocr_par' dir='ltr' id='par_1_106' title="bbox 2138 4419 3767 4492">
     <span class='ocr_line' id='line_1_106' title="bbox 2138 4419 3767 4492; baseline -0.006 -11"><span class='ocrx_word' id='word_1_769' title='bbox 2138 4426 2223 4483; x_wconf 90' lang='lat' dir='ltr'><strong><em>sic</em></strong></span> <span class='ocrx_word' id='word_1_770' title='bbox 2252 4427 2355 4480; x_wconf 89' lang='lat' dir='ltr'><strong><em>ate</em></strong></span> <span class='ocrx_word' id='word_1_771' title='bbox 2372 4421 2633 4478; x_wconf 89' lang='lat' dir='ltr'><strong><em>omnium</em></strong></span> <span class='ocrx_word' id='word_1_772' title='bbox 2658 4425 2925 4475; x_wconf 87' lang='lat' dir='ltr'><strong><em>nostrum</em></strong></span> <span class='ocrx_word' id='word_1_773' title='bbox 2948 4420 3226 4475; x_wconf 85' lang='lat' dir='ltr'><strong><em>interiora</em></strong></span> <span class='ocrx_word' id='word_1_774' title='bbox 3246 4419 3523 4476; x_wconf 82' lang='lat' dir='ltr'><strong><em>laventur</em></strong></span> <span class='ocrx_word' id='word_1_775' title='bbox 3538 4423 3767 4492; x_wconf 76' lang='lat' dir='ltr'><strong><em>peccata,</em></strong></span> 
     </span>
    </p>
   </div>
   <div class='ocr_carea' id='block_1_107' title="bbox 2139 4507 3767 4587">
    <p class='ocr_par' dir='ltr' id='par_1_107' title="bbox 2139 4507 3767 4587">
     <span class='ocr_line' id='line_1_107' title="bbox 2139 4507 3767 4587; baseline -0.007 -19"><span class='ocrx_word' id='word_1_776' title='bbox 2139 4513 2294 4587; x_wconf 88' lang='lat' dir='ltr'><strong><em>quod</em></strong></span> <span class='ocrx_word' id='word_1_777' title='bbox 2324 4511 2450 4584; x_wconf 89' lang='lat' dir='ltr'><strong><em>ipse</em></strong></span> <span class='ocrx_word' id='word_1_778' title='bbox 2482 4513 2752 4582; x_wconf 61' lang='lat' dir='ltr'><strong><em>prastare</em></strong></span> <span class='ocrx_word' id='word_1_779' title='bbox 2782 4507 3038 4581; x_wconf 86' lang='lat' dir='ltr'><strong><em>dignetis</em></strong></span> <span class='ocrx_word' id='word_1_780' title='bbox 3069 4507 3169 4580; x_wconf 89' lang='lat' dir='ltr'><strong><em>qui</em></strong></span> <span class='ocrx_word' id='word_1_781' title='bbox 3197 4508 3767 4575; x_wconf 77' lang='lat' dir='ltr'><strong><em>vivis,etc.Alia.Deus</em></strong></span> 
     </span>
    </p>
   </div>
   <div class='ocr_carea' id='block_1_108' title="bbox 2056 4594 3766 4676">
    <p class='ocr_par' dir='ltr' id='par_1_108' title="bbox 2056 4594 3766 4676">
     <span class='ocr_line' id='line_1_108' title="bbox 2056 4594 3766 4676; baseline -0.008 -17"><span class='ocrx_word' id='word_1_782' title='bbox 2056 4608 2105 4673; x_wconf 79' lang='grc' dir='ltr'><strong><em>Ι)</em></strong></span> <span class='ocrx_word' id='word_1_783' title='bbox 2136 4602 2234 4676; x_wconf 89' lang='lat' dir='ltr'><strong><em>qui</em></strong></span> <span class='ocrx_word' id='word_1_784' title='bbox 2268 4599 2693 4673; x_wconf 86' lang='lat' dir='ltr'><strong><em>discipulorum</em></strong></span> <span class='ocrx_word' id='word_1_785' title='bbox 2718 4602 2956 4652; x_wconf 88' lang='lat' dir='ltr'><strong><em>tuorum</em></strong></span> <span class='ocrx_word' id='word_1_786' title='bbox 2991 4597 3167 4670; x_wconf 86' lang='lat' dir='ltr'><strong><em>pedes</em></strong></span> <span class='ocrx_word' id='word_1_787' title='bbox 3194 4594 3449 4652; x_wconf 79' lang='lat' dir='ltr'><strong><em>abluens</em></strong></span> <span class='ocrx_word' id='word_1_788' title='bbox 3465 4597 3561 4668; x_wconf 87' lang='lat' dir='ltr'><strong><em>pio</em></strong></span> <span class='ocrx_word' id='word_1_789' title='bbox 3586 4595 3766 4651; x_wconf 73' lang='lat' dir='ltr'><strong><em>affectu</em></strong></span> 
     </span>
    </p>
   </div>
   <div class='ocr_carea' id='block_1_109' title="bbox 2137 4683 3766 4761">
    <p class='ocr_par' dir='ltr' id='par_1_109' title="bbox 2137 4683 3766 4761">
     <span class='ocr_line' id='line_1_109' title="bbox 2137 4683 3766 4761; baseline -0.007 -14"><span class='ocrx_word' id='word_1_790' title='bbox 2137 4693 2220 4748; x_wconf 89' lang='lat' dir='ltr'><strong><em>eis</em></strong></span> <span class='ocrx_word' id='word_1_791' title='bbox 2245 4690 2575 4761; x_wconf 89' lang='lat' dir='ltr'><strong><em>exemplum</em></strong></span> <span class='ocrx_word' id='word_1_792' title='bbox 2591 4685 3389 4760; x_wconf 66' lang='lat' dir='ltr'><strong><em>prtebuisti,mandatumque</em></strong></span> <span class='ocrx_word' id='word_1_793' title='bbox 3406 4683 3766 4741; x_wconf 54' lang='lat' dir='ltr'><strong><em>dedistillon-</em></strong></span> 
     </span>
    </p>
   </div>
   <div class='ocr_carea' id='block_1_110' title="bbox 2130 4772 3765 4853">
    <p class='ocr_par' dir='ltr' id='par_1_110' title="bbox 2130 4772 3765 4853">
     <span class='ocr_line' id='line_1_110' title="bbox 2130 4772 3765 4853; baseline -0.009 -15"><span class='ocrx_word' id='word_1_794' title='bbox 2130 4782 2269 4838; x_wconf 87' lang='lat' dir='ltr'><strong><em>cede</em></strong></span> <span class='ocrx_word' id='word_1_795' title='bbox 2297 4777 2584 4853; x_wconf 88' lang='lat' dir='ltr'><strong><em>propitius</em></strong></span> <span class='ocrx_word' id='word_1_796' title='bbox 2615 4779 2677 4830; x_wconf 89' lang='lat' dir='ltr'><strong><em>ut</em></strong></span> <span class='ocrx_word' id='word_1_797' title='bbox 2709 4792 2811 4848; x_wconf 90' lang='lat' dir='ltr'><strong><em>per</em></strong></span> <span class='ocrx_word' id='word_1_798' title='bbox 2839 4772 3188 4845; x_wconf 90' lang='lat' dir='ltr'><strong><em>obsequium</em></strong></span> <span class='ocrx_word' id='word_1_799' title='bbox 3214 4773 3633 4829; x_wconf 84' lang='lat' dir='ltr'><strong><em>mandatorum</em></strong></span> <span class='ocrx_word' id='word_1_800' title='bbox 3660 4776 3765 4825; x_wconf 86' lang='lat' dir='ltr'><strong><em>tuo-</em></strong></span> 
     </span>
    </p>
   </div>
   <div class='ocr_carea' id='block_1_111' title="bbox 2131 4857 3764 4934">
    <p class='ocr_par' dir='ltr' id='par_1_111' title="bbox 2131 4857 3764 4934">
     <span class='ocr_line' id='line_1_111' title="bbox 2131 4857 3764 4934; baseline -0.007 -8"><span class='ocrx_word' id='word_1_801' title='bbox 2131 4887 2262 4926; x_wconf 91' lang='lat' dir='ltr'><strong><em>rum</em></strong></span> <span class='ocrx_word' id='word_1_802' title='bbox 2294 4883 2499 4925; x_wconf 89' lang='lat' dir='ltr'><strong><em>eorum</em></strong></span> <span class='ocrx_word' id='word_1_803' title='bbox 2527 4865 2767 4921; x_wconf 85' lang='lat' dir='ltr'><strong><em>obtentu</em></strong></span> <span class='ocrx_word' id='word_1_804' title='bbox 2799 4864 2871 4919; x_wconf 89' lang='lat' dir='ltr'><strong><em>de</em></strong></span> <span class='ocrx_word' id='word_1_805' title='bbox 2900 4869 3000 4918; x_wconf 91' lang='lat' dir='ltr'><strong><em>tuo</em></strong></span> <span class='ocrx_word' id='word_1_806' title='bbox 3029 4861 3296 4917; x_wconf 68' lang='lat' dir='ltr'><strong><em>laetemur</em></strong></span> <span class='ocrx_word' id='word_1_807' title='bbox 3336 4865 3604 4934; x_wconf 86' lang='lat' dir='ltr'><strong><em>aspectu,</em></strong></span> <span class='ocrx_word' id='word_1_808' title='bbox 3636 4857 3764 4932; x_wconf 83' lang='lat' dir='ltr'><strong><em>quod</em></strong></span> 
     </span>
    </p>
   </div>
   <div class='ocr_carea' id='block_1_112' title="bbox 2128 4944 3765 5032">
    <p class='ocr_par' dir='ltr' id='par_1_112' title="bbox 2128 4944 3765 5032">
     <span class='ocr_line' id='line_1_112' title="bbox 2128 4944 3765 5032; baseline -0.011 -17"><span class='ocrx_word' id='word_1_809' title='bbox 2128 4960 2255 5032; x_wconf 89' lang='lat' dir='ltr'><strong><em>ipse</em></strong></span> <span class='ocrx_word' id='word_1_810' title='bbox 2285 4960 2580 5030; x_wconf 61' lang='lat' dir='ltr'><strong><em>prastare.</em></strong></span> <span class='ocrx_word' id='word_1_811' title='bbox 2612 4955 2754 5009; x_wconf 83' lang='lat' dir='ltr'><strong><em>Alia.</em></strong></span> <span class='ocrx_word' id='word_1_812' title='bbox 2788 4954 2996 5008; x_wconf 85' lang='lat' dir='ltr'><strong><em>Annue</em></strong></span> <span class='ocrx_word' id='word_1_813' title='bbox 3027 4951 3365 5007; x_wconf 88' lang='lat' dir='ltr'><strong><em>misericors</em></strong></span> <span class='ocrx_word' id='word_1_814' title='bbox 3400 4954 3577 5013; x_wconf 87' lang='lat' dir='ltr'><strong><em>Deus,</em></strong></span> <span class='ocrx_word' id='word_1_815' title='bbox 3600 4954 3658 5004; x_wconf 88' lang='lat' dir='ltr'><strong><em>ut</em></strong></span> <span class='ocrx_word' id='word_1_816' title='bbox 3686 4944 3765 5019; x_wconf 82' lang='lat' dir='ltr'><strong><em>qui</em></strong></span> 
     </span>
    </p>
   </div>
   <div class='ocr_carea' id='block_1_113' title="bbox 2129 5034 3765 5118">
    <p class='ocr_par' dir='ltr' id='par_1_113' title="bbox 2129 5034 3765 5118">
     <span class='ocr_line' id='line_1_113' title="bbox 2129 5034 3765 5118; baseline -0.008 -15"><span class='ocrx_word' id='word_1_817' title='bbox 2129 5047 2324 5103; x_wconf 86' lang='lat' dir='ltr'><strong><em>divina</em></strong></span> <span class='ocrx_word' id='word_1_818' title='bbox 2350 5048 2636 5118; x_wconf 66' lang='lat' dir='ltr'><strong><em>praecepta</em></strong></span> <span class='ocrx_word' id='word_1_819' title='bbox 2664 5040 2932 5097; x_wconf 64' lang='lat' dir='ltr'><strong><em>violando</em></strong></span> <span class='ocrx_word' id='word_1_820' title='bbox 2963 5057 2997 5095; x_wconf 88' lang='lat' dir='ltr'><strong><em>a</em></strong></span> <span class='ocrx_word' id='word_1_821' title='bbox 3026 5039 3280 5112; x_wconf 80' lang='lat' dir='ltr'><strong><em>paradisi</em></strong></span> <span class='ocrx_word' id='word_1_822' title='bbox 3316 5037 3599 5095; x_wconf 78' lang='lat' dir='ltr'><strong><em>felicitate</em></strong></span> <span class='ocrx_word' id='word_1_823' title='bbox 3634 5034 3765 5091; x_wconf 85' lang='lat' dir='ltr'><strong><em>deci-</em></strong></span> 
     </span>
    </p>
   </div>
   <div class='ocr_carea' id='block_1_114' title="bbox 2128 5127 3765 5201">
    <p class='ocr_par' dir='ltr' id='par_1_114' title="bbox 2128 5127 3765 5201">
     <span class='ocr_line' id='line_1_114' title="bbox 2128 5127 3765 5201; baseline -0.01 -9"><span class='ocrx_word' id='word_1_824' title='bbox 2128 5134 2427 5201; x_wconf 87' lang='lat' dir='ltr'><strong><em>dimus,ad</em></strong></span> <span class='ocrx_word' id='word_1_825' title='bbox 2459 5137 2681 5188; x_wconf 66' lang='lat' dir='ltr'><strong><em>aeternae</em></strong></span> <span class='ocrx_word' id='word_1_826' title='bbox 2724 5127 3106 5185; x_wconf 86' lang='lat' dir='ltr'><strong><em>beatitudinis</em></strong></span> <span class='ocrx_word' id='word_1_827' title='bbox 3138 5127 3455 5182; x_wconf 85' lang='lat' dir='ltr'><strong><em>redeamus</em></strong></span> <span class='ocrx_word' id='word_1_828' title='bbox 3487 5138 3765 5182; x_wconf 79' lang='lat' dir='ltr'><strong><em>accessum</em></strong></span> 
     </span>
    </p>
   </div>
   <div class='ocr_carea' id='block_1_115' title="bbox 2129 5211 3765 5299">
    <p class='ocr_par' dir='ltr' id='par_1_115' title="bbox 2129 5211 3765 5299">
     <span class='ocr_line' id='line_1_115' title="bbox 2129 5211 3765 5299; baseline -0.008 -18"><span class='ocrx_word' id='word_1_829' title='bbox 2129 5243 2233 5299; x_wconf 88' lang='lat' dir='ltr'><strong><em>per</em></strong></span> <span class='ocrx_word' id='word_1_830' title='bbox 2294 5228 2529 5279; x_wconf 89' lang='lat' dir='ltr'><strong><em>tuorum</em></strong></span> <span class='ocrx_word' id='word_1_831' title='bbox 2577 5217 2903 5276; x_wconf 87' lang='lat' dir='ltr'><strong><em>custodiam</em></strong></span> <span class='ocrx_word' id='word_1_832' title='bbox 2954 5216 3392 5273; x_wconf 87' lang='lat' dir='ltr'><strong><em>mandatorum.</em></strong></span> <span class='ocrx_word' id='word_1_833' title='bbox 3439 5214 3611 5280; x_wconf 84' lang='lat' dir='ltr'><strong><em>Quod</em></strong></span> <span class='ocrx_word' id='word_1_834' title='bbox 3662 5211 3765 5285; x_wconf 74' lang='lat' dir='ltr'><strong><em>ipse</em></strong></span> 
     </span>
    </p>
   </div>
   <div class='ocr_carea' id='block_1_116' title="bbox 2129 5316 2426 5388">
    <p class='ocr_par' dir='ltr' id='par_1_116' title="bbox 2129 5316 2426 5388">
     <span class='ocr_line' id='line_1_116' title="bbox 2129 5316 2426 5388; baseline -0.01 -19"><span class='ocrx_word' id='word_1_835' title='bbox 2129 5316 2426 5388; x_wconf 70' lang='lat' dir='ltr'><strong><em>praestare.</em></strong></span> 
     </span>
    </p>
   </div>
   <div class='ocr_carea' id='block_1_117' title="bbox 2510 5420 3397 5482">
    <p class='ocr_par' dir='ltr' id='par_1_117' title="bbox 2510 5420 3397 5482">
     <span class='ocr_line' id='line_1_117' title="bbox 2510 5420 3397 5482; baseline -0.005 0"><span class='ocrx_word' id='word_1_836' title='bbox 2510 5425 2723 5482; x_wconf 83' lang='lat' dir='ltr'><strong><em>FERIA</em></strong></span> <span class='ocrx_word' id='word_1_837' title='bbox 2749 5423 2820 5480; x_wconf 88' lang='lat' dir='ltr'><strong><em>V.</em></strong></span> <span class='ocrx_word' id='word_1_838' title='bbox 2852 5422 3069 5481; x_wconf 81' lang='lat' dir='ltr'><strong><em>COENA</em></strong></span> <span class='ocrx_word' id='word_1_839' title='bbox 3116 5420 3397 5480; x_wconf 82' lang='lat' dir='ltr'><strong><em>DOMINI.</em></strong></span> 
     </span>
    </p>
   </div>
   <div class='ocr_carea' id='block_1_118' title="bbox 2196 5523 3762 5604">
    <p class='ocr_par' dir='ltr' id='par_1_118' title="bbox 2196 5523 3762 5604">
     <span class='ocr_line' id='line_1_118' title="bbox 2196 5523 3762 5604; baseline -0.01 -10"><span class='ocrx_word' id='word_1_840' title='bbox 2196 5536 2371 5595; x_wconf 80' lang='lat' dir='ltr'><strong><em>Media</em></strong></span> <span class='ocrx_word' id='word_1_841' title='bbox 2400 5537 2555 5591; x_wconf 85' lang='lat' dir='ltr'><strong><em>nocte</em></strong></span> <span class='ocrx_word' id='word_1_842' title='bbox 2579 5532 2909 5604; x_wconf 87' lang='lat' dir='ltr'><strong><em>surgendum</em></strong></span> <span class='ocrx_word' id='word_1_843' title='bbox 2956 5535 3055 5596; x_wconf 88' lang='lat' dir='ltr'><strong><em>est,</em></strong></span> <span class='ocrx_word' id='word_1_844' title='bbox 3087 5534 3141 5585; x_wconf 89' lang='lat' dir='ltr'><strong><em>et</em></strong></span> <span class='ocrx_word' id='word_1_845' title='bbox 3178 5531 3434 5600; x_wconf 86' lang='lat' dir='ltr'><strong><em>tangitur</em></strong></span> <span class='ocrx_word' id='word_1_846' title='bbox 3461 5528 3693 5599; x_wconf 71' lang='lat' dir='ltr'><strong><em>signum,</em></strong></span> <span class='ocrx_word' id='word_1_847' title='bbox 3719 5523 3762 5576; x_wconf 73' lang='lat' dir='ltr'><strong><em>et</em></strong></span> 
     </span>
    </p>
   </div>
   <div class='ocr_carea' id='block_1_119' title="bbox 2120 5614 3759 5702">
    <p class='ocr_par' dir='ltr' id='par_1_119' title="bbox 2120 5614 3759 5702">
     <span class='ocr_line' id='line_1_119' title="bbox 2120 5614 3759 5702; baseline -0.007 -17"><span class='ocrx_word' id='word_1_848' title='bbox 2120 5631 2241 5702; x_wconf 89' lang='lat' dir='ltr'><strong><em>post</em></strong></span> <span class='ocrx_word' id='word_1_849' title='bbox 2271 5628 2382 5683; x_wconf 70' lang='lat' dir='ltr'><strong><em>haec</em></strong></span> <span class='ocrx_word' id='word_1_850' title='bbox 2410 5639 2519 5683; x_wconf 87' lang='lat' dir='ltr'><strong><em>non</em></strong></span> <span class='ocrx_word' id='word_1_851' title='bbox 2568 5623 2816 5693; x_wconf 85' lang='lat' dir='ltr'><strong><em>tangitur</em></strong></span> <span class='ocrx_word' id='word_1_852' title='bbox 2843 5622 2954 5677; x_wconf 87' lang='lat' dir='ltr'><strong><em>nisi</em></strong></span> <span class='ocrx_word' id='word_1_853' title='bbox 2990 5621 3051 5675; x_wconf 85' lang='lat' dir='ltr'><strong><em>in</em></strong></span> <span class='ocrx_word' id='word_1_854' title='bbox 3080 5623 3236 5675; x_wconf 85' lang='lat' dir='ltr'><strong><em>nocte</em></strong></span> <span class='ocrx_word' id='word_1_855' title='bbox 3262 5622 3517 5674; x_wconf 82' lang='lat' dir='ltr'><strong><em>sanctum</em></strong></span> <span class='ocrx_word' id='word_1_856' title='bbox 3548 5614 3759 5690; x_wconf 76' lang='lat' dir='ltr'><strong><em>(sancta)</em></strong></span> 
     </span>
    </p>
   </div>
   <div class='ocr_carea' id='block_1_120' title="bbox 2123 5704 3762 5781">
    <p class='ocr_par' dir='ltr' id='par_1_120' title="bbox 2123 5704 3762 5781">
     <span class='ocr_line' id='line_1_120' title="bbox 2123 5704 3762 5781; baseline -0.012 -3"><span class='ocrx_word' id='word_1_857' title='bbox 2123 5717 2344 5778; x_wconf 73' lang='lat' dir='ltr'><strong><em>Pascha:</em></strong></span> <span class='ocrx_word' id='word_1_858' title='bbox 2373 5714 2441 5773; x_wconf 86' lang='lat' dir='ltr'><strong><em>ad</em></strong></span> <span class='ocrx_word' id='word_1_859' title='bbox 2469 5713 2832 5781; x_wconf 80' lang='lat' dir='ltr'><strong><em>matutinum;</em></strong></span> <span class='ocrx_word' id='word_1_860' title='bbox 2858 5714 2917 5771; x_wconf 87' lang='lat' dir='ltr'><strong><em>at</em></strong></span> <span class='ocrx_word' id='word_1_861' title='bbox 2962 5725 3087 5771; x_wconf 81' lang='lat' dir='ltr'><strong><em>vero</em></strong></span> <span class='ocrx_word' id='word_1_862' title='bbox 3115 5708 3341 5768; x_wconf 85' lang='lat' dir='ltr'><strong><em>ecclesia</em></strong></span> <span class='ocrx_word' id='word_1_863' title='bbox 3388 5708 3544 5767; x_wconf 85' lang='lat' dir='ltr'><strong><em>omni</em></strong></span> <span class='ocrx_word' id='word_1_864' title='bbox 3572 5704 3762 5763; x_wconf 66' lang='lat' dir='ltr'><strong><em>tumuit</em></strong></span> 
     </span>
    </p>
   </div>
  </div>
