3892 6212
70 421 210 479 1069
1382 405 1743 470 BENEDIC']

1911 406 2096 468 )LEI.
3280 411 3438 473 1070

65 556 337 616 decoretur,
369 551 419 604 et
446 565 596 604 more
621 547 778 604 solito
808 546 959 603 Deus
990 548 1047 601 in
1082 545 1437 617 adjutorium
1482 555 1677 596 meum
1709 532 1767 604 Α
1793 544 1909 594 mat
1938 556 2061 595 eum
2089 556 2213 596 cum
2240 542 2429 607 calice,
2465 543 2564 598 illa
2604 544 2969 599 tantummodo
3018 545 3125 612 die,
3152 552 3439 622 postquam

65 660 160 698 non
185 641 382 705 dicant,
413 655 510 694 nec
538 637 861 693 Gloria.l\'ec
908 636 1327 698 Invitalorium;
1353 632 1444 687 sed
1489 633 1681 685 cantor
1789 631 2292 695 communicaverit,
2321 633 2479 702 ponit
2525 632 2752 687 calicem
2795 648 2958 706 super
3003 635 3201 691 altare.
3234 638 3438 695 Deinde

65 730 237 802 incipit
265 729 323 783 in
344 727 569 800 psalmis
598 725 727 799 (mo)
757 726 1140 805 antiphonam,
1163 724 1305 778 sicut
1336 723 1393 776 in
1424 719 1678 791 antipho-
1789 722 2065 789 acceptam
2092 737 2124 774 a
2152 719 2477 774 subdiacono
2502 725 2762 791 patenam
2805 725 2963 794 ponit
2999 723 3169 795 juxta
3215 728 3441 782 calicem

65 820 257 875 talarium
285 818 406 886 (rio)
425 817 774 879 continetur;
803 831 900 871 nec
925 814 1211 887 presbyter
1230 811 1461 883 complet
1490 810 1547 863 in
1569 809 1682 881 ﬁne
1789 806 1854 861 de
1884 809 2056 862 latere
2082 809 2325 874 sinistro,
2357 813 2411 864 et
2437 812 2624 865 statim
2672 814 2980 883 cooperitur
3007 830 3041 868 α
3086 814 3290 870 duobus
3319 815 3440 870 dia-

65 910 350 972 )rationem,
382 905 471 960 sed
500 905 664 960 tacite
707 903 1041 976 surgendum
1071 906 1170 968 est,
1203 906 1255 956 et
1304 900 1473 955 lector
1519 898 1680 953 benc-
1788 896 2014 951 canibus
2060 900 2353 969 utrumque
2400 897 2466 952 de
2513 899 2742 955 sindone
2784 900 3011 967 munda,
3068 920 3233 975 quam
3285 908 3443 977 prius

65 998 323 1051 ηυίίοηετη
346 998 495 1067 pcta,
524 1011 545 1047 ,ο
574 1002 627 1049 ει
651 993 865 1066 quando
894 994 1041 1065 ﬁnit,
1074 1009 1186 1046 non
1234 990 1401 1046 dicat.
1435 989 1522 1044 'l‘u
1574 1004 1681 1042 au-
1785 995 2240 1056 praeparaverant
2268 987 2325 1040 in
2358 1003 2449 1042 ore
2476 988 2669 1044 altaris
2696 1006 2725 1045 c
2754 992 2972 1061 regione
3004 995 3279 1065 pontiﬁcis
3319 999 3442 1066 post

66 1104 174 1151 (cm,
204 1085 292 1141 sed
317 1102 386 1139 ea:
412 1083 587 1139 verbis
616 1083 908 1139 lectionum
943 1082 1215 1154 jubentur
1258 1083 1439 1152 facere
1488 1079 1677 1149 finem.
1788 1074 2123 1145 corporalem
2151 1091 2493 1147 expansum;
2521 1083 2572 1133 et
2599 1080 2858 1135 continuo
2903 1080 3007 1137 duo
3053 1083 3259 1156 acolyti
3286 1086 3438 1140 invo-

65 1178 307 1233 Lectiones
334 1190 455 1228 vero
486 1174 741 1245 legantur
770 1176 878 1229 tres
906 1172 971 1227 de
983 1171 1377 1226 lamentatione
1393 1167 1682 1223 Hieremiae
1791 1161 1935 1215 lutas
1962 1164 2235 1234 ampullas
2261 1181 2383 1220 cum
2415 1168 2641 1223 sindone
2669 1169 2795 1224 alba
2825 1171 3017 1237 serica,
3052 1173 3131 1227 ita
3178 1177 3238 1228 ut
3266 1174 3443 1229 videri

65 1264 330 1337 orophetse,
370 1263 466 1318 ubi
507 1262 693 1317 dicit:
722 1261 1021 1327 Quomodo
1072 1260 1233 1316 sedet
1279 1256 1404 1313 sola
1455 1256 1677 1322 civitas,
1785 1253 2014 1322 possint,
2046 1270 2078 1307 a
2108 1253 2284 1321 medio
2312 1259 2496 1310 tenent
2543 1257 2599 1310 in
2650 1258 2871 1314 brachio
2916 1260 3139 1316 sinistro
3182 1263 3440 1334 projeclis

65 1370 203 1426 isque
229 1352 505 1426 Cogitavit
537 1356 695 1407 Dnus
722 1350 1007 1423 dissipare
1048 1366 1282 1405 murum
1338 1347 1467 1402 filim
1501 1345 1638 1401 Sion
1663 1360 1679 1412 ;
1789 1339 2109 1395 sindonibus
2134 1358 2299 1413 super
2324 1346 2602 1416 scapulam
2630 1348 2933 1414 sinistram,
2968 1350 3047 1404 ita
3075 1354 3137 1405 ut
3159 1353 3440 1424 pertingat

65 1448 150 1497 'res
175 1443 239 1497 de
271 1445 503 1498 tractatu
553 1443 733 1495 sancti
779 1440 1073 1511 Augustini
1120 1440 1181 1492 in
1223 1438 1434 1510 psalmo
1485 1436 1680 1506 (mum)
1790 1430 2068 1500 scopulum
2101 1430 2370 1497 dextrum,
2391 1439 2658 1505 quatenus
2682 1439 2889 1507 possint
2917 1438 3277 1510 depemlentia
3304 1443 3438 1496 reli-

65 1529 251 1586 Exaudi
286 1534 433 1585 Deus
465 1530 785 1584 orationem
821 1546 1010 1584 meam
1034 1529 1225 1600 primo
1249 1523 1683 1599 (mum).Tresde
1791 1534 1956 1581 nere;
1986 1536 2019 1573 α
2048 1520 2244 1591 quibus
2272 1522 2368 1577 sub
2400 1523 2626 1579 humero
2662 1527 2931 1582 stantibus
2960 1531 3109 1584 venit
3157 1530 3439 1585 subdiaco-

65 1620 266 1692 ipostolo
294 1618 390 1673 ubi
415 1619 495 1673 ait
526 1619 566 1673 Ι.
599 1618 671 1673 ad
700 1618 1011 1674 Corinthios
1046 1634 1165 1689 cap.
1197 1633 1276 1672 χι.
1329 1616 1443 1688 Ego
1487 1612 1679 1684 accepi
1792 1624 1913 1673 nus,
1946 1612 1998 1663 et
2026 1610 2224 1681 accipit
2253 1613 2558 1682 ampullam
2602 1617 2955 1671 commixtam
2994 1634 3109 1673 una
3153 1635 3277 1674 cum
3323 1621 3445 1675 sin-

65 1730 75 1763 L
118 1714 251 1775 Duo,
284 1706 438 1780 quod
488 1711 544 1763 et
592 1705 805 1762 tradidi
849 1707 1034 1762 vobis.
1074 1707 1212 1762 VIIII
1252 1706 1507 1778 psalmos.
1547 1702 1685 1758 VIIII
1790 1695 1946 1763 done,
1979 1702 2032 1753 et
2060 1698 2154 1754 dat
2184 1716 2302 1755 eam
2332 1701 2736 1770 archidiacono,
2769 1708 2821 1760 el
2852 1706 2947 1761 ille
2994 1706 3169 1777 defert
3192 1709 3446 1781 pontiﬁci

65 1799 298 1853 ectiones.
363 1796 504 1853 VIIII
570 1798 935 1868 responsoria,
1010 1813 1135 1851 cum
1200 1793 1527 1867 antiphonas
1591 1790 1681 1863 (is)
1792 1790 1920 1840 ante
1950 1787 2165 1852 altare;
2194 1796 2324 1844 tunc
2346 1792 2601 1862 pontifex
2639 1795 2931 1865 respiciens
2976 1795 3047 1851 ad
3074 1799 3361 1863 orientem,
3392 1802 3446 1855 et

66 1888 209 1942 mnia
245 1884 564 1958 complenda
610 1890 759 1941 sunt.
810 1885 1071 1958 Sequitur
1116 1886 1457 1940 matutinum
1485 1902 1505 1937 .·
1555 1899 1677 1936 ma-
1709 1902 1756 1970 B
1790 1874 2049 1970 diaconus
2290 1882 2423 1970 ante
2450 1880 2628 1970 ipsum
2656 1883 2960 1952 ampullam
2988 1886 3049 1939 in
3075 1887 3299 1942 sinistro
3327 1886 3446 1942 bra-

66 1978 204 2031 uh-no
230 1975 493 2048 completo
521 1991 632 2030 non
661 1975 877 2031 dicatur
907 1974 1077 2048 Kyrie
1112 1973 1351 2039 eleison,
1383 1989 1484 2028 περ
1511 1971 1581 2027 Et
1610 1986 1683 2026 ne
1714 1963 1751 1970 “
1792 1963 1914 2018 chio
1942 1965 2246 2020 revolutam
2276 1967 2333 2020 in
2364 1968 2609 2033 sindone,
2644 1974 2707 2025 ut
2733 1988 2902 2042 supra
2936 1973 3199 2041 diximus,
3229 1981 3281 2031 et
3310 1976 3445 2032 dicit

65 2084 139 2121 nos
179 2065 417 2120 inducas
469 2064 528 2120 in
576 2064 1041 2136 temptationem.
1098 2065 1239 2119 IIora
1287 2066 1473 2117 autem
1522 2062 1684 2116 tertia
1788 2054 2089 2123 pontifex:
2118 2053 2364 2110 Sursum
2396 2058 2590 2113 corda.
2622 2061 2673 2121 ιῆο
2708 2060 3002 2118 Habemus
3027 2065 3099 2120 ad
3131 2066 3447 2122 Dnm.Gra-

66 2154 263 2224 ‘ngressi
286 2154 593 2208 sacrarium
632 2152 943 2208 induuntur
987 2152 1298 2208 dalmatieis
1345 2155 1458 2205 tam
1499 2149 1684 2222 ponti-
1796 2141 1906 2196 tias
1936 2158 2183 2214 agamus
2216 2147 2335 2198 DDO
2370 2149 2479 2201 Deo
2510 2153 2729 2203 DOSll‘O-
2762 2153 2814 2212 li.
2849 2151 3100 2225 Dignum
3133 2159 3189 2210 et
3209 2156 3444 2226 justum

65 2246 147 2307 'e.c,
177 2259 337 2315 quam
357 2258 544 2297 omnes
562 2241 799 2308 diaconi,
824 2240 909 2296 vel
939 2242 1093 2296 omni
1110 2244 1451 2305 ornamento,
1473 2238 1689 2293 sedente

1945 2231 2011 2285 Et
2056 2231 2229 2287 intrat
2276 2235 2333 2286 in
2375 2239 2834 2294 consecrationem
2878 2240 3189 2298 chrismatis
3234 2246 3445 2302 excelsa

66 2334 287 2403 mntiﬁcg
318 2333 379 2387 ίη
423 2331 561 2386 seua
605 2347 726 2396 sua,
775 2334 828 2386 et
868 2335 1226 2403 ρνεεραναιυν
1277 2330 1535 2401 ampulla;
1562 2327 1690 2384 dum
1795 2334 1938 2384 voce,
1968 2320 2059 2375 sed
2087 2326 2381 2394 antequam
2413 2325 2782 2393 benedicatur,
2816 2328 2967 2385 halat
2999 2335 3084 2387 ter
3123 2333 3183 2387 in
3228 2336 3446 2406 ampul-

66 2439 162 2476 ‘um
192 2422 575 2494 oleo,quarum
602 2421 801 2476 melior
829 2420 1074 2491 defertur
1096 2421 1365 2492 pontiﬁci,
1388 2422 1447 2473 ut
1477 2420 1691 2489 accepto
1800 2408 1913 2463 ἱαιη

65 2512 281 2566 balsamo
319 2514 373 2565 et
421 2510 811 2565 commiscitato
839 2526 962 2564 cum
991 2510 1106 2564 oleo
1133 2525 1304 2564 manu
1331 2525 1429 2563 sua
1468 2508 1694 2579 impleat

1911 2498 2048 2554 'D.et
2068 2501 2299 2571 justum
2331 2505 2678 2575 cst,a:quum
2711 2507 3282 2581 ctsalutaremostibi
3302 2530 3449 2569 sem-

65 2616 188 2665 eam,
220 2601 379 2656 illam
413 2615 536 2655 vero
563 2599 737 2654 aliam
784 2600 1034 2654 ministri
1081 2602 1303 2653 teneant
1348 2598 1614 2670 plenam;
1641 2601 1694 2652 ct
1803 2589 2431 2663 peretubiquegratias
2445 2598 3447 2673 agere,DnesauctePateromnipo-

65 2690 291 2761 pontifex
319 2689 446 2745 lotis
472 2688 726 2744 manibus
748 2688 993 2760 procedit
1021 2704 1143 2742 cum
1173 2691 1375 2759 septem
1396 2690 1695 2742 cereostata
1804 2680 2155 2733 tensaetf‘rnc
2172 2684 2345 2747 Deus;
2372 2682 2544 2753 qniin
2560 2683 2744 2756 prinei
2751 2685 2847 2758 pio
2859 2687 3314 2763 etinterczetera,
3337 2698 3449 2749 etc.

65 2780 139 2849 (is)
167 2777 233 2834 ad
260 2779 451 2834 Missas
482 2777 650 2851 (216),
692 2777 839 2833 dicta
885 2778 1187 2849 antiphona
1234 2777 1303 2835 ad
1353 2778 1643 2832 Introitum
1674 2794 1695 2831 .·
2354 2788 2712 2829 ΕΧΟΒΟΙΘΜΗΒ
2750 2792 2895 2831 om.

65 2868 222 2922 Nobis
253 2872 454 2924 autem
484 2865 628 2940 glori
662 2866 793 2938 (ari)
824 2871 1067 2939 oportet.
1118 2868 1376 2940 Sequitur
1412 2864 1605 2922 Gloria
1638 2865 1693 2919 in
1880 2859 2034 2911 “8113
2064 2856 2558 2916 incrementorum
2591 2866 2648 2917 et
2674 2864 2999 2935 ΡΡοΓθοιιιΠὶ
3031 2868 3450 2942 spiritualium.

65 2956 287 3013 excelsis
321 2962 465 3012 Deo.
1807 2946 1895 2998 etc
1942 2943 2057 3011 Qua
2070 2945 2287 3017 expleta
2300 2947 2566 3003 benedici!
2579 2952 2882 3021 ampullam
2892 2955 3001 3009 olei
3027 2958 3219 3014 ordine
3237 2977 3341 3032 quo
3359 2977 3452 3017 su-

615 3045 758 3101 me“
785 3047 1086 3102 omn-0mm
1107 3064 1128 3100 ,.
1418 3074 1427 3087 κ
1802 3050 1904 3104 pra
1917 3033 2174 3099 delatam,
2199 3040 2251 3090 et
2278 3036 2537 3091 similiter
2559 3037 2715 3095 halat
2726 3041 2786 3095 in
2798 3043 3017 3113 ipsased
3028 3048 3212 3114 tacite,
3235 3052 3452 3121 ampul-

129 3141 270 3192 Deus
302 3153 334 3192 a
364 3152 487 3209 quo
516 3138 572 3190 et
598 3134 783 3190 Judas
815 3138 1010 3191 reatus
1043 3133 1133 3190 sui
1158 3151 1385 3208 pccnam
1405 3137 1461 3189 et
1481 3132 1701 3189 confes-
1806 3124 1918 3179 lam
1945 3127 2153 3188 auh’m,
2184 3139 2309 3196 qua?
2334 3141 2458 3180 cum
2483 3126 2777 3184 chrismate
2816 3136 2914 3197 est,
2945 3137 3132 3191 statim
3177 3146 3238 3193 ut
3289 3140 3454 3196 bene-

65 3226 254 3293 sionis,
285 3231 396 3281 etc.
431 3225 657 3295 Legitur
684 3225 916 3295 apostoli
956 3225 1112 3280 lectio
1140 3242 1161 3277 :
1211 3224 1461 3286 Fratres,
1495 3240 1696 3278 convc-
1732 3271 1771 3295 η
1810 3213 1957 3268 dicta
1984 3215 2177 3285 fuerit,
2209 3216 2530 3284 coopt’rilur.
2562 3221 2624 3272 ut
2650 3219 2841 3275 anima
2882 3222 3033 3278 nuda
3060 3225 3331 3294 videatur,
3361 3229 3455 3284 sed

65 3271 254 3293 ν.ν...υ,
288 3271 396 3281 νη.
431 3271 638 3295 ..-ν-η..
684 3271 909 3295 γυνη--
956 3271 1106 3280 ην.--
1140 3271 1152 3277 -
1211 3271 1231 3278 -
1255 3271 1461 3286 -----.-.
1498 3271 1667 3278 πη.-
1984 3271 1995 3285 ,
2160 3271 2175 3277 -
2299 3271 2313 3284 .
2515 3271 2529 3279 .
2885 3271 3029 3278 -νπη-
3064 3271 3331 3294 --.ψη-η,
3361 3271 3450 3284 π..

65 3314 349 3370 aientibus
378 3313 548 3369 vobis
596 3314 654 3368 in
689 3329 894 3379 unum,
925 3330 1092 3385 usque
1137 3317 1200 3367 ut
1246 3330 1360 3367 non
1410 3329 1544 3368 cum
1589 3311 1698 3366 hoc
1730 3271 1773 3336 Ο
1812 3307 2024 3359 tenente
2052 3319 2172 3357 eam
2200 3304 2446 3371 αιτοὶίίο,
2478 3321 2663 3361 omnes
2691 3324 2813 3364 eam
2858 3328 2961 3381 per
3005 3313 3249 3370 ordinem
3294 3318 3450 3374 salu-

65 3404 272 3460 mundo
301 3403 719 3475 dampnemur.
752 3401 1011 3475 Sequitur
1039 3402 1199 3460 Grad.
1228 3401 1365 3457 Chr9
1395 3402 1582 3457 factus
1611 3404 1701 3456 est

65 3511 157 3565 pro
187 3493 355 3549 nobis
386 3490 666 3549 obedieus
699 3508 885 3564 usque
914 3491 986 3546 ad
1018 3492 1516 3562 morteu1.chilur
1542 3507 1704 3546 evan-

65 3584 258 3653 gelium
285 3580 586 3638 secundum
614 3581 917 3637 Iohannem
943 3584 1106 3652 caput
1134 3580 1268 3635 XIII.
1303 3579 1368 3634 In
1413 3578 1511 3635 illo
1558 3584 1705 3636 tem-

65 3688 191 3742 pore
220 3671 415 3728 sciens
448 3675 609 3725 Dnus
641 3670 779 3743 quia
803 3668 958 3726 venit
987 3668 1131 3724 hora
1160 3670 1483 3742 ejuszusque
1513 3687 1712 3742 quem-

65 3760 377 3817 admodum
410 3774 518 3832 ego
549 3758 657 3815 feci
689 3757 969 3827 vobis,ita
998 3762 1055 3814 et
1082 3775 1183 3814 vos
1214 3758 1460 3814 faciatis.
1483 3760 1715 3815 Canitur

65 3850 395 3921 offertorium
424 3868 447 3904 .·
498 3851 738 3905 Dextera
790 3847 915 3903 Dui.
962 3847 1224 3920 Sequitur
1277 3864 1440 3920 super
1485 3849 1666 3903 oblata
1695 3866 1716 3902 .·

65 3936 182 4009 [pse
213 3939 321 3995 tibi
354 3954 698 4013 quaesumus
727 3941 865 3993 Due.
888 3938 954 3992 Et
983 3937 1117 3993 dicit
1137 3938 1391 4008 pontifex
1405 3936 1597 3991 ordine
1622 3952 1719 3992 suo

65 4043 222 4100 usque
246 4028 346 4084 ubi
371 4027 512 4083 dicit
537 4045 560 4081 ,ο
585 4026 1096 4082 Communicantes
1127 4030 1183 4081 et
1212 4025 1368 4081 diem
1402 4025 1721 4081 sacratissi-

65 4131 219 4171 mum
248 4115 637 4183 celebrantes,
675 4130 793 4186 quo
825 4118 987 4169 Dnus
1020 4118 1218 4170 noster
1246 4113 1420 4169 Jesus
1454 4112 1723 4169 Christus

65 4222 160 4276 pro
192 4205 366 4261 nobis
398 4208 491 4262 est
520 4203 804 4272 traditus;
840 4203 939 4259 sed
972 4207 1029 4259 et
1060 4203 1425 4259 memoriam.
1445 4202 1726 4274 Sequitur:

65 4292 216 4349 Hanc
248 4293 436 4368 igitur
483 4292 839 4349 oblationem
887 4291 1186 4349 servitutis
1236 4294 1469 4359 nostrae,
1522 4291 1622 4347 sed
1672 4293 1731 4347 et

65 4387 279 4439 cuncta:
314 4379 555 4438 familia:
588 4386 724 4450 tuae,
755 4397 935 4454 quam
967 4379 1073 4435 tibi
1108 4379 1412 4437 offerimus
1444 4380 1517 4435 ob
1548 4380 1727 4447 diem,

65 4469 115 4525 in
150 4488 271 4545 qua
306 4477 471 4527 Dnus
495 4468 1732 4542 noster’Jesustristustradiditdiscipulis

65 4561 181 4616 suis
205 4560 480 4634 corporis
505 4562 561 4616 et
590 4559 898 4633 sanguinis
922 4558 1016 4614 sui
1050 4558 1333 4631 mysteria
1364 4557 1731 4624 celebranda,

1811 3397 2115 3464 tent,quam
2141 3394 2429 3464 Episcopus
2448 3399 2500 3450 et
2528 3396 2747 3452 diaconi
2768 3401 2926 3469 prius
2951 3402 3158 3458 nudam
3183 3407 3451 3463 salutant.

1812 3484 1919 3537 IIoe
1947 3482 2182 3553 expleto,
2213 3482 2409 3538 ablatis
2435 3487 2689 3541 manibus
2716 3489 2977 3561 Pontifex
3022 3495 3172 3549 venit
3210 3500 3341 3551 ante
3368 3498 3455 3552 al-

1817 3579 1954 3636 tare,
2006 3578 2059 3626 et
2101 3574 2468 3628 communicat
2522 3579 2698 3631 omnis
2737 3581 2973 3651 populus
3018 3583 3209 3640 ordine
3257 3601 3373 3651 suo,
3413 3595 3466 3642 et

1817 3663 2037 3716 servant
2064 3660 2129 3716 de
2156 3665 2347 3717 sancta
2375 3679 2544 3735 usque
2572 3665 2631 3719 in
2657 3670 2983 3727 crastinum.

2380 3769 2453 3808 AD
2491 3770 2906 3815 COMPLENDUM.

1898 3838 2113 3895 Refecti
2160 3839 2437 3897 vitalibus
2483 3842 2797 3915 alimentis,
2847 3865 3190 3921 quaesumus
3235 3856 3475 3913 Domine

1829 3932 2227 4019 Deusnoster,
2262 3935 2326 3985 ut
2354 3932 2509 4003 quod
2542 3937 2800 4009 tempore
2830 3940 3204 3999 mortalitatis
3241 3947 3477 4019 exequi-

1832 4017 2447 4087 mur,immortalitatis
2478 4027 2589 4078 tua:
2622 4043 2861 4084 munere
2890 4017 3479 4104 eonsequamur.Per.

1835 4108 1910 4162 Ea
1939 4123 2064 4162 vero
2092 4108 2183 4163 die
2211 4108 2344 4165 hora
2374 4128 2520 4167 nona
2547 4115 2786 4184 faciebat
2817 4121 3002 4175 excuti
3023 4122 3281 4192 ignemde
3304 4124 3486 4195 lapide

1835 4198 1895 4251 in
1926 4197 2038 4251 loco
2083 4200 2220 4268 foris
2269 4199 2515 4266 basilica,
2548 4203 2597 4257 si
2643 4205 2725 4260 ibi
2769 4210 3072 4263 oratorium
3119 4210 3392 4278 habuerit,
3425 4215 3487 4268 in

1836 4289 1993 4356 porta
2021 4284 2101 4339 ibi
2131 4288 2449 4353 excutiunt;
2476 4290 2565 4344 sin
2594 4307 2739 4357 vero,
2772 4295 2829 4347 in
2863 4294 2975 4351 loco
3005 4296 3063 4350 in
3092 4314 3198 4368 quo
3243 4300 3488 4357 conside-

1838 4373 2233 4428 raverit.Prior
2260 4374 2341 4428 ita
2369 4379 2432 4429 ut
2460 4391 2529 4430 ea:
2558 4392 2617 4431 eo
2641 4380 2809 4449 possit
2836 4381 3063 4436 candela
3089 4383 3343 4449 accendi;
3362 4401 3491 4457 quae

1838 4460 2065 4516 candela
2096 4462 2153 4516 in
2184 4462 2458 4519 arundine
2483 4464 2640 4521 debet
2661 4470 2814 4539 poni,
2848 4473 2901 4523 et
2927 4486 2960 4525 a
2988 4472 3361 4529 mansionario
3391 4477 3492 4531 Ec-

1840 4550 2027 4607 clesia
2054 4552 2138 4607 vel
2169 4551 2280 4606 loco
2309 4552 2405 4607 ubi
2449 4555 2767 4611 accenditur
2814 4558 3064 4631 lampas;
3090 4576 3206 4618 una
3250 4568 3497 4621 servetur

65 4630 414 4721 quaesumus
458 4653 578 4704 Dnc
628 4630 1006 4720 tit—placatus
1063 4630 1339 4719 accipias.
1372 4645 1478 4710 Qui
1528 4645 1734 4719 pridie,
1768 4635 1815 4700 D
1846 4655 2012 4712 usque
2042 4641 2102 4696 in
2132 4641 2428 4698 Sabbatum
2446 4646 2774 4701 sanctumad
2803 4630 3234 4708 illuminandum
3257 4669 3494 4722 cereum,

65 4754 241 4810 quam
278 4754 390 4811 pro
422 4741 623 4792 nostra
651 4735 921 4792 omnium
960 4733 1148 4790 salute
1180 4738 1493 4806 pateretur,
1515 4734 1623 4790 boc
1652 4738 1742 4791 est

65 4823 496 4898 hodie,accepit
527 4840 736 4896 panem
771 4824 828 4879 in
863 4826 1099 4879 sanctas
1130 4839 1196 4877 ac
1220 4822 1742 4879 venerabilethcm

65 4917 113 4969 in
149 4916 357 4970 ultimo
390 4917 687 4985 antequam
715 4911 1068 4967 dicatur:Per
1084 4927 1262 4984 quem
1280 4910 1400 4966 lucc
1414 4910 1613 4967 omnia
1627 4914 1743 4966 Due

65 5021 301 5077 semper
330 5000 490 5072 bona
521 5018 705 5068 creas,
738 5002 993 5057 levantur
1020 5000 1088 5055 de
1134 5000 1376 5072 ampulis
1432 5017 1566 5072 quas
1613 5001 1741 5073 offe-

65 5098 197 5149 runt
223 5092 495 5166 populis;
521 5100 575 5148 et
623 5091 890 5147 benedicit
940 5095 1053 5147 tam
1100 5089 1336 5145 domnus
1381 5106 1547 5162 papa,
1580 5107 1743 5163 quam

69 5199 262 5238 omnes
288 5182 610 5254 presbiteri.

419 5286 753 5325 BENEDICTIO
791 5286 919 5325 OLEI
960 5286 1070 5328 PRO
1112 5284 1397 5325 INFIRMIS.

140 5361 370 5416 Emitte
402 5362 521 5414 Due
552 5359 835 5430 Spiritum
868 5364 1137 5415 sanctum
1174 5362 1343 5412 tuum
1375 5373 1743 5429 quaesumus,

65 5449 464 5520 etc.Sequitur
473 5447 763 5518 Perquem
778 5447 898 5502 hazc
915 5463 1006 5502 om
1018 5447 1132 5501 nia.
1143 5448 1257 5515 Qua
1269 5446 1487 5517 expleta
1499 5462 1742 5502 commu-

65 5540 218 5594 nicat
247 5537 537 5609 episcopus
564 5536 708 5591 solus
734 5544 864 5593 ante
908 5538 1102 5601 altare,
1136 5540 1188 5592 et
1233 5536 1494 5592 diaconus
1543 5538 1743 5609 conﬁr~

1849 4730 1947 4801 qui
1974 4730 2157 4786 eodem
2184 4730 2273 4786 die
2304 4732 2693 4789 benedicendus
2721 4740 2799 4790 est
2827 4736 3035 4803 ordine,
3068 4756 3172 4811 quo
3210 4743 3271 4796 in
3316 4759 3500 4801 saera-

1850 4824 2159 4875 mentorum
2208 4824 2536 4879 continetur.
2586 4825 2707 4895 Ipsa
2754 4842 2878 4882 vero
2922 4827 3011 4882 die
3038 4845 3222 4885 omnes
3247 4831 3505 4892 diurnale

1852 4909 2094 4980 ofﬁcium
2124 4911 2353 4965 insimul
2380 4918 2604 4968 canunt.
2637 4916 2676 4968 Α
2708 4931 2922 4986 vespere
2957 4925 3131 4974 autem
3186 4920 3349 4993 hujus
3393 4925 3507 4982 diei

1854 4997 2004 5053 nuda
2032 5000 2146 5054 sint
2173 5000 2378 5055 altaria
2406 5018 2575 5073 usque
2603 5004 2663 5057 in
2689 5020 2855 5059 mane
2882 5004 3135 5064 Sabbato.

2281 5106 2445 5145 FERIA
2482 5107 2538 5145 VI
2580 5107 2638 5145 IN
2680 5109 3068 5152 PARASCEVEN.

1925 5177 2101 5235 Media
2126 5183 2283 5233 nocte
2310 5178 2642 5250 surgendum
2684 5186 2782 5247 est,
2815 5183 3081 5243 dicuntur
3133 5191 3272 5247 VIIII
3311 5197 3517 5264 psalmi

1854 5282 1980 5323 cum
2008 5269 2363 5338 responsoriis
2382 5286 2405 5331 ,-
2435 5271 2543 5323 tres
2573 5270 2824 5327 lectiones
2870 5274 2938 5330 de
2966 5277 3360 5337 lamentatione
3386 5285 3514 5339 Ilie-

1851 5357 2048 5413 remia?
2059 5356 2340 5426 prophetae
2354 5357 2423 5412 ab
2441 5374 2502 5412 eo
2519 5358 2755 5424 loco,ubi
2773 5364 2879 5417 ait:
2889 5364 3174 5438 Cogitavit
3205 5376 3361 5428 Dnus
3381 5375 3511 5431 dis.

1852 5446 1898 5503 si
1906 5461 2234 5519 pare,usque
2256 5444 2664 5503 misericordiae
2693 5450 2798 5506 Dni
2822 5452 3170 5513 multan‘res
3189 5458 3254 5514 de
3265 5464 3466 5519 tractat
3480 5481 3519 5520 u

1856 5537 1912 5593 S.
1943 5536 2237 5607 Augustini
2266 5535 2332 5591 de
2353 5536 2566 5608 psalmo
2596 5539 2783 5598 LXIII.
2819 5542 2938 5599 Tres
2965 5543 3031 5599 de
3056 5546 3411 5616 Apostoloubi
3437 5554 3522 5632 ait

139 5694 293 5769 (216)
328 5694 480 5754 Tota
513 5693 696 5753 missa
737 5695 797 5758 in
832 5693 909 5754 M.
943 5696 1008 5754 B.
1059 5695 1350 5754 orationes
1397 5699 1616 5755 autem.
1645 5703 1972 5780 sequentes
1990 5712 2266 5775 peraque
2297 5697 2512 5758 eadem
2544 5699 2604 5759 iu
2643 5701 2965 5765 Pontiﬁcali
3014 5704 3082 5762 R.
3115 5702 3418 5789 leguntur.
