3892 6212
407 345 552 409 1οἹ1

1188 343 1519 404 APPEND.
1568 346 1669 403 AD
1714 346 1901 404 S/EC.
1951 347 2023 404 χ.
2064 378 2136 388 -
2171 344 2668 408 MUNUMENTA
2720 348 3030 411 LITURG.
3696 349 3819 408 10ῖέ

401 478 471 534 ab
515 476 763 533 "heraeas
789 475 1348 547 cap.V.Festincmus
1376 492 1511 547 ergo
1541 476 1968 550 egredi.Deinde
1982 493 2058 532 se-
2086 479 2141 549 Α
2174 477 2397 533 taribus
2428 478 2655 548 moniti,
2675 484 2731 535 et
2761 480 2957 536 divina
2984 481 3359 537 institutione
3393 480 3645 537 formati
3682 481 3824 535 aude-

403 568 594 644 quitur
607 565 1201 630 Matutinumﬂucernw
1227 566 1645 636 extinguantur;
1658 566 1841 621 lumen
1869 570 2053 621 autem

405 655 647 713 ecclesia
674 653 799 727 (hd)
830 655 898 710 ab
927 654 1088 709 initio
1116 662 1307 709 cantus
1335 655 1598 709 nocturni
1626 654 1916 710 inchoatur
1956 672 2053 710 ex-

406 744 589 814 tingui
616 743 714 799 hoc
742 747 925 800 tamen
956 744 1164 809 ordine,
1198 751 1258 798 ut
1285 743 1353 799 ab
1402 744 1637 798 introitu
1668 744 1838 815 ipsius
1885 745 2050 799 eccle-

404 834 508 890 siae
535 833 765 904 incipiat
790 832 1064 904 paulatim
1094 833 1282 897 tutari,
1318 835 1379 886 ut
1416 832 1567 887 verbi
1607 833 1807 903 gratia,
1836 840 2051 903 peracto

399 922 584 995 primo
611 924 876 977 nocturno
903 920 1154 976 videatur
1183 937 1371 976 eorum
1414 937 1545 993 pars
1597 923 1760 977 tertia
1801 938 1910 977 esse
1958 939 2051 976 ex-

407 1011 581 1066 tincta
607 1027 629 1065 .ο
668 1009 845 1065 medio
900 1017 1163 1065 nocturno
1212 1011 1412 1066 iterum
1469 1011 1629 1065 tertia
1652 1028 1674 1074 ;
1724 1012 1885 1065 tertio
1930 1026 2052 1065 vero

405 1100 637 1169 expleto,
684 1100 920 1170 exceptis
972 1103 1175 1169 septem
1224 1099 1584 1170 lampadibus,
1633 1099 1779 1153 nihil
1826 1099 2053 1154 lumim's

404 1187 786 1259 relinquatur;
812 1202 939 1259 quae
969 1189 1023 1242 in
1056 1189 1331 1243 matutino
1378 1187 1475 1241 hoc
1504 1187 1694 1243 ordine
1721 1191 2050 1258 extinguan-

406 1279 499 1330 tur
521 1295 545 1341 ;
572 1276 634 1330 in
662 1278 822 1333 initio
845 1277 1051 1348 psalmi
1074 1278 1249 1347 primi
1274 1280 1343 1332 sit
1372 1285 1545 1332 castas
1572 1293 1782 1349 semper
1828 1284 2053 1349 paratus

404 1366 467 1419 in
496 1366 608 1420 loco
635 1366 846 1423 dextrae
872 1368 1047 1438 partis
1078 1368 1320 1423 ecclesia?
1366 1383 1537 1438 prope
1586 1366 1925 1438 lampadibus
1945 1385 1968 1430 ;
1995 1370 2052 1421 at

402 1454 502 1510 ubi
539 1455 781 1511 audierit
827 1455 1186 1527 antiphonam
1239 1459 1427 1510 tenens
1474 1471 1709 1511 cannam
1762 1455 1816 1509 in
1881 1473 2050 1510 manu

402 1560 503 1599 sua
559 1548 700 1600 tutat
757 1544 1063 1616 lampadem
1117 1561 1332 1609 unam;
1377 1546 1437 1598 in
1482 1546 1592 1616 ﬁne
1634 1544 1839 1618 psalmi
1885 1546 2053 1617 ipsius

404 1633 578 1688 aliam
605 1634 852 1691 sinistra?
875 1635 1073 1705 partis,
1105 1635 1183 1689 sic
1212 1651 1325 1690 una
1353 1651 1422 1690 ex
1455 1638 1612 1705 parte
1656 1651 1788 1699 una,
1821 1635 1935 1689 alia
1984 1649 2054 1688 ex

405 1722 523 1776 alia
552 1726 805 1778 tutantur
832 1739 1002 1795 usque
1032 1723 1101 1778 ad
1129 1724 1490 1794 evangelium,
1526 1725 1584 1778 in
1622 1723 1901 1794 evangelio
1932 1738 2052 1778 vero

408 1814 621 1866 tutatur
648 1812 708 1865 in
734 1813 954 1867 ecclesia
986 1813 1214 1884 lampas.

476 1901 620 1955 Hora
651 1903 813 1956 tertia
838 1901 1079 1973 procedit
1110 1902 1387 1972 Pontifex,
1420 1903 1504 1956 vel
1546 1903 1642 1972 qui
1682 1904 1849 1957 vicem
1900 1902 2052 1955 illius

405 1990 645 2044 tenuerit
676 2005 735 2045 in
762 1990 985 2045 ecclesia
1014 1994 1221 2046 statuta
1252 1992 1402 2062 infra
1455 1991 1663 2055 urbem,
1715 2007 1819 2045 non
1871 1995 2049 2045 tamen

401 2079 461 2132 in
491 2078 700 2149 majore
728 2080 950 2135 ecclesia
968 2099 991 2143 ;
1019 2081 1117 2152 qui
1142 2080 1272 2135 dum
1299 2082 1521 2135 veniens
1549 2080 1614 2135 de
1656 2081 1896 2135 sacrario
1923 2095 2048 2151 pro-

400 2170 619 2223 cesserit
672 2175 797 2225 ante
846 2171 1023 2239 altare
1066 2170 1135 2225 ad
1189 2170 1459 2226 orandum
1513 2187 1676 2241 super
1728 2171 2046 2235 oratorium,

401 2258 543 2313 sicut
570 2274 686 2313 mos
712 2267 808 2324 est,
837 2261 1027 2314 statim
1056 2263 1118 2314 ut
1167 2261 1488 2325 surrexerit,
1529 2276 1653 2314 cum
1695 2261 1914 2316 silentio
1956 2275 2047 2314 as-

400 2347 585 2403 cendit
613 2348 908 2414 ad'sedem,
941 2365 1044 2420 quo
1072 2347 1292 2404 sedente
1327 2350 1515 2403 statim
1560 2349 1918 2405 subdiaconus
1962 2365 2047 2403 as-

400 2436 580 2491 cendit
611 2436 681 2491 ad
711 2437 1016 2507 legendum,
1050 2441 1103 2491 et
1129 2430 1247 2507 past
1296 2438 1581 2492 lectionem
1616 2442 1873 2493 cantatur
1916 2455 2048 2493 can-

402 2526 571 2579 ticum
598 2543 620 2578 .·
680 2529 798 2581 Dne
853 2524 1047 2580 audivi
1101 2542 1225 2580 cum
1300 2527 1538 2581 versibus
1605 2528 1736 2593 suis,
1795 2535 1846 2582 et
1915 2527 2047 2583 dicit

400 2614 660 2683 Pontifex
687 2631 708 2667 :
736 2613 984 2669 Oremus
1009 2630 1021 2668 :
1054 2618 1107 2669 et
1135 2616 1437 2671 Diaconus:
1468 2614 1796 2671 Flectamus
1825 2632 2042 2688 genua;

400 2705 453 2757 et
481 2705 603 2757 orat
629 2702 954 2769 diutissime,
1004 2711 1057 2759 et
1098 2703 1231 2759 dicit
1287 2704 1510 2769 Levate,
1553 2712 1605 2760 et
1651 2705 1784 2760 dicit
1828 2706 2045 2777 (forsan

401 2791 712 2864 orationes)
744 2808 878 2864 quas
906 2797 968 2847 ut
994 2794 1411 2864 ﬁnierit,omnes
1437 2795 1602 2849 tacite
1629 2801 1827 2849 exeunt
1853 2796 2001 2865 foras
2023 2813 2047 2859 ,-

398 2880 718 2953 Presbytero
745 2897 870 2937 vero
897 2883 1248 2938 ecclesiarum
1275 2884 1385 2938 sive
1414 2882 1479 2937 de
1507 2883 1659 2949 urbe,
1690 2900 1783 2939 seu
1825 2882 1892 2939 de
1918 2884 2046 2939 sub-

396 2970 643 3037 urbanis,
692 2971 898 3027 vadunt
949 2988 1050 3045 per
1092 2974 1344 3027 eccleszas
1397 2989 1543 3038 suas,
1590 2981 1648 3027 ut
1704 2972 1801 3028 hoe
1856 2974 2045 3029 ordine

393 3067 587 3117 cuncta
614 3060 684 3117 ad
710 3076 986 3133 vesperam
1013 3063 1240 3132 faciant,
1274 3061 1371 3117 hoc
1400 3066 1615 3118 tantum
1659 3066 1951 3129 mutantes,
1986 3072 2045 3120 ut

394 3150 493 3205 ubi
544 3152 807 3222 Pontifex
858 3153 1117 3207 meminit
1171 3153 1546 3224 apostolicum,
1599 3154 1708 3225 ipsi
1761 3154 2048 3208 nominent

393 3217 907 3313 episcopum-suum.
938 3243 1065 3298 Post
1094 3217 1366 3297 orationes
1388 3217 1745 3313 praeparatur
1761 3258 1898 3297 crux
1919 3250 2042 3298 ante
2072 3217 2115 3285 (ἶ

393 3330 592 3395 altare,
626 3332 945 3403 interposito
972 3333 1150 3403 spatio
1179 3333 1324 3386 inter
1351 3332 1523 3401 ipsum
1550 3339 1601 3387 et
1628 3332 1806 3386 altare
1831 3339 2041 3387 susten-

393 3423 509 3476 tata
537 3420 665 3475 hinc
712 3420 840 3476 inde
884 3438 919 3475 a
964 3420 1170 3476 duobus
1210 3422 1495 3486 accolitis;
1533 3422 1707 3494 posito
1754 3430 1881 3477 ante
1921 3438 2043 3476 eam

392 3511 651 3575 oratorio,
709 3511 862 3565 venit
916 3511 1193 3580 Pontifex,
1254 3513 1306 3564 et
1362 3510 1646 3565 adoratam
1700 3510 2043 3566 deosculatur

389 3615 645 3664 enicem;
697 3600 894 3655 deinde
965 3602 1231 3672 EpiscOpi,
1291 3600 1617 3672 Presbyteri,
1675 3601 1922 3667 Diaconi,
1989 3605 2041 3656 et

390 3690 581 3745 caeteri
618 3704 721 3760 per
765 3689 1032 3755 ordinem,
1064 3689 1258 3746 deinde
1298 3691 1571 3762 populus;
1616 3691 1872 3761 Pontifex
1920 3706 2040 3745 vero

389 3778 533 3834 sedet
579 3780 641 3831 in
694 3778 817 3833 sede
862 3778 1159 3850 usquedum
1205 3795 1388 3834 omnes
1429 3781 1686 3834 salutent.
1732 3780 2042 3852 Presbyteri

386 3882 513 3922 vero
540 3866 645 3922 duo
668 3868 900 3938 priores,
931 3883 1061 3922 mox
1088 3873 1149 3922 ut
1178 3868 1559 3934 salutaverint,
1594 3870 1803 3924 intrant
1849 3871 1908 3924 in
1949 3886 2038 3925 sa-

386 3957 651 4021 crarium,
700 3958 784 4011 vel
838 3958 936 4012 ubi
981 3958 1215 4029 positum
1257 3960 1429 4028 fuerit
1483 3974 1677 4030 corpus
1723 3960 1849 4024 Dni,
1899 3960 2038 4031 quod

383 4045 568 4118 pridie
592 4048 874 4112 remansit,
903 4051 1162 4118 ponentes
1189 4064 1313 4104 eum
1343 4050 1401 4102 in
1428 4055 1706 4119 patenum,
1739 4056 1791 4104 et
1817 4048 2035 4103 subdia-

386 4150 554 4191 conus
584 4138 762 4191 teneat
807 4140 938 4191 ante
983 4138 1124 4208 ipsos
1152 4138 1377 4191 calicem
1406 4154 1526 4191 cum
1560 4138 1686 4192 vino
1717 4154 1822 4193 non
1853 4153 2034 4193 conse-

380 4234 550 4292 crato,
568 4233 621 4282 et
646 4227 786 4281 alter
813 4226 1173 4283 subdiaconus
1198 4231 1458 4298 patenum
1487 4244 1610 4283 cum
1639 4243 1858 4299 corpore
1887 4229 1996 4282 Dni
2012 4246 2036 4293 ,-

377 4316 574 4389 quibus
604 4316 910 4372 tenentibus
938 4318 1135 4389 accipit
1163 4334 1306 4373 unus
1350 4319 1630 4389 presbyter
1673 4325 1949 4389 patenum,
1982 4323 2036 4374 et

381 4406 522 4462 alter
548 4407 794 4472 calicem,
826 4410 877 4462 et
906 4406 1083 4480 defert
1129 4424 1292 4479 super
1338 4408 1515 4463 altare
1559 4407 1825 4462 nudatum
1845 4427 1868 4471 ,-
1895 4410 2034 4463 Pon-

384 4497 524 4567 tifex
550 4510 675 4552 vero
704 4497 866 4563 sedet,
890 4497 1021 4552 dum
1045 4498 1354 4569 persalutat
1376 4498 1609 4569 populus
1636 4513 1869 4562 crucem,
1902 4514 2032 4553 nam

2083 1852 2131 1919 Β

2166 584 2300 623 mus
2331 567 2524 624 dicere
2559 587 2571 624 :
2606 570 2772 626 Pater
2804 576 3004 627 noster
3032 572 3133 644 qui
3164 587 3226 626 es
3250 570 3311 626 in
3343 570 3824 643 coelis.Sequitur:

2162 655 2366 712 Libera
2387 673 2493 713 nos
2523 675 2863 730 quaesumus
2896 664 3016 717 Dne
3047 660 3118 716 ab
3151 659 3434 716 omnibus
3474 659 3687 716 malis.
3715 664 3823 716 Cm

2161 743 2407 801 dixerint
2436 748 2638 802 Amen.
2674 749 2852 804 Sumit
2877 749 2943 806 de
2969 754 3176 813 sancta,
3210 755 3265 804 et
3298 751 3465 822 ponit
3523 752 3586 804 in
3619 752 3825 806 calicem

2162 834 2309 889 nihil
2335 835 2537 901 dicens,
2570 841 2623 891 et
2651 840 3057 894 communicant
3094 854 3280 895 omnes
3324 856 3456 895 cum
3503 840 3758 904 silentio,
3787 848 3825 894 et

2162 925 2375 995 expleta
2405 933 2534 980 sunt
2559 928 2835 994 universa,
2868 934 2919 985 et
2964 928 3099 983 dicit
3128 930 3392 999 Pontifex
3421 948 3442 983 :
3476 929 3550 984 In
3605 930 3823 984 nomine

2163 1012 2349 1068 Patris
2380 1019 2435 1069 et
2468 1013 2595 1069 Filii
2626 1019 2683 1070 et
2714 1014 2969 1087 Spiritus
3002 1018 3210 1084 sancti,
3244 1036 3355 1089 pax
3388 1018 3681 1082 tibi.ﬁ.Et
3706 1036 3819 1073 cum

2163 1102 2373 1173 spiritu
2406 1106 2523 1158 tuo.
2556 1105 2623 1159 Et
2650 1110 2767 1177 post
2791 1106 3087 1177 paululum
3114 1125 3334 1179 vespera
3363 1108 3509 1164 dicit
3542 1126 3821 1181 unusquis-

2162 1207 2265 1261 que
2288 1192 2569 1262 privatim,
2601 1201 2655 1247 et
2679 1196 2757 1248 sic
2784 1194 2989 1250 vadunt
3015 1196 3084 1249 ad
3112 1214 3378 1253 mensam.

2662 1283 2987 1340 SABBATO
3026 1285 3321 1341 SANCTO.

2232 1371 2405 1426 Media
2437 1379 2587 1426 nocte
2614 1372 2947 1443 surgendum
2975 1382 3052 1429 est
3073 1392 3097 1439 ;
3114 1375 3380 1431 dicuntur
3408 1394 3614 1432 not-em
3641 1378 3822 1448 psaltis

2162 1476 2285 1514 cum
2316 1462 2687 1532 responsoriis,
2721 1470 2829 1517 tres
2859 1462 3114 1519 lectiones
3144 1465 3414 1535 leguntur
3444 1466 3515 1521 de
3567 1466 3818 1522 lamenta-

2163 1550 2309 1604 tione
2336 1550 2633 1606 ltieremiee
2671 1552 2738 1605 ab
2769 1567 2829 1605 eo
2876 1552 2991 1607 loco
3031 1554 3130 1607 ubi
3173 1554 3362 1611 dicit:
3415 1554 3819 1611 Misericordiae

2162 1637 2271 1704 lini
2304 1637 2521 1707 multae,
2546 1657 2716 1714 usque
2744 1642 2803 1696 in
2831 1643 3017 1712 ﬁnem.
3047 1643 3253 1698 Deinde
3282 1644 3562 1715 leguntur
3590 1644 3819 1702 hoinitir

2160 1731 2410 1782 sanctum
2454 1730 2704 1795 Patrum,
2737 1730 2808 1784 ad
2856 1731 3033 1803 ipsum
3083 1731 3229 1787 diem
3274 1734 3648 1805 pertinentes,
3679 1743 3729 1789 et
3765 1737 3812 1788 in

2160 1816 2403 1871 candelis
2432 1817 2788 1873 accendendis
2831 1820 2915 1873 vel
2960 1821 3372 1891 extinguendzs,
3407 1825 3561 1878 sicut
3585 1826 3813 1897 superius

2161 1906 2405 1962 habetur.
2442 1907 2567 1961 Post
2597 1906 2787 1962 horam
2837 1910 3058 1963 tertiam
3110 1910 3331 1966 sabbato
3374 1912 3702 1983 procedunt.
3730 1917 3813 1984 qui

2162 1991 2480 2062 baptizandi
2506 1998 2654 2059 sunt,
2687 1994 2757 2048 ad
2785 1996 3082 2058 ecclesiam,
3114 2005 3164 2050 et
3193 1995 3542 2053 ordinantur
3562 2016 3663 2070 per
3687 1998 3808 2052 ordi-

2159 2099 2283 2136 nem
2325 2083 2465 2138 sicut
2512 2085 2704 2156 scripti
2742 2091 2885 2149 sunt,
2918 2086 3151 2141 masculi
3178 2087 3235 2139 in
3283 2086 3571 2153 dextram,
3600 2096 3810 2159 femina?

2161 2173 2217 2225 in
2269 2173 2572 2236 sinistram,
2615 2175 2825 2243 faciens
2869 2190 3083 2229 crucem
3129 2174 3380 2230 sacerdos
3434 2179 3497 2232 in
3554 2177 3808 2248 frontibus

2159 2261 2523 2331 singulorum.
2557 2263 2743 2318 Postea
2777 2264 3028 2335 imposita
3056 2281 3228 2319 manu
3274 2281 3450 2336 super
3499 2268 3681 2339 capita
3706 2268 3810 2321 sin-

2157 2351 2413 2421 gulorum
2440 2351 2575 2407 dicit
2604 2370 2626 2405 .·

2228 2441 2362 2494 Item
2385 2441 2601 2512 expleta
2630 2442 2808 2511 tangit
2833 2441 3068 2512 singulis
3088 2459 3247 2498 nares
3277 2450 3335 2498 et
3358 2460 3531 2501 aures
3557 2446 3623 2500 de
3648 2456 3801 2516 sputo,

2155 2532 2209 2584 et
2236 2528 2388 2585 dicit:
2411 2529 2648 2601 Epheta,
2674 2531 2831 2603 quod
2864 2534 2953 2586 est
2983 2531 3286 2603 adaperire
3319 2532 3378 2587 in
3412 2534 3661 2591 odorem
3690 2551 3803 2589 sua-

2155 2618 2370 2675 vitatis.
2405 2620 2491 2675 Tu
2524 2624 2718 2675 autem
2750 2619 3008 2693 effugere
3035 2620 3284 2689 diabole,
3319 2622 3803 2696 adpropinquabit

2157 2710 2310 2767 enim
2335 2708 2630 2782 judicium
2664 2707 2783 2765 Dei.
2816 2712 3004 2766 Postea
3034 2713 3209 2781 tangit
3237 2709 3307 2766 de
3334 2712 3455 2767 oleo
3484 2719 3674 2769 sancto
3699 2730 3805 2767 sca-

2150 2801 2313 2873 pulas
2360 2808 2413 2856 et
2451 2808 2652 2871 pectus,
2699 2807 2751 2855 et
2794 2799 2971 2854 dicit:
3016 2799 3413 2857 Abrenuntias
3466 2802 3800 2861 satannié.

2152 2888 2516 2946 Abrenuntio
2549 2905 2562 2943 :
2596 2892 2653 2943 et
2699 2889 2972 2945 omnibus
3020 2888 3255 2961 pompis
3304 2889 3438 2958 ejus
3474 2907 3489 2944 :
3521 2892 3575 2953 ἡ.
3609 2897 3667 2947 et
3696 2909 3803 2946 om-

2157 2980 2332 3036 nibus
2357 2978 2634 3051 operibus
2665 2978 2838 3049 ejus?
2865 2982 2917 3042 ιῆ.
2942 2978 3013 3033 Et
3040 2994 3145 3052 ego
3174 2982 3232 3034 te
3264 2976 3412 3034 linio
3449 2980 3583 3036 oleo
3614 2980 3803 3037 salutis

2154 3070 2213 3125 in
2244 3067 2473 3125 Christo
2502 3067 2641 3123 Jesu
2665 3066 3302 3140 nostroprOpitiatusin
3316 3068 3502 3125 vitam
3515 3074 3799 3129 etei-nam.

2154 3174 2265 3231 pax
2295 3157 2420 3212 tibi.
2456 3159 2566 3212 Hac
2596 3157 2833 3227 expleta,
2866 3156 3108 3212 ambulet
3136 3156 3193 3210 id
3228 3158 3533 3213 circuitum
3580 3161 3799 3231 inposita

2151 3263 2321 3302 manu
2351 3262 2513 3318 super
2538 3246 2721 3316 capita
2761 3260 2947 3300 eorum
2993 3244 3335 3300 decantando
3378 3247 3597 3303 excelsa
3647 3264 3761 3303 core
3781 3267 3800 3300 :

2151 3335 2333 3392 Credo
2366 3334 2425 3389 in
2456 3339 2654 3402 Deum,
2688 3336 2854 3389 vertit
2878 3348 2934 3389 se
2977 3333 3047 3389 ad
3085 3335 3345 3404 feminas,
3378 3343 3431 3390 et
3476 3337 3617 3406 facit
3659 3339 3797 3390 simi-

2153 3427 2499 3481 liter.Postea
2527 3424 2734 3479 dicitur
2764 3425 2841 3478 eis
2868 3423 2936 3479 ab
2961 3422 3349 3480 archidiacono
3378 3444 3401 3478 :
3432 3426 3607 3482 Orate
3625 3425 3796 3488 electi,

2153 3513 2363 3569 ﬂectite
2391 3529 2604 3586 genua,
2637 3517 2689 3568 et
2712 3520 2829 3584 post
2843 3512 3139 3584 paululum
3166 3512 3301 3569 dicit
3328 3532 3351 3568 :
3381 3515 3616 3584 Levate,
3648 3531 3794 3570 com-

2149 3602 2303 3675 plete
2332 3603 2653 3658 orationem
2683 3606 2936 3657 vestram
2968 3600 3027 3657 in
3060 3618 3268 3669 unum,
3299 3608 3357 3659 et
3389 3603 3565 3659 dicite
3599 3620 3790 3663 amen:

2147 3702 2200 3750 et
2252 3692 2571 3764 respondent
2617 3707 2799 3747 omnes
2846 3708 3037 3747 amen.
3069 3692 3278 3747 lterum
3324 3692 3697 3749 admonentur
3736 3696 3791 3746 ab

2150 3783 2531 3839 archidiacono
2578 3782 2665 3836 his
2714 3781 2892 3837 verbis
2919 3801 2940 3835 :
2988 3780 3342 3836 Caticumini
3389 3784 3706 3848 recedant;
3754 3784 3791 3836 si

2148 3872 2282 3945 quis
2332 3870 2725 3928 caticuminus
2774 3875 2882 3939 est,
2916 3871 3183 3936 recedat;
3217 3887 3426 3928 omnes
3467 3870 3792 3927 craticumini

2148 3966 2354 4037 exeant
2410 3962 2585 4016 foras.
2638 3961 2841 4016 Iterum
2887 3959 3021 4015 dicit
3063 3960 3324 4015 diaconus
3354 3980 3377 4014 :
3430 3961 3560 4016 Filii
3624 3959 3790 4015 kat-is-

2147 4051 2280 4106 simi
2315 4049 2669 4106 revertimini
2722 4049 2781 4103 in
2829 4048 2971 4105 locis
3021 4048 3227 4104 vestris
3278 4054 3657 4122 expectantes
3701 4050 3786 4104 ho-

2146 4158 2292 4208 rum,
2328 4156 2445 4211 qua
2475 4136 2661 4210 possit
2692 4135 2846 4193 circa
2864 4154 2964 4193 vos
2998 4138 3096 4192 Dei
3129 4137 3318 4209 gratia
3354 4138 3635 4211 baptismi
3668 4154 3782 4210 ope-

2145 4227 2282 4282 rari.
2314 4228 2456 4281 Hora
2494 4241 2641 4280 nona
2704 4225 3091 4295 ingrediuntur
3142 4227 3202 4280 in
3256 4229 3571 4282 sacrarium
3626 4242 3780 4282 sacer-

2143 4317 2290 4372 dotes
2318 4323 2370 4371 et
2397 4316 2589 4380 levita,
2621 4321 2673 4369 et
2703 4314 2943 4369 induunt
2968 4329 3025 4369 se
3062 4317 3421 4381 vesttmcntis,
3449 4334 3576 4371 cum
3605 4317 3781 4390 quibus

2142 4408 2362 4477 vigilias
2390 4404 2663 4460 celebrare
2699 4403 2912 4470 debent,
2946 4410 2996 4458 et
3036 4420 3260 4459 accenso
3306 4421 3460 4460 ceree
3507 4405 3783 4477 procedunt

2142 4512 2325 4551 omnes
2352 4495 2517 4549 simul
2545 4492 2610 4549 de
2635 4494 2878 4547 sacrario
2905 4508 3029 4548 cum
3058 4494 3176 4565 ipso
3204 4509 3359 4549 ceree
3407 4496 3465 4549 in
3520 4496 3775 4550 ecclesiam

379 4587 657 4643 salutante
681 4588 946 4658 Pontiﬁce
975 4588 1058 4642 vel
1081 4587 1281 4658 populo
1310 4603 1542 4652 crucem,
1576 4588 1800 4641 canitur
1826 4602 2033 4658 semper
2058 4587 2108 4654 D
2139 4602 2262 4641 cum
2287 4585 2530 4648 silentio,
2564 4583 2709 4637 nihil
2737 4589 2989 4637 canentes
3016 4590 3068 4638 et
3104 4583 3338 4652 ponitur
3367 4585 3425 4637 in
3474 4582 3777 4639 candelabro

376 4677 708 4747 antiphona:
741 4677 882 4732 Ecce
912 4675 1137 4749 lignum
1170 4675 1446 4742 crucis,in
1479 4692 1593 4747 quo
1625 4673 1785 4731 salus
1818 4675 2022 4730 mundi

378 4766 672 4838 pependit,
704 4765 893 4821 venite
924 4765 1257 4821 adoramus.
1280 4760 1509 4819 Dicatur
1528 4765 1775 4836 psalmus
1797 4764 2020 4820 CXVIII.

374 4873 483 4927 qua
527 4858 765 4911 salutata
812 4858 865 4909 et
908 4855 1143 4925 reposita
1192 4855 1251 4908 in
1299 4854 1409 4908 loco
1455 4870 1551 4909 suo
1580 4853 1850 4909 descendit
1879 4855 2021 4909 Pone

378 4946 677 5017 tifex‘ante
704 4945 899 5009 altare,
934 4952 986 4999 et
1012 4944 1146 4998 dicit
1172 4960 1193 4997 :
1220 4944 1466 4999 Oremus
1492 4961 1505 4998 :
1538 4943 1842 5016 praeceptis
1874 4944 2026 5000 salu-

2133 4682 2257 4730 ante
2285 4675 2480 4737 altare,
2512 4680 2563 4727 et
2593 4688 2734 4726 unus
2782 4671 3041 4726 diaconus
3086 4679 3246 4742 rogat
3284 4688 3461 4727 unum
3508 4672 3575 4728 de
3619 4688 3776 4727 sacer-

2132 4763 2346 4819 dotibus
2377 4763 2457 4818 vel
2484 4762 2679 4827 levitis,
2712 4763 2810 4833 qui
2839 4759 3042 4815 ibidem
3071 4761 3317 4815 revestiti
3343 4760 3588 4827 adstant,
3618 4777 3710 4834 pro
3732 4774 3777 4813 se

2132 4870 2326 4918 orare;
2355 4860 2405 4908 et
2434 4856 2497 4906 ut
2524 4849 2920 4916 surrexit,dicit
2952 4850 3066 4921 ipse
3093 4848 3672 4908 diaconus:Domiuus
3694 4864 3773 4902 vo.

2134 4945 2445 5006 biseumaﬁ.
2462 4942 2531 4997 Et
2565 4958 2697 4997 cum
2713 4939 2920 5011 spiritu
2942 4937 3286 4994 tuo.Etdicit
3296 4942 3597 4996 orationem
3612 4944 3770 5015 istam.

1408 5204 2303 5293 BENEDICTIONES
2362 5201 2746 5291 VARIE

925 5474 1259 5514 BENEDIC’I‘IO
1290 5477 1472 5515 CEREI.

438 5550 684 5624 Expleta
714 5548 1037 5605 lectionibus
1066 5549 1255 5603 statim
1294 5551 1515 5605 veniens
1560 5568 1704 5607 unus
1749 5554 2019 5619 minister,

366 5651 556 5703 tenens
585 5638 858 5717 ampullas
888 5640 945 5696 in
975 5637 1526 5706 manibussuis,stans
1557 5642 1611 5696 in
1636 5640 1826 5701 devito
1855 5658 2023 5700 (orna

2133 5465 2361 5527 altaris;
2390 5468 2441 5515 et
2471 5463 2600 5514 tunc
2627 5454 2870 5511 ascendit
2896 5455 3011 5525 ipse
3034 5453 3360 5525 prmcedens
3384 5450 3765 5527 pontiﬁcqu

2131 5557 2340 5626 fontes;
2366 5555 2495 5605 tunc
2523 5545 2719 5602 deinde
2745 5543 2889 5600 scola
2916 5542 3195 5599 descendit
3222 5544 3296 5599 ad
3322 5545 3505 5615 fontes
3552 5544 3623 5600 ad
3648 5544 3768 5599 leta-

2132 5645 2287 5699 uiam
2331 5637 2660 5715 facianlam,
2694 5637 3037 5710 expectantes
3079 5635 3271 5707 parati
3313 5637 3766 5709 ponti/immu-
