3892 6212
56 363 176 427 073

1351 355 1766 420 BENEDICT.

1811 357 2100 422 VARI/El.
3271 358 3428 422 1074

53 495 226 553 nudus
253 509 386 552 vero
415 491 579 553 scolae
603 499 743 551 tenet
773 507 866 550 vas
895 508 1125 550 aureum
1156 492 1216 548 in
1243 507 1413 549 manu
1459 507 1562 547 sua
1605 491 1675 546 si-
1702 487 1760 557 Α
1791 491 2124 566 dampnata,
2153 492 2253 568 qui
2283 510 2431 553 caeco
2461 499 2595 552 nato
2625 493 2824 554 oculos
2853 494 3099 570 aperuit,
3121 498 3179 552 et
3206 493 3427 568 quatri-

53 587 182 643 istra
228 601 395 656 super
419 583 716 658 planetam,
768 582 912 640 unde
949 584 1202 655 pontifex
1246 583 1461 637 mittere
1505 580 1660 636 debet

53 674 263 744 trysma
297 673 356 726 in
383 673 606 743 fontem,
639 679 687 726 et
702 671 853 742 jussi
877 673 1093 742 faciunt
1140 671 1403 726 letaniam
1431 671 1658 724 trinam.

53 761 210 817 einde
228 761 481 831 pontifex
503 759 743 831 procedit
772 776 898 815 cum
921 761 1073 816 omni
1101 759 1305 824 decore,
1328 765 1664 814 sustentatus

66 848 273 904 duobus
301 848 641 914 diaconibus,
674 856 727 905 et
754 849 856 904 illa
891 849 998 904 duo
1043 855 1355 913 cereostata,
1385 862 1511 918 quae
1541 855 1666 900 ante

53 946 225 994 ierant
270 938 625 1009 inluminata,
681 953 890 1010 semper
951 945 1078 996 ante
1135 939 1311 1010 ipsum
1367 935 1666 1009 procedunt

53 1025 308 1098 squedum
338 1027 520 1082 omnia
546 1026 1036 1098 ﬁnierinuletania
1064 1028 1243 1098 ﬁnita,
1274 1029 1418 1098 facto
1448 1026 1666 1082 silentio

53 1116 141 1170 icit
161 1116 418 1187 ponttfea:
447 1133 466 1170 :
501 1119 657 1170 Dnus
694 1115 1015 1170 vobiscum.
1048 1119 1100 1180 ﬁ.
1150 1115 1218 1170 Et
1267 1132 1400 1172 cum
1453 1113 1664 1187 spiritu

53 1221 126 1259 ιο.
160 1203 308 1258 Dicit
335 1221 354 1257 .'
387 1202 671 1270 Oremus;
704 1210 755 1258 et
785 1203 878 1258 dat
903 1205 1224 1260 orationem.

551 1309 880 1348 BENEDICTIO
919 1310 1134 1349 FONTIS.

79 1380 466 1454 Omnipotens
497 1381 853 1452 sempiterne
883 1381 1058 1452 Deus,
1093 1382 1293 1437 adesto
1324 1386 1431 1437 etc.

515 1485 895 1526 CONSECRATIO
935 1487 1157 1526 FONTIS.

77 1559 240 1614 Dnus
269 1558 594 1614 vobiscum.
629 1562 680 1622 ii.
717 1559 786 1614 Et
815 1573 949 1614 eum
1001 1559 1210 1632 Spiritu
1263 1563 1383 1614 tuo.
1419 1560 1667 1615 Sursum

53 1647 200 1703 )rda.
231 1652 284 1712 si.
325 1647 620 1702 Habemus
656 1646 726 1701 ad
767 1647 940 1702 Dnm.
973 1646 1202 1704 Gratias
1251 1665 1496 1721 agamus
1545 1646 1668 1702 Dno

53 1753 124 1792 'eo
155 1739 377 1792 nostro.
409 1742 461 1802 ἡ.
493 1735 749 1809 Dignum
779 1740 836 1792 et
858 1737 1095 1808 justum
1131 1741 1240 1793 cst.

225 1825 544 1926 etjustum
575 1828 684 1893 est,
717 1841 950 1898 zequum
982 1829 1038 1882 et
1069 1825 1355 1896 salutare;
1382 1825 1537 1882 Deus
1567 1827 1668 1898 qui
1700 1861 1746 1926 Β

53 1912 288 1970 ivisibili
321 1911 583 1987 potentia
613 1917 726 1969 etc.

84 2002 244 2058 Unde
274 2002 597 2069 bene’rdico
628 2007 684 2059 te
713 2006 979 2060 creatura
1008 2020 1170 2076 aqua:
1201 2020 1305 2078 per
1351 2003 1536 2060 Deum
1587 2004 1668 2060 vi-

55 2109 170 2160 um,
205 2109 309 2164 per
338 2089 524 2148 Deum
553 2107 757 2148 verum
787 2096 896 2148 etc.

84 2181 321 2254 Signate
354 2179 516 2249 illos;
551 2181 805 2237 accedite
836 2182 908 2238 ad
941 2181 1670 2252 benedictionem.Signent

53 2287 152 2326 osos
183 2272 430 2341 infantes
461 2270 520 2325 in
548 2271 824 2342 frontibus
850 2286 1042 2327 eorum
1066 2271 1280 2343 prlrini
1320 2272 1400 2326 vel
1427 2273 1670 2343 patrium

53 2375 78 2413 ε
102 2357 398 2430 pollicibus
422 2359 539 2413 suis
566 2355 806 2415 dicentes
829 2377 846 2412 :
881 2358 945 2414 In
979 2358 1214 2414 nomine
1244 2358 1432 2415 Patris
1463 2363 1518 2415 et
1541 2359 1670 2415 Filii

55 2451 75 2502 t
101 2445 358 2519 Spiritus
388 2445 748 2502 sancti.Tunc
779 2453 924 2503 venit
952 2447 1211 2504 accolitus
1243 2449 1438 2503 iterum
1461 2448 1670 2518 faciens

53 2552 222 2592 rucem
253 2537 314 2590 in
347 2535 622 2606 frontibus
650 2536 1000 2606 singulorum
1029 2536 1258 2592 dicendo
1285 2555 1303 2592 :
1336 2535 1400 2592 In
1434 2535 1670 2592 nomine

53 2624 199 2681 'atris
230 2628 290 2681 et
318 2623 453 2680 Filii
483 2626 540 2680 et
567 2625 822 2698 Spiritus
853 2621 1061 2692 sancti,
1093 2634 1142 2680 et
1187 2627 1416 2698 imponit
1444 2643 1670 2681 manum

53 2730 175 2785 uper
201 2729 308 2780 eos,
338 2711 482 2768 dans
511 2715 809 2770 orationem
839 2714 1049 2771 excelsa
1078 2729 1202 2769 voce
1232 2713 1318 2768 his
1349 2715 1522 2769 verbis
1553 2733 1573 2768 :

92 2803 240 2858 Deus
265 2801 588 2870 Abraham,
624 2805 773 2858 Deus
805 2801 988 2871 Isaac,
1024 2803 1173 2858 Deus
1201 2801 1378 2858 Jacob
1410 2805 1518 2858 etc.

91 2892 233 2964 Ergo
283 2889 597 2947 maledicte
646 2890 875 2947 diabole
925 2907 1271 2964 recognosce
1319 2891 1670 2946 sententiam

54 2996 186 3036 .uam
216 2984 324 3036 etc.

100 3069 156 3124 Et
179 3068 474 3125 adnuntiat
501 3068 766 3124 diaconus
795 3068 978 3125 dicens
1008 3088 1026 3124 :
1057 3068 1229 3125 Orate
1260 3067 1671 3136 electi,ﬂectite

55 3173 234 3228 genua,
262 3166 314 3214 et
348 3157 563 3231 reliqua
587 3157 782 3229 prius;
817 3166 870 3214 et
894 3159 1116 3230 signant
1156 3158 1377 3229 patrini
1421 3159 1502 3214 vel
1550 3175 1671 3212 ma-

1769 581 2032 638 duanum
2067 583 2345 641 Lazarum
2377 585 2447 641 de
2479 589 2859 643 monumento
2907 582 3228 642 suscitavit.
3262 583 3432 658 Ergo.

1771 669 2098 728 maledicta.
2132 675 2193 731 Ut
2221 691 2415 748 supra.

1843 761 2138 818 {Eternam
2171 779 2238 820 ac
2263 763 2660 834 justissimam
2692 764 2974 838 pietatem
3006 767 3168 822 tuam
3198 767 3306 821 etc.

2121 923 2123 926 q
2280 853 2537 926 Sequitur
2558 843 2919 910 'exorcismus.

1848 939 2114 996 Exorcizo
2145 943 2202 996 te
2229 946 2494 998 creatura
2523 960 2687 1016 aquae
2721 944 2779 998 in
2809 943 3045 1000 nomine
3093 941 3191 998 Dei
3241 939 3428 998 Patris

1776 1021 2214 1101 omnipotentis,
2248 1033 2304 1086 et
2333 1030 2391 1086 in
2423 1030 2658 1088 nomine
2689 1031 2830 1090 Jesu
2863 1030 3076 1089 Christi
3107 1027 3236 1088 Filii
3276 1029 3425 1102 ejus,

1777 1120 1834 1172 et
1865 1117 2118 1190 Spiritus
2147 1118 2562 1176 sancii.Omnis
2590 1119 2774 1176 virtus
2805 1118 3205 1186 adversarii,et
3234 1117 3426 1174 omnis

1776 1205 2034 1261 incursio
2063 1205 2297 1275 diaboli,
2330 1224 2502 1263 omne
2551 1208 2926 1280 phantasma,
2958 1205 3151 1264 omnis
3200 1204 3426 1263 inimici

1775 1296 2032 1366 potestas
2059 1293 2353 1352 eradicare
2381 1300 2438 1351 et
2467 1296 2720 1368 eil‘ugare
2749 1296 2822 1352 ab
2838 1295 2946 1351 hac
2958 1299 3224 1352 creatura
3237 1311 3422 1367 aquae.

1777 1383 1939 1439 Unde
1967 1382 2224 1439 exorcizo
2257 1389 2309 1440 te
2339 1388 2605 1440 creatura
2635 1401 2799 1457 aqua:
2831 1402 2934 1456 per
2979 1383 3163 1440 Deum
3193 1399 3423 1450 verum,

1779 1489 1880 1544 per
1908 1473 2090 1527 Deum
2121 1471 2446 1545 vivum,per
2473 1472 2657 1530 Deum
2689 1477 3088 1546 sanctum.per
3107 1469 3258 1528 Dnm
3292 1488 3424 1528 nrm

1775 1562 1974 1616 Jesum
2024 1560 2340 1629 Christum,
2374 1564 2440 1616 ut
2488 1560 2760 1617 efﬁciaris
2809 1579 2962 1633 aqua
3011 1565 3235 1626 sancta,
3275 1576 3429 1632 aqua

1777 1649 2100 1716 benedicta,
2134 1653 2199 1704 ut
2227 1648 2561 1721 ubicunque
2589 1651 2775 1706 etl'usa
2803 1648 3007 1717 fueris,
3038 1647 3128 1705 vel
3167 1665 3426 1721 aspersa,

1777 1735 1895 1794 sive
1926 1737 1983 1793 in
2015 1738 2210 1804 domo,
2242 1737 2362 1794 sive
2393 1737 2450 1793 in
2483 1755 2689 1811 agro,c
2714 1736 2904 1812 fugias
2933 1754 3168 1794 omnem
3190 1737 3431 1810 phanta-

1778 1827 1948 1893 siam,
1980 1843 2214 1882 omnem
2244 1824 2470 1881 inimici
2501 1829 2869 1899 potestatem;
2901 1826 3155 1900 Spiritus
3187 1830 3431 1883 sanctus

1777 1913 1999 1971 habitet
2026 1915 2086 1970 in
2117 1916 2290 1970 domo
2329 1914 2458 1983 hac,
2491 1931 2612 1986 per.
2647 1919 2713 1971 Et
2758 1918 3016 1972 miscetur
3059 1917 3146 1971 sal
3191 1925 3243 1972 et
3289 1918 3432 1974 cinis

1774 2006 1982 2076 faciens
2011 2011 2092 2059 ter
2122 2005 2247 2060 inde
2272 2020 2486 2060 crucem
2511 2020 2674 2076 super
2704 2005 2823 2076 ipsa
2849 2021 3011 2076 aqua.
3048 2005 3180 2061 Dein
3211 2005 3430 2078 deponit

1778 2092 1968 2149 vinum
1993 2095 2235 2148 mixtum
2264 2109 2389 2148 cum
2421 2095 2540 2164 ipsa
2565 2108 2708 2164 aqua
2740 2093 3097 2158 benedicta,et
3127 2093 3263 2149 dicit
3293 2094 3433 2148 hanc

1775 2185 2075 2239 orationem
2102 2201 2123 2236 .-
2151 2183 2388 2238 Greater
2415 2184 2472 2236 et
2501 2183 2870 2237 conservator
2898 2180 3143 2236 humani
3173 2183 3428 2255 generis.

1779 2271 1949 2326 dator
1979 2270 2176 2344 gratiae
2211 2267 2516 2344 spiritalis,
2549 2268 2790 2342 largitor
2827 2273 3038 2324 aeterne
3093 2269 3338 2338 salutis;
3370 2274 3434 2326 tu

1777 2365 1896 2415 Dnc
1927 2359 2091 2414 mitte
2122 2357 2409 2431 Spiritum
2443 2362 2616 2414 tuum
2648 2375 2827 2430 super
2855 2357 3054 2413 vinum
3099 2375 3234 2415 cum
3283 2376 3437 2432 aqua

1777 2449 2045 2516 mixtum,
2080 2452 2143 2504 ut
2173 2451 2399 2504 armata
2426 2447 2637 2503 virtute
2668 2445 2918 2502 caelestis
2974 2447 3331 2504 defensionis
3363 2447 3434 2505 ad

1776 2535 2268 2596 consecrationem
2298 2535 2477 2608 hujus
2490 2533 2744 2592 ecclesia:
2779 2534 2862 2591 vel
2885 2533 3088 2592 altaris
3099 2537 3429 2608 proficiant.

1779 2627 1886 2684 Per
1918 2631 2094 2682 Dnm.

1845 2715 2048 2772 Deinde
2069 2717 2278 2788 faciens
2307 2731 2522 2773 crucem
2547 2731 2672 2770 cum
2699 2712 2869 2784 digito
2896 2729 2993 2770 suo
3020 2713 3088 2769 de
3118 2715 3237 2786 ipsa
3286 2731 3436 2788 aqua

1777 2807 1836 2861 in
1863 2805 2058 2861 dextra
2082 2813 2238 2877 parte
2263 2821 2362 2877 per
2389 2812 2629 2876 quatuor
2656 2819 2864 2858 cornua
2896 2802 3247 2868 altaris,inde
3267 2803 3440 2860 latera

1775 2912 1898 2951 cum
1927 2895 2126 2967 hysopo
2155 2893 2428 2965 adspergit
2455 2897 2655 2964 septem
2691 2892 2831 2947 vices
2883 2892 3130 2948 canendo
3180 2892 3439 2963 antipha-

1780 3000 1910 3039 nam
1932 3001 1952 3037 :
1984 2981 2312 3054 Adsperges
2344 2997 2437 3036 me
2469 2985 2586 3036 Dne
2618 2979 2838 3052 hysopo
2870 2983 2927 3035 et
2968 2979 3322 3050 mundabor,
3351 2979 3438 3036 la-

1776 3070 1940 3128 vabis
1969 3087 2082 3137 me,
2115 3073 2171 3125 et
2200 3085 2379 3142 super
2428 3067 2619 3124 nivem
2671 3067 3010 3124 dealbabor.
3042 3069 3134 3124 Ps.
3166 3067 3438 3125 Miseram

1785 3160 1902 3220 mei
1950 3165 2102 3216 Deus
2146 3157 2519 3215 secundum:
2572 3157 2772 3214 vadens
2820 3158 2881 3212 in
2929 3157 3168 3214 circuitu
3212 3158 3436 3225 altaris,

57 3249 191 3303 rinae
218 3250 279 3302 ut
305 3227 484 3318 prius,
515 3255 567 3302 et
588 3227 841 3320 sequitur
867 3227 1013 3303 alius
1043 3227 1322 3311 accolitus,
1345 3263 1508 3318 super
1534 3264 1676 3301 mas-
1707 3227 1752 3293 (ἶ
1786 3248 2085 3321 spargendo
2113 3246 2309 3302 deinde
2331 3248 2388 3301 in
2414 3246 2610 3302 dextra
2625 3247 2864 3318 parietes
2874 3247 3114 3302 ecclesia:
3134 3246 3441 3319 usquedum

56 3336 197 3391 culos
225 3337 366 3406 facit
391 3351 603 3391 crucem
632 3337 773 3390 sic-ut
796 3337 957 3408 prius
982 3337 1112 3408 fecit
1129 3354 1152 3401 ,'
1181 3344 1231 3391 et
1263 3337 1545 3408 imponens
1564 3353 1678 3390 ma-

57 3441 160 3478 rum
185 3441 346 3480 suam
375 3439 538 3496 super
565 3439 653 3480 eos
681 3422 813 3479 dicit
843 3443 865 3478 :

98 3512 240 3567 Audi
257 3511 566 3569 maledicto
579 3515 816 3568 satanas
831 3512 901 3568 ad
898 3513 923 3584 j
933 3516 1137 3568 uratur
1149 3528 1251 3586 per
1263 3512 1679 3570 nomenaeterni

57 3599 131 3656 )ei
159 3606 216 3656 et
243 3601 552 3657 salvatoris
583 3600 767 3657 nostri
795 3600 899 3656 ﬁlii
931 3601 1029 3657 Dei
1059 3618 1191 3656 cum
1222 3607 1322 3657 tua
1342 3601 1682 3657 victusinvi-

57 3689 130 3744 lia
155 3694 419 3748 tremens
449 3705 808 3763 gemensque
837 3689 1088 3758 discede;
1122 3689 1266 3746 nihil
1297 3690 1404 3746 tibi
1437 3691 1682 3762 sitcom:

59 3795 206 3836 nunc
235 3797 374 3836 cum
404 3779 588 3836 servis
619 3780 717 3835 Dei
741 3781 867 3852 jam
899 3779 1157 3836 omlestia
1185 3778 1576 3853 cogitantibus
1594 3797 1680 3837 re-

59 3867 474 3925 nuntiatoribus
503 3867 608 3924 tibi
640 3887 674 3924 a
702 3867 996 3935 saeculo,et
1023 3869 1202 3924 beatas
1226 3868 1685 3926 immortalitatis

59 3956 287 4014 ricturis.
341 3959 426 4014 Da
479 3956 660 4031 igitur
715 3959 994 4014 honorem
1053 3957 1378 4014 advenienti
1439 3957 1684 4031 Spiritui

59 4050 253 4115 iancto,
289 4045 393 4119 qui
425 4063 491 4102 ex
531 4063 765 4102 summa
815 4045 942 4102 coeli
992 4062 1123 4102 areo
1173 4046 1532 4104 descendens
1579 4065 1684 4119 pro

62 4134 282 4192 turbatis
311 4135 623 4193 fraudibus
653 4136 772 4191 tuis
801 4135 996 4191 divino
1029 4135 1185 4191 fonte
1215 4140 1464 4208 purgata
1493 4140 1684 4208 pecto-

61 4242 120 4290 ἐι,
149 4224 302 4282 idem
337 4225 756 4282 sanctificando
787 4223 1074 4297 templum
1112 4227 1169 4279 et
1199 4223 1466 4280 habitum
1515 4226 1686 4297 perti-

61 4313 168 4382 :iat,
208 4318 266 4370 et
314 4315 389 4370 ab
435 4315 711 4370 omnibus
758 4313 992 4387 penitus
1040 4313 1205 4368 noxis
1262 4313 1685 4384 praeteritorum

63 4402 352 4458 :riminum
383 4401 612 4458 liberati
644 4401 793 4458 servi
823 4401 924 4457 Dei
955 4401 1175 4474 gratias
1205 4399 1442 4474 perenni
1476 4407 1586 4459 Deo
1609 4419 1686 4458 re-

63 4491 225 4548 erant
253 4509 507 4565 semper,
541 4493 598 4547 et
625 4491 972 4548 benedicant
1003 4508 1213 4546 nomen
1245 4490 1374 4562 ejus
1419 4495 1687 4547 sanctum

71 4597 102 4635 n
132 4579 347 4636 saecula
375 4579 746 4636 saeculorum.
781 4579 906 4635 Per.

114 4670 265 4726 Deus
295 4669 612 4736 Abraham,
647 4673 800 4725 Deus
828 4669 1008 4736 Isaac,
1041 4671 1196 4723 Deus
1223 4665 1402 4724 Jaeob
1433 4657 1542 4725 etc.

113 4759 260 4832 Ergo
292 4757 599 4815 maledicto
628 4756 879 4825 diabolo,
908 4764 968 4812 ut
996 4773 1186 4830 supra.
1225 4759 1354 4814 Item
1399 4757 1531 4814 dicit
1566 4759 1687 4814 dia—

65 4862 207 4902 :onus
238 4866 256 4902 :
287 4848 457 4903 Orate
487 4845 676 4918 electi,
705 4854 757 4902 et
784 4845 1000 4918 reliqua
1030 4853 1090 4901 ut
1135 4863 1300 4918 supra
1319 4865 1343 4912 ,°
1372 4850 1423 4902 et
1467 4849 1692 4918 signant

66 4937 257 4991 iatrini
281 4937 362 4992 vel
391 4937 655 4992 matrima
682 4943 744 4990 ut
766 4936 941 5006 prius.
976 4935 1179 4990 Deinde
1209 4936 1404 4990 tertius
1433 4937 1693 4992 accolitus

67 5025 180 5077 ’acit
225 5041 439 5080 crucem
490 5026 549 5079 in
593 5023 868 5094 frontibus
912 5039 1209 5095 puerorum
1265 5024 1404 5078 sicut
1452 5027 1696 5080 anterior

67 5113 192 5176 "ecit,
223 5121 275 5169 et
299 5114 530 5184 imponit
557 5129 786 5166 manum
812 5128 977 5183 super
1003 5114 1181 5184 capita
1206 5129 1393 5167 eorum
1429 5111 1652 5170 dicendo
1673 5131 1695 5168 ,ο

123 5201 392 5256 Exorcizo
423 5205 480 5257 te
511 5201 796 5256 inmundo
829 5199 1070 5273 spiritus
1100 5203 1212 5256 etc.

121 5291 246 5346 Item
289 5307 452 5364 super
495 5293 732 5362 feminas
761 5293 970 5360 faciens
999 5306 1214 5346 crucem
1245 5297 1302 5344 ut
1347 5291 1620 5362 superius,
1653 5298 1704 5346 et

69 5378 286 5449 imponit
312 5395 540 5434 manum
569 5395 731 5450 super
757 5379 938 5450 capita
967 5394 1158 5434 earum
1187 5378 1412 5434 dicendo
1441 5397 1462 5432 .·

127 5466 395 5523 Exercizo
416 5471 472 5522 te
489 5467 792 5522 immunde
805 5466 1048 5538 spiritus
1066 5483 1166 5539 per
1179 5467 1408 5522 Patrem
1422 5471 1477 5521 et
1491 5465 1702 5521 Filium

69 5557 117 5607 et
153 5555 437 5627 Spiritum
490 5559 780 5624 sanctum,
832 5559 895 5609 ut
943 5571 1112 5611 exeas
1159 5561 1213 5611 et
1245 5554 1477 5610 recedas
1507 5555 1579 5610 ab
1611 5553 1704 5610 his

69 5641 390 5699 l'amulabus
421 5641 558 5709 Dei;
587 5643 715 5714 ipse
743 5643 900 5700 enim
949 5643 1054 5698 tibi
1103 5642 1348 5716 imperat
1399 5641 1704 5698 maledicta

1782 3340 2000 3395 veniens
2029 3341 2156 3392 ante
2185 3336 2361 3392 altare
2389 3351 2646 3407 spargens
2699 3335 2900 3391 iterum
2944 3334 3172 3406 desuper
3219 3335 3278 3390 in
3323 3336 3442 3390 cir-

1781 3429 1932 3483 cuitu
1959 3425 2152 3482 altaris
2181 3425 2264 3480 vel
2292 3425 2536 3480 ecclesia:
2563 3422 2807 3478 canendo
2837 3429 2954 3478 ant.
2991 3421 3246 3496 Exurgat
3289 3426 3441 3480 Deus

1783 3519 1841 3572 et
1867 3515 2229 3586 dissipentur
2255 3510 2476 3568 inimici
2509 3512 2658 3583 ejus.
2691 3513 2780 3566 Ps.
2813 3511 3015 3583 Ipsum,
3034 3511 3337 3584 usquedum
3355 3529 3442 3568 ve-

1782 3606 1939 3660 niens
1968 3605 2171 3660 iterum
2201 3605 2329 3658 ante
2368 3602 2545 3657 altare
2559 3599 3120 3672 spargensdesuperet
3138 3601 3197 3656 in
3209 3601 3447 3657 circuitu

1785 3691 2026 3747 ecclesia:
2051 3687 2289 3745 canendo
2319 3695 2432 3744 ant.
2467 3686 2574 3752 Qui
2603 3685 2830 3742 habitat
2865 3685 2925 3742 in
2957 3687 3248 3759 adjutorio
3280 3687 3445 3745 altis-

1786 3780 1943 3848 simi,
1975 3779 2033 3834 in
2065 3777 2419 3850 protectione
2453 3776 2545 3832 Dei
2579 3773 2706 3832 cmli
2738 3775 3225 3832 commorabitur.
3250 3779 3340 3833 Ps.
3365 3779 3445 3849 ip-

1785 3887 1925 3937 sum,
1957 3877 2008 3924 et
2036 3868 2201 3923 mittit
2227 3884 2297 3922 ex
2326 3867 2595 3921 ministris
2623 3872 2720 3920 aut
2768 3865 2983 3921 clericis
3031 3865 3163 3920 duos
3202 3866 3286 3921 vel
3316 3871 3441 3932 tres,

1788 3961 1886 4031 qui
1911 3958 2248 4014 extrinsecus
2275 3955 2519 4012 ecclesia
2564 3956 2774 4026 pariter
2824 3971 2939 4010 una
2989 3955 3102 4011 vice
3143 3955 3438 4028 psallentes

1791 4055 2071 4120 spargant.
2351 4113 2354 4116 .

1860 4138 2063 4192 lterum
2093 4135 2203 4205 ipse
2226 4134 2479 4204 pontifex
2515 4131 2664 4187 vadit
2690 4131 2756 4188 de
2803 4133 2924 4204 ipso
2969 4133 3147 4187 altare
3188 4147 3450 4204 spargen-

1792 4226 1922 4280 dum
1946 4239 2046 4295 per
2074 4222 2315 4277 medium
2342 4221 2579 4277 ecclesiae
2604 4222 2661 4274 in
2683 4220 2904 4290 longum
2934 4228 2983 4275 et
3011 4220 3072 4274 in
3098 4219 3207 4274 lato
3233 4219 3447 4274 simili-

1793 4321 1875 4369 ter
1895 4327 2108 4367 crucem
2135 4309 2404 4381 faciendo,
2435 4309 2550 4363 sive
2573 4323 2674 4378 per
2701 4323 2858 4362 omne
2880 4306 3258 4378 pavimentum
3295 4321 3449 4377 spar-

1793 4401 1982 4473 gendo,
2013 4416 2137 4454 cum
2167 4397 2381 4468 antiph.
2401 4400 2616 4450 Domus
2647 4411 2776 4450 mea
2806 4395 3018 4450 domus
3050 4391 3338 4449 orationis
3353 4410 3449 4449 vo-

1796 4489 2044 4546 cabitur.
2077 4493 2126 4551 i7.
2158 4483 2414 4540 Narrabo
2447 4499 2659 4540 nomen
2689 4487 2858 4539 tuum
2890 4480 3170 4538 fratribus
3199 4481 3369 4550 meis,
3391 4481 3452 4538 in

1719 4593 1764 4657 ι)
1794 4576 1985 4634 medio
2015 4573 2268 4631 ecclesia:
2300 4571 2550 4628 laudabo
2583 4575 2662 4627 te.
2697 4580 2748 4628 et
2779 4569 2993 4627 Gloria.
3025 4571 3090 4626 Et
3138 4571 3360 4626 veniens
3393 4572 3454 4626 in

1799 4667 1972 4723 medio
2001 4664 2246 4721 ecclesiae
2273 4661 2408 4718 dicit
2431 4680 2453 4716 :
2483 4659 2749 4728 Oremus,
2781 4667 2835 4716 et
2858 4657 3456 4724 diaconus,ﬂectamus

1797 4773 2006 4830 genua.
2040 4753 2268 4821 Levate,
2301 4759 2352 4808 et
2376 4751 2509 4806 dicit
2538 4751 2843 4806 orationem
2874 4751 3033 4803 istam
3063 4765 3086 4802 ,ο

1871 4851 2041 4912 Deus,
2095 4841 2194 4912 qui
2255 4841 2382 4896 loca
2428 4837 2653 4894 nomini
2696 4841 2796 4894 tuo
2843 4837 3039 4892 dicata
3093 4834 3450 4903 sanctiﬁcas,

1801 4933 2033 4990 effunde
2062 4945 2239 5003 super
2266 4928 2417 4984 hanc
2439 4925 2720 4983 orationis
2734 4926 2976 4982 domum
2995 4924 3244 4998 gratiam
3262 4927 3454 4994 tuam,

1804 5025 1868 5078 ut
1894 5019 2169 5077 omnibus
2200 5017 2293 5072 hic
2322 5014 2729 5072 invocantibus
2751 5019 2804 5070 te
2819 5013 3104 5071 auxilium
3137 5017 3256 5071 tua:
3288 5013 3462 5071 mise-

1811 5109 2069 5166 ricordia:
2122 5106 2430 5171 sentiatur,
2466 5121 2586 5176 per.
2618 5105 2824 5160 Iterum
2871 5105 3007 5160 dicit
3033 5123 3054 5158 ,ο
3084 5103 3333 5160 Oremus
3365 5121 3379 5159 :
3411 5111 3464 5160 et

1810 5199 2064 5254 dirconus
2114 5195 2298 5249 dicit:
2330 5193 2634 5248 flectamus
2681 5209 2890 5266 genua.
2943 5194 3168 5251 Levate.
3203 5195 3464 5270 Sequitur

1811 5288 1986 5344 oratio
2016 5304 2034 5339 :

1883 5375 2036 5430 Deus
2093 5369 2624 5426 sanctiﬁcationum
2681 5371 3054 5444 omnipotens
3109 5371 3460 5436 dominator,

1811 5464 1983 5534 cujus
2012 5459 2195 5532 pietas
2224 5458 2350 5514 sine
2381 5459 2494 5515 ﬁne
2544 5460 2816 5517 sentitur.
2849 5465 3000 5518 Deus
3049 5461 3149 5534 qui
3204 5458 3464 5514 coelestia

1813 5549 1988 5608 simul
2021 5555 2078 5604 et
2107 5554 2338 5604 terrena
2381 5548 2808 5622 complecteris,
2843 5565 3082 5606 servans
3136 5545 3464 5604 misericor-

1815 5641 1970 5696 diam
2001 5643 2164 5693 tuam
2197 5636 2409 5711 pepulo
2440 5642 2539 5694 tuo
2570 5637 2894 5696 ambulanti
2925 5641 3061 5694 ante
3089 5637 3467 5706 conspectum
