3892 6212
393 291 543 357 1075

1144 292 1482 356 APPEND.
1534 292 1633 356 AD
1678 293 1865 357 S/EC.
1912 293 1988 355 Χ.
2024 326 2101 337 --
2130 290 2630 356 MONUMENTA
2672 294 2985 358 LITURG.

3669 294 3805 354 1076

383 428 578 503 gloriae
622 431 734 485 tuae
760 445 772 497 ;
814 426 1021 485 exaudi
1076 445 1274 502 preces
1323 445 1622 485 servorum
1671 431 1930 496 tuorum,
1962 432 2028 485 ut
2054 429 2111 499 Α
2138 430 2435 483 cateruam.
2472 428 2649 483 Dicit:
2678 428 2792 483 Pax
2820 431 3033 485 tecum.
3063 433 3116 494 ἡ.
3148 428 3219 486 Et
3247 446 3389 486 cum
3433 427 3669 502 spiritu
3700 434 3801 485 tuo.

384 520 503 577 sint
534 518 686 577 oculi
720 517 805 574 tui
847 517 1029 592 aperti
1078 535 1256 592 super
1302 518 1542 574 domum
1596 518 1770 574 istam
1825 518 1917 573 die
1967 535 2033 575 ac

385 613 589 677 nocte;
646 608 915 681 hancque
972 608 1276 665 basilicam
1325 607 1385 662 in
1435 607 1655 664 honore
1697 607 1894 663 Sancti
1946 605 2027 663 ill.

382 698 567 754 sacris
596 697 891 770 mysteriis
920 696 1251 752 institutam
1282 695 1782 752 clementissimus
1803 695 2033 751 dedicat

382 787 699 844 miseratus
727 785 997 854 inlustra,
1031 785 1264 859 proprio
1293 784 1601 858 splendore
1631 784 2031 853 clariﬁca,om-

384 893 635 950 nemque
664 876 962 932 hominem
992 875 1317 931 venientem
1362 875 1604 931 adorare
1648 874 1706 929 in
1756 874 1865 930 hoc
1903 874 2029 930 loco

383 964 649 1039 placatus
691 965 973 1032 admitte;
1008 963 1296 1038 propitius
1343 962 1584 1037 dignare
1636 963 1940 1036 respicere,
1975 966 2031 1019 et

382 1059 620 1128 propter
649 1070 859 1110 nomen
904 1059 1074 1110 tuum
1124 1070 1427 1125 magnum,
1458 1057 1517 1110 et
1563 1068 1740 1108 manu
1788 1052 1923 1109 forti
1973 1056 2030 1109 et

382 1143 620 1200 brachio
662 1146 921 1210 extenso,
971 1143 1031 1197 in
1078 1143 1186 1198 hoc
1242 1140 1576 1198 habitaculo
1628 1140 2030 1214 supplicantes

380 1233 570 1289 libens
600 1237 856 1306 protege,
889 1232 1199 1304 dignanter
1227 1231 1457 1297 exaudi,
1491 1248 1557 1287 ac
1588 1236 1804 1287 aeterna
1831 1231 2028 1287 delen-

381 1323 545 1379 sione
576 1339 874 1388 conversa,
908 1327 973 1377 ut
1002 1337 1235 1392 semper
1266 1319 1463 1376 felices
1492 1337 1724 1392 semper
1754 1326 1853 1375 tua
1892 1319 2024 1375 reli—

380 1412 552 1486 gione
582 1410 844 1467 lmtuntes
874 1413 1211 1466 constanter
1239 1408 1298 1464 in
1330 1414 1542 1467 sancta:
1583 1408 1885 1465 Trinitatis
1917 1408 2031 1465 fide

376 1500 663 1557 catholica
691 1502 1064 1573 perseverent
1086 1517 1100 1567 ;
1125 1515 1228 1571 per
1257 1498 1429 1554 Dnm.

456 1588 1254 1663 Regenerationisingressus
1278 1587 1335 1642 in
1359 1604 1501 1643 verae
1518 1586 1859 1643 innocentiae
1883 1604 2029 1642 nova

385 1678 636 1735 infantia
666 1682 1025 1733 renascatur.
1061 1676 1185 1732 Per.
1235 1678 1346 1733 llac
1390 1678 1543 1732 omni
1586 1676 1799 1748 expleta
1844 1676 2030 1747 fundit

380 1769 635 1840 chrysma
661 1767 727 1823 de
756 1767 971 1822 vasculo
1001 1768 1060 1821 in
1087 1765 1297 1840 fontem
1320 1781 1483 1837 super
1512 1767 1687 1838 ipsum
1733 1783 1930 1839 aquam
1970 1766 2030 1821 in

377 1856 599 1913 modum
624 1858 822 1924 crucis,
844 1863 894 1910 et
920 1871 1045 1909 cum
1072 1871 1240 1909 mann
1269 1871 1371 1909 sua
1400 1854 1636 1910 miscitat
1664 1856 1843 1925 ipsum
1872 1856 2030 1927 chry-

377 1963 498 2001 sma
525 1962 649 2001 cum
672 1952 895 2017 aqua,et
917 1944 1131 2015 spargit
1157 1959 1322 2015 super
1347 1959 1559 1998 omnem
1586 1944 1901 2013 fontcm,vel
1929 1960 2027 1999 su-

375 2052 475 2108 per
502 2050 715 2091 omnem
748 2033 1032 2105 populum.
1067 2033 1174 2088 Hoc
1217 2034 1361 2104 facto
1408 2033 1588 2087 omnis
1626 2033 1879 2104 populus,
1929 2034 2031 2104 qui

378 2125 628 2189 voluerit,
660 2122 857 2194 accipit
887 2121 1313 2178 benedictionem
1351 2121 1409 2175 in
1456 2122 1603 2178 vasis
1639 2123 1755 2176 suis
1800 2121 1865 2177 de
1909 2123 2029 2194 ipsa

379 2229 545 2287 aqua,
577 2221 869 2283 antequam
903 2211 982 2266 ibi
1012 2210 1361 2281 baptizenlur
1380 2211 1624 2281 parvuli,
1653 2209 1724 2265 ad
1765 2227 2026 2283 spargen-

379 2299 511 2357 dum
541 2303 600 2357 in
622 2300 868 2356 domibus
889 2315 1097 2364 eorum,
1127 2305 1181 2354 et
1224 2300 1419 2365 vineis,
1451 2308 1502 2354 et
1547 2301 1772 2371 campis,
1805 2307 1856 2355 et
1900 2302 2024 2372 fru-

379 2390 553 2447 ctibus
580 2405 789 2445 eorum.
820 2387 1023 2442 Deinde
1047 2387 1349 2458 presbyter,
1382 2396 1478 2442 aut
1518 2386 1782 2443 diaconus
1810 2389 2028 2443 etiamsi

379 2494 591 2534 necesse
616 2477 865 2549 fuerit,et
891 2475 1110 2531 acroliti
1134 2474 1449 2530 discalceati
1474 2475 1758 2531 induentes
1805 2492 1862 2531 se
1892 2477 2025 2533 aliis

379 2567 613 2621 vestibus
643 2564 861 2619 mundis
894 2564 974 2618 vel
1014 2562 1265 2618 candidis
1315 2562 1705 2631 ingrediuntur
1750 2564 1810 2619 in
1849 2567 2025 2636 fontes

379 2656 528 2710 intro
563 2669 784 2725 aquam,
833 2660 884 2706 et
926 2650 1276 2723 baptizantur
1317 2652 1498 2723 primo
1542 2652 1794 2718 masculi,
1834 2651 2027 2709 deinde

375 2743 606 2815 feminae
650 2739 750 2795 sub
808 2739 910 2795 hac
977 2741 1405 2808 interrogatione
1434 2757 1452 2793 :
1507 2739 1915 2795 Sanctiﬁcetur
1969 2746 2027 2797 et

379 2830 744 2885 fmcundetur
772 2829 902 2884 fons
930 2827 1040 2884 iste
1069 2827 1128 2883 in
1178 2828 1415 2884 nomine
1462 2828 1650 2884 Patris
1697 2831 1754 2883 et
1801 2828 1927 2885 Filii
1966 2836 2026 2887 ct

378 2917 633 2991 Spiritus
690 2918 894 2974 sancti.
945 2917 1143 2974 Credis
1200 2916 1257 2971 in
1308 2916 1491 2973 Deum
1542 2917 1770 2973 Patrem
1828 2920 2024 2975 omni-

379 3009 675 3079 potentem
705 3008 1023 3062 creatorem
1056 3004 1181 3061 οωιί
1215 3010 1272 3061 et
1318 3008 1483 3061 terrae
1505 3005 1532 3060 ?
1558 3010 1610 3071 ἡ.
1663 3004 1845 3062 Credo
1892 3007 2022 3062 Cre-

378 3095 471 3152 dis
518 3100 575 3151 et
623 3095 682 3151 in
728 3094 931 3152 Jesum
980 3093 1275 3150 Christum
1326 3094 1537 3151 Filium
1586 3095 1715 3167 ejus
1760 3095 2020 3165 unicum,

380 3184 532 3241 Dnm
579 3188 846 3240 nostrum
894 3187 1098 3239 natum
1148 3187 1204 3238 et
1253 3200 1494 3255 passum
1516 3184 1544 3238 ‘l
1576 3184 1627 3243 ,ἡ
1657 3182 1857 3239 Credo.
1890 3184 2019 3240 Cre-
2053 3168 2096 3234 C

380 3273 472 3329 dis
501 3277 559 3330 et
587 3272 646 3328 in
690 3272 975 3345 Spiritum
1025 3276 1333 3339 sanctum;
1384 3277 1649 3328 sanctam
1704 3272 2021 3328 Ecclesium

380 3362 765 3430 catholicam;
798 3361 1202 3417 remissionem
1251 3365 1658 3434 peccatorum;
1691 3362 1886 3417 carnis
1934 3378 2023 3416 re-

381 3451 822 3520 surrectionem,
872 3456 929 3505 et
983 3450 1158 3505 vitam
1218 3449 1547 3505 mternam?
1590 3452 1638 3511 ἡ.
1699 3450 1902 3514 Credo,
1958 3450 2022 3507 Et

378 3540 609 3610 acceptis
640 3541 948 3610 infantibus
995 3539 1058 3593 de
1098 3539 1419 3610 parentibus
1466 3540 1745 3610 baptizant
1791 3555 1877 3595 eos
1922 3542 2021 3595 sub

376 3628 526 3683 trina
555 3629 1064 3694 mersione;tuntum
1091 3636 1336 3682 sanctum
1368 3628 1686 3683 Trinitatem
1723 3628 1888 3682 semel
1934 3630 2021 3683 in-

373 3723 620 3768 vocantes
650 3722 727 3768 ita
756 3713 980 3768 dicendo
1011 3731 1029 3767 :
1054 3713 1289 3784 Baptiso
1321 3719 1373 3769 te
1406 3714 1462 3769 in
1494 3716 1728 3770 nomine
1757 3715 2021 3780 Putris,et

373 3804 573 3869 mergit
595 3802 757 3855 semel
787 3819 806 3855 :
829 3806 885 3855 et
916 3799 1063 3864 Filii,
1094 3809 1144 3855 et
1170 3803 1367 3869 mergit
1400 3805 1595 3858 iterum
1627 3822 1644 3857 :
1678 3809 1736 3859 et
1765 3804 2017 3873 Spiritus

372 3888 583 3951 sancti,
614 3897 665 3943 et
692 3891 899 3959 mergit
925 3889 1099 3942 tertio.
1131 3890 1342 3944 Levatis
1368 3899 1549 3946 autem
1596 3892 1729 3962 ipsis
1778 3893 2017 3964 infantes

371 3978 433 4031 in
460 3978 716 4031 manibus
745 3978 860 4031 suis
885 3977 1120 4047 offerunt
1147 3993 1236 4032 eos
1262 3979 1367 4032 uni
1394 3982 1742 4051 presbytero;
1760 3982 1872 4051 ipse
1894 3998 2018 4038 vero

366 4065 649 4136 presbyter
674 4066 882 4135 faciens
910 4064 975 4119 de
1003 4065 1257 4136 chrysma
1306 4082 1521 4121 crucem
1562 4083 1687 4123 cum
1728 4070 1928 4139 pollice
1959 4071 2017 4125 in

367 4154 566 4209 vertice
593 4168 781 4208 eorum
800 4169 925 4207 cum
954 4154 1289 4209 invocatione
1318 4162 1523 4212 sanctae
1554 4156 1837 4212 Trinitatis
1861 4157 2014 4213 dicit:

368 4240 522 4297 Deus
552 4239 945 4312 omnipotens,
980 4245 1089 4297 etc.

438 4330 503 4386 ιι
529 4339 659 4385 sunt
681 4332 886 4401 parati,
919 4331 1018 4401 qui
1043 4345 1131 4385 eos
1160 4333 1469 4403 suscepturi
1493 4340 1640 4398 sunt,
1673 4348 1797 4387 cum
1830 4334 2015 4389 linteis

368 4421 431 4474 in
476 4420 741 4473 manibus
788 4433 997 4483 eorum,
1028 4426 1080 4473 et
1127 4421 1406 4491 amipiunt
1435 4421 1578 4492 ipsos
1622 4437 1654 4476 a
1681 4422 2013 4493 presbyteris

2142 516 2285 572 Ecce
2317 514 2401 571 sic
2432 516 2805 574 benedicatur
2835 517 3027 575 omnis
3055 517 3230 575 homo
3260 520 3367 592 qui
3408 520 3596 575 timet
3647 520 3802 577 Dum.

2142 604 2455 661 Benedicat
2483 622 2585 662 vos
2616 606 2900 665 Dominus
2928 626 2997 665 cx
3025 609 3199 681 Syon,
3234 614 3300 664 ut
3328 609 3597 666 videatis
3644 611 3804 677 bona,

2141 710 2269 766 quae
2301 698 2440 750 sunt
2470 694 2527 750 in
2560 693 2944 765 Hierusalem,
2975 698 3251 756 omnibus
3281 699 3503 756 diebus
3533 702 3675 756 vita:
3704 718 3805 757 ves.

2139 785 2259 839 tris.

2795 876 2925 933 Inde
2952 877 3087 934 dicit
3113 897 3132 934 :

2210 960 2529 1018 Confirmat
2557 980 2657 1020 vos
2688 964 2856 1021 Pater
2883 971 2942 1021 et
2970 966 3153 1025 Filius
3181 972 3240 1024 et
3260 968 3801 1042 Spiritussauctus,

2139 1053 2207 1105 ut
2231 1049 2495 1107 habeatis
2526 1052 2703 1110 vitam
2735 1058 3095 1125 aeternam,et
3125 1057 3334 1115 vivatis
3362 1057 3426 1114 in
3458 1060 3691 1118 saecula
3716 1078 3803 1117 sa-

2139 1137 2431 1196 culorum.
2464 1142 2668 1198 Amen.

2210 1229 2316 1283 Hoc
2343 1237 2521 1285 autem
2548 1248 2652 1303 per
2678 1234 2865 1289 omnia
2888 1246 3347 1307 praecaventesmt
3376 1241 3502 1297 hac
3551 1258 3669 1297 non
3716 1260 3797 1297 ne-

2136 1318 2436 1389 gligantur,
2482 1322 2613 1392 quia
2643 1329 2773 1377 tunc
2799 1334 2983 1380 ornnes
3032 1327 3296 1398 baptismo
3344 1330 3604 1398 legitimo
3652 1332 3797 1387 Chri-

2135 1408 2441 1463 stianitatis
2494 1412 2721 1467 nomine
2763 1414 3181 1486 confirmantur.
3231 1418 3468 1474 Interim
3515 1436 3621 1476 vos
3665 1424 3797 1476 scola

2127 1494 2288 1566 jussa
2334 1499 2470 1568 facit
2500 1499 2764 1556 letaniam
2807 1510 2933 1558 ante
2980 1504 3173 1572 altare,
3212 1508 3401 1578 prima
3449 1517 3725 1581 septenas,
3753 1520 3799 1567 et

2135 1588 2314 1657 spatio
2370 1588 2514 1658 facto
2573 1590 2789 1660 faciunt
2856 1592 3000 1648 alter
3063 1597 3284 1665 quinas,
3350 1599 3559 1654 iterum
3628 1605 3793 1671 spatio

2134 1681 2280 1746 facto
2304 1677 2518 1747 faciunt
2544 1680 2743 1747 trinas,
2774 1687 2826 1735 et
2851 1681 2984 1737 dum
3028 1682 3161 1740 dicit
3186 1686 3390 1759 Agnus
3443 1687 3572 1755 Dei,
3604 1691 3789 1762 Magis-

2058 1800 2106 1865 B
2138 1771 2219 1865 ter
2244 1766 2409 1822 scolae
2434 1764 2569 1821 dicit
2597 1769 2893 1826 accendite
2918 1789 2931 1838 ;
2963 1780 3014 1827 et
3049 1782 3177 1829 tunc
3222 1775 3610 1834 inluminatur
3637 1781 3788 1836 easte-

2135 1853 2242 1917 sia,
2273 1861 2324 1908 et
2348 1855 2592 1925 procedit
2621 1859 2878 1929 Pontifex
2911 1859 2976 1916 de
2996 1865 3259 1931 sacrario,
3288 1880 3418 1920 cum
3446 1866 3558 1924 duo
3591 1885 3785 1925 aereos-

2137 1949 2249 1996 tata
2279 1941 2441 2011 (unde
2463 1947 2714 2016 superius
2752 1945 3024 2011 diximus)
3050 1960 3197 2009 stant
3223 1954 3369 2011 sicut
3404 1965 3574 2013 antea
3610 1976 3645 2012 α
3667 1960 3782 2014 de:-

2136 2030 2235 2085 tris
2262 2039 2313 2086 et
2343 2048 2376 2086 a
2402 2033 2646 2089 sinistris
2672 2035 2883 2093 altaris.
2915 2039 3142 2096 Letania
3170 2043 3388 2115 expleta
3434 2045 3579 2103 dicit
3606 2050 3784 2105 Ponti-

2133 2120 2230 2189 fex
2272 2118 2465 2176 Gloria
2494 2121 2553 2176 in
2583 2124 2791 2180 excels.
2826 2125 2892 2181 D.
2923 2136 2974 2184 et
3002 2132 3335 2197 orationem;
3362 2134 3563 2192 deinde
3599 2138 3785 2209 legitur

2135 2210 2706 2298 Apostolusmcquitur
2735 2214 2825 2269 All
2857 2215 3227 2276 Confitcmini
3255 2222 3674 2298 Dno.Sequitur
3689 2238 3786 2282 tru-

2134 2304 2251 2351 ctus
2264 2296 2417 2354 Laud
2425 2303 2516 2355 ate
2530 2300 2679 2357 Dnm
2693 2318 2897 2359 omnes
2909 2296 3780 2385 gentes:SequiturEvangelim

2133 2386 2209 2439 De
2238 2401 2450 2458 vespere
2470 2387 2853 2458 Sabbati;ante
2867 2395 3233 2465 Evangelium
3244 2415 3355 2454 non
3373 2405 3782 2472 portantium“

2136 2474 2196 2527 in
2227 2475 2347 2545 ipsa
2376 2484 2547 2541 nocte,
2578 2478 2672 2533 sed
2700 2488 2917 2537 tantum
2948 2484 3248 2542 incensum.
3279 2489 3397 2545 Non
3441 2501 3669 2550 aian
3694 2494 3781 2550 Of-

2136 2561 2461 2631 fcrtorium,
2492 2582 2592 2622 nec
2617 2569 2821 2641 Agnus
2851 2570 2974 2637 Dei,
3008 2590 3105 2630 nec
3149 2575 3673 2647 Communionem,
3702 2585 3783 2639 sed

2131 2652 2361 2744 missam
2386 2670 2486 2725 per
2511 2655 2784 2714 ordinem.
2818 2659 2961 2717 Illud
2987 2670 3170 2719 autem
3197 2664 3265 2722 de
3300 2671 3561 2738 parvulis
3607 2678 3781 2744 provi-

2132 2739 2368 2796 dendum
2412 2751 2512 2811 est,
2544 2753 2605 2800 ut
2645 2756 2932 2822 postquam
2982 2751 3250 2823 baptizati
3292 2759 3530 2826 fuerint,
3572 2739 3781 2816 nullum

2131 2829 2317 2883 cibum
2348 2833 2641 2903 accipiant,
2673 2853 2772 2892 nec
2800 2838 3141 2897 ablactentur
3168 2851 3466 2917 antequam
3491 2855 3782 2906 commani-

2131 2926 2252 2973 cent
2280 2918 2628 2978 Sacramenta
2656 2929 2897 2998 corporis
2929 2929 3135 2985 Christi
3153 2950 3178 2996 ;
3204 2941 3258 2987 et
3295 2937 3555 2993 omibus
3600 2940 3779 2995 dielm

2130 3008 2454 3099 septimana?
2497 3013 2718 3082 paschae
2753 3015 2824 3070 ad
2866 3017 3060 3074 missas
3101 3022 3421 3091 procedant,
3458 3008 3517 3081 et
3558 3029 3780 3099 offerunt

2128 3110 2242 3189 pro
2261 3096 2415 3168 ipsis,
2459 3105 2512 3153 ct
2557 3104 2957 3160 communicent
2991 3121 3216 3178 onmes;
3245 3109 3338 3167 hic
3380 3096 3776 3189 autern—supra

2130 3184 2370 3277 scriptus
2412 3186 2605 3243 ordine
2650 3190 2926 3262 baptismi,
2955 3196 3099 3252 sicut
3148 3200 3209 3253 in
3256 3200 3360 3256 hoc
3407 3202 3644 3260 Sabbato
3680 3184 3775 3277 pa-

2132 3272 2296 3337 schx,
2326 3275 2409 3328 sic
2436 3283 2488 3330 ct
2536 3277 2597 3331 in
2643 3279 2875 3337 Sabbato
2918 3292 3255 3355 pentecosten
3287 3293 3619 3348 omnimodis
3647 3272 3773 3349 cele-

2134 3361 2335 3416 bretur.
2368 3364 2500 3454 Item
2530 3366 2590 3421 in
2619 3368 2739 3438 ipsa
2765 3369 2855 3425 die
2880 3371 3199 3431 diurnalem
3223 3394 3451 3435 cursum
3487 3385 3774 3454 separatim

2131 3457 2354 3505 canunt.
2388 3451 2445 3505 In
2478 3453 2598 3524 ipsa
2623 3466 2777 3513 nocte
2803 3468 2922 3530 post
2947 3463 3224 3531 gallorum
3249 3451 3770 3536 cantum,matutilo

2131 3549 2416 3610 rumpente
2458 3542 2576 3599 luce
2621 3546 2885 3615 tenebras,
2926 3562 3208 3621 surgentes
3258 3557 3317 3611 in
3367 3560 3649 3616 ecclesiam
3691 3579 3767 3615 ce-

2131 3628 2310 3716 niunt,
2343 3638 2395 3684 et
2443 3641 2637 3688 mutua
2679 3637 2944 3694 charitate
2986 3658 3046 3696 se
3070 3644 3307 3700 invicem
3334 3649 3695 3716 obsculantes,
3722 3660 3768 3705 et

2128 3715 2490 3774 dicunt:l)eus
2520 3720 2578 3775 in
2610 3723 2968 3793 adiutorium
2999 3734 3489 3805 meum.Sequitur
3518 3715 3769 3794 Invitata-

2127 3805 2279 3899 {ium
2309 3821 2435 3899 cum
2464 3808 2894 3883 All.Sequuntur
2920 3824 3028 3873 tres
3052 3822 3261 3890 psalmi
3285 3840 3417 3879 cum
3443 3828 3765 3899 antiphoms:

2127 3892 2339 3988 Beatus
2370 3896 2471 3988 vir.
2504 3898 2692 3962 Quare
2724 3901 3106 3963 fremuerunt.
3140 3908 3267 3967 Dne
3313 3912 3457 3984 quid
3499 3892 3763 3988 multipli-

2126 3982 2237 4077 cati
2268 3985 2748 4077 s_unt.8equuntur
2774 4008 2897 4048 vero
2926 4002 3036 4051 tres
3066 3982 3472 4059 lectiones—cum

2124 4071 2245 4125 riis.
2280 4072 2471 4166 Prima
2501 4075 2657 4132 lectio
2687 4078 2757 4133 de
2789 4080 3026 4138 Actibus
3064 4087 3496 4157 apostolorum.
3526 4071 3763 4166 Stultitia

2120 4160 2439 4254 secunda-et
2468 4166 2630 4219 tertia
2661 4166 2731 4222 de
2761 4167 3024 4227 homiliis
3076 4176 3264 4232 sancti
3313 4160 3650 4254 Augustini.
3677 4185 3757 4239 Se-

2124 4248 2313 4318 quitur
2341 4250 2671 4308 Illatutinum
2694 4270 2819 4311 cum
2845 4258 2955 4315 All.

2193 4337 2347 4407 Infra
2376 4340 2536 4396 Albus
2567 4344 2793 4402 Pascha:
2814 4363 2979 4419 super
3016 4353 3196 4408 venite
3226 4372 3246 4407 :
3278 4354 3549 4415 Surrexit
3589 4361 3757 4417 Domi-

2120 4439 2234 4478 nus
2264 4442 2392 4521 vere
2422 4427 2578 4485 all.et
2596 4439 2702 4487 tres
2724 4436 2931 4503 psalmi
2954 4454 3055 4508 per
3068 4449 3404 4501 nocturnum
3422 4461 3755 4521 imponuntur

365 4509 449 4605 vel
474 4507 933 4605 diaconibusqui.
945 4522 1034 4562 eos
1065 4509 1697 4605 baptizarunt.Pontife.c
1723 4525 1849 4605 vero
1867 4526 2014 4580 egre-
2045 4526 2090 4591 υ
2117 4515 2495 4605 per_singutas
2516 4530 2694 4575 noctes
2722 4538 2893 4595 usque
2923 4507 2983 4581 in
3010 4536 3223 4587 octavas
3246 4507 3580 4605 ραεειιεεξεά
3606 4549 3693 4595 εει,

364 4596 547 4651 dietur
575 4612 608 4650 a
637 4597 805 4666 fonte,
838 4595 1042 4650 habens
1084 4597 1432 4667 compositam
1459 4596 1639 4651 sedem
1675 4598 1734 4650 in
1782 4599 1903 4667 ipsa
1928 4615 2014 4654 ec-

2193 4603 2355 4658 Feria
2383 4606 2449 4660 ll.
2482 4607 2626 4662 Cum
2658 4608 3008 4670 invocarem.
3040 4603 3430 4680 Verba'mea.
3463 4625 3589 4684 Due
3615 4646 3679 4684 ne
3702 4629 3750 4683 in

362 4685 531 4740 etesia
561 4686 660 4740 ubi
689 4684 940 4748 voluerit,
970 4684 1158 4739 sedens
1200 4686 1260 4738 in
1289 4701 1371 4739 ea.
1401 4686 1465 4739 Et
1508 4684 1862 4755 deportantur
1902 4688 2013 4757 ipsi
2116 4687 2202 4744 ira
2231 4694 2352 4745 tua.

364 4773 609 4847 iuf'antcs
639 4781 767 4829 ante
792 4789 936 4838 eum,
967 4781 1018 4828 et
1047 4772 1139 4827 dat
1167 4774 1404 4843 singulis
1432 4774 1647 4837 stolam,
1678 4775 1922 4829 casulam
1960 4783 2011 4831 et

364 4863 751 4933 chrysmale,et
778 4863 958 4917 decem
984 4862 1318 4932 siliquias,et
1338 4864 1663 4926 vcstiuntur;
1692 4863 1873 4918 induti
1891 4880 2011 4920 vero

362 4948 695 5004 ordinantur
717 4966 817 5019 per
844 4950 1091 5006 ordinem
1118 4952 1257 5005 sicut
1285 4952 1480 5022 scripti
1504 4958 1634 5005 sunt
1665 4952 1724 5005 in
1752 4953 2008 5017 circuitu,

360 5044 411 5091 et
441 5035 533 5092 dat
560 5038 861 5092 orationem
890 5039 1147 5107 Pontifex
1172 5053 1337 5109 super
1363 5054 1451 5095 eos
1480 5056 1606 5093 cum
1636 5041 1891 5111 chrysma
1919 5044 2012 5111 fa-

360 5126 509 5180 ciens
564 5140 777 5179 cruccm
822 5125 882 5179 in
926 5125 1201 5195 frontibus
1253 5142 1439 5181 eorum
1487 5144 1613 5183 cum
1670 5129 2011 5184 invocatione

359 5221 567 5269 sanctae
597 5213 948 5277 Trinitatis,et
977 5212 1143 5268 tradit
1172 5215 1251 5269 eis
1278 5216 1612 5286 septiformes
1640 5218 1851 5285 gratias
1879 5216 2006 5288 Spi-

360 5304 500 5357 ritus
528 5300 724 5356 sancti.

800 5388 986 5443 Oratio
1017 5388 1086 5441 ad
1114 5390 1565 5458 conﬁrmandum.

429 5477 812 5549 Omnipotens
858 5474 1210 5548 sempiterna
1258 5476 1432 5544 Deus,
1482 5479 1579 5550 qui
1642 5496 2003 5552 regenerare.

355 5568 562 5640 Accipe
592 5565 828 5636 signum
860 5565 1053 5622 crucis
1082 5563 1296 5620 Christi
1327 5564 1384 5619 in
1434 5567 1610 5623 vitam
1662 5568 2006 5642 prepilialus

2190 4781 2347 4872 Feria
2376 4782 2468 4872 ill.
2495 4783 2616 4840 Dne
2647 4787 2800 4846 Deus
2833 4808 2999 4849 meus
3030 4794 3087 4851 in
3118 4800 3174 4853 te
3204 4805 3601 4872 speravi.Dne
3615 4808 3750 4863 Duus

2121 4871 2337 4923 noster.
2375 4871 2438 4926 ln
2470 4871 2595 4930 Dno
2625 4879 2875 4937 confido.

2380 4960 2733 5056 IlI-Salvum
2787 4986 2877 5026 me
2925 4972 3014 5028 fac
3060 4973 3204 5032 Dne.
3262 4979 3586 5056 Usquequo
3630 4986 3747 5041 Dne.

2121 5043 2279 5099 Dixit
2309 5046 2613 5121 insipiens.

2188 5134 2345 5188 Feria
2382 5135 2435 5191 ιν.
2473 5141 2591 5195 Dne
2622 5142 2754 5215 quis
2805 5145 3112 5208 habitabit.
3143 5154 3439 5215 Conserva
3487 5179 3581 5219 me
3626 5163 3748 5218 Dae.

2117 5218 2338 5276 Exaudi
2372 5229 2490 5281 Dne
2511 5228 2806 5298 justitiam
2838 5253 3055 5296 meam.

2188 5310 2348 5365 Feria
2398 5325 2569 5373 sexta.
2623 5320 2757 5377 Caeli
2802 5332 3095 5386 enarrant.
3146 5330 3434 5393 Exuudiat
3481 5343 3539 5394 te
3588 5339 3745 5396 Dnus.

2116 5394 2239 5451 Dne
2270 5398 2328 5453 in
2360 5401 2590 5462 virtute.

2189 5484 2440 5547 Sabbato.
2478 5497 2581 5551 Dni
2614 5502 2703 5554 est
2733 5505 2904 5561 terra.
2936 5506 3021 5563 Ad
3067 5512 3123 5566 te
3154 5510 3278 5568 Dne
3326 5514 3530 5575 levavi.
3561 5519 3746 5575 Judica

2117 5589 2210 5629 me
2242 5575 2362 5633 Dne
2394 5584 2669 5651 quoniam
2702 5607 2807 5662 ego
2838 5593 2893 5649 ia
2921 5594 3259 5659 innocentia
3289 5621 3440 5662 mea.
