3892 6212
310 296 464 358 1079

782 443 1004 484 VERSUS
1042 444 1101 482 IN
1142 442 1481 482 PAMSCEVE.

375 517 592 592 Popule
623 534 792 575 meus
825 516 968 590 quid
1020 516 1125 572 feci
1183 516 1332 573 tibi?
1389 518 1505 571 Aut
1564 515 1620 569 in
1682 530 1798 587 quo
1830 530 1970 568 con-

303 607 527 665 tristavi
557 608 655 664 te?
685 608 994 679 Responde
1024 606 1213 662 mihi?
1244 605 1393 672 Quia
1423 605 1596 659 eduxi
1628 609 1683 660 te
1714 605 1786 659 de
1817 607 1974 658 terra

307 697 533 770 Egypti
596 696 813 768 parasti
883 711 1112 750 crucem
1174 693 1458 749 Salvatori
1520 698 1644 749 tuo.
1704 693 1881 765 Agios
1939 708 1971 746 ο

304 786 516 843 Theos.
563 784 740 858 Agios
798 784 1083 856 ischyros.
1131 782 1306 855 Agios
1367 781 1678 837 athanatos
1736 781 1969 853 eleyson

302 892 493 948 ymas.
528 875 779 930 Sanctus
830 874 1005 939 Deus,
1040 873 1290 927 Sanctus
1336 870 1524 926 fortis.
1561 872 1812 925 Sanctus
1859 869 1971 924 im-

305 964 571 1020 mortalis
594 963 870 1018 miserere
897 962 1088 1016 nobis.
1115 960 1219 1028 Qui
1250 960 1422 1015 eduxi
1455 964 1511 1014 te
1544 975 1645 1030 per
1671 960 1967 1015 desertum

305 1052 695 1126 quadraginta
743 1051 936 1118 annis,
972 1056 1028 1106 et
1080 1067 1299 1105 manna
1346 1049 1529 1104 cibavi
1582 1053 1658 1115 te,
1691 1053 1750 1103 et
1795 1047 1973 1103 intro“

306 1142 442 1199 duxi
473 1142 530 1197 in
563 1147 776 1198 terram
818 1139 963 1195 satis
997 1140 1281 1211 optimam
1336 1137 1551 1211 parasti
1585 1155 1813 1193 crucem
1844 1137 1969 1191 Sal-

305 1232 489 1303 vatori
521 1236 640 1286 tuo.
673 1230 870 1303 Agios.
908 1229 1058 1296 Quid
1110 1227 1270 1284 ultra
1300 1227 1471 1285 debui
1523 1228 1708 1282 facere
1762 1227 1866 1282 tibi
1916 1233 1967 1281 et

308 1338 422 1377 non
457 1320 604 1375 feci?
651 1320 769 1392 Ego
818 1317 1057 1391 quidem
1112 1317 1365 1389 plantavi
1404 1322 1457 1372 te
1489 1318 1716 1371 vineam
1777 1334 1965 1371 meam

306 1408 826 1482 speciosissimam,
856 1412 914 1464 et
954 1412 1016 1463 tu
1069 1408 1220 1462 facta
1250 1423 1312 1462 es
1346 1405 1489 1462 mihi
1539 1406 1716 1462 nimis
1746 1422 1965 1461 amara.

306 1501 480 1555 Aceto
515 1514 768 1569 namque
801 1497 962 1554 sitim
1009 1513 1199 1551 meam
1253 1493 1487 1567 potasti,
1521 1500 1578 1550 ct
1610 1493 1809 1551 lancea
1842 1512 1966 1566 per-

308 1587 509 1643 forasti
544 1585 700 1642 latus
732 1583 1013 1642 Salvatori
1045 1589 1165 1640 tuo.
1193 1584 1390 1657 Agios.
1414 1587 1539 1640 .tnt.
1569 1586 1709 1641 Ecce
1742 1583 1966 1657 lignum

307 1675 499 1732 crucis
532 1674 588 1730 in
621 1692 736 1746 quo
769 1673 934 1731 salus
978 1672 1182 1729 mundi
1230 1672 1523 1745 pependit,
1547 1671 1735 1732 venite
1766 1672 1966 1728 adore-

308 1781 465 1820 mus.
500 1765 622 1820 Ant.
657 1764 807 1820 Dum
840 1762 1103 1819 Salvator
1128 1762 1333 1818 mundi
1376 1762 1581 1818 mortis
1613 1762 1966 1834 supplicium
1999 1797 2046 1862 Β

311 1855 609 1925 pateretur
653 1851 711 1906 in
762 1868 951 1920 cruce,
977 1850 1243 1907 clumans
1273 1868 1409 1907 voce
1461 1868 1675 1924 magna
1724 1850 1966 1907 tradidit

310 1941 604 2014 spiritum.
640 1941 708 1995 Et
754 1957 885 1996 ecce
914 1940 1108 1997 velum
1153 1939 1356 2013 templi
1403 1940 1658 1996 divisum
1706 1944 1813 2005 est,
1841 1958 1963 1995 mo-

310 2034 592 2086 numenta
621 2033 819 2102 aperta
864 2042 1025 2087 sunt.
1051 2031 1240 2087 Terra:
1262 2034 1458 2087 motus
1479 2030 1634 2085 enim
1659 2030 1848 2086 factus
1878 2035 1966 2085 est

312 2136 583 2193 magnus,
617 2118 757 2191 quia
788 2123 1035 2175 mortem
1070 2119 1197 2176 Filii
1239 2119 1339 2176 Dei
1383 2119 1675 2177 clamabat
1706 2121 1965 2176 mundus

311 2227 373 2266 se
404 2209 694 2266 sustinere
726 2226 841 2264 non
886 2226 1074 2281 posse.
1108 2212 1319 2281 Aperte
1351 2227 1487 2281 ergo
1529 2209 1730 2265 lancea
1761 2208 1965 2266 militis

310 2298 487 2354 latere
517 2297 775 2354 crucitixi
826 2297 1077 2366 Domini,
1111 2298 1283 2355 exivit
1322 2298 1562 2370 sanguis
1615 2303 1672 2354 et
1720 2316 1873 2370 aqua
1904 2299 1963 2354 in

311 2387 731 2444 redemtionem
762 2386 972 2444 salutis
1002 2392 1234 2443 nostras.
1264 2388 1307 2444 Ο
1341 2387 1682 2446 admirabile
1711 2388 1963 2460 pretium

312 2462 484 2548 cujus
517 2476 770 2548 pondere
803 2474 1106 2546 captivitas
1147 2476 1408 2531 redemta
1451 2482 1538 2531 est
1587 2476 1813 2543 mundi,
1846 2482 1963 2532 tar-

314 2569 476 2620 tarea
524 2565 818 2619 confracta
867 2568 1006 2619 sunt
1052 2563 1307 2620 claustra
1356 2564 1587 2633 inferni,
1619 2571 1820 2638 aperta
1878 2570 1968 2621 est

314 2652 485 2708 nobis
509 2652 695 2722 janua
726 2652 906 2725 regni.
942 2660 990 2718 ᾖ.
1025 2652 1177 2708 Crux
1219 2652 1409 2710 ﬁdelis
1458 2653 1610 2711 inter
1640 2672 1842 2712 omnes
1874 2673 1964 2711 ar-

312 2743 419 2798 bor
448 2758 566 2797 una
597 2739 831 2797 nobilis.
862 2740 1033 2797 Nulla
1084 2740 1231 2797 silva
1280 2742 1457 2798 talem
1490 2744 1728 2815 profert,
1764 2744 1966 2800 fronde

314 2831 454 2887 ﬂore
485 2829 847 2903 germinans.
874 2828 1048 2886 Dulce
1071 2830 1317 2903 lignum,
1343 2830 1541 2888 dulces
1563 2831 1774 2896 clavos,
1801 2832 1967 2889 dulce

315 2918 545 2992 pondus
571 2916 841 2973 sustinet.
865 2917 1019 2973 Crux
1048 2919 1085 2972 f.
1112 2917 1304 2992 Pange
1334 2918 1535 2992 lingua
1560 2919 1795 2992 gloriosi
1829 2938 1967 2994 prae-

314 3008 461 3064 lium
503 3005 860 3063 certaminis.
895 3006 961 3061 Et
1021 3023 1198 3079 super
1249 3007 1439 3063 crucis
1495 3010 1817 3081 trophieum
1874 3011 1968 3067 dic

315 3094 685 3169 triumphum
737 3094 1013 3153 nobilem.
1048 3094 1308 3163 Qualiter
1337 3097 1630 3154 redemtor
1657 3098 1814 3155 orbis
1864 3100 1969 3155 im-

1091 293 1427 353 APPEND.
1474 292 1574 352 AD
1604 290 1805 387 .S/EC.
1852 290 1923 349 Χ.
1961 322 2036 332 -
2068 288 2567 351 MONUMENTA
2609 290 2922 352 LlTUliG.

3592 287 3726 345 1&8

1998 424 2050 491 Α
2079 428 2193 479 tua:
2225 438 2317 479 me
2348 423 2722 497 eircumtege,
2755 422 2979 497 galeam
3040 419 3255 478 salutis
3288 419 3446 477 mihi
3499 419 3735 493 impone.

2081 511 2273 585 gladio
2302 513 2550 586 spiritali
2582 531 2675 568 me
2723 513 2983 587 accinge,
3008 517 3074 568 ut
3105 518 3319 567 contra
3370 510 3605 567 hostem
3650 531 3737 567 ne-

2082 600 2435 673 quissimum
2469 602 2794 658 bellaturus
2827 606 2885 658 et
2929 608 3027 657 tuo
3059 601 3304 657 muniar
3356 601 3741 657 miserationis

2082 689 2317 757 auxilio,
2342 696 2399 746 et
2430 690 2742 747 salutifera:
2787 690 2977 746 crucis
3008 689 3217 746 vexillo
3250 707 3264 744 :
3303 691 3626 763 cunctique
3655 696 3739 746 tuo

2081 783 2281 834 sancto
2314 780 2549 837 nomine
2572 780 2843 852 insigniti
2864 780 2936 835 ab
2959 779 3144 835 hostis
3172 780 3386 851 perfidi
3411 779 3535 835 sint
3566 781 3743 835 incur-

2081 868 2246 923 sione
2276 869 2463 923 securi
2498 885 2601 940 per
2628 873 2682 923 te
2711 868 2851 925 Jesu
2879 868 3128 923 Christe.

3816 864 3819 909 l

2148 957 2480 1013 Alia.Deus
2510 958 2612 1029 qui
2662 957 2845 1030 Moysi
2902 956 3122 1012 famulo
3182 963 3285 1011 tuo
3344 955 3402 1010 in
3458 957 3556 1011 via
3584 975 3741 1029 squa~
3820 1024 3821 1043 ἢ

2080 1044 2253 1101 lentis
2286 1046 2507 1101 heremi
2550 1051 2877 1119 serpentem
2911 1062 3136 1101 aeneum
3185 1046 3246 1100 in
3298 1045 3507 1101 menia
3557 1047 3739 1119 pepuli

2081 1134 2454 1190 multitudine
2485 1136 2555 1190 ad
2598 1136 2932 1191 liberandas
2982 1134 3139 1191 letali
3170 1135 3292 1189 viro
3346 1135 3599 1190 infestas
3627 1139 3737 1191 ani-

2080 1241 2207 1280 mas
2237 1223 2778 1296 exaltarejussisti;
2814 1231 2875 1279 ut
2916 1224 2962 1279 si
3012 1224 3147 1301 quis
3177 1222 3488 1280 mortifero
3519 1225 3739 1281 vulnere

2079 1312 2338 1368 inflictus
2388 1314 2460 1369 ad
2511 1331 2647 1369 eum
2704 1313 3038 1385 respiceret,
3071 1321 3127 1370 et
3158 1331 3453 1370 venenum
3517 1316 3741 1369 exiciale

2077 1402 2363 1468 evaderet,
2397 1409 2454 1458 et.
2504 1408 2713 1473 optata:
2763 1403 2974 1461 salutis
3021 1403 3199 1459 vitam
3251 1403 3631 1476 adipisceret.
3672 1406 3741 1458 Si-

2077 1490 2363 1561 gniticans
2402 1490 2658 1563 teipsum
2716 1492 2915 1546 futura
2962 1496 3094 1564 post
3142 1491 3445 1548 curricula
3506 1509 3611 1563 pro
3670 1494 3740 1547 tui

2077 1580 2268 1635 salute
2323 1580 2649 1651 plasmatis,
2686 1581 2878 1637 crucis
2910 1581 3309 1637 extollendum
3370 1580 3656 1653 patibulo,
3688 1594 3737 1636 ut

2078 1686 2227 1741 quos
2256 1668 2527 1725 diabolus
2559 1667 2740 1725 armis
2782 1669 3013 1726 invidia:
3058 1670 3482 1742 captivaverat,
3516 1676 3617 1725 tua
3646 1672 3737 1726 de-

2078 1757 2408 1813 siderabilis
2462 1758 2655 1830 passio
2706 1760 2775 1814 ad
2831 1758 3080 1831 patriam
3131 1764 3456 1816 revocaret.
3488 1759 3735 1815 Concede

2080 1851 2197 1902 tam
2229 1848 2373 1903 mihi
2409 1848 2623 1903 misero
2651 1852 2709 1904 et
2740 1849 3046 1920 peccatori,
3076 1865 3259 1921 quam
3312 1848 3599 1906 omnibus
3646 1854 3733 1905 tuo

2072 1953 2276 1993 cruore
2297 1938 2588 2001 mercatis,
2606 1938 2704 2010 qui
2732 1937 2903 1993 hodie
2921 1946 3186 1994 sanctam
3209 1938 3557 2011 passionem
3581 1944 3732 1994 tuam

2074 2025 2367 2098 supplices
2408 2032 2781 2093 venerantur,
2817 2026 3163 2100 lignumque
3196 2027 3328 2082 vita:
3380 2028 3648 2095 adorant,
3677 2035 3731 2082 ut

2073 2114 2392 2171 diabolicas
2426 2114 2692 2181 insidias,
2727 2121 2779 2171 te
2809 2115 3123 2187 adiuvante
3147 2117 3469 2173 vincamus
3499 2122 3558 2171 et
3583 2124 3733 2174 aeter-

2075 2222 2160 2258 nae
2190 2204 2316 2259 vita:
2349 2204 2662 2276 participes
2700 2222 2828 2260 esse
2875 2222 3228 2262 mereamur.
3264 2206 3376 2273 Qui
3412 2223 3553 2261 cum
3585 2206 3735 2261 Patre

2071 2292 2239 2349 vivis.

2144 2383 2288 2438 Alia.
2325 2383 2569 2439 Domine
2627 2384 2767 2449 Jesu
2824 2382 3067 2449 Christe,
3103 2383 3202 2456 qui
3238 2401 3350 2441 nos
3404 2402 3513 2457 per
3556 2386 3734 2441 crucis

2075 2473 2410 2546 passionem
2461 2472 2745 2529 hodierna
2803 2472 2895 2529 die
2927 2490 2961 2528 a
2989 2470 3283 2529 diabolica
3344 2474 3631 2530 servitute
3675 2474 3735 2529 li-

2073 2562 2314 2629 berasti,
2349 2567 2413 2617 ut
2452 2579 2566 2634 quo
2622 2561 2717 2617 die
2769 2561 3068 2618 hominem
3127 2562 3509 2630 condideras,
3541 2565 3733 2619 eodem

2074 2656 2130 2705 et
2175 2649 2556 2707 reformaresl
2618 2651 2836 2708 Exaudi
2888 2667 2979 2707 me
3028 2650 3317 2707 miserum
3369 2657 3431 2708 et
3481 2662 3733 2726 peccato-

2076 2755 2196 2795 rcm
2228 2755 2423 2796 coram
2478 2739 2588 2796 hoc
2620 2739 2922 2812 signaculo
2980 2740 3171 2796 crucis
3234 2740 3506 2797 facinora
3564 2742 3731 2798 conti-

2075 2832 2316 2900 tentem,
2349 2834 2405 2883 et
2460 2830 2889 2901 deprecantem,
2926 2834 2989 2884 ut
3047 2829 3229 2901 hujus
3270 2830 3632 2886 venerabilis
3683 2837 3734 2886 et

2074 2917 2268 2974 vitalis
2299 2917 2451 2991 signi
2479 2917 2723 2974 tuitione
2753 2917 3019 2974 munitus
3060 2922 3119 2974 et
3167 2918 3364 2976 hostis
3395 2919 3737 2992 nequissimi

2077 3007 2262 3080 ignita
2304 3007 2418 3063 tela
2462 3007 2760 3079 repellere,
2792 3013 2851 3063 et
2879 3008 2952 3063 ab
3004 3007 3246 3063 inﬂictis
3292 3009 3572 3065 evacnari
3621 3009 3737 3063 vul-

2078 3096 2318 3152 neribus
2362 3101 2417 3151 et
2466 3097 2538 3151 ad
2584 3096 2764 3152 vitam
2824 3101 3100 3153 asternam
3145 3095 3377 3153 valeam
3421 3099 3732 3171 pervenire.

318 3185 573 3242 molatus
618 3183 834 3241 vicerit.
867 3184 1039 3240 Crux.
1073 3185 1152 3240 De
1194 3184 1451 3257 parentis
1482 3185 1827 3259 protoplasti
1857 3194 1967 3244 etc.
2000 3171 2043 3238 C
2081 3185 2187 3252 Qui
2220 3203 2354 3242 cum
2388 3185 2553 3243 Patre
2608 3189 2665 3242 et
2724 3185 2944 3259 Spiritu
3000 3191 3203 3244 sancto
3234 3186 3385 3244 vivis
3418 3193 3477 3244 et
3535 3205 3735 3261 regnas

317 3274 583 3347 Hymnus.
617 3271 863 3329 Vexilla.
914 3274 1038 3329 Ant.
1088 3273 1330 3329 Crucem
1384 3278 1569 3330 tuam.
1621 3278 1744 3332 Ant.
1785 3278 1973 3333 Tuam

318 3379 551 3420 crucem
562 3406 573 3418 .

514 3466 829 3509 ORATIONES
861 3467 921 3506 IN
954 3467 1275 3507 PARASCEVE
1302 3468 1374 3507 AD
1405 3468 1779 3510 SALUTANDAM

939 3539 1168 3580 CBUCBM
1200 3523 1368 3595 (2l9).

395 3611 640 3670 Domine
682 3612 824 3668 Jesu
868 3611 1097 3668 Christe
1139 3612 1293 3668 Deus
1339 3630 1512 3670 verus
1559 3615 1631 3670 de
1678 3619 1790 3671 Deo
1821 3633 1976 3683 vero,

324 3701 425 3773 qui
456 3719 559 3773 pro
583 3699 941 3757 redemtione
967 3701 1200 3773 generis
1225 3701 1470 3758 humani
1496 3704 1832 3775 serpentina
1852 3723 1984 3761 sua-

324 3790 487 3846 sione
517 3789 767 3861 decepti,
804 3790 1091 3845 mundum
1125 3790 1423 3846 erroribus
1454 3791 1813 3865 implicatum
1848 3793 1980 3851 illu-

325 3878 549 3934 minare
580 3881 637 3933 et
683 3877 875 3934 crucis
924 3878 1253 3950 patibulum
1303 3879 1499 3936 subire
1530 3880 1786 3947 voluisti,
1819 3887 1883 3939 ut
1912 3882 1978 3938 li-

324 3984 508 4040 gnum
542 3966 700 4039 ligno
730 3966 1082 4033 vinceres,ct
1115 3968 1334 4040 peccati
1378 3967 1803 4027 hereditariam
1832 3989 1983 4028 mor-

326 4061 444 4111 tem
477 4059 663 4110 morte
692 4055 1104 4127 potentissima
1133 4072 1465 4129 superares.
1502 4059 1719 4114 Exaudi
1754 4077 1847 4115 me
1878 4062 1984 4117 mi.

325 4160 521 4201 serum
566 4147 624 4199 et
664 4142 975 4217 indignum
1036 4149 1392 4217 prostratum
1453 4150 1587 4202 ante
1620 4148 1817 4204 oculos
1872 4154 1981 4205 tua:

324 4232 761 4307 benignissima:
795 4232 1118 4306 Majcstatis
1148 4235 1489 4292 adorantem
1520 4239 1596 4304 te,
1631 4241 1690 4293 et
1738 4237 1981 4296 benedi-

324 4326 550 4379 centem
584 4340 799 4381 nomen
854 4327 1023 4381 tuum
1056 4327 1329 4380 sanctum
1388 4329 1563 4398 atque
1618 4325 1892 4395 terribile,
1928 4333 1986 4385 et

324 4412 577 4468 concede
607 4412 752 4468 mihi
786 4416 843 4468 te
876 4428 1022 4484 puro
1053 4413 1225 4469 corde
1272 4430 1498 4486 sapere,
1530 4419 1587 4470 te
1636 4414 1894 4481 laudum,
1927 4421 1985 4473 te

2084 3276 2240 3332 Deus
2271 3291 2391 3346 per.

2556 3426 2891 3466 BENEDIC’I’IO
2930 3427 3083 3467 IGNIS
3122 3428 3254 3467 Νονι
3266 3453 3278 3465 .

2276 3500 2377 3566 (Ex
2404 3498 2535 3554 cod.
2568 3499 2653 3553 th.
2688 3497 2831 3554 bibl.
2864 3498 3037 3554 Vind.
3069 3516 3127 3554 n.
3157 3501 3291 3570 685,
3322 3517 3461 3556 sec.
3494 3503 3576 3571 ι.)

2158 3614 2405 3671 Domine
2444 3614 2598 3671 Deus
2648 3618 2846 3670 noster
2894 3615 3062 3671 Pater
3111 3614 3497 3686 omnipotens
3545 3616 3745 3672 exaudi

2089 3720 2196 3759 nos
2224 3702 2425 3758 lumen
2456 3701 2819 3771 indeﬁciens,
2851 3708 2914 3759 tu
2954 3719 3018 3760 es
3045 3704 3294 3759 Domine
3327 3705 3601 3762 conditor
3628 3722 3743 3760 om-

2090 3792 2253 3848 nium
2286 3790 2575 3846 luminum
2608 3790 2893 3858 benefdie
2932 3808 3130 3867 quaeso
3178 3792 3290 3847 hoc
3338 3791 3545 3848 lumen
3592 3794 3742 3865 quod

2091 3898 2194 3954 per
2219 3885 2271 3937 te
2304 3880 2705 3935 sanetilicatur
2732 3883 2906 3953 atque
2951 3880 3377 3947 benefdicitur.
3406 3883 3493 3937 Tu
3529 3882 3741 3937 illumi-

2092 3968 2244 4025 nasti
2278 3968 2522 4025 Domine
2550 3985 2783 4024 onmem
2807 3969 3116 4025 mundum.
3140 3970 3362 4026 Praesta
3380 3988 3741 4042 quaesumus.

2091 4063 2157 4113 ut
2185 4058 2317 4130 igne
2346 4057 2628 4113 claritatis
2650 4062 2764 4113 tuae
2784 4059 3196 4126 accendamur,
3218 4064 3277 4115 et
3296 4058 3741 4116 illuminemur:

2091 4152 2149 4203 et
2176 4147 2328 4203 sicut
2384 4145 2730 4201 illuminasti
2792 4147 2983 4219 ignem
3046 4147 3250 4219 Moysi,
3283 4147 3369 4203 ita
3414 4147 3743 4204 illuminare

2093 4236 2333 4310 dignare
2363 4235 2538 4290 corda
2558 4239 2615 4291 et
2644 4251 2856 4291 sensus
2888 4242 3139 4303 uestros,
3173 4242 3239 4292 ut
3268 4237 3341 4292 ad
3371 4237 3557 4293 vitam
3589 4245 3742 4294 aeter-

2093 4343 2230 4381 nam
2262 4324 2559 4397 pervenire
2594 4340 2941 4380 mercamur.
2976 4325 3100 4381 Per.

2164 4414 2475 4470 Benedicat
2502 4429 2603 4470 vos
2642 4414 2794 4469 trina
2843 4415 3123 4486 maiestas
3170 4414 3615 4487 Domine.(220)
3647 4416 3741 4471 Be-

326 4502 735 4606 predica‘re,“et
777 4518 895 4602 .per
943 4501 1220 4557 vexillum
1280 4501 1437 4558 istud
1497 4508 1707 4559 sancta:
1767 4507 1978 4575 crucis,
2011 4542 2057 4606 D
2093 4503 2321 4560 nedicat
2365 4502 2633 4602 Spiritus
2666 4507 2926 4570 sanctus,
2959 4503 3059 4576 qui
3108 4503 3168 4558 in
3220 4504 3416 4576 specie
3464 4505 3741 4560 columba.-

324 4606 501 4662 quam
552 4589 726 4648 hodie
774 4590 833 4646 in
893 4594 991 4647 tuo
1050 4591 1286 4647 nomine
1340 4592 1691 4648 adoraturus
1750 4595 1977 4666 adveni,

325 4684 582 4737 mentem
636 4697 827 4737 meam
880 4697 1208 4752 corpusque
1252 4680 1574 4750 sanctiﬁca,
1631 4686 1799 4739 scuto
1844 4684 1978 4740 ﬁdei

398 4804 543 4886 (219)
575 4804 1002 4886 Creditur_hzec
1049 4804 1359 4886 salutiferae
1392 4807 1582 4886 crucis
1629 4807 1888 4886 adoratio
1920 4809 1976 4866 in

326 4875 632 4951 ecclesiam
661 4893 763 4951 per
791 4877 989 4951 orbem
1021 4882 1340 4951 prepagata
1370 4877 1442 4933 ab
1476 4882 1523 4933 Η
1534 4879 1980 4951 icrosolymitana

325 4946 384 5028 in
420 4951 617 5001 monte
662 4946 922 5028 Colgotha
968 4946 1233 5028 ecclesia,
1260 4948 1319 5004 in
1351 4966 1470 5021 qua
1518 4946 1977 5028 a__Constantino

326 5016 537 5095 Magno
579 5033 736 5095 vera,
763 5016 824 5072 in
878 5036 996 5095 qua
1044 5019 1313 5095 Christus
1364 5016 1654 5095 pependit,
1682 5040 1828 5095 crux
1881 5041 1974 5095 ex-

367 5085 738 5167 osita_cultui
788 5106 853 5145 ac
894 5085 1140 5145 adorata
1160 5085 1648 5167 jam_a’su'ppari'
1673 5092 1731 5149 S.
1764 5093 1976 5167 Cyrillo

378 5157 579 5231 iersol:
598 5167 1107 5231 commemoratur,
1136 5157 1354 5217 catech.
1391 5157 1475 5217 1v:
1499 5157 1694 5231 Quam,
1730 5169 1792 5219 ut
1809 5157 1973 5221 'scri-

324 5229 411 5284 bit
458 5229 516 5285 S.
552 5228 831 5307 Paulinus
876 5231 1027 5298 Nol.,
1062 5232 1230 5307 epist.
1285 5234 1345 5287 31
1372 5233 1481 5307 had
1514 5228 1829 5307 Severum,
1861 5239 1974 5307 epi-

323 5316 511 5372 scopus
542 5301 699 5377 urbis
729 5302 818 5377 _eis
847 5306 1159 5377 quotannis,
1193 5320 1314 5377 cum
1360 5305 1569 5361 Pascha
1602 5301 1826 5364 Domini
1854 5301 1973 5377 a'gi-

324 5371 434 5437 ταν,
498 5371 866 5447 adorandmn
886 5374 1089 5447 μοραζο
1144 5376 1393 5447 princeps
1450 5378 1559 5447 ipse
1624 5371 1975 5435 vcnerantiim

320 5444 1012 5521 promit.‘Neque_p_raztcr
1041 5444 1191 5521 hanc
1221 5444 1398 5511 diem,
1428 5444 1543 5516 qua
1566 5450 1757 5504 crucis
1792 5450 1976 5521 ipsius

328 5515 693 5586 mysteriumi
715 5515 1058 5583 celebratur,
1108 5515 1253 5586 ipsa,
1297 5533 1422 5586 quae
1445 5515 1975 5577 sacramentorum

325 5600 504 5641 causa
527 5593 633 5655 est,
660 5587 829 5658 quasi
852 5588 1146 5660 quoddam
1180 5588 1567 5643 solemnitatis
1593 5590 1820 5662 insigne.
1852 5610 1977 5664 pro-

2088 4593 2148 4648 in
2189 4592 2442 4648 Jordane
2501 4590 2672 4647 fluvio
2734 4608 2912 4664 super
2939 4591 3241 4648 Christum
3297 4594 3605 4665 requievit.
3651 4592 3742 4649 Ille

2086 4698 2188 4738 vos
2230 4678 2554 4745 henedicat,
2587 4678 2688 4751 qui
2720 4681 2792 4738 de
2843 4681 2986 4737 ccelo
3034 4680 3314 4755 dignatus
3360 4687 3453 4738 est
3500 4682 3738 4739 descen-

2088 4806 2290 4861 fertur.
2326 4803 2507 4860 Jonas
2554 4803 3005 4873 Aurelanicnsis,
3040 4809 3103 4860 ut
3142 4805 3257 4860 vol.
3293 4806 3319 4860 1
3352 4804 3570 4861 horum
3624 4823 3737 4861 mo-

2088 4880 2525 4949 numentorum,
2579 4876 2660 4949 lit.
2704 4877 2797 4949 AI,
2831 4878 3027 4949 p.382
3075 4893 3134 4932 n.
3186 4879 3240 4944 3,
3294 4876 3633 4933 indicamus
3679 4879 3738 4933 ob

2086 4947 2511 5021 recordationem
2540 4947 2847 5021 salutifera?
2873 4948 3177 5005 Domniij
3212 4950 3495 5021 passionis
3526 4966 3737 5004 annua-

2087 5022 2187 5075 tim
2216 5020 2275 5074 in
2305 5019 2650 5074 sanctissimo
2680 5019 2767 5075 die
2798 5021 3119 5074 I’arasccvcs
3165 5019 3465 5074 secundum
3493 5021 3738 5075 traditio-

2084 5106 2206 5146 nem
2238 5090 2656 5145 ecclesiasticam
2703 5104 2917 5145 crucem
2963 5088 3175 5147 Christi
3218 5092 3449 5146 adorari
3498 5097 3742 5148 testatur

2086 5161 2144 5236 in
2168 5160 2317 5216 libro
2341 5160 2410 5215 de
2428 5159 2946 5236 Cultu_imaginum
2965 5162 3245 5236 adversus
3266 5161 3579 5236 Claudium
3603 5164 3742 5218 Tau-

2086 5233 2377 5288 rinenscm
2409 5231 2651 5299 pertnde
2696 5231 2770 5288 a6
2805 5246 2966 5288 conc.
2999 5234 3182 5287 Paris.
3213 5232 3275 5287 in
3304 5234 3512 5289 eadem
3544 5250 3737 5299 causa,

2087 5321 2298 5359 smc.1x
2337 5301 2604 5377 habitum
2639 5301 2732 5359 his
2760 5303 2950 5377 verbis
2986 5319 2997 5358 :
3033 5306 3144 5377 Die
3187 5313 3396 5371 sancto,
3428 5321 3535 5377 quo
3566 5308 3739 5377 passio

2085 5377 2306 5447 Domini
2338 5375 2396 5428 in
2426 5375 2679 5430 universo
2708 5373 2908 5429 mundo
2946 5375 3260 5447 specialiter
3283 5373 3598 5431 celebratur
3622 5393 3739 5430 ram

2085 5448 2237 5503 omni
2265 5446 2544 5500 devotione
2592 5447 2907 5501 universum
2937 5445 3184 5501 ordinem
3213 5448 3607 5504 sacerdotalem
3651 5465 3737 5503 seu

2084 5526 2339 5575 cunctum
2367 5518 2627 5588 populum
2660 5517 3031 5588 Christianum
3059 5518 3311 5574 adorare.

2157 5592 2307 5659 (220)
2338 5587 2481 5643 Cum
2514 5589 2665 5644 notis
2697 5587 2960 5644 musicis.

3820 1078 3823 1115 l
