3892 6212
46 323 201 385 1031

805 323 1112 386 VERSUS
1157 326 1258 385 ET
1304 323 1748 386 ORATIUNES
1792 323 1868 384 IN
1919 322 2156 384 CGENA
2202 322 2506 397 DOMINI,
2549 326 2723 387 ETC.

3307 329 3464 390 1082

41 459 183 515 dere
215 458 277 514 in
309 462 552 529 terram,
586 462 643 515 et
688 458 758 516 de
806 476 913 515 suo
965 457 1250 532 sanguine
1296 475 1399 515 vos
1437 456 1700 515 redemit.
1734 457 1788 525 Α
1889 458 2095 515 Sancte
2126 457 2344 514 Albane
2374 458 2493 515 tuis
2524 461 2646 515 esto
2678 459 2875 517 favens
2907 460 3150 519 meritis.
3244 465 3459 521 Ardua.

40 549 365 606 Beuedicat
417 549 702 605 Dominus
755 549 1147 604 sacerdotium
1196 551 1483 617 vestrum,
1514 552 1571 604 et
1617 548 1705 603 in-

40 639 291 695 troitum
323 643 604 695 vestrum.
637 636 902 692 Alleluia.
933 638 1061 709 Ant.
1106 637 1240 693 Vidi
1289 654 1503 711 aquam
1544 640 1735 710 egre-'

39 728 305 784 dientem
356 729 427 783 de
477 724 696 799 templo
747 728 817 782 de
866 726 1049 783 latere
1100 727 1320 797 dextro,
1353 725 1606 783 alleluia.
1639 728 1708 783 Et

39 834 255 873 omnes
285 817 357 872 ad
391 833 539 887 quos
573 816 832 889 pervenit
879 832 1032 889 aqua
1076 815 1187 871 ista
1229 815 1369 871 salvi
1404 815 1537 870 facti
1569 821 1706 872 sunt

39 911 93 962 et
124 906 331 961 dicent
353 904 604 961 Alleluia
658 903 908 961 alleluia.
945 905 1067 960 Ant.
1105 905 1165 960 In
1200 905 1292 960 die
1322 905 1705 960 resurrectio-

39 995 131 1050 nis
163 1011 312 1050 meae
343 995 484 1050 dicit
513 994 798 1050 Dominus
831 993 1067 1050 alleluia
1098 995 1463 1070 congregabo
1503 998 1704 1067 gentes

39 1089 91 1140 et
125 1084 408 1157 colligam
440 1100 618 1158 regna
658 1090 713 1139 et
763 1083 1060 1139 effundam
1113 1100 1289 1156 super
1334 1101 1436 1139 vos
1488 1100 1703 1155 aquam

39 1175 354 1230 mundam.
385 1172 650 1229 Alleluia.
684 1176 805 1230 Ant.
847 1172 1031 1228 Maria
1061 1178 1117 1229 et
1151 1173 1378 1229 Martha
1425 1190 1560 1228 cum
1611 1190 1701 1227 ve-

39 1266 277 1319 nissent
307 1264 379 1319 ad
413 1267 862 1319 monumentum
896 1261 1085 1335 angeli
1122 1262 1498 1335 splendentes
1529 1279 1704 1335 appa-

39 1358 287 1408 ruerunt
309 1353 569 1408 dicentes
587 1370 598 1407 :
616 1354 797 1418 Quem
822 1350 1083 1424 quaeritis
1096 1352 1381 1406 viventem
1396 1358 1533 1405 cum
1554 1368 1704 1406 mor-

39 1442 175 1510 ;uis,
213 1459 330 1497 non
364 1445 452 1501 est
481 1441 573 1496 hic
605 1441 794 1496 venite
826 1446 883 1496 et
914 1441 1104 1495 videte
1139 1440 1331 1495 locum
1367 1440 1463 1494 ubi
1490 1440 1698 1511 jacuit.

39 1533 159 1589 lito
214 1535 425 1587 euntes
473 1530 649 1585 dicite
702 1528 1012 1603 discipulis
1043 1530 1191 1601 ejus,
1227 1532 1284 1585 et
1314 1530 1478 1585 Petro
1513 1545 1526 1584 :
1561 1529 1699 1583 Sur-

39 1621 183 1677 ~exit
212 1620 499 1688 Christus,
543 1618 642 1692 qui
674 1618 889 1675 creavit
928 1618 1144 1686 omnia,
1179 1624 1238 1676 et
1286 1619 1564 1675 misertus
1609 1619 1700 1673 est

39 1728 301 1767 aumano
333 1709 551 1784 generi.
583 1708 747 1765 Allel.

437 1870 497 1909 IN
536 1870 631 1909 ωε
667 1868 1156 1909 ΕΒΗΒΒΕΒΤΙΟΝ.8
1194 1867 1310 1907 θυι.

104 1983 235 2036 Ant.
271 1979 416 2035 Cum
451 1997 546 2035 rex
577 1976 771 2052 gloriae
798 1976 1065 2035 Christus
1115 1974 1691 2033 infernum'debella-

39 2076 209 2128 turus
242 2070 504 2134 intraret,
529 2070 584 2123 et
606 2067 818 2122 chorus
841 2065 1139 2139 angelicus
1170 2069 1303 2121 ante
1336 2064 1540 2121 faciem
1564 2067 1692 2138 ejus

39 2165 239 2231 portas
272 2157 603 2230 principum
634 2154 757 2210 tolli
790 2154 1127 2226 praeciperet
1150 2159 1487 2211 sanctorum
1512 2172 1692 2227 popu-

49 2265 145 2315 us,
182 2247 284 2319 qui
315 2244 623 2301 tenebatur
652 2242 711 2298 in
745 2246 929 2298 morte
960 2242 1243 2316 captivus,
1260 2260 1397 2299 voce
1428 2243 1693 2300 lacrima-

39 2337 136 2392 oili
167 2335 519 2392 clamaverat
552 2351 565 2388 :
601 2332 883 2389 advenisti
916 2320 1351 2401 Desiderabilis,
1387 2349 1560 2405 quem
1596 2351 1690 2389 ex-

39 2426 449 2499 spectabamus
478 2423 565 2499 _in
612 2422 888 2489 tenebris,
942 2425 1007 2477 ut
1056 2422 1331 2478 educeres
1370 2419 1692 2478 hac'nocte

39 2515 359 2571 vinculatos
378 2514 450 2569 de
473 2506 853 2568 claustrislT'e
884 2515 1084 2567 nostra
1111 2510 1394 2568 vocabant
1415 2511 1688 2584 suspiria,

39 2610 87 2662 te
119 2605 287 2677 larga
314 2601 689 2675 requirebant
710 2599 968 2656 lamenta
989 2616 1123 2655 cum
1147 2601 1333 2656 factus
1358 2617 1419 2657 es
1443 2617 1576 2673 spes
1599 2601 1694 2657 de-

39 2693 289 2767 speratis
321 2708 536 2766 magna
585 2688 905 2767 consolatio
954 2689 1012 2743 in
1062 2690 1391 2745 tormentis.
1424 2689 1688 2746 Alleluia.

39 2791 165 2841 Ant.
197 2783 372 2840 Sedet
400 2778 656 2854 Angelus
688 2780 756 2835 ad
791 2778 1125 2853 sepulcrum
1156 2777 1386 2835 Domini
1411 2779 1562 2835 stola
1581 2779 1693 2836 cla-

39 2872 231 2929 ritatis
261 2873 590 2943 coopertus.
622 2868 841 2924 Videas
870 2884 1005 2923 eum
1036 2864 1310 2923 mulieres
1336 2864 1519 2924 nimio
1572 2872 1690 2924 ter-

43 2979 175 3019 rore
203 2958 519 3035 perterrifae
552 2957 865 3013 astiterunt
895 2974 928 3011 a
956 2955 1147 3031 longe.
1172 2957 1334 3012 Tunc
1353 2956 1583 3013 locutus
1606 2961 1695 3014 est

42 3051 294 3125 angelus
326 3050 383 3104 et
412 3044 557 3103 dixit
586 3046 746 3111 eisi.
770 3046 1119 3102 Crucifixum
1154 3045 1213 3100 in
1246 3062 1417 3101 carne
1440 3046 1692 3113 laudate,

1814 547 2028 614 Victor,
2062 546 2387 603 Alexander
2419 548 2642 604 meritis
2673 549 2906 622 utrique
2936 551 3091 607 beati

1884 636 2064 692 Nobis
2096 640 2256 693 orate
2286 638 2356 693 de
2386 638 2633 694 Domino
2664 638 2911 697 veniam.
3244 642 3461 698 Ardua.

1815 725 2128 798 Splendide
2159 725 2433 782 Silvester
2465 725 2739 800 Gregorie
2770 732 2973 787 sancte
3000 729 3308 805 magister?

1886 815 2000 869 Nos
2034 831 2263 887 quoque
2295 814 2468 871 sociis
2502 816 2642 872 ferte
2666 816 2926 887 juvando
2960 816 3132 891 polis.

1814 903 1856 959 Ο
1892 903 2136 959 Martine
2168 904 2290 972 Dei,
2324 905 2624 962 confessor
2651 924 2880 964 summe
2913 908 3183 965 sacerdos

1886 992 2129 1049 Gemma
2161 995 2531 1051 sacerdotum
2555 994 2843 1053 auxilium
2867 997 2951 1053 fer
2974 1014 3170 1072 ymon.
3246 999 3463 1055 Ardua.

1814 1080 1857 1136 Ο
1888 1082 2191 1138 Benedicle
2222 1083 2392 1138 Pater
2422 1083 2842 1139 monachorum
2875 1083 3152 1161 Galleque
3185 1086 3362 1143 frater

1883 1171 2027 1226 Cum
2061 1171 2302 1245 reliquis
2332 1173 2553 1228 sanctis
2586 1191 2690 1228 nos
2724 1174 2970 1230 refovete
2999 1174 3169 1248 polis.
3246 1176 3463 1232 Ardua.

1813 1260 2062 1317 Maxime
2094 1262 2163 1316 de
2196 1261 2433 1316 Francis
2454 1261 2682 1334 superis
2716 1264 3021 1334 conjuncte
3043 1264 3288 1321 catervis

1883 1350 2093 1406 Sancte
2125 1349 2409 1423 Othmare
2433 1354 2601 1406 tuum
2635 1350 2860 1407 laetifica
2891 1352 3194 1425 populum.
3232 1338 3461 1410 Ardua.

1814 1438 2011 1495 Inclite
2043 1440 2248 1512 Magne
2280 1444 2439 1495 tuam
2472 1438 2733 1496 clemens
2764 1459 2917 1497 nunc
2948 1440 3169 1515 inspice
3199 1442 3428 1516 plebem

1883 1528 2194 1585 Pontifices
2226 1529 2373 1586 fidos
2401 1546 2467 1585 ac
2499 1528 2756 1601 reliquos
2788 1530 3042 1586 famulos
3246 1533 3462 1588 Ardua.

1808 1617 2118 1690 Virgineos
2142 1617 2313 1675 flores
2344 1618 2536 1691 Agnes
2569 1618 2941 1693 Agathesque
2970 1618 3218 1677 ferentes
3368 1622 3371 1625 ⁷

1877 1705 2108 1762 Auxilio
2142 1706 2347 1764 vestris
2377 1706 2573 1763 addite
2605 1725 2708 1763 nos
2742 1707 2934 1775 sociis,

3327 820 3464 875 Ard.

3245 1709 3463 1765 Ardua.

1664 1808 1669 1811 ‘
1726 1831 1772 1896 Β
1808 1795 1909 1851 His
1942 1794 2300 1869 Waldburga
2331 1812 2527 1853 comes
2558 1800 2792 1854 nostras
2818 1796 2915 1870 pia
2946 1797 3177 1871 suscipe
3210 1815 3379 1855 voces

1875 1883 1992 1939 Nos
2013 1888 2070 1940 et
2101 1902 2233 1940 cum
2260 1884 2384 1940 Dno
2406 1888 2643 1957 protcge
2676 1889 2880 1943 sancta
2908 1882 3062 1960 polo,
3101 1897 3107 1903 ‘
3243 1888 3462 1943 Ardua.

1802 1972 2091 2028 Innocuos
2122 1989 2334 2044 pueros
2363 1989 2629 2029 resonem
2643 1991 2711 2028 us
2743 1973 2917 2029 laude
2946 1962 3217 2046 perac-tos

1875 2060 1982 2126 Qui
2019 2061 2189 2116 modo
2221 2078 2327 2116 nos
2357 2075 2568 2132 pueros
2601 2060 2743 2116 dant
2773 2078 3045 2121 resonare
3084 2062 3288 2119 melos.
3323 2064 3460 2119 Ard.

1801 2148 2021 2204 Omnes
2052 2165 2083 2202 ο
2117 2148 2301 2204 sancti
2334 2154 2542 2204 nostra:
2575 2150 2893 2206 seccurrite
2924 2151 3053 2206 vitae

1802 2238 2021 2310 Perque
2044 2253 2272 2293 crucem
2301 2243 2561 2294 sanctam
2594 2236 2753 2295 salva
2786 2255 2892 2295 nos
2923 2240 3041 2313 Xpe
3073 2240 3388 2297 redemtor.

3214 2329 3320 2384 Om
3336 2344 3460 2385 nes.

1802 2414 1893 2471 Ira
1923 2415 2108 2488 deque
2138 2419 2239 2473 tua
2270 2416 2525 2472 clemens
2568 2434 2672 2472 nos
2706 2416 2862 2490 eripe
2893 2416 3137 2473 Christe.
3223 2418 3460 2473 Omnes-

1801 2506 1916 2562 Nos
1949 2508 2285 2578 peccatores
2314 2504 2451 2560 audi
2484 2508 2538 2560 te
2567 2504 2798 2562 Christe
2828 2510 3124 2579 rogamus.
3220 2505 3460 2562 Omnes'

1802 2594 1877 2649 Ut
1907 2611 2111 2667 pacem
2140 2594 2308 2650 nobis
2329 2594 2509 2650 dones
2539 2597 2595 2650 te
2625 2593 2849 2650 Christe
2880 2611 3177 2664 rogamus.
3220 2593 3460 2651 Omnes.

1805 2683 2036 2739 Crimen
2056 2687 2120 2738 ut
2138 2700 2310 2739 omne
2337 2682 2451 2739 tuis
2474 2682 2664 2739 solvas
2694 2686 2751 2739 te
2780 2683 2898 2756 Xpe
2925 2700 3223 2758 rogamus.
3301 2683 3460 2740 Oms.

1803 2773 1970 2826 Aurae
2004 2777 2070 2827 ut
2100 2771 2443 2845 temperiem
2476 2773 2657 2829 dones
2688 2776 2743 2828 te
2773 2770 2892 2847 Xpe
2923 2789 3221 2846 rogamus.
3250 2772 3464 2829 Omnes

1803 2859 1878 2915 Ut
1907 2861 2107 2932 fruges
2140 2864 2303 2915 terra:
2336 2861 2517 2917 dones
2546 2864 2602 2917 te
2627 2861 2745 2935 Xpe
2777 2866 3086 2933 rogamus.’
3222 2859 3324 2916 Om
3338 2877 3461 2918 nes.

1804 2949 1876 3004 Ut
1906 2949 2190 3022 populum
2223 2953 2504 3005 cunctum
2535 2950 2722 3004 salves
2754 2948 2956 3021 teIXpe
2988 2948 3459 3022 rogamus.Oms.

1803 3037 2240 3110 Ecclesiamque
2274 3042 2435 3093 tuam
2468 3038 2665 3094 firmes
2696 3040 2750 3093 te
2782 3037 2899 3111 Xpe
2934 3032 3257 3111 rogamus.‘
3298 3037 3461 3093 OmS°

41 3146 98 3197 et
121 3138 422 3213 sepultum
444 3140 681 3210 propter
701 3153 806 3191 nos
830 3133 1695 3209 glorificate,resurgentemque
1734 3199 1771 3213 Α
1807 3126 1915 3183 Fili
1948 3125 2283 3183 celsithroni
2316 3144 2423 3182 nos
2453 3126 2589 3181 audi
2621 3127 2841 3182 Christe
2874 3143 3167 3201 rogamus.
3247 3125 3461 3182 Omnes

41 3248 76 3285 a
104 3199 294 3285 morte
325 3199 775 3283 aderam-Nolite
807 3199 1079 3293 meluere,
1101 3199 1229 3280 dico
1260 3199 1423 3279 vobis
1445 3223 1583 3297 quia
1598 3199 1700 3280 ille
1726 3199 1772 3266 Ο
1809 3218 1969 3289 Agne
1998 3216 2100 3272 Dei
2132 3214 2321 3272 Patris
2344 3216 2511 3272 nobis
2545 3216 2821 3275 miserere
2852 3199 3105 3288 pusillis.

43 3334 225 3390 quem
250 3313 512 3388 quaeritis
543 3317 841 3369 mortuum
865 3313 997 3385 jam,
1018 3312 1159 3369 vivit
1179 3317 1235 3368 et
1254 3312 1371 3368 vita
1392 3313 1700 3369 hominum

42 3425 179 3463 cum
213 3423 279 3463 eo
311 3403 581 3461 surrexit:
611 3400 881 3459 Alleluia.
912 3408 1048 3459 Ληι.
1082 3401 1349 3459 Christus
1390 3418 1701 3475 resurgens

39 3514 108 3552 ex
136 3492 388 3551 mortuis
409 3494 537 3565 jam
589 3509 705 3548 non
757 3491 1027 3559 moritur,
1061 3508 1218 3546 mors
1268 3489 1350 3546 illi
1400 3490 1555 3547 ultra
1586 3508 1700 3548 non

39 3583 444 3641 dominabitur
477 3599 491 3639 :
525 3582 679 3653 quod
734 3581 891 3638 enim
920 3580 1078 3649 vivit,
1115 3580 1255 3636 vivit
1284 3580 1422 3637 Deo.
1453 3580 1704 3637 Alleluia

39 3672 313 3730 Alleluia.

512 3819 761 3858 unum
802 3819 1044 3858 MEI‘RICA
1083 3802 1231 3870 221).

39 3942 244 3998 Ardua
270 3955 404 4011 spes
436 3936 642 4013 mundi
675 3934 956 3992 solidator
986 3939 1043 3990 et
1073 3933 1258 3990 incliti
1290 3933 1414 3989 οωΙί

114 4027 346 4085 Christe
375 4024 586 4082 exaudi
611 4041 719 4081 nos
739 4022 1030 4097 propitius
1062 4022 1334 4080 famulos.
1481 4024 1698 4079 Ardua.

39 4119 222 4190 Virgo
250 4115 354 4173 Dei
383 4113 636 4189 genitrix
665 4111 912 4170 rutilans
944 4112 1003 4168 in
1035 4102 1256 4169 honore
1287 4112 1559 4185 perennis

113 4206 231 4263 Ora
256 4221 359 4278 pro
390 4201 631 4259 famulis
661 4194 863 4259 sancta
896 4200 1079 4257 Maria
1108 4201 1247 4258 tuis.
1346 4201 1545 4258 Ardua
1566 4218 1702 4275 spes

39 4293 261 4368 Angele
293 4308 526 4349 summe
552 4291 653 4347 Dei
686 4289 972 4346 Michahel
1003 4287 1363 4346 miserescito
1397 4290 1579 4346 nostri

111 4384 363 4455 Adjuvet
390 4386 448 4437 et
472 4379 747 4437 Gabrihel
779 4383 954 4451 atque
982 4379 1115 4450 pius
1142 4377 1461 4451 Raphahel.
1481 4379 1696 4435 Ardua.

39 4472 249 4544 Aepice
281 4487 386 4527 nos
418 4485 624 4527 omnes
654 4467 912 4524 clemens
938 4467 1203 4540 Baptista
1227 4467 1544 4523 Johannes.

3221 3215 3456 3272 Omnes.

1810 3304 2038 3362 Christe
2066 3306 2273 3362 exaudi
2306 3323 2414 3362 nos
2445 3323 2477 3361 ο
2509 3305 2678 3378 Kyrie
2710 3322 2881 3377 ymon
2915 3303 3165 3378 eleyson.
3221 3296 3455 3360 Omnes.

2242 3411 2537 3451 INCIPIUNT
2578 3412 2827 3450 LETANIJS
2865 3391 3031 3467 (222‘).

2173 3484 2277 3555 (Ex
2336 3483 2461 3539 cod.
2514 3484 2639 3552 685,
2702 3482 2812 3539 sub
2871 3482 3099 3550 Ottone)

1810 3572 2026 3628 Humili
2058 3588 2224 3645 prece
2253 3576 2307 3628 et
2335 3571 2563 3631 sincera
2594 3572 2893 3629 devotione
3338 3626 3351 3636 ,
3406 3638 3411 3643 δ

1879 3663 1965 3717 Ad
1997 3666 2050 3717 te
2080 3660 2400 3717 clamantes
2430 3678 2659 3734 semper
2688 3660 2896 3716 exaudi
2931 3677 3054 3715 nos.
3140 3716 3143 3721 ,
3215 3658 3456 3716 Humili.

1810 3751 2092 3809 Summus
2121 3754 2179 3807 et
2208 3749 2578 3822 omnipotens
2609 3748 2856 3823 genitor,
2882 3748 2979 3822 qui
3011 3753 3221 3805 cuncta
3251 3748 3459 3806 creasti

1880 3842 2150 3897 Eternus
2181 3838 2298 3913 Xps
2332 3837 2489 3895 ﬁlius
2520 3843 2693 3913 atque
2724 3838 2895 3894 Deus.

1811 3931 2044 3987 Necnon
2080 3929 2474 3997 sanctiﬁcans,
2511 3928 2844 3985 dominator
2874 3926 3127 4002 Spiritus
3157 3928 3351 3986 almus

1810 4020 1992 4075 Unica
2021 4019 2297 4092 Majestas
2322 4017 2591 4091 trinaque
2623 4015 2748 4073 sola
2779 4016 2879 4074 Dei
3078 4019 3161 4073 Ad
3196 4021 3249 4074 te
3280 4017 3453 4077 clam.

1812 4110 1945 4182 Ipsa
1975 4109 2075 4165 Dei
2104 4107 2352 4181 genitrix
2386 4104 2707 4180 reparatrix
2737 4104 2937 4162 inclita
2968 4106 3172 4161 mundi

1881 4201 2017 4265 Quae
2050 4196 2194 4253 Dem
2227 4201 2387 4252 casto
2420 4212 2658 4267 corpore
2687 4195 3022 4267 concipiens

1810 4289 2092 4358 Perpetua
2121 4302 2352 4358 semper
2375 4283 2611 4339 radians
2641 4300 2775 4338 cum
2796 4281 3126 4355 virginitate

1880 4375 2158 4448 Indignas
2191 4372 2441 4428 famulos
2469 4370 2646 4444 Virgo
2677 4370 2858 4425 Maria
2885 4374 3037 4426 tuos.

1808 4463 2062 4539 Angelici
2096 4458 2362 4536 proceres
2392 4459 2666 4516 caelorum
2697 4458 2982 4514 exercitus
3012 4458 3202 4515 omnis

3214 4370 3453 4427 Humili.

109 4563 396 4632 Petreque
427 4575 560 4613 cum
593 4555 769 4612 Paulo
801 4573 907 4611 nos
938 4572 1072 4628 rege
1100 4555 1694 4627 doctiloquo.Ardua.
1728 4566 1774 4631 ι)
1879 4556 2108 4611 ιΈῐθινῐιο
2139 4567 2370 4623 semper
2390 4547 2609 4603 lumine
2642 4545 2994 4619 conspicuus

39 4655 234 4708 Coetus
264 4647 622 4721 apostolicus
654 4646 730 4703 sit
762 4645 931 4702 nobis
963 4645 1157 4701 fautor
1188 4649 1244 4701 et
1272 4644 1466 4700 omnis

108 4742 189 4794 Ac
220 4736 687 4811 patriarcharum
712 4733 1207 4806 propheticusque
1233 4732 1691 4798 chorus.Ardua,

39 4831 286 4886 Poscere
315 4842 472 4882 nunc
503 4823 867 4897 Stephanum
891 4823 1235 4879 studeamus
1257 4822 1515 4878 carmine
1530 4839 1696 4883 sum-

1377 4903 1387 4912 ’
1512 4915 1694 4978 [mum

114 5005 189 5062 Ut
221 5020 356 5060 cum
389 5001 745 5077 martyribus
768 5018 873 5058 nos
894 5002 1061 5074 juvet
1094 5000 1218 5074 ipse
1248 5000 1400 5073 pius.
1478 5001 1691 5056 Ardua.

40 5092 264 5165 Inclyta
295 5091 570 5148 Laurenti
603 5090 699 5163 qui
733 5089 1003 5145 ﬂammas
1034 5089 1361 5161 exuperasti

106 5182 307 5239 Victor
337 5181 409 5237 ab
437 5179 659 5236 etherio
690 5196 797 5235 nos
829 5179 1104 5237 miserere
1134 5177 1331 5234 choro.

39 5273 185 5329 Care
214 5270 333 5328 Deo
361 5273 582 5343 martyr
608 5268 808 5341 patria:
841 5268 1018 5325 decus
1048 5265 1249 5323 herile.

1467 5177 1685 5233 Ardua.

111 5486 259 5556 (221)
288 5481 531 5540 Litaniaa
562 5481 647 5537 hae
678 5482 735 5537 in
757 5481 970 5556 ordine
999 5481 1177 5537 officii
1217 5480 1395 5556 divini
1446 5497 1564 5556 per_
1596 5498 1694 5536 an-

41 5575 206 5622 num,
238 5553 417 5628 quem
447 5556 612 5628 parte
636 5554 810 5628 tertia
838 5555 1101 5628 edemus,
1133 5553 1510 5628 assignantur
1539 5553 1691 5608 femi

42 5622 573 5700 RogatfHaberitur
599 5625 692 5681 hic
722 5642 855 5682 cum
889 5624 1043 5681 notis
1073 5622 1333 5680 musicis.

1803 4644 2050 4717 Agmine
2080 4645 2169 4697 ter
2199 4639 2350 4695 trino
2382 4638 2602 4710 Supero
2635 4654 2736 4709 per
2765 4636 2957 4692 sidera
2979 4652 3155 4709 regno

1879 4731 2174 4789 Laudibus
2195 4732 2473 4784 aeternum
2497 4725 2903 4785 concelebrant
2919 4724 3342 4782 Dominum.Ad
3376 4732 3450 4784 te.

1804 4822 2009 4880 Petrus
2030 4836 2162 4876 cum
2191 4816 2389 4884 Paulo,
2423 4816 2680 4872 Thomas
2712 4831 2846 4871 cum
2878 4813 3297 4871 Bartholomaeo

1875 4912 1945 4967 Et
1972 4908 2170 4967 Jacobi
2201 4905 2386 4963 sancti
2419 4921 2526 4961 nos
2558 4902 2811 4959 relevent
2844 4901 3138 4975 precibus,

1804 5001 2083 5063 Andreas,
2120 4995 2448 5062 Mattheus,
2482 4992 2777 5048 Barnabas
2807 4996 2982 5065 atque
3007 4992 3282 5063 Joannes,

1877 5088 2146 5155 Mathias,
2183 5086 2388 5152 Lucas,
2423 5081 2652 5137 Marcus
2685 5085 2742 5138 et
2772 5080 3077 5139 altisonus.
3208 5083 3448 5140 Humili.

1803 5176 1998 5235 thus
2029 5172 2385 5249 apostolicus
2416 5171 2682 5227 duodeno
2717 5169 2906 5227 sidere
2938 5175 3225 5245 comptus.

1873 5264 2168 5338 Propitius
2197 5263 2437 5318 cunctos
2465 5263 2704 5333 protege
2735 5272 2841 5317 nos
2871 5258 3122 5318 famulos

1874 5479 2020 5551 (222)
2053 5475 2290 5551 Litanize
2321 5475 2411 5551 hae
2436 5473 2498 5532 in
2527 5475 2728 5551 ordine
2759 5475 2933 5551 officii
2966 5474 3146 5551 diy_i_n_i
3194 5490 3296 5545 per
3343 5488 3445 5551 an-

1803 5544 1953 5630 num
1977 5544 2356 5630 assignantur
2385 5548 2488 5603 fer.
2516 5564 2558 5628 ix
2579 5547 3001 5630 _Rogation_um.
3033 5544 3256 5630 Ubique
3300 5546 3445 5600 notae

1804 5622 2039 5679 musicae
2071 5617 2210 5678 sunt
2240 5618 2645 5691 superscripta:
2677 5617 2736 5674 in
2770 5622 2966 5675 nostro
2997 5617 3211 5672 codice.
