3892 6212
439 248 556 315 083

396 387 466 445 Et
496 405 644 462 quos
677 387 1030 464 multiplices
1057 388 1317 448 lacerant
1349 410 1452 466 per
1482 394 1726 452 crimina
1757 403 1968 469 pestes.

467 479 708 536 Peccata
739 480 1046 538 absolvens
1076 482 1164 540 fac
1195 483 1348 539 bona
1377 489 1587 540 cuncta
1617 488 1802 560 sequi.
1834 490 1919 544 Ad
1963 493 2038 546 te.

1180 259 1509 322 APPEND.
1562 264 1663 323 AD
1711 262 1897 326 SEO.
1947 267 2020 327 Χ.
2058 301 2129 312 ——
2161 267 2656 338 MONUMENTA
2702 278 3012 342 LITURG.

3655 287 3848 374 i034;

2071 403 2124 470 Α
2157 405 2519 480 Temperiem
2552 410 2680 468 cceli
2711 413 2997 483 tribuens,
3032 421 3096 472 ut
3125 415 3292 490 copia
3317 417 3561 492 frugum

2224 495 2510 556 Omnibus
2531 503 2782 560 exundet
2807 505 2982 562 ubere
3004 505 3240 563 lecticize.
3610 511 3690 567 Ad
3722 517 3774 568 te.

394 566 560 626 Nunc
619 570 971 642 Stephanus,
1035 571 1235 641 Linus,
1289 571 1574 642 Clemens,
1631 575 1944 634 Anacletus
1987 584 2044 635 et
2149 586 2309 658 Agne
2339 587 2439 644 Dei
2473 589 2678 658 Patris,
2711 592 2810 665 qui
2841 595 3045 651 mundi
3078 597 3325 653 crimina
3353 597 3512 656 tollis

1826 665 2042 737 [almus

461 748 684 817 Xistus,
715 749 1053 816 Alexander,
1087 749 1528 824 Corneliusque,
1561 753 1719 821 Pius,

389 839 680 911 Ypolitus,
713 839 901 906 Vit-us,
934 839 1278 895 Laurentius
1308 845 1485 912 atque
1511 841 1809 898 Modestus

461 927 890 1001 Gregoriusque
916 928 1046 1001 pius
1068 945 1175 984 nos
1209 927 1539 986 miserando
1562 932 2036 1002 juvent.Humili.

391 1017 684 1074 Tbeodole
710 1017 926 1073 summi
961 1017 1128 1073 miles
1161 1019 1476 1076 fortissime
1505 1019 1720 1077 Christi

458 1106 636 1162 Nobis
670 1124 826 1162 nunc
859 1107 1094 1163 famulis
1125 1107 1402 1164 auxiliare
1433 1109 1571 1166 tuis.

385 1194 477 1251 Nil
512 1195 592 1253 sic
624 1195 998 1269 perspicuum
1032 1198 1242 1268 poterit
1273 1215 1379 1254 vox
1407 1198 1564 1255 clara
1596 1200 1828 1257 referre.

455 1287 528 1342 Ut
558 1288 720 1342 decet
751 1285 808 1342 in
843 1286 944 1342 tali
976 1304 1131 1342 nunc
1160 1288 1348 1343 Patris
1379 1288 1680 1360 obsequio.

384 1375 486 1431 Hic
519 1377 622 1432 tibi
660 1377 952 1448 perpetuis
981 1382 1256 1433 resonant
1282 1377 1660 1434 concentibus
1687 1379 1838 1435 aedes

453 1465 698 1522 Ossibus
730 1470 784 1520 et
815 1465 997 1520 sacris
1028 1483 1259 1538 semper
1288 1465 1536 1522 habetur
1565 1466 1751 1523 honos

381 1559 524 1610 Cum
556 1555 670 1610 laeti
702 1554 906 1610 famuli
938 1554 1232 1610 celebrent
1263 1554 1355 1610 hic
1386 1555 1534 1610 festa
1563 1556 1812 1630 benigne

454 1645 753 1700 Laudibus
786 1644 1074 1699 instantes
1107 1649 1274 1699 nocte
1304 1645 1512 1716 dieque
1538 1645 1676 1700 tuis.
1791 1647 2028 1704 Humili.

379 1732 574 1806 Dirige
606 1734 783 1789 corda
813 1733 946 1805 pius
976 1737 1032 1788 et
1061 1738 1324 1806 tempora
1352 1733 1540 1806 dirige
1571 1738 1770 1791 nostra

448 1824 637 1895 Atque
661 1823 786 1878 dies
815 1821 978 1878 laetos
1009 1823 1218 1878 ducere
1249 1823 1323 1878 da
1352 1822 1605 1880 famulos

379 1911 452 1968 Ut
481 1930 716 1985 semper
742 1912 972 1968 valeant
1001 1912 1232 1967 tibimet
1264 1917 1498 1968 cantare
1529 1913 1710 1986 quieti

449 2003 529 2058 Te
558 2019 791 2074 quoque
822 2001 1042 2058 ccelesti
1073 2018 1305 2058 cernere
1335 2002 1464 2058 luce
1494 2001 1632 2075 poli.

377 2091 422 2148 0
449 2091 655 2148 dilecte
688 2096 799 2148 Deo
829 2091 1064 2147 radians
1093 2092 1304 2147 virtute
1336 2109 1578 2148 corusca

446 2185 653 2238 Sancte
679 2180 917 2248 Albane,
937 2183 1104 2253 pater
1120 2182 1264 2254 juge
1296 2199 1496 2255 preces
1526 2182 1744 2256 pariter

375 2271 674 2327 lntercede
705 2270 836 2342 pius
867 2269 1095 2325 veniam
1127 2272 1419 2342 poscendo
1451 2271 1695 2327 misellis

445 2362 716 2432 Aureque
739 2361 866 2431 jam
899 2357 1115 2414 blanda
1145 2359 1407 2415 carmina
1432 2359 2025 2433 percipiens.Humili.

376 2450 422 2506 0
451 2466 553 2505 vos
583 2446 862 2521 mysterio
886 2445 1142 2502 decorati
1173 2449 1232 2502 in
1264 2448 1500 2504 nomine
1529 2449 1742 2506 Christi

448 2535 764 2608 Conspicui
795 2539 974 2592 testes
1004 2537 1281 2607 purpurei
1314 2554 1582 2609 proceres

375 2627 458 2682 Ex
486 2625 638 2682 bello
664 2624 858 2680 invicti
892 2623 1216 2696 superastis
1248 2625 1530 2682 daemonis
1559 2627 1677 2683 iras

449 2715 792 2787 Conspirata
821 2731 1032 2770 manus
1062 2714 1287 2770 vincere
1319 2719 1506 2770 morte
1535 2715 1746 2771 minas.
1830 2717 1914 2772 Ad
1946 2720 2022 2788 te,

375 2804 669 2871 Silvester,
702 2807 1008 2871 Damasus,
1043 2803 1375 2877 Gregorius,
1403 2805 1865 2878 Ambrosiusque

447 2892 724 2960 Hilarius,
747 2893 924 2960 Xeno,
963 2893 1253 2949 Maximus
1281 2898 1455 2966 atque
1486 2896 1598 2950 Leo

375 2981 683 3050 Martinus,
717 2981 1016 3048 Proculus,
1050 2981 1334 3039 Cesarius
1364 2983 1766 3057 Eusebiusque

445 3071 623 3128 Orent
655 3088 757 3143 pro
789 3071 1006 3128 nostris
1038 3071 1385 3128 criminibus
1415 3072 1611 3128 variis.

372 3161 524 3218 Ordo
556 3164 821 3217 sacratus
849 3161 1260 3217 Confessorum
1294 3162 1738 3234 praecipuorum.

441 3249 667 3306 Auxilio
691 3253 848 3305 tutos
870 3250 1129 3322 undique
1160 3251 1336 3306 redde
1357 3255 1491 3306 tuos

369 3340 556 3411 Atque
587 3341 689 3394 tua
719 3343 948 3394 nosmet
978 3356 1145 3410 prece
1175 3338 1523 3395 dimittendo
1554 3343 1777 3395 reatum

442 3428 558 3484 Nos
589 3427 826 3500 fragiles
857 3427 1111 3483 multum
1144 3427 1410 3483 cladibus
1441 3429 1790 3503 omnigenis.

372 3515 591 3572 Paulus
619 3519 676 3571 et
706 3516 1012 3580 Antonius,
1047 3517 1382 3572 Macbarius
1411 3517 1807 3589 Arseniusque

444 3604 781 3671 Bahomius,
817 3605 991 3671 Beda,
1016 3604 1200 3668 Atala,
1235 3606 1542 3662 Pafnutius

371 3693 684 3760 Bertoltus,
719 3694 1072 3758 Libertinus,
1097 3693 1350 3750 Basilius
1383 3699 1560 3766 atque

443 3782 770 3837 Ieronimus
798 3783 999 3837 doctor
1030 3800 1135 3837 nos
1164 3783 1438 3838 miserere
1471 3801 1689 3855 precor.
1780 3783 2017 3839 Humili.

370 3870 614 3925 Summe
645 3869 745 3924 Dei
775 3870 965 3925 cultor
996 3871 1416 3926 monachorum
1450 3877 1638 3927 rector
1667 3877 1722 3927 et
1752 3873 1902 3928 abba

441 3956 485 4012 0
517 3957 826 4013 Benedicte
852 3974 1015 4013 sacer
1045 3961 1220 4030 atque
1250 3959 1496 4030 benigne
1527 3965 1708 4032 pater,

370 4047 533 4102 Istud
568 4046 898 4102 cmnobium
927 4051 1259 4119 emtumque
1291 4048 1394 4103 tibi
1424 4048 1812 4106 famulantum

440 4136 766 4208 Nostraque
796 4135 1170 4192 sanctificans
1201 4142 1410 4193 cuncta
1439 4140 1600 4193 tuere
1632 4138 1828 4194 simul.
1848 4140 1930 4195 Ad
1964 4143 2022 4194 te

369 4223 656 4292 Felicitas,
696 4224 868 4293 Felix,
902 4223 1128 4280 Eulalia
1151 4225 1348 4299 digna,
1380 4226 1607 4282 Verena

439 4313 876 4386 Petronellaque
903 4331 1037 4369 cum
1068 4319 1302 4386 perpete
1332 4315 1635 4388 Perpetua.

365 4403 556 4474 Agnes
587 4406 760 4474 atque
789 4402 1065 4475 Agatbes,
1101 4403 1373 4467 Cristina,
1410 4403 1942 4476 Euprepia,Thecla

1839 1292 1922 1346 Ad
1958 1295 2031 1348 te.

1833 2005 1917 2059 Ad
1951 2007 2027 2060 te.

1780 3071 2019 3128 Humili.

2222 673 2442 747 Optata;
2474 681 2636 752 pacis
2667 699 2912 740 munera
2941 685 3094 742 dona
3124 687 3262 743 tuis.

2153 764 2320 837 Kyrie
2350 771 2724 840 pantocrator
2751 791 2893 845 yson
2926 793 2989 832 so
3020 776 3177 832 disse
3206 781 3260 832 te
3291 781 3505 850 pantos

2222 856 2332 912 Sed
2366 857 2618 917 basileos
2639 879 2814 936 ymon
2840 865 2958 938 Xpe
2987 865 3219 939 eleyson
3249 883 3435 938 ymos.

2620 969 2753 1008 ITEM
2792 971 3040 1011 METRICA
3079 973 3331 1012 LETANIA.

2147 1036 2312 1094 Salve
2343 1039 2488 1096 festa
2519 1041 2642 1098 dies
2675 1046 2792 1099 toto
2823 1044 3174 1100 venerabilis
3204 1063 3320 1101 evo

2217 1126 2342 1191 Qua
2373 1132 2525 1186 Deus
2549 1129 2842 1188 infernum
2869 1133 3006 1189 vicit
3032 1138 3091 1190 et
3119 1139 3278 1190 astra
3308 1138 3463 1190 tenet

2145 1215 2287 1272 Ecce
2320 1220 2678 1276 renascentis
2711 1224 2956 1278 testatur
2984 1222 3174 1296 gratia
3204 1224 3410 1279 mundi

2216 1305 2495 1363 0milium
2528 1311 2890 1384 (llomilium)
2916 1313 3160 1369 Domino
3191 1314 3343 1369 dona
3374 1315 3603 1370 redisse
3633 1332 3741 1370 suo.

2142 1395 2407 1469 Namque
2437 1397 2823 1472 triumphanti
2854 1407 2988 1474 post
3017 1403 3209 1458 tristia
3236 1406 3457 1458 tartara
3483 1403 3707 1458 Christo

2217 1486 2482 1558 Undique
2513 1489 2715 1544 fronde
2747 1507 2956 1547 nemus
2985 1492 3249 1564 gramine
3282 1491 3422 1547 ﬂore
3451 1492 3664 1547 ﬂavent

2145 1575 2398 1648 Legibus
2428 1575 2638 1632 inferni
2669 1580 2966 1650 oppressis
2997 1599 3174 1653 super
3202 1586 3363 1637 astra
3395 1588 3682 1637 meantem

2214 1667 2479 1722 Laudant
2504 1667 2612 1723 rite
2641 1667 2824 1724 Deum
2858 1670 2956 1724 lux
2987 1670 3156 1743 polus
3189 1689 3328 1726 arva
3357 1671 3575 1726 fretum

2061 1776 2107 1840 Β
2141 1753 2247 1818 Qui
2279 1757 2590 1812 crucifixus
2620 1763 2746 1814 erat
2775 1759 2929 1815 Deus
2961 1777 3092 1816 ecce
3122 1778 3225 1832 per
3254 1760 3456 1815 omnia
3484 1767 3684 1834 regnat

2208 1844 2474 1918 Dantque
2505 1848 2748 1904 creatori
2780 1853 2990 1904 cuncta
3017 1855 3212 1906 creata
3241 1867 3475 1922 precem

2137 1932 2426 1990 Nobilitas
2455 1935 2594 1991 anni
2617 1954 2888 1993 mensum
2920 1939 3122 2005 decus,
3156 1957 3323 1995 arma
3352 1939 3588 1995 dierum

2209 2023 2495 2080 Horarum
2528 2025 2805 2098 splendor
2833 2028 3113 2101 scrupula
3145 2033 3366 2101 puncta
3399 2029 3602 2084 fovens

2138 2111 2365 2169 Christe
2394 2114 2556 2170 salus
2587 2133 2782 2172 rerum
2813 2117 2962 2172 bone
3000 2118 3265 2174 conditor
3295 2121 3474 2190 atque
3504 2119 3764 2173 redemtor

2208 2201 2391 2258 Unica
2417 2204 2721 2276 progenies
2749 2223 2818 2261 ex
2847 2206 3071 2262 Deitate
3099 2207 3306 2263 Patris.

2138 2291 2378 2348 Funeris
2406 2294 2680 2366 exequias
2701 2295 2918 2366 pateris
2947 2296 3074 2351 vitae
3108 2301 3314 2351 auctor
3333 2299 3390 2352 et
3417 2296 3582 2351 orbis

2209 2379 2440 2437 Intrans
2471 2383 2679 2440 mortis
2706 2384 2815 2440 iter
2843 2385 3037 2441 dando
3070 2384 3282 2441 salutis
3313 2403 3482 2457 opem

2136 2468 2457 2526 Pollicitam
2485 2472 2585 2528 sed
2621 2473 2795 2529 redde
2827 2473 3000 2529 fidem
3025 2491 3230 2547 precor
3258 2473 3416 2530 alma
3445 2478 3694 2546 potestas

2207 2559 2404 2615 Tertia
2433 2560 2533 2615 lux
2563 2561 2738 2618 rediit
2764 2580 2936 2636 surge
2967 2562 3197 2636 sepulte
3227 2580 3416 2619 meus.

2135 2646 2300 2703 Solve
2330 2651 2626 2706 catenatas
2659 2651 2869 2707 inferni
2899 2651 3149 2709 carceris
3179 2653 3422 2708 umbras

2206 2737 2276 2792 Et
2305 2755 2507 2795 revoca
2537 2757 2778 2796 sursum
2809 2741 3097 2814 quidquid
3131 2743 3203 2797 ad
3237 2742 3356 2797 ima
3386 2741 3526 2796 ruit.

2134 2825 2329 2882 Redde
2360 2832 2524 2884 tuam
2556 2829 2765 2885 faciem
2796 2829 3032 2886 videant
3061 2831 3120 2886 in
3153 2830 3366 2886 saecula
3393 2830 3595 2886 lumen

2207 2914 2403 2971 Redde
2435 2917 2587 2973 diem
2625 2919 2723 2991 qui
2757 2936 2873 2974 non
2907 2923 2961 2974 te
2993 2920 3278 2976 moriente
3311 2920 3422 2976 fuit

2134 3002 2320 3075 Eripis
2354 3006 2413 3060 in
2447 3023 2760 3063 numerum
2793 3008 3078 3081 populum
3110 3009 3183 3065 de
3213 3026 3450 3065 carcere
3479 3008 3673 3065 mortis

2206 3093 2275 3147 Et
2305 3093 2570 3167 sequitur
2590 3095 2738 3152 liber
2767 3114 2883 3168 quo
2915 3115 3063 3154 suus
3092 3103 3296 3153 auctor
3325 3097 3467 3153 adit.

2207 3143 2273 3147 _-
2305 3143 2559 3167 ---ι-η--
2590 3143 2726 3152 ---π
2771 3143 2881 3168 ,ιη
2915 3143 3062 3154 ν---
3092 3143 3285 3153 ne...

2053 3143 2096 3210 Ο
2134 3181 2278 3239 Hinc
2309 3183 2606 3238 tumulum
2629 3190 2894 3256 repetens
2918 3190 3052 3257 post
3075 3191 3498 3250 tartara,carne
3531 3193 3757 3243 resumta

2203 3261 2450 3335 Belliger
2479 3263 2551 3318 ad
2581 3263 2758 3320 caelos
2781 3263 2978 3336 ampla
3005 3265 3264 3336 trophaeo
3296 3267 3500 3322 refers.

2820 3362 3089 3400 LETANIA.

2131 3431 2251 3486 Rex
2274 3431 2537 3487 Salvator
2554 3430 2799 3498 alme,su
2808 3432 2966 3506 scipe
2978 3439 3311 3490 nostrarum
3329 3435 3672 3492 munuscula
3681 3452 3752 3506 pr.

2130 3519 2437 3594 Indulgere
2465 3520 2633 3576 nobis
2663 3522 2813 3577 assis
2843 3523 2961 3578 tuis
2992 3525 3173 3579 servis
3205 3524 3428 3581 scelere
3457 3525 3694 3598 gravatis

2130 3609 2174 3665 0
2207 3613 2408 3664 sancta
2435 3608 2619 3664 Maria
2651 3615 2838 3689 mater
2855 3616 3031 3683 atque
3055 3613 3213 3686 virgo
3232 3613 3475 3669 Postula
3495 3632 3594 3686 pro
3615 3614 3754 3668 nobis

2128 3696 2486 3770 Archangele
2513 3715 2746 3754 summe
2768 3699 3053 3756 Michabel
3079 3703 3263 3757 virtus
3294 3702 3400 3759 Dei
3431 3703 3660 3760 Postula
3673 3719 3754 3774 pro

3525 3793 3701 3864 [nobis

2129 3874 2425 3948 Condignc
2457 3874 2726 3932 Gabrihel
2760 3877 3037 3934 fortitudo
3068 3879 3166 3934 Dei
3197 3879 3441 3936 Postula
3474 3899 3574 3954 pro
3616 3878 3755 3936 nobis

2129 3963 2173 4019 0
2203 3981 2443 4020 consors
2476 3963 2732 4036 Raphael
2767 3966 3057 4022 medicina
3098 3968 3197 4023 Dei
3226 3969 3465 4025 Postula
3498 3988 3581 4044 pr.
3616 3969 3755 4024 nobis

2129 4053 2173 4108 0
2205 4052 2439 4108 almitas
2471 4058 2672 4109 sancta
2698 4055 3160 4126 patriarcharum
3194 4057 3440 4114 Postula
3470 4077 3570 4132 pro
3619 4057 3754 4112 nobis

2128 4141 2173 4197 0
2205 4158 2330 4197 sors
2362 4140 2602 4213 impleta
2631 4142 2746 4198 Deo
2769 4144 3002 4200 virtutis
3033 4145 3392 4217 prophetica:
3428 4148 3636 4204 Postua
3656 4163 3751 4218 p.n.

2129 4229 2173 4285 0
2202 4229 2605 4302 principalitas
2637 4231 3034 4304 apostolorum
3067 4234 3308 4291 Postula
3333 4253 3442 4308 pro
3474 4235 3635 4292 nobis

2127 4319 2172 4374 0
2205 4323 2489 4392 martyres
2522 4321 2708 4375 sancti
2739 4321 2969 4377 veniam
3005 4323 3322 4395 precamini
3382 4342 3487 4398 pro
3535 4321 3750 4398 peccatis

3476 4413 3698 4486 [nostris

439 4490 725 4558 Eufemia,
758 4490 999 4564 Regula,
1025 4492 1287 4564 Eugenia
1317 4498 1492 4565 atque
1524 4494 1692 4548 bona.
1775 4493 2016 4549 Humili.
2053 4515 2099 4578 υ
2129 4496 2501 4552 Confessores
2544 4497 2730 4554 sancti
2778 4500 3049 4571 precibus
3099 4498 3360 4557 assiduis
3411 4503 3624 4576 poscite
3669 4515 3748 4572 pro

364 4579 712 4650 Virginitate
741 4579 956 4635 chorus
984 4581 1364 4652 resplendens
1385 4581 1840 4638 Candidularum

437 4668 635 4723 Turba
667 4667 994 4740 puellarum
1027 4669 1359 4740 integritate
1391 4686 1636 4726 manens

364 4755 499 4818 Quae
530 4755 782 4826 geminis
811 4757 1073 4828 gaudens
1104 4756 1372 4829 pulcrum
1403 4759 1674 4814 decorata
1707 4759 1938 4814 coronis

437 4843 634 4898 Laude
666 4844 957 4916 pudicitiae
990 4845 1372 4918 mysteriique
1401 4847 1596 4902 simul.
1821 4849 1904 4903 Ad
1938 4854 2014 4904 te.

367 4929 583 4986 Omnes
614 4948 769 4987 nunc
799 4933 999 4988 Sancti
1030 4935 1246 4989 nostris
1278 4935 1598 4992 succurrite
1624 4935 1805 5007 lapsis

437 5018 507 5073 Et
537 5018 764 5074 veniam
790 5021 1018 5076 cunctis
1049 5021 1190 5077 ferte
1212 5023 1472 5092 juvando
1503 5023 1654 5096 polis

363 5107 493 5162 Jam
527 5106 737 5161 vestris
767 5108 1039 5178 prceibus
1064 5110 1260 5180 petitis
1290 5128 1652 5184 quaecunque
1675 5118 1947 5186 rogantes

436 5192 658 5250 Annuit
688 5195 812 5266 ipse
843 5195 974 5266 pius
1005 5197 1204 5269 nilque
1237 5204 1409 5272 negat
1434 5199 1738 5258 Dominus.
1774 5202 2012 5258 Humili.

364 5283 573 5339 Pacem
603 5287 946 5355 perpetuam
978 5284 1305 5354 rogitamus
1337 5288 1603 5361 prospice
1630 5290 1855 5348 Christe

437 5371 510 5428 Ut
539 5387 694 5426 sanae
725 5370 853 5426 vitae
883 5372 1101 5443 gaudia
1130 5371 1304 5446 longa
1331 5376 1431 5431 diu

3527 4591 3543 4665 ί
3550 4590 3695 4646 nobis

2127 4674 2173 4730 0
2205 4677 2541 4730 sanctarum
2591 4675 2752 4732 chori
2803 4677 3098 4750 virginum
3148 4679 3379 4735 corusci
3433 4680 3645 4752 poscite
3671 4692 3750 4749 pro

3526 4771 3542 4841 ξ
3550 4767 3699 4824 nobis

2130 4852 2408 4908 Faventes
2457 4857 2793 4909 sanctarum
2840 4854 3150 4911 viduarum
3209 4873 3412 4929 prec-es
3467 4857 3752 4913 nosbismet

3280 4947 3465 5016 [nunc
3493 4946 3699 5019 prosint

2129 5028 2394 5085 Insontes
2445 5031 2670 5102 pueroli
2721 5035 3045 5105 martyrum
3099 5033 3371 5090 ﬂoretum
3422 5035 3635 5108 poscite
3672 5048 3748 5105 pro

3523 5123 3696 5199 [nobis

2126 5206 2170 5260 Ο
2205 5207 2391 5261 sancti
2411 5223 2615 5263 omnes
2633 5209 2873 5265 virtutes
2899 5208 3222 5266 innumerae
3247 5211 3468 5283 poscite
3489 5229 3591 5284 pro
3611 5206 3748 5264 nobis

2126 5293 2383 5367 Maligno
2416 5295 2487 5350 ab
2519 5295 2684 5353 hoste
2714 5303 2778 5353 ut
2808 5298 2960 5354 Deus
2991 5298 3268 5354 defendat
3316 5317 3424 5356 nos
3475 5301 3568 5355 hic
3613 5304 3662 5354 et
3704 5296 3746 5348 in

3497 5390 3691 5452 [aevum

3841 419 3858 724 1
