3892 6212
59 277 232 338 1035

847 279 1152 342 VERSUS
1198 280 1296 340 ET
1342 265 1790 340 ORATIONES
1836 277 1912 338 IN
1964 277 2202 338 COENA
2254 281 2556 347 DOMINI.
2604 282 2776 344 ETC.

3362 284 3382 341 l
3398 282 3518 346 086

51 413 101 467 A
132 415 330 484 gente
377 429 620 487 pagana
669 417 732 469 ut
779 414 932 470 Deus
962 413 1234 470 defendat
1283 429 1388 469 nos
1437 411 1532 468 hic
1585 417 1641 468 et
1697 410 1755 467 in
1787 411 1840 478 Α
1871 413 1951 468 Ex
1984 415 2104 468 toto
2136 413 2306 469 corde
2338 417 2393 468 et
2423 431 2489 468 ex
2521 418 2641 470 tota
2672 418 2863 472 mente
2894 433 3131 474 oramus
3163 422 3218 474 te
3247 418 3390 476 Dne.

1477 505 1683 575 [aevum

55 591 148 646 Ab
183 590 368 647 omni
403 591 670 664 periculo
718 597 781 647 ut
827 597 978 648 Deus
1008 592 1282 648 defendat
1330 609 1436 648 nos
1485 592 1580 648 hic
1611 597 1666 647 et
1696 593 1756 647 in

1479 683 1685 753 [aevum

58 771 149 826 Ab
185 770 364 826 omni
422 775 649 827 terrore
681 775 744 826 ut
775 771 928 826 Deus
977 770 1249 827 defendat
1294 787 1401 827 nos
1447 771 1543 826 hic
1589 774 1646 826 et
1697 771 1756 826 in

1477 861 1684 932 [aevum

60 949 151 1005 Ab
184 949 366 1004 omni
403 949 671 1022 periculo
717 954 782 1006 ut
819 949 975 1006 Deus
1006 949 1279 1006 defendat
1311 967 1416 1006 nos
1445 949 1541 1005 hic
1590 954 1648 1006 et
1698 951 1757 1006 in

1480 1041 1685 1112 [aevum

62 1129 144 1184 Ut‘
171 1146 343 1184 aurae
381 1128 734 1201 temperiem
765 1128 980 1184 bonam
1009 1146 1074 1184 ac
1105 1128 1441 1201 frugiferam
1467 1129 1565 1184 det
1590 1129 1760 1185 nobis

1427 1217 1692 1273 Salvator

1427 1219 1691 1273 Salvator

66 1307 140 1361 Ut
172 1307 680 1362 commoditatem
715 1305 887 1373 aeris,
921 1305 1068 1362 roris
1099 1306 1197 1361 det
1229 1219 1691 1363 nobis[Salvator

65 1395 141 1451 Ut
169 1395 450 1450 imbrem
492 1395 763 1464 fetosum,
797 1395 950 1451 bona
993 1394 1422 1468 germinantem
1455 1395 1552 1451 det
1591 1395 1761 1452 nobis

1407 1484 1692 1555 [Salvator

68 1573 141 1629 Ut
173 1573 584 1647 tranquillam
608 1573 783 1629 vitam
814 1589 1016 1646 pacem
1048 1576 1102 1629 et
1129 1589 1445 1646 perennem
1470 1575 1567 1631 det
1593 1574 1761 1632 nobis

1405 1662 1692 1737 [Salvator

73 1752 147 1807 Ut
187 1752 646 1825 indulgentiam
697 1750 1012 1808 criminum
1064 1755 1397 1809 nostrorum
1449 1753 1547 1808 det
1594 1753 1762 1810 nobis

1407 1842 1694 1914 [Salvator

77 1930 149 1986 Ut
180 1947 511 1986 summum
545 1934 838 2002 pastorem
881 1929 1266 2002 apostolicum
1307 1930 1590 1988 Dominus
1624 1949 1761 1988 con-

1481 2020 1693 2093 [servet

82 2108 152 2164 Ut
184 2109 452 2180 dignum
489 2107 821 2180 pontificem
860 2107 930 2163 N.
962 2106 1269 2164 dominum
1310 2108 1594 2165 Dominus
1625 2128 1759 2166 con-

1481 2199 1692 2269 [servet

86 2285 156 2340 Ut
183 2285 474 2341 Ottonem
509 2302 702 2358 regem
737 2289 793 2340 et
822 2285 950 2357 ejus
981 2285 1294 2342 exercitum
1320 2286 1601 2342 Dominus
1628 2305 1762 2342 con-

1481 2377 1691 2446 [servet

91 2462 160 2518 Ut
191 2480 296 2536 per
332 2466 530 2519 totum
565 2463 763 2518 orbem
815 2462 1130 2519 Ecclesium
1180 2468 1444 2520 sanctam
1482 2465 1761 2522 Dominus

1368 2554 1691 2624 [conservet

474 2643 664 2697 Preces
694 2649 822 2698 ante
847 2642 1040 2698 altare.
1075 2643 1265 2697 Prima
1295 2642 1401 2698 die.

92 2729 438 2786 Clamemus
474 2746 678 2785 omnes
711 2747 829 2785 una
855 2747 990 2786 voce
1022 2730 1264 2787 Domine
1296 2730 1588 2787 miserere.

97 2820 344 2892 Deipara
375 2819 555 2875 nobis
587 2823 676 2875 est
706 2819 820 2874 vita
851 2824 1049 2875 nostra
1079 2819 1320 2875 Domine
1358 2819 1650 2876 miserere.

96 2908 419 2964 Precamur
450 2907 678 2964 excelse
710 2909 882 2963 ﬁdem
915 2908 1126 2981 largire
1159 2907 1397 2964 Domine
1427 2909 1722 2966 miserere.

99 2997 425 3053 Curvamur
456 2997 712 3070 peccatis
743 2997 1132 3070 opprimimur
1179 2997 1349 3055 malis
1381 2998 1620 3055 Domine
1652 2999 1758 3055 mi-

168 3103 386 3142 serere.

103 3174 319 3231 Delicta
349 3174 486 3232 dele
519 3193 721 3249 pacem
755 3177 1006 3232 concede
1035 3175 1272 3232 Domine
1305 3175 1599 3233 miserere.

105 3262 376 3320 Excelsus
409 3264 638 3338 respice
670 3264 802 3337 pius
835 3265 1072 3338 indulge
1103 3265 1342 3321 Domine
1377 3264 1669 3322 miserere.

106 3350 358 3425 Flagella
389 3370 623 3410 remove
653 3352 880 3409 veniam
917 3353 1104 3410 tribue
1135 3355 1256 3411 Dne
1287 3354 1579 3410 miserere.

106 3439 320 3496 Exaudi
353 3460 466 3498 nos
500 3442 668 3498 Pater
697 3443 790 3515 pie
822 3442 1066 3498 Domine
1099 3443 1395 3500 miserere.

107 3528 266 3585 Nunc
299 3536 358 3586 et
385 3531 446 3586 in
484 3548 668 3586 aevum
701 3529 859 3586 salva
887 3533 1176 3587 mundum
1209 3537 1328 3588 Dne
1360 3532 1651 3589 miserere.

110 3617 397 3688 llymnum
431 3620 702 3676 dicamus
732 3618 836 3675 tibi
869 3621 987 3692 Xpe
1018 3619 1140 3676 Dne
1173 3619 1466 3677 miserere.

108 3704 298 3763 Gloria
327 3708 436 3764 tibi
466 3712 680 3764 aeterno
712 3708 865 3764 Patri
916 3709 1038 3764 Dne
1082 3708 1377 3765 miserere.
1405 3709 1758 3767 Clamemus.

707 3799 771 3853 1η
798 3797 888 3854 die
909 3798 1172 3853 secunda.

109 3881 229 3937 Tibi
257 3882 392 3940 laus
423 3884 530 3940 tibi
567 3884 752 3957 gloria
780 3885 883 3940 tibi
914 3886 1237 3959 gratiarum
1282 3887 1432 3944 actio
1460 3886 1519 3942 in
1551 3887 1762 3944 saecula

177 3973 558 4048 sempiterna.
593 3973 637 4030 O
668 3974 837 4030 beata
868 3975 1141 4031 Trinitas.

113 4058 185 4114 Te
215 4060 580 4131 invocamus,
607 4069 660 4120 te
692 4064 1031 4132 adoramus,
1053 4067 1107 4119 te
1149 4063 1483 4121 laudamus.
1519 4066 1562 4122 Ο
1594 4067 1764 4122 beata

178 4148 454 4206 Trinitas.

112 4235 326 4294 Exaudi
356 4241 580 4296 Exaudi
613 4240 832 4297 Exaudi
867 4241 910 4297 O
941 4242 1111 4296 beata
1142 4241 1419 4298 Trinitas.

117 4323 313 4381 Libera
353 4346 484 4396 nos,
518 4328 677 4386 salva
729 4347 854 4399 nos,
880 4329 1144 4401 justiﬁca
1193 4347 1319 4386 nos.
1352 4334 1397 4387 Ο
1427 4332 1595 4388 beata
1626 4331 1760 4388 Tri-

184 4413 352 4472 nitas.

1867 503 1973 558 Pro
2005 510 2206 559 saneta
2248 502 2501 559 Ecclesia
2544 502 2822 560 catholica
2852 523 2978 578 qua
3021 512 3109 562 est
3141 507 3199 563 in
3228 511 3346 566 toto
3379 511 3518 567 orbe

1939 592 2152 650 diffusa
2183 593 2585 668 supplicamus
2616 593 2717 649 tibi
2753 594 2897 649 Dne.

1868 683 1974 738 Pro
2006 687 2238 754 pastore
2268 688 2467 739 nostro
2507 683 2574 739 N.
2605 687 2661 740 et
2689 681 2849 738 omni
2881 682 3036 740 clero
3067 684 3194 756 ejus
3243 684 3518 758 implora-

1940 789 2073 828 mus
2103 777 2158 828 te
2189 773 2332 828 Dne.

1867 862 1976 917 Pro
2007 862 2216 917 abbate
2247 866 2444 917 nostro
2477 862 2544 918 N.
2578 864 2634 918 et
2663 877 2836 936 grege
2867 861 2978 918 sibi
3010 861 3326 920 commisso
3355 864 3518 920 obse-

1940 968 2174 1007 cramus
2206 955 2281 1006 te.
2316 951 2456 1006 Dne.

1869 1040 1976 1096 Pro
2008 1040 2159 1096 aeris
2189 1039 2464 1112 temperie
2495 1043 2552 1096 et
2581 1039 2958 1096 fceeunditate
3002 1043 3167 1097 terra
3212 1057 3522 1115 precamur

1938 1134 2015 1198 te,
2050 1130 2190 1185 Dne.

1870 1220 1976 1276 Pro
2007 1219 2100 1274 his
2125 1219 2224 1291 qui
2255 1218 2631 1274 infirmantur
2661 1222 2719 1275 et
2749 1219 2994 1274 diversis
3023 1217 3405 1292 languoribus
3427 1221 3521 1276 de-

1940 1311 2202 1364 tinentur
2231 1325 2538 1364 exoramus
2569 1311 2645 1363 te.
2681 1308 2822 1363 Dne.

1871 1399 1979 1454 Pro
2003 1397 2346 1454 remissione
2363 1399 2733 1468 peccatorum
2751 1396 2836 1453 vel
2859 1397 3263 1455 emendatione
3287 1415 3518 1456 morum

1942 1503 2218 1560 rogamus
2251 1489 2324 1541 te.
2360 1486 2500 1541 Dne.

1871 1575 2090 1632 Exaudi
2122 1592 2229 1631 nos
2259 1575 2412 1632 Deus
2444 1574 2502 1630 in
2535 1575 2691 1632 omni
2716 1575 2976 1632 oratione
3003 1578 3203 1632 nostra
3229 1575 3367 1649 quia
3387 1576 3522 1650 pius

1941 1683 2023 1722 es.
2062 1666 2205 1721 Dne.

2436 1770 2668 1810 LETANIA
2707 1769 2962 1810 GALLICA.

1872 1844 2040 1900 Pater
2066 1845 2137 1900 de
2167 1842 2327 1900 cmlis
2356 1844 2510 1900 Deus
2541 1843 2815 1900 miserere
2844 1845 3031 1900 nobis.

1870 1933 2050 1990 Filius
2083 1934 2374 1990 redemtor
2402 1933 2554 1988 Deus
2587 1932 2861 1989 miserere
2893 1933 3084 1989 nobis.

1872 2023 2126 2096 Spiritus
2157 2026 2396 2078 sanctus
2426 2022 2579 2077 Deus
2612 2021 2887 2077 miseram
2917 2021 3106 2078 nobis.

1872 2113 2086 2168 Sancta
2113 2111 2370 2167 Trinitas
2400 2109 2674 2166 miserere
2703 2110 2892 2166 nobis.

1871 2201 1976 2266 Qui
2010 2218 2072 2256 es
2103 2200 2296 2255 trinus
2327 2203 2382 2254 et
2416 2216 2567 2254 unus
2598 2199 2753 2254 Deus
2783 2198 3056 2255 miserere
3089 2198 3278 2256 nobis.

1871 2290 2084 2346 Sancta
2114 2288 2288 2361 Virgo
2320 2287 2612 2360 virginum
2645 2303 2748 2343 ora
2778 2303 2880 2360 pro
2915 2287 3104 2344 nobis.

1871 2379 1929 2434 S.
1964 2376 2250 2433 Michahel
2283 2395 2385 2432 ora
2413 2393 2516 2449 pro
2549 2374 2737 2432 nobis.

1871 2469 1931 2523 S.
1963 2464 2260 2523 Gubrihel.
2295 2465 2428 2521 Ora.

1869 2558 1929 2612 S.
1966 2554 2287 2628 Raphahel.
2322 2555 2456 2610 Ora.

1868 2646 1926 2702 S.
1961 2645 2237 2700 Joannes.
2273 2642 2404 2698 Ora.

1870 2735 1930 2789 8.
1966 2733 2149 2789 Petre.
2184 2733 2316 2787 Ora.

1869 2825 1927 2879 8.
1965 2821 2160 2878 Paule.
2194 2822 2326 2877 Ora.

1872 2914 1930 2968 S.
1964 2912 2213 2966 Andrea.
2249 2910 2380 2966 Ora.

1871 3001 1930 3056 8.
1963 2999 2281 3056 Johannes.
2317 2998 2448 3054 Ora.

1872 3089 1931 3145 8.
1963 3088 2192 3144 Jacobe.
2226 3087 2358 3143 Ora.

1873 3178 2088 3234 Omnes
2119 3176 2308 3232 sancti
2339 3174 2619 3248 Apostoli.
2653 3175 2844 3232 Orate.

1872 3268 2088 3322 Omnes
2118 3265 2303 3321 sancti
2334 3263 2734 3336 Evangelistaa.
2759 3263 2948 3320 Orate.

1871 3355 2089 3412 Omnes
2120 3354 2308 3411 sancti
2339 3351 2634 3425 discipuli.
2669 3353 2862 3408 Orate.

1871 3445 1929 3500 8.
1961 3444 2270 3516 Stephane.
2305 3442 2420 3498 Ora
2447 3459 2551 3514 pro
2580 3441 2769 3498 nobis.

1870 3536 1928 3590 S.
1964 3532 2259 3589 Laurenti.
2294 3533 2426 3588 Ora.

1870 3624 1930 3679 S.
1963 3621 2251 3678 Vincenti.
2289 3621 2420 3676 Ora.

1871 3713 1930 3767 8.
1965 3711 2192 3783 Georgi.
2225 3711 2358 3766 Ora.

1871 3800 1930 3855 8.
1970 3800 2110 3855 Vite.
2142 3799 2275 3855 Ora.

1871 3889 1930 3944 S.
1964 3887 2251 3944 Pancrati.
2285 3888 2415 3943 Ora.

1869 3979 1928 4033 8.
1961 3976 2200 4032 Albane.
2236 3977 2368 4032 Ora.

1870 4066 2087 4121 Omnes
2117 4065 2302 4120 sancti
2338 4066 2638 4138 Martyres.
2673 4065 2865 4122 Orate.

1871 4155 1930 4210 8.
1963 4153 2255 4211 Silvester.
2290 4155 2402 4210 Ora
2431 4172 2534 4227 pro
2567 4155 2754 4211 nobis.

1871 4243 1929 4298 S.
1963 4243 2227 4298 Martine.
2263 4243 2396 4298 Ora.

1869 4331 1926 4386 S.
1963 4331 2222 4403 Gregori.
2257 4333 2390 4385 Ora.

1869 4420 1928 4476 S.
1961 4419 2286 4476 Benedicte.
2319 4419 2450 4475 Ora.

116 4501 265 4575 Auge
295 4504 354 4560 in
387 4506 560 4563 nobis
592 4507 788 4576 fidem,
812 4524 958 4582 auge
997 4523 1184 4581 spem,
1213 4525 1358 4582 auge
1389 4508 1755 4566 charitatem.
1791 4515 1839 4580 Ῑ)
1871 4508 2086 4564 Omnes
2117 4507 2299 4564 sancti
2333 4508 2723 4564 Confessores.
2758 4507 2949 4564 Orate.

183 4590 225 4646 Ο
253 4592 424 4651 beata
451 4596 730 4652 Trinitas.

745 4688 808 4742 In
836 4685 924 4740 dic
950 4687 1128 4742 tertia.

118 4766 285 4824 Aufer
312 4788 346 4826 a
371 4772 540 4829 nobis
560 4773 901 4846 iniquitates
931 4778 1184 4844 nostras,
1209 4778 1271 4829 ut
1298 4793 1627 4830 mereamur
1656 4793 1760 4849 pus

186 4854 263 4911 ris
290 4861 586 4917 mentibus
619 4861 857 4917 introire
887 4862 959 4917 ad
991 4867 1193 4919 sancta
1223 4867 1579 4918 sanctorum.

122 4939 327 5001 Exaudi
360 4951 567 5005 exaudi
602 4949 808 5006 exaudi
840 4967 1038 5023 preces
1072 4955 1324 5019 nostras,
1349 4955 1552 5007 sancta
1580 4952 1762 5010 Maria

189 5046 286 5088 Ora
313 5052 416 5107 pro
447 5037 638 5094 nobis.

127 5115 408 5193 Miserere,
440 5125 738 5197 miserere,
767 5126 1042 5184 miserere
1084 5127 1300 5200 populo
1333 5131 1431 5183 tuo
1463 5145 1636 5200 quem
1673 5147 1758 5184 re-

193 5207 437 5268 demisti.

129 5289 340 5354 Christe
371 5303 656 5376 sanguine
687 5307 806 5372 tuo,
839 5320 911 5358 ne
947 5303 1006 5358 in
1040 5307 1322 5360 internum
1354 5303 1626 5361 irascaris
1658 5322 1761 5361 no-

197 5383 303 5440 bis.

815 5497 1066 5536 LETANIA.

136 5553 393 5622 Dicamus
422 5584 624 5624 omnes
655 5567 897 5626 Domine
934 5567 1224 5626 miserere.

1871 4597 2087 4653 Omnes
2116 4596 2301 4652 sancti
2334 4595 2622 4652 Monachi.
2651 4596 2840 4652 Orate.

1868 4687 1926 4741 S.
1963 4684 2249 4742 Felicitas.
2285 4685 2415 4742 Ora.

1868 4776 1926 4832 S.
1961 4775 2263 4847 Perpetua.
2295 4775 2429 4832 Ora.

1871 4864 1928 4920 S.
1962 4865 2208 4938 Agatha.
2239 4864 2370 4920 Ora.

1870 4953 1929 5009 S.
1964 4953 2351 5026 Margaretlia.
2390 4953 2524 5008 Ora.

1871 5042 2086 5098 Omnes
2116 5047 2330 5097 sancta:
2360 5041 2650 5114 Virgines,
2684 5041 2877 5097 Orate.

1869 5135 2084 5186 Omnes
2114 5129 2330 5186 Sancti.
2366 5131 2556 5186 Orate.

1871 5219 2129 5275 Gratiam
2162 5223 2322 5273 tuam
2355 5218 2603 5274 concede
2633 5218 2802 5274 nobis
2830 5217 2951 5274 Dne
2981 5221 3154 5273 Deus.

1871 5307 2132 5363 Salutem
2164 5310 2221 5362 et
2251 5307 2561 5363 sanitatem
2592 5307 2746 5364 dona
2776 5306 2964 5364 nobis.

1870 5395 2034 5451 Aeris
2066 5393 2404 5466 temperiem
2437 5396 2649 5452 bonam
2681 5396 2930 5453 concede
2959 5394 3147 5452 nobis.

1870 5484 1956 5538 Ab
1987 5483 2242 5538 inimicis
2272 5483 2394 5540 nris
2427 5488 2590 5543 tuere
2622 5504 2729 5544 nos
2761 5491 2898 5542 Dne.

1872 5571 2166 5627 Gaudium
2195 5577 2249 5627 et
2278 5589 2481 5645 pacem
2513 5577 2666 5633 dona
2697 5575 2866 5632 nobis
2895 5575 3036 5631 Dne.
