3892 6212
380 331 403 392 1
416 332 534 392 037

374 462 554 521 Filius
584 462 683 521 Dei
716 462 991 522 miserere
1023 463 1211 522 nobis.

374 553 541 609 Nunc
570 558 627 610 et
657 554 714 610 in
748 558 1092 628 perpetuum
1125 554 1398 611 miserere
1431 553 1619 609 nobis.

372 644 573 717 Agnus
604 643 705 700 Dei
728 643 836 727 qui
875 643 1033 701 tollis
1078 647 1314 717 peccata
1345 641 1571 708 mundi,
1606 640 1881 699 miserere
1912 658 2021 697 no-

444 730 554 788 bis.
588 738 641 798 ιῆ.
674 733 894 805 Agnus.

372 818 614 892 Suscipe
645 819 1111 893 deprecationem
1142 824 1425 890 nostram,
1458 818 1555 894 qui
1589 818 1755 874 sedes
1785 818 1857 874 ad
1891 818 2022 873 dex-

442 912 630 964 teram
662 908 869 965 Patris.
903 912 954 970 it.
987 913 1209 982 Agnus.

369 996 564 1053 Gloria
594 1015 780 1070 usque
811 997 1154 1055 saeculorum
1187 1015 1378 1055 amen.
1412 998 1463 1059 It.
1499 998 1721 1070 Agnus.

368 1087 577 1141 Sancte
608 1088 953 1142 Sanctorum
987 1088 1139 1143 Deus
1173 1087 1446 1143 miserere
1477 1085 1665 1141 nobis.

366 1176 578 1231 Sancta
607 1175 705 1232 Dei
738 1176 990 1248 genitrix
1024 1176 1313 1234 intercede
1345 1194 1447 1248 pro
1480 1174 1668 1231 nobis.

365 1265 422 1320 S.
458 1264 741 1320 Michahel
774 1265 1061 1322 intercede
1095 1284 1196 1339 pro
1229 1264 1415 1321 nobis.

365 1353 422 1407 S.
458 1352 731 1409 Gabrihel
762 1354 1054 1415 intercede
1088 1372 1189 1426 pro
1219 1353 1407 1411 nobis.
1464 1345 1473 1351 ”

362 1446 417 1496 S.
453 1440 751 1513 Raphahel
788 1442 1076 1498 inim-cede
1108 1460 1210 1514 pro
1246 1441 1433 1497 nobis.

362 1531 419 1585 S.
456 1530 617 1585 Petre
650 1530 938 1589 intercede
969 1549 1075 1603 pro
1102 1530 1289 1587 nobis.

360 1620 417 1674 S.
455 1619 627 1674 Paule
655 1619 949 1675 intercede
981 1637 1084 1691 pro
1116 1620 1306 1675 nobis.

359 1709 419 1763 8.
450 1708 680 1763 Andrea
709 1707 999 1764 intercede
1030 1724 1131 1780 pro
1167 1709 1353 1764 nobis.

359 1798 417 1851 8.
453 1796 744 1868 Stephane
776 1797 1065 1855 intercede
1094 1796 1199 1871 pro
1234 1796 1422 1854 nobis.

357 1885 415 1940 S.
450 1885 579 1941 Vite
611 1885 902 1942 intercede
932 1902 1034 1958 pro
1067 1885 1256 1943 nobis.

356 1977 411 2027 8.
444 1973 664 2029 Albane
696 1973 987 2031 intercede
1010 1992 1115 2048 pro
1148 1973 1336 2031 nobis.

357 2063 414 2118 8.
448 2062 693 2119 Martiae
724 2062 1015 2119 intercede
1044 2082 1148 2137 pro
1177 2062 1363 2120 nobis.

354 2151 411 2205 8.
448 2151 761 2211 Maximina
792 2152 1081 2209 intercede
1110 2171 1213 2225 pro
1247 2152 1432 2208 nobis.

353 2240 410 2295 S.
445 2238 752 2296 Benedicte
783 2240 1075 2298 intercede
1107 2259 1211 2316 pro
1243 2241 1431 2299 nobis.

352 2329 410 2383 S.
445 2328 710 2385 Felicitas
739 2327 1032 2385 intercede
1065 2346 1166 2402 pro
1199 2330 1385 2386 nobis.

352 2418 410 2473 S.
447 2417 734 2490 Perpetua
765 2417 1055 2474 intercede
1086 2436 1189 2490 pro
1222 2417 1409 2474 nobis.

351 2507 409 2562 8.
442 2505 666 2578 Agatha
696 2506 987 2561 intercede
1017 2523 1121 2579 pro
1153 2507 1341 2562 nobis.

351 2594 409 2649 S.
444 2592 680 2666 Brigida
707 2592 1000 2649 intercede
1030 2610 1134 2667 pro
1164 2595 1353 2650 nobis.

352 2683 412 2737 8.
445 2681 696 2737 Cristina
726 2680 1015 2739 intercede
1048 2700 1151 2756 pro
1184 2683 1372 2739 nobis.

354 2772 413 2827 S.
446 2769 812 2843 Margaretha
842 2770 1133 2827 intercede
1164 2788 1268 2844 pro
1299 2770 1487 2827 nobis.

353 2859 569 2917 Omnes
600 2860 795 2915 Sancti
829 2859 1166 2917 intercedite
1195 2877 1299 2933 pro
1332 2859 1520 2917 nobis.

892 2968 955 3022 In
984 2965 1091 3035 die,
1122 2965 1193 3022 ad
1219 2968 1466 3022 missam.

420 3073 542 3130 Ant.
576 3071 876 3129 Exaudivit
924 3076 1039 3130 etc.
1091 3073 1302 3129 Praesta
1351 3090 1407 3145 q.
1450 3089 1504 3129 o.
1550 3078 1617 3131 D.
1663 3077 1729 3130 ut
1783 3076 1885 3147 qui
1941 3076 2001 3133 in

349 3161 665 3219 afﬂictione
694 3166 805 3218 etc.
836 3162 976 3218 Alia.
1004 3162 1160 3219 Deus
1191 3160 1292 3234 qui
1322 3162 1561 3220 beatum
1591 3162 1854 3221 Marcum
1883 3169 1996 3221 etc.

1164 334 1498 395 APPEND.
1545 333 1647 394 AD
1692 334 1880 395 SEC.
1927 333 1997 393 X.
2034 368 2108 377 —
2140 332 2638 396 MONUMENTA
2683 334 2996 398 LITURG.

2049 465 2101 531 A

3652 334 3787 395 £088

2826 472 2896 524 In
2922 468 3084 525 atrio.

2200 555 2414 611 Adesto
2439 554 2561 612 Dne
2582 554 3108 629 supplicationibus
3136 556 3387 623 nostris,
3410 560 3469 614 et
3494 562 3786 630 sperantes

2131 642 2190 697 in
2224 647 2327 698 tua
2354 642 2757 699 misericordia
2803 642 3200 699 intercedente
3249 643 3427 699 beato
3460 643 3630 699 Petro
3662 661 3782 717 ape

2130 731 2278 787 stolo
2311 736 2432 799 tuo,
2457 730 2675 788 caelesti
2706 736 2941 807 protege
2971 732 3266 804 benignus
3300 732 3542 790 auxilio.
3577 732 3701 788 Per.

2828 821 2891 876 In
2920 823 3081 877 atrio.

2201 909 2414 966 Praesta
2443 926 2512 982 qs
2541 909 2913 982 omnipotens
2947 911 3115 974 Deus,
3148 914 3215 966 ut
3260 909 3336 965 ad
3378 912 3435 965 te
3464 914 3590 966 toto
3616 912 3781 968 corde

2128 996 2470 1065 clamantes,
2503 997 2895 1054 intercedente
2938 997 3105 1055 beato
3143 998 3211 1053 N.
3250 1003 3512 1071 martyre
3542 1002 3645 1054 tuo
3675 1006 3773 1053 tuae

2127 1086 2362 1159 pietatis
2390 1086 2817 1161 indulgentiam
2851 1103 3304 1160 consequamur.
3339 1088 3467 1143 Per.

2198 1176 2337 1231 Alia.
2372 1177 2631 1233 Concede
2662 1193 2769 1232 nos
2812 1175 3062 1231 famulos
3111 1180 3247 1232 tuos
3295 1193 3646 1248 quaesumus
3677 1176 3775 1232 Do-

2126 1264 2284 1320 mine
2315 1265 2470 1321 Deus
2508 1269 2790 1338 perpetua
2839 1264 3051 1320 mentis
3105 1268 3163 1320 et
3215 1263 3482 1336 corporis
3538 1264 3773 1321 sanitate

2123 1353 2397 1425 gaudere,
2427 1357 2486 1409 et
2515 1352 2769 1427 gloriosa
2800 1353 2978 1408 beatis
3013 1350 3205 1408 Maria:
3228 1350 3494 1425 Virginis
3517 1352 3777 1410 interces

2123 1441 2286 1498 sione
2316 1460 2350 1498 a
2381 1440 2647 1515 praesenti
2680 1440 2914 1497 liberari
2944 1439 3203 1509 tristitia,
3239 1444 3301 1497 et
3331 1441 3537 1497 futura
3567 1444 3769 1514 perfrui

2122 1529 2350 1587 lacticis.
2386 1531 2508 1587 Per.

2192 1621 2335 1677 Alia.
2371 1621 2631 1677 Concede
2672 1618 3003 1675 misericors
3031 1619 3185 1675 Deus
3230 1616 3543 1692 fragilitati
3576 1627 3767 1677 nostra!

2123 1708 2569 1781 praisidium,ut
2616 1709 2717 1783 qui
2768 1712 2979 1765 sancta:
3012 1707 3111 1764 Dei
3162 1707 3473 1781 genitricis
3533 1708 3764 1782 gloriam

2039 1841 2087 1905 Β
2120 1797 2505 1867 celebramus,
2560 1797 2995 1854 intercessionis
3048 1797 3177 1868 ejus
3231 1795 3454 1853 auxilio
3485 1815 3522 1853 a
3564 1800 3761 1855 nostris

2121 1888 2195 1899 ..
2289 1888 2322 1905 ..
2604 1904 2611 1905 ί
2992 1886 3094 1905 η,-

2117 1887 2530 1961 iniquitatibus
2560 1903 2959 1960 resurgamus.
2991 1886 3116 1941 Per.

2184 1978 2327 2034 Alia.
2364 1977 2446 2034 Da
2477 1976 2646 2033 nobis
2668 1993 3010 2049 quaesumus
3033 1973 3281 2030 Domine
3302 1975 3375 2030 de
3399 1974 3758 2032 tribulatione

2115 2067 2400 2137 laatitiam,
2425 2070 2491 2122 ut
2512 2066 2611 2139 qui
2633 2065 2733 2121 diu
2766 2082 2869 2138 pro
2897 2063 3148 2138 peccatis
3180 2062 3402 2120 nostris
3433 2065 3755 2139 afﬂigimur,

2115 2156 2505 2215 intercedente
2536 2154 2703 2210 beato
2734 2151 2834 2209 illo
2885 2155 3137 2225 martyre
3166 2156 3265 2208 tuo
3292 2151 3359 2208 in
3393 2157 3499 2209 tua
3548 2155 3756 2210 miseri-

2115 2244 2314 2301 cordia
2344 2244 2723 2317 respiremus.
2757 2243 2880 2299 Per.

2182 2333 2326 2389 Alia.
2361 2334 2515 2391 Deus
2542 2332 2641 2405 qui
2666 2333 2828 2404 juste
2858 2329 3147 2396 irasceris,
3171 2332 3229 2385 et
3258 2329 3583 2388 clementer
3612 2332 3753 2405 igno-

2114 2423 2229 2481 scis
2260 2422 2459 2479 afﬂicti
2508 2420 2708 2495 populi
2756 2420 3031 2479 lacrimas
3079 2417 3324 2492 respice,
3354 2424 3411 2475 et
3461 2420 3611 2477 iram
3658 2428 3752 2476 tua

2115 2511 2561 2586 indignationis,
2611 2528 2790 2584 quam
2842 2511 3003 2582 juste
3059 2524 3361 2564 meremur
3417 2509 3752 2582 propitiatus

2113 2605 2324 2658 averte.
2359 2601 2482 2656 Per.

2179 2690 2322 2745 Alia.
2368 2688 2757 2746 Afﬂictiouem
2809 2684 3039 2749 familiae
3089 2689 3203 2742 tuae
3254 2703 3603 2760 quaesumus
3648 2687 3753 2742 Due

2112 2778 2345 2834 intende
2382 2777 2657 2855 placitus,
2690 2780 2753 2832 ut
2801 2774 3027 2833 indulta
3072 2776 3244 2832 venia
3290 2780 3660 2849 peccatorum
3690 2777 3751 2831 de

2110 2867 2229 2923 tuis
2260 2884 2490 2940 semper
2517 2866 2815 2924 beneficiis
2844 2864 3184 2938 gloriemur.
3218 2865 3345 2920 Per.

2179 2956 2323 3013 Alia.
2357 2956 2572 3012 Praesta
2602 2971 2941 3028 quaesumus
2970 2954 3343 3026 omnipotens
3376 2957 3551 3021 Deus,
3572 2960 3633 3010 ut
3660 2956 3747 3027 qui

2111 3044 2257 3102 iram
2303 3049 2419 3102 tua;
2463 3043 2884 3118 indignationis
2932 3041 3301 3117 agnovimus,
3352 3042 3746 3101 misericordia

2107 3137 2220 3190 tuae
2252 3133 2678 3209 indulgentiam
2712 3148 3162 3206 consequamur.
3202 3131 3328 3188 Per.

2028 3210 2071 3276 Ο
2177 3222 3009 3323 Alia.‘Misericordiam-tuam
3027 3217 3296 3323 “Domine
3330 3221 3503 3323 nobis
3534 3238 3746 3323 quassu.

349 3340 495 3395 mini
523 3338 866 3396 alterutrum
897 3344 1007 3395 etc.
1032 3339 1301 3397 Alleluia.
1331 3340 1702 3398 Conﬂtemini
1730 3346 1855 3398 Dno
1884 3346 1995 3399 etc.

349 3427 614 3484 Alleluia.
647 3428 780 3484 Jam
834 3445 948 3485 non
1000 3427 1160 3486 estis.
1192 3428 1503 3486 Secundum
1551 3431 1772 3489 Lam.
1804 3430 1869 3488 In
1897 3429 2001 3489 illo

348 3520 628 3591 tempore.
649 3517 802 3574 Dixit
821 3518 918 3574 Ihs
937 3517 1246 3590 discipulis
1275 3518 1420 3575 suis.
1436 3518 1578 3585 Quis
1596 3524 1857 3579 vestrum
1885 3523 1998 3577 etc.

351 3606 452 3679 ΟῙῙ.
478 3606 808 3662 Conﬂtebor
856 3610 966 3663 etc.
1006 3605 1271 3663 Alleluia.
1310 3606 1544 3664 Secreta.
1577 3608 1708 3665 Haec
1755 3624 2002 3666 munera

349 3698 459 3750 etc.
484 3695 606 3751 Alia
635 3695 869 3752 Secreta.
893 3696 1053 3751 Hanc
1074 3699 1195 3751 Dne
1230 3713 1300 3768 qs
1322 3696 1676 3753 oblationem
1703 3714 1807 3770 pro
1835 3714 1999 3754 com-

350 3783 774 3839 memoratione
804 3783 963 3840 beati
1004 3783 1182 3840 Marci
1214 3788 1326 3840 ete.
1352 3785 1497 3842 Com.
1528 3786 1708 3843 Petite
1749 3790 1808 3843 et
1851 3786 2000 3842 acci-

350 3871 546 3944 pietis,
589 3870 854 3927 Alleluia.
900 3873 979 3927 Ad
1023 3873 1417 3944 complendum.
1445 3874 1592 3931 Vota
1640 3880 1843 3933 nostra
1887 3879 1998 3933 etc.

350 3961 436 4015 Al.
468 3959 538 4014 ad
565 3960 760 4031 compl.
795 3959 951 4016 Pasti
982 3961 1112 4017 cibo
1151 3960 1430 4032 spiritalis
1459 3963 1749 4022 alimonia
1776 3982 1850 4035 qs
1876 3965 2005 4022 Dne

350 4047 429 4104 Ds
449 4065 537 4115 nr,
557 4052 622 4103 ut
641 4050 800 4121 quod
824 4049 1103 4122 mysterio
1122 4049 1588 4122 frequentamus,
1611 4053 2003 4112 intercedente

350 4138 521 4194 beato
553 4137 746 4195 Marco
780 4137 1137 4211 evangelista
1165 4142 1224 4196 et
1261 4140 1535 4211 pontifice
1565 4140 1739 4213 plena
1764 4143 2003 4201 veritate

349 4243 802 4298 consequamur.
843 4228 969 4284 Per.
1058 4238 1061 4243 '

938 4336 1085 4393 Alia:
1113 4337 1407 4392 orationes.

422 4432 673 4488 Mentem
696 4431 928 4489 familiae
950 4437 1061 4489 tua:
1084 4451 1153 4507 qs
1176 4434 1296 4490 Dne
1320 4434 1710 4492 intercedente
1736 4436 1906 4513 beato
1933 4440 2004 4508 Ν,

351 4524 603 4595 martyre
623 4524 724 4577 tuo
745 4524 803 4577 et
825 4538 1065 4579 munere
1085 4523 1553 4597 compunctionis
1594 4524 1775 4598 aperi,
1799 4530 1855 4583 et
1890 4527 2003 4585 lar—

349 4607 527 4680 gitate
557 4607 789 4680 pietatis
820 4609 1047 4665 exaudi.
1079 4610 1411 4667 Alia.'Deus
1444 4612 1543 4684 qui
1576 4612 1776 4686 culpas
1807 4613 1999 4671 delin-

349 4694 655 4768 quentium
687 4696 949 4753 districts
977 4696 1233 4754 feriendo
1261 4700 1541 4771 percutis,
1567 4699 1736 4756 ﬂetus
1767 4719 2000 4777 quoque

349 4783 678 4859 lugentium
701 4802 816 4842 non
844 4791 1176 4855 recuses,ut
1201 4788 1298 4861 qui
1328 4789 1557 4860 pondus
1588 4793 1699 4844 tuae
1731 4790 1996 4849 animad-

345 4872 630 4930 versionis
660 4874 1061 4949 cognovimus,
1093 4876 1268 4933 etiam
1312 4876 1544 4951 pietatis
1583 4878 1831 4950 gratiam
1864 4898 1995 4951 sen-

347 4961 586 5017 tiamus.
612 4962 736 5018 Per.
760 4966 904 5021 Alia.
925 4966 1099 5021 Parce
1131 4966 1273 5036 Dne,
1305 4983 1475 5040 parce
1522 4967 1737 5041 populo
1775 4973 1896 5038 tuo,
1932 4976 1997 5027 ut

347 5048 528 5105 nullis
540 5052 666 5122 jam
692 5052 931 5122 patiaris
952 5055 1402 5112 adversitatibus
1422 5054 1675 5130 fatigari,
1704 5074 1851 5130 quos
1870 5077 1996 5132 pre-
2065 5101 2074 5110 .

346 5137 497 5194 tioso
529 5138 657 5194 Filii
686 5140 771 5194 tui
802 5143 1090 5215 sanguine
1120 5145 1439 5213 redemisti,
1465 5147 1567 5220 qui
1595 5149 1810 5203 tecum.

1003 5250 1083 5306 Ad
1110 5267 1342 5308 crucem.

418 5346 567 5398 Deus
600 5340 691 5397 cui
712 5342 915 5417 culpas
944 5351 1176 5403 nostras
1204 5349 1318 5422 piis
1346 5349 1683 5406 verberibus
1713 5354 1991 5424 percutis,

346 5434 411 5486 ut
458 5448 565 5487 nos
595 5449 628 5487 a
659 5432 875 5489 nostris
924 5433 1333 5508 iniquitatibus
1381 5440 1685 5508 emundes,
1720 5441 1794 5497 da
1825 5442 1994 5499 nobis

344 5525 402 5575 et
432 5521 504 5576 de
534 5516 769 5578 verbere
798 5526 897 5580 tuo
926 5525 1228 5598 proﬁcere,
1260 5530 1316 5582 et
1350 5527 1420 5583 de
1451 5531 1553 5583 tua
1581 5528 1754 5587 citius
1785 5548 1994 5589 conso-

347 5607 561 5667 latione
589 5612 860 5683 gaudere.
897 5614 1019 5671 Per.

2108 3329 2240 3369 mus
2270 3312 2687 3370 interveniente
2717 3312 2885 3368 beato
2909 3309 3241 3381 confessore
3270 3313 3375 3365 tuo
3406 3309 3492 3366 ill.
3517 3308 3745 3366 clemen-

2106 3405 2196 3457 ter
2224 3402 2516 3476 impende,
2536 3404 2593 3458 et
2614 3400 2783 3458 nobis
2806 3399 3207 3473 peccatoribus
3232 3397 3425 3472 ipsius
3446 3399 3743 3472 prOpitiane

2108 3491 2425 3566 suffragiis.
2460 3495 2585 3547 Per.

2178 3582 2320 3636 Alia.
2361 3580 2443 3636 Ne
2501 3577 2789 3651 despicias
2838 3575 3208 3650 omnipotens
3265 3580 3422 3633 Deus
3479 3576 3745 3650 populum

2107 3673 2278 3724 tuum
2309 3669 2367 3724 in
2390 3667 2700 3724 afﬂictione
2724 3666 3097 3732 clamantem,
3115 3664 3217 3719 sed
3247 3669 3491 3738 propter
3514 3665 3743 3739 gloriam

2109 3757 2368 3814 nominis
2398 3756 2481 3813 tui
2517 3754 2935 3812 tribulantibus
2967 3770 3242 3809 succurre
3278 3754 3569 3826 placatus.
3603 3753 3713 3809 Per.

2800 3861 3072 3900 LETANIA.

2110 3936 2273 3992 Votis
2304 3934 2667 4008 supplicibus
2694 3949 2864 3990 voces
2900 3949 3076 4004 super
3106 3936 3265 3988 astra
3294 3931 3555 3988 feramus

2182 4026 2397 4081 Trinus
2427 4028 2493 4080 ut
2522 4028 2580 4080 et
2608 4022 2856 4097 simplex
2886 4039 2993 4078 nos
3029 4025 3192 4093 regat
3224 4019 3618 4094 omnipotens.

2110 4116 2324 4171 Sancta
2354 4112 2561 4169 mundi
2606 4112 2855 4167 Domina
2903 4109 3072 4165 stella
3118 4110 3298 4165 maris
3348 4109 3537 4165 Maria
3568 4116 3629 4165 tu
3654 4125 3744 4181 pro

2183 4202 2351 4260 nobis
2381 4201 2589 4259 Filium
2620 4217 2724 4258 ora
2751 4198 3047 4256 Christum
3076 4198 3417 4256 Dominum.

2112 4294 2357 4350 Summo
2388 4290 2545 4348 sedis
2575 4289 2843 4345 minister
2867 4287 3002 4360 quis
3027 4291 3092 4343 ut
3119 4286 3275 4343 Deus
3305 4286 3599 4344 Michahel
3627 4303 3738 4342 cum

2184 4378 2459 4453 supernis
2486 4376 2710 4434 civibus
2740 4394 2847 4433 nos
2867 4377 3069 4448 juvato
3100 4374 3395 4448 precibus.

2115 4471 2288 4527 Preco
2319 4467 2533 4526 Christi
2562 4465 2861 4524 Johannes
2889 4464 3036 4538 Agni
3078 4464 3181 4521 Dei
3228 4468 3505 4521 ostensor
3536 4464 3739 4520 redem-

2018 4581 2079 4645 ‘D
2184 4558 2327 4616 toris
2358 4556 2617 4629 Baptista
2646 4571 2752 4645 nos
2786 4555 2898 4645 Deo
2930 4551 3195 4645 concilia.

2110 4648 2319 4705 Sancte
2348 4648 2513 4703 Pctre
2543 4660 2676 4701 cum
2717 4642 2894 4700 Paulo
2940 4642 3286 4713 cunctisque
3333 4638 3619 4714 apostolis
3644 4641 3741 4697 im-

2177 4735 2398 4810 plorate
2425 4750 2530 4808 pro
2561 4731 2731 4789 nobis
2761 4731 3091 4805 majestatis
3120 4724 3467 4788 Dominum.

2108 4827 2325 4899 Martyr
2353 4823 2580 4882 Christe
2610 4820 2899 4878 Theodole
2939 4824 3298 4893 patroneque
3329 4819 3561 4876 Albane
3591 4815 3745 4875 simul

2168 4914 2393 4988 junctis
2419 4910 2641 4969 meritis
2674 4928 2780 4968 nos
2811 4908 3014 4967 solvite
3044 4908 3421 4966 criminibus.

2105 5005 2497 5075 Protomartyr
2527 4998 2819 5072 Stephano
2862 5015 3066 5055 omnes
3115 5004 3293 5070 atque
3339 5002 3745 5070 martyresvos

2175 5097 2335 5151 orate
2364 5108 2468 5164 pro
2500 5087 2726 5146 cunctis
2754 5085 3025 5161 plebibus
3054 5085 3378 5143 catholicis.

2102 5184 2146 5240 0
2179 5180 2437 5238 Bodarde
2466 5178 2765 5234 confessor
2805 5168 3171 5249 Martiusque
3217 5175 3443 5248 pariter
3470 5193 3585 5232 nos
3629 5188 3744 5230 cum

2173 5267 2608 5328 confessoribus
2637 5266 2908 5338 adjuvate
2935 5265 3227 5339 precibus.

2104 5361 2149 5418 Ο
2179 5378 2245 5417 sa
2277 5363 2498 5430 martyr
2531 5353 2798 5411 Felicitas
2835 5353 3043 5409 cohors
3082 5359 3256 5426 atque
3298 5350 3603 5426 virginum
3632 5365 3745 5425 pre-

2173 5450 2340 5506 cibus
2368 5444 2663 5503 continuis
2690 5440 2981 5516 postulate
3010 5459 3116 5515 pro
3147 5440 3339 5498 nobis.

2104 5539 2321 5596 Omnes
2351 5534 2537 5593 sancti
2568 5530 2800 5589 Domini
2829 5530 3036 5605 Augeli
3067 5534 3123 5586 et
3156 5530 3433 5588 homines
3463 5546 3742 5588 commen-

2176 5629 2308 5683 date
2339 5622 2585 5698 populos
2615 5614 2862 5679 Domino
2894 5618 3241 5676 Catholicos.
