3892 6212
68 395 89 452 Ι
106 395 244 454 093

875 398 1314 471 DENEDICT.,
1362 397 1845 463 CONSECRAT.
1895 398 1993 459 ΕΤ
2038 400 2408 462 ()ltDlNA'l‘.
2462 400 2747 463 VARI/Ii.

3351 405 3507 464 1094

57 526 238 598 (hos)
277 527 569 586 famulum
604 530 715 604 (os)
744 533 913 588 tuum
948 532 1056 606 (os)
1090 549 1265 606 quem
1299 532 1410 605 (os)
1434 533 1503 589 ad
1534 549 1745 589 novam
1776 534 1829 599 Α
1862 531 2105 589 t'ectione
2136 534 2453 590 sustentari
2487 539 2814 604 mereatur;
2847 540 2913 591 ut
2941 535 3093 592 sicut
3133 538 3396 593 attestari
3437 537 3509 593 de

57 616 374 672 tondendi
422 618 675 693 gratiam
704 637 909 677 vocare
957 622 1235 696 dignatus
1280 639 1364 691 es,
1406 621 1673 678 tribuens
1698 620 1752 677 ei

61 703 216 776 (eis)
271 707 684 766 remissionem
736 711 1002 767 omnium
1043 706 1437 784 peccatorum,
1472 715 1647 783 atque
1678 710 1749 766 ad

60 793 420 852 calestium
452 797 739 854 donorum
771 798 1069 871 pervenire
1100 799 1482 857 consortium.
1516 800 1644 856 Per.

735 888 813 944 Ad
853 888 1098 945 barbam.

150 973 344 1046 Deus,
374 975 545 1048 cujus
577 976 796 1051 Spiritu
843 984 1111 1035 creatura
1140 976 1332 1035 omnis
1374 977 1754 1033 incrementis

66 1062 298 1118 adulta
318 1065 668 1138 congaudet,
683 1067 891 1123 exaudi
916 1084 1118 1139 preces
1149 1071 1380 1123 nostras
1404 1084 1581 1142 super
1599 1067 1756 1122 hunc

66 1152 385 1209 famulum
416 1157 584 1210 tuum
618 1155 980 1229 N.juvenilis
1006 1158 1193 1213 aetatis
1219 1158 1424 1215 decore
1441 1156 1753 1224 laetantem,

68 1245 137 1295 et
193 1240 403 1298 ﬂorem
459 1244 666 1315 primis
715 1246 999 1319 anapieiis
1047 1247 1465 1303 adtendentem
1498 1266 1517 1303 :
1548 1245 1757 1303 exaudi

71 1328 366 1398 Domine,
399 1336 465 1387 ut
496 1332 553 1387 in
586 1332 863 1389 omnibus
890 1334 1291 1407 protectionis
1339 1339 1450 1390 tua:
1490 1336 1757 1393 munitus

74 1418 336 1487 auxilio,
371 1418 663 1477 caelestem
714 1421 1186 1479 benedictionem
1242 1423 1509 1497 accipiat,
1533 1430 1589 1480 et
1618 1442 1759 1497 prae-

73 1508 280 1564 sentis
311 1507 441 1563 vitae
473 1510 765 1582 praesidiis
796 1512 1069 1584 gaudeat,
1104 1517 1159 1567 et
1189 1518 1437 1569 aeternis.
1472 1515 1594 1570 Per.

158 1597 298 1653 Post
351 1599 558 1669 Evang.
598 1600 829 1671 majoris
892 1602 1070 1659 Missi-'3
1128 1601 1412 1659 Ordinatio
1461 1604 1759 1669 monacho-

73 1703 221 1741 rum
252 1694 334 1743 est
362 1687 573 1758 agenda
616 1688 715 1745 hoc
763 1689 922 1746 modo
951 1710 970 1746 :
1003 1691 1121 1765 Ego
1170 1692 1347 1748 frater
1383 1691 1450 1748 N.
1483 1694 1760 1766 promitto

77 1776 477 1834 stabilitatem
491 1781 549 1834 et
561 1778 998 1835 conversionem
1018 1796 1248 1837 morum
1269 1797 1535 1838 meorum
1550 1786 1607 1838 et
1623 1782 1758 1838 obe-

81 1863 382 1919 dientiam
404 1867 729 1921 secundum
745 1866 1025 1940 Regulam
1042 1868 1224 1924 sancti
1240 1868 1542 1926 BENEDICTI
1560 1887 1756 1926 coram
1787 1903 1835 1968 Β

76 1953 311 2021 Deo,et
342 1952 569 2010 Sanctis
599 1954 727 2025 cjus
757 1955 817 2010 in
849 1955 959 2011 hoc
989 1957 1342 2014 monasterio
1360 1959 1756 2034 Renaugensi,

86 2041 257 2113 quod
292 2044 385 2099 est
416 2047 816 2098 constructum
842 2044 901 2098 in
927 2044 1145 2103 honore
1166 2046 1223 2100 S.
1245 2046 1439 2103 Mariae
1462 2048 1765 2121 genitricis

88 2130 198 2184 Dei
230 2148 243 2198 ;
277 2130 337 2185 in
369 2132 678 2204 praesentia
709 2131 939 2187 Domini
972 2136 1083 2190 etc.
1117 2134 1382 2191 Abbatis.

170 2222 285 2275 Hoc
310 2228 595 2293 postquam
621 2221 837 2292 singuli
864 2224 1072 2291 legunt,
1105 2231 1188 2279 ter
1205 2226 1423 2280 veniam
1452 2243 1615 2299 super
1644 2244 1765 2283 ma-

90 2326 204 2364 nus
233 2318 286 2366 et
311 2326 489 2380 genua
512 2318 746 2381 petentes
775 2310 917 2366 hunc
946 2315 997 2375 ἵ.
1028 2311 1219 2369 dicunt
1248 2332 1266 2368 :

170 2405 226 2465 ᾖ.
259 2398 501 2472 Suscipe
534 2416 625 2454 me
656 2398 900 2455 Domine
931 2401 1256 2457 secundum
1292 2406 1403 2459 etc.

187 2487 400 2555 Quibus
450 2496 714 2545 conventu
757 2489 1111 2561 respondente
1169 2492 1513 2563 adiungendo
1574 2492 1769 2550 Gloria

104 2578 343 2649 etc,ipsi
369 2576 569 2633 novitii
595 2594 794 2650 gyrum
811 2580 1075 2651 facientes
1092 2580 1253 2651 ﬂexis
1282 2582 1597 2654 poplitibus,
1626 2591 1770 2654 post-

103 2683 175 2722 ea
215 2670 577 2739 prosternunt
603 2683 658 2722 se
687 2666 757 2722 ad
787 2672 928 2724 orat.
960 2668 1025 2725 Et
1076 2671 1346 2726 Dominus
1393 2671 1578 2727 Jbbas
1614 2680 1766 2727 stans

106 2757 351 2828 imponit
378 2773 398 2811 :
429 2756 597 2829 Kyrie
627 2756 974 2813 etc.Christe
1004 2762 1114 2813 etc.
1148 2759 1320 2829 Kyrie
1348 2759 1635 2816 etc.Pater
1664 2777 1768 2817 no-

106 2849 238 2900 ster
265 2847 375 2900 etc.
407 2843 681 2901 Miserere
710 2843 825 2901 mei
854 2844 1012 2902 Deus
1041 2850 1152 2902 etc.

181 2932 423 2989 Salvum
456 2934 567 3006 (os)
596 2933 686 2989 fac
717 2950 951 2990 servum
983 2940 1094 3006 (os)
1126 2940 1292 2992 tuum
1326 2938 1454 3010 (os).

183 3019 350 3076 Mitte
381 3019 433 3077 ei
464 3019 592 3093 (eis)
623 3021 868 3079 Domine
898 3021 1182 3080 auxilium
1215 3025 1285 3080 de
1315 3031 1538 3083 sancto.

181 3107 343 3164 Nihil
372 3108 639 3182 proﬁciat
664 3110 942 3169 inimicus
971 3111 1031 3168 in
1063 3129 1130 3168 eo
1159 3113 1313 3186 (eis).

185 3198 321 3254 Esto
350 3197 401 3253 ei
428 3197 562 3268 (eis)
590 3197 832 3256 Domine
862 3200 1043 3257 turris
1072 3201 1451 3259 fortitudinis.

436 3286 723 3344 Dominus
754 3288 1079 3347 vobiscum.

185 3374 470 3432 Oremus:
495 3375 649 3432 Deus
670 3376 1052 3451 indulgentiae
1072 3379 1367 3454 Pater,qui
1399 3383 1766 3439 severitatem

114 3468 234 3520 tuae
261 3463 646 3521 districtionis
677 3471 1010 3539 temperans
1040 3468 1308 3535 induisti,
1341 3488 1411 3526 ne
1440 3469 1599 3528 ﬁlius
1628 3489 1768 3546 por-

111 3557 268 3609 taret
295 3551 664 3625 iniquitatem
695 3556 912 3628 patris;
946 3559 1003 3612 et
1030 3555 1130 3630 qui
1161 3557 1311 3614 mira
1331 3559 1768 3632 dispensatione

113 3642 295 3697 etiam
326 3641 499 3697 malis
515 3642 663 3699 bene
680 3648 852 3700 utens
871 3648 984 3700 tum
1016 3646 1372 3719 dignationis
1393 3648 1643 3721 gratiam
1666 3665 1770 3722 per

112 3747 217 3787 eos
274 3731 608 3804 frequenter
660 3733 957 3806 operat-is;
1001 3751 1339 3807 quaesumus
1394 3735 1767 3794 clementiam

115 3823 376 3887 tuam,ut
403 3820 541 3876 huic
559 3820 777 3877 famulo
792 3824 894 3877 tuo
912 3840 1027 3878 non
1047 3823 1476 3897 obsistat,quod
1498 3825 1768 3883 habitum

8 3948 11 3953 -
115 3908 417 3981 religionis
447 3926 551 3982 per
577 3926 685 3968 nos
714 3914 880 3967 tanta
908 3928 974 3967 ac
1002 3911 1104 3967 tali
1135 3930 1195 3968 re
1225 3912 1498 3987 indignos
1534 3914 1766 3989 accipit,

117 3999 219 4054 sed
254 3998 833 4073 ministerium.quod
867 4000 1122 4057 exterius
1155 4018 1257 4074 per
1300 4019 1409 4058 nos
1439 4003 1766 4073 exhibetur,

118 4093 185 4142 tu
215 4087 461 4143 interius
484 4103 586 4160 per
614 4088 767 4146 dona
795 4089 854 4144 S.
888 4088 1142 4162 Spiritus
1172 4091 1499 4164 exequaris.
1533 4091 1659 4148 Per.

198 4180 365 4244 Deus,
399 4175 501 4248 qui
533 4193 636 4250 per
680 4182 1034 4234 eoaeternum
1080 4178 1290 4236 Filium
1336 4184 1508 4237 tuum
1556 4185 1772 4237 cuncta

120 4265 356 4331 creasti,
390 4265 606 4339 quippe
636 4267 925 4324 mundum
956 4268 1208 4340 peccatis
1251 4268 1637 4326 inveteratum
1669 4288 1773 4344 per

124 4353 466 4428 mysterium
490 4354 912 4412 incarnationis
932 4356 1060 4428 ejus
1080 4372 1356 4413 renovare
1377 4357 1656 4431 dignatus
1672 4376 1734 4415 es
1754 4377 1767 4427 ;

122 4448 181 4499 te
210 4441 550 4516 suppliciter
577 4459 885 4500 exoramus
918 4461 932 4502 :
959 4448 1023 4500 ut
1042 4444 1307 4517 ejusdem
1330 4446 1562 4502 Domini
1583 4447 1771 4504 nostri

125 4530 312 4606 gratia
340 4530 682 4606 superhunc
704 4531 990 4589 famulum
1014 4538 1183 4590 tuum
1200 4534 1770 4593 abrenuntiationem

126 4619 304 4677 seculi
336 4619 726 4694 profitentem,
772 4619 1091 4678 clementer
1139 4622 1425 4696 respicere
1465 4624 1771 4699 dignetur;
1802 4635 1849 4702 ι)

125 4726 229 4784 per
256 4725 433 4782 quam
464 4708 525 4764 in
556 4709 768 4783 spiritu
799 4727 917 4767 suae
948 4711 1162 4768 mentis
1187 4717 1499 4770 renovatus
1519 4717 1771 4768 veterem

126 4797 419 4854 hominem
439 4814 575 4855 cum
605 4798 729 4855 suis
759 4798 988 4855 actibus
1018 4803 1274 4867 exuat,et
1304 4802 1644 4874 novum,qui
1679 4819 1774 4857 se-

124 4888 381 4943 cundum
413 4886 595 4943 Deum
626 4893 735 4955 est,
767 4888 1010 4945 induere
1041 4894 1353 4945 mereatur.
1405 4891 1530 4946 Per.

197 4975 435 5033 Domine
464 4977 605 5033 Jesu
635 4975 993 5050 Christe,qui
1036 4994 1099 5035 es
1144 4977 1239 5034 via
1270 4978 1396 5035 sine
1445 4996 1562 5052 qua
1601 4996 1775 5036 nemo

124 5065 363 5121 venitad
381 5064 610 5121 Patrem
633 5082 646 5133 ;
667 5080 1009 5137 quaesumus
1026 5066 1512 5140 benignissimum
1527 5066 1775 5124 clemen-

125 5156 266 5210 tiam
296 5158 553 5221 tuam,ut
582 5152 740 5210 hunc
761 5153 1048 5210 famulum
1071 5159 1238 5210 tuum
1258 5174 1291 5211 a
1316 5155 1650 5213 carnalibus
1673 5158 1773 5213 de-

128 5241 355 5301 sideriis
372 5242 868 5317 abstractum,per
884 5244 993 5299 iter
1014 5243 1335 5318 disciplina:
1360 5244 1644 5319 regularis
1674 5246 1773 5302 de-

130 5334 305 5389 ducas
328 5350 342 5401 ;
375 5335 433 5387 et
461 5332 565 5405 qui
582 5335 912 5405 peccatores
925 5324 1129 5389 vocare
1149 5333 1426 5407 dignatus
1447 5352 1509 5391 es
1532 5335 1732 5390 dicens
1756 5350 1770 5390 :

130 5420 321 5479 Venite
348 5421 422 5477 ad
456 5437 550 5477 me
577 5420 913 5494 omnes,qui
943 5419 1223 5479 laboratis
1264 5428 1322 5478 et
1355 5424 1578 5479 onerati
1609 5424 1773 5494 estis,

131 5514 187 5566 et
212 5526 313 5583 ego
342 5524 445 5566 vos
476 5508 734 5566 reﬁciam
756 5527 769 5578 ;
793 5514 1008 5582 prtesta
1031 5526 1044 5565 :
1065 5515 1131 5565 ut
1150 5509 1273 5566 haec
1287 5527 1397 5567 vox
1416 5510 1774 5567 invitationis

132 5604 237 5656 tua:
284 5599 367 5654 ita
414 5598 473 5653 in
506 5612 574 5653 eo
622 5597 1008 5668 convalescat,
1063 5602 1355 5672 quatenus
1402 5603 1773 5673 peccatorum

131 5702 297 5751 onera
325 5690 645 5764 deponens,
678 5692 735 5746 et
763 5703 942 5764 quam
973 5685 1163 5747 dulcis
1192 5704 1274 5759 es,
1299 5691 1673 5766 gustans,tua
1692 5703 1778 5747 τε·

1861 619 2198 678 tuisovihus
2215 621 2493 696 dignatus
2505 641 2588 693 es;
2603 641 2851 697 agnosce
2867 641 3000 682 eum
3022 625 3171 681 inter
3181 643 3314 682 oves
3340 631 3471 683 tuas
3491 643 3505 694 ;

1860 714 1918 766 et
1946 710 2070 783 ipse
2098 716 2154 767 te
2183 716 2555 785 agnoscat,ut
2571 712 2829 771 alienum
2854 731 2966 771 non
3000 716 3403 787 sequatur,scd
3425 720 3507 770 te:

1863 816 2051 872 neque
2081 800 2282 856 audiat
2308 818 2507 858 vocem
2530 800 2984 872 alienorum,sed
2998 807 3304 875 tuam,qua
3323 801 3471 859 dicis
3494 819 3510 859 :

1863 888 1963 962 qui
2009 888 2153 945 mihi
2201 889 2521 960 ministrat,
2554 908 2647 947 me
2678 896 2978 964 sequatur.
3012 891 3120 959 Qui
3157 890 3303 949 vivis
3330 894 3437 948 etc.

1934 979 2143 1035 Sancte
2172 979 2449 1052 Spiritus,
2483 980 2583 1053 qui
2615 985 2669 1036 te
2691 980 2899 1050 Deum,
2922 998 2987 1038 ac
3011 981 3324 1038 Dominum
3356 996 3514 1037 reve-

1862 1065 1982 1123 lare
2014 1066 2363 1124 mortalibus
2394 1069 2672 1143 dignatus
2702 1086 2786 1141 es,
2804 1068 3155 1126 immensam
3187 1074 3301 1126 tua:
3329 1070 3516 1143 pieta-

1863 1156 1941 1211 tis
1970 1156 2220 1230 gratiam
2242 1157 2609 1231 postulamus
2632 1177 2645 1214 :
2662 1161 2723 1214 ut
2742 1159 2895 1215 sicut
2911 1159 3009 1215 ubi
3031 1159 3117 1216 vis
3131 1160 3341 1233 spiras,
3357 1160 3441 1216 sic
3459 1164 3520 1216 et

1865 1245 2003 1300 huic
2035 1244 2254 1303 famulo
2284 1251 2383 1303 tuo
2413 1246 2686 1303 allectum
2717 1248 3039 1304 devotionis
3074 1247 3380 1322 indulgeas
3413 1267 3427 1317 ;
3460 1253 3519 1305 et

1867 1333 2145 1407 quoniam
2163 1338 2264 1390 tua
2285 1335 2571 1408 sapientia
2601 1341 2690 1392 est
2711 1335 3110 1404 conditus,tua
3136 1354 3368 1410 quoque
3389 1354 3518 1409 pro-

1869 1423 2130 1479 videntia
2164 1424 2564 1496 gubernetur;
2597 1441 2772 1497 quem
2813 1426 2983 1497 juxta
3029 1431 3368 1482 consuetam
3411 1427 3517 1482 tibi

1867 1512 2116 1584 gratiam
2151 1512 2347 1567 unctio
2369 1517 2470 1568 tua
2485 1514 2556 1568 de
2576 1514 2852 1569 omnibus
2883 1515 3083 1571 deceat
3107 1520 3194 1584 ;et
3217 1532 3317 1589 per
3338 1516 3521 1572 inter—

1867 1601 2191 1657 cessionem
2222 1601 2554 1661 beatissimi
2598 1602 2895 1659 Benedicti
2944 1619 3117 1676 quem
3162 1605 3520 1677 praecipuum

1866 1689 2049 1761 hujus
2078 1695 2292 1746 sanctas
2315 1690 2701 1747 institutionis
2727 1690 3121 1766 legislatorem
3134 1692 3345 1751 dedisti
3372 1711 3386 1762 ;
3416 1709 3521 1749 nec

1867 1796 1985 1835 non
2016 1783 2073 1835 et
2103 1778 2352 1835 aliorum
2383 1779 2733 1837 Sanctorum
2764 1780 2837 1838 ad
2870 1798 3119 1854 quorum
3151 1783 3392 1838 nomina
3420 1797 3518 1854 pe-

1868 1867 2133 1924 titionem
2148 1867 2305 1937 facit,
2329 1885 2466 1924 eum
2483 1885 2517 1925 a
2532 1869 2785 1929 vanitate
2803 1869 2979 1927 seculi
2996 1870 3274 1927 veraeiter
3287 1885 3522 1926 conver-

1873 1957 2199 2024 te;etsicut
2227 1956 2568 2013 esomnium
2605 1962 2975 2032 peccatorum
3007 1958 3296 2027 remissio,
3329 1958 3521 2031 depri-

1873 2045 2091 2102 mentis
2109 2045 2425 2118 impietatis
2458 2045 2843 2120 obligationes
2872 2047 2928 2102 in
2960 2063 3028 2102 eo
3057 2045 3330 2117 dissolve,
3359 2055 3418 2102 et
3449 2048 3522 2103 ad

1872 2134 2151 2189 observan
2159 2134 2301 2190 tiam
2316 2134 2495 2205 hujus
2513 2135 2699 2191 sancti
2715 2135 2996 2209 propositi
3011 2136 3098 2190 fac
3109 2152 3244 2191 eum
3257 2135 3522 2191 certatim

1876 2222 2090 2278 fervere
2112 2222 2173 2278 in
2205 2222 2685 2280 tribulationibus
2697 2229 2753 2280 et
2766 2223 3054 2298 angustiis
3072 2244 3088 2291 ;
3105 2227 3170 2279 ut
3204 2229 3306 2281 tua
3326 2224 3527 2281 indefi-

1876 2310 2048 2367 cienti
2078 2311 2476 2369 consolatione
2523 2311 2714 2369 valeat
2744 2312 3049 2386 respirare,
3080 2317 3136 2371 et
3158 2315 3318 2387 juste
3348 2318 3404 2370 et
3431 2314 3525 2386 pie

1875 2416 1977 2471 per
2002 2416 2197 2455 veram
2219 2399 2614 2457 humilitatem
2637 2404 2812 2475 atque
2838 2402 3230 2459 obedientiam
3251 2403 3311 2458 in
3326 2402 3528 2459 frater-

1878 2506 1952 2545 na
1981 2489 2221 2546 caritate
2253 2489 2721 2563 fundatus,quod
2752 2495 2807 2547 te
2836 2491 3090 2548 donante
3118 2492 3424 2565 promittit,
3442 2492 3528 2547 fe-

1873 2577 1974 2634 lici
2004 2577 2437 2651 perseverantia
2464 2577 2773 2652 compleat.
2807 2579 2970 2644 Quod
2999 2579 3126 2655 ipse
3154 2586 3429 2654 prestera
3445 2580 3527 2636 di-

1875 2664 2197 2739 gneris,qui
2228 2683 2361 2723 cum
2394 2666 2514 2723 Deo
2542 2667 3067 2741 Patre,sanctoque
3099 2668 3403 2741 uuigenito
3435 2668 3527 2724 Fi-

1874 2755 1952 2811 lio
1982 2757 2112 2827 ejus
2140 2755 2386 2811 Domino
2418 2759 2617 2812 nostro
2644 2756 2783 2813 Jesu
2813 2755 3043 2813 Christo
3060 2757 3203 2814 vivis
3232 2763 3292 2814 et
3319 2755 3532 2831 gloria-

1875 2844 1956 2900 ris
1987 2849 2140 2900 Deus
2168 2860 2272 2917 per
2301 2844 2532 2900 inﬁnita
2562 2844 2759 2901 secula
2788 2844 3141 2902 seculorum.
3173 2849 3377 2903 Amen.

1944 2934 2044 2989 Hic
2070 2941 2307 3003 surgunt
2332 2935 2544 2990 Novitii
2588 2935 2663 2989 ad
2690 2942 2830 3005 orat,
2860 2942 2923 2990 ut
2965 2934 3196 2991 domnus
3234 2936 3413 2992 Abba:
3439 2952 3530 2993 eos

1874 3029 2193 3095 conspergat
2220 3038 2366 3094 aqua
2396 3020 2693 3079 benedicta.
3500 3056 3509 3062 -

2017 3176 2035 3195 .
2285 3110 2531 3168 Cuculli?!
2558 3112 2639 3166 ita
2677 3108 3068 3168 benedicuntur
3096 3129 3116 3167 :

1948 3199 2189 3255 Domine
2217 3199 2359 3255 Jesu
2389 3197 2635 3255 Christe.
2668 3198 2769 3272 qui
2798 3197 3053 3272 tegimen
3083 3202 3294 3257 nostra
3314 3206 3528 3257 morta-

1796 3268 1840 3336 C
1874 3287 2056 3343 litatis
2086 3288 2328 3344 induere
2357 3287 2633 3360 dignatus
2645 3268 2708 3343 es
2737 3268 3149 3354 ;obsecramus
3169 3288 3523 3347 immensam

1876 3382 1988 3432 tute
2000 3375 2292 3450 largitatis
2304 3375 2728 3432 abundantiam
2746 3393 2759 3431 :
2775 3381 2841 3433 ut
2852 3376 2961 3433 hoc
2971 3392 3159 3450 genus
3169 3378 3525 3448 vestimenti,

1877 3466 2031 3539 quod
2066 3464 2252 3521 sancti
2297 3465 2497 3520 Patres
2543 3464 2617 3520 ad
2665 3463 3035 3533 innocentiae,
3065 3470 3124 3522 et
3167 3466 3526 3533 humilitatis

1869 3553 2162 3627 judicium
2192 3553 2748 3609 abrenuntiantibus
2777 3552 3041 3610 seculum
3082 3555 3232 3611 ferre
3261 3571 3526 3623 sanxere,

1876 3644 1960 3702 ita
1988 3644 2330 3701 benedicere
2359 3643 2641 3717 digneris,
2674 3641 2845 3699 uthic
2860 3642 3117 3700 famulus
3132 3646 3401 3716 tuus,qui
3419 3644 3528 3701 hoc

1878 3750 2023 3790 usus
2055 3731 2250 3801 fuerit,
2281 3738 2338 3788 te
2367 3733 2612 3788 induere
2642 3733 3067 3797 mereatur.0ui
3099 3748 3236 3790 cum
3267 3732 3453 3791 Patre.

2055 3823 2189 3879 Item
2217 3821 2462 3878 mendo
2488 3823 2732 3893 froecum
2759 3820 2962 3877 dicitur
2985 3820 3056 3877 ad
3081 3822 3348 3894 singulos.

1949 3912 2135 3968 Exuat
2162 3916 2218 3967 te
2248 3909 2534 3967 Dominus
2552 3915 2801 3967 veterem
2821 3909 3116 3966 hominem
3138 3927 3271 3967 cum
3302 3910 3531 3968 actibus

1880 4017 2024 4056 suis.

1878 4091 2027 4147 Inter
2055 4089 2392 4145 induendum
2420 4090 2697 4145 cucullum
2725 4088 2931 4144 dicitur
2959 4089 3030 4144 ad
3066 4106 3528 4162 unumquemque.

1950 4178 2162 4234 Induat
2188 4182 2245 4234 te
2275 4178 2561 4233 Dominus
2590 4194 2804 4233 novum
2848 4177 3148 4233 hominem
3179 4178 3279 4250 qui
3322 4194 3530 4234 secun-

1879 4268 2020 4323 dum
2056 4272 2234 4322 Deum
2265 4270 2496 4323 creatus
2525 4270 2615 4321 est
2644 4266 2702 4321 in
2727 4265 2963 4336 justitia
3008 4269 3067 4321 et
3095 4265 3405 4321 sanctitate
3433 4282 3529 4321 ve-

1879 4355 2089 4412 ritatis.

1951 4444 2095 4499 Tune
2116 4443 2356 4499 osculato
2406 4441 2608 4497 Abbate
2634 4440 2841 4497 vadunt
2866 4443 2929 4497 in
2956 4441 3204 4509 chorum,
3222 4428 3223 4435 “
3240 4449 3291 4498 et
3318 4457 3531 4498 omnem

1880 4533 2215 4589 Conveniam
2243 4530 2591 4587 Osculantur.

2128 4635 2622 4694 CONSECRATIO
2668 4635 2919 4692 SACR/E
2957 4635 3278 4692 VIRGINIS

1917 4744 2047 4791 ουλε
2074 4744 2132 4783 IN
2163 4741 2471 4784 BPIPHANIA
2508 4742 2613 4781 νει.
2648 4741 2708 4780 IN
2747 4741 3006 4781 SECUNDA
3046 4742 3209 4781 FERIA
3239 4740 3489 4793 PASCHE,

2001 4816 2113 4854 AUT
2143 4815 2201 4853 IN
2234 4813 2542 4854 NATALITIIS
2572 4813 2983 4852 APOSTOLORUI
3013 4812 3401 4852 CELEBRATUR.

2149 4887 2251 4960 (Ex
2282 4887 2407 4943 cod.
2439 4885 2612 4940 Vind.
2647 4883 2827 4940 theol.
2858 4885 2985 4949 359,
3018 4901 3149 4941 saec.
3180 4888 3262 4956 κ.)

1955 4977 2151 5032 Omnes
2197 4978 2295 5048 qui
2340 4974 2413 5031 ad
2455 4990 2642 5030 sacros
2689 4973 2906 5029 ordines
2960 4973 3151 5031 debent
3199 4976 3527 5046 promoveri,

1882 5073 2008 5120 ante
2033 5064 2542 5136 pronuntiationem
2584 5062 2874 5130 Evangelii
2930 5062 2999 5116 ab
3053 5065 3294 5136 episeopo
3339 5063 3532 5120 debent

1882 5154 2206 5217 consecrari,
2234 5154 2364 5224 quia
2410 5151 2477 5207 ab
2525 5152 2603 5205 eis
2644 5150 2970 5221 praedicatio
3017 5154 3194 5207 sancti
3239 5153 3532 5223 Evangelii

1882 5242 2035 5299 debet
2054 5258 2154 5314 per
2181 5249 2351 5297 totum
2381 5237 2650 5294 mundum
2695 5238 2957 5312 diffundi.
2995 5240 3240 5313 Virgines
3269 5250 3449 5297 autem
3478 5244 3531 5296 et

1882 5330 2062 5388 vidua:
2084 5334 2207 5403 post
2230 5330 2531 5403 perlectum
2560 5328 2904 5399 evangelium
2949 5327 3142 5385 debent
3175 5329 3366 5395 velari,
3397 5328 3530 5399 quia

1882 5420 2027 5477 decet
2045 5436 2138 5476 eas
2167 5426 2222 5476 et
2246 5418 2594 5487 evangelium
2637 5417 2948 5489 prwdieari.
2984 5419 3257 5489 Virginem
3285 5418 3530 5488 episcopo

1879 5513 2132 5581 parentes
2182 5524 2304 5564 cum
2352 5507 2625 5563 oblatione
2680 5507 2934 5580 o/ferunt,
2988 5515 3039 5562 et
3091 5506 3190 5561 ille
3228 5503 3529 5559 involutam

1881 5614 2120 5654 manum
2167 5597 2284 5672 ejus
2316 5599 2375 5654 in
2410 5596 2565 5670 palla
2616 5597 2813 5654 altaris
2858 5596 3087 5667 recipiat
3127 5591 3350 5650 dicendo
3399 5607 3528 5650 cum

1883 5686 2220 5747 adstantibus
2249 5686 2467 5762 antiph.
2499 5684 2616 5762 Ipsi
2646 5700 2780 5744 sum
2811 5684 3163 5759 desponsata
3209 5678 3301 5740 cui
3322 5679 3529 5759 Angeli
