3892 6212
398 335 554 398 1095

384 468 676 540 serviunt,
696 468 867 537 cujus
883 465 1384 538 pulchritudinem
1398 466 1482 521 sol
1501 471 1555 522 ct
1570 465 1708 522 luna
1731 466 2038 522 mirantur.
2071 469 2124 536 Α

393 555 840 613 Sanctimonia-lis
888 571 1013 610 cum
1055 553 1124 609 ad
1170 556 1628 612 consecrationem
1681 556 1770 610 sui
1807 555 2047 630 episcopi

392 647 621 719 offertur
651 646 706 700 in
739 644 939 700 talibus
989 645 1224 699 vestibus
1257 643 1581 716 applicetur,
1625 644 1882 720 qualibus
1911 659 2046 700 sem-

385 751 490 807 per
519 751 688 790 usura
718 740 798 789 est
823 738 876 788 et
905 733 1234 806 professioni
1254 746 1306 788 et
1330 735 1712 790 sanctimonia:
1740 734 1900 808 aptis.
1934 733 2040 788 lni-

389 824 588 896 primis
611 830 791 878 autem
840 823 1144 896 offerantur
1192 821 1292 877 illa
1341 823 1652 878 vestimenta
1700 831 1824 880 ante
1869 821 2044 878 altare

388 914 632 986 episeopo
661 911 732 967 ad
763 909 1202 968 benedicendum.

666 999 972 1057 Benedictio
1001 1000 1441 1057 vestimentorum
1471 999 1768 1072 virginum.

459 1071 616 1146 Deus.
643 1093 990 1145 aeternorum
1011 1089 1296 1146 bonorum
1317 1087 1659 1146 fidelissime
1691 1089 2034 1164 promissor,

343 1219 360 1232 .
385 1179 711 1236 certissime
741 1175 1089 1252 persolutor,
1122 1183 1231 1236 etc.
1717 1239 1725 1251 ,

453 1272 600 1328 Alia.
632 1268 880 1326 Domine
926 1267 1082 1325 Deus
1111 1268 1400 1326 bonarum
1448 1268 1731 1325 virtutum
1765 1269 1948 1336 dator,
1983 1274 2039 1325 et

383 1359 648 1422 omnium
679 1357 1153 1415 benedictionum
1185 1357 1386 1432 largus
1415 1357 2034 1426 infusor,tensubnixis

381 1448 654 1522 precibus
685 1448 1091 1520 deprecamur,
1127 1451 1190 1501 ut
1219 1447 1326 1504 has
1372 1453 1583 1520 vestes,
1616 1465 1763 1521 quas
1814 1447 2035 1505 famula

380 1535 484 1592 tua
509 1537 577 1592 N.
610 1554 715 1610 pro
748 1536 962 1591 indicio
1006 1537 1420 1608 cognoscendae
1465 1536 1760 1610 religionis
1793 1536 2034 1594 induere

379 1625 524 1692 vult,
555 1625 896 1682 benedicere
928 1630 983 1682 et
1012 1623 1376 1682 sanctiﬁcare
1407 1625 1758 1698 digneris,ut
1780 1626 1930 1682 inter
1950 1643 2034 1684 re-

379 1713 574 1790 liquas
603 1713 850 1770 feminas
882 1719 1268 1788 cognoscatur
1299 1714 1586 1771 dedicata.
1618 1715 1680 1770 P.

449 1803 592 1859 Alia.
627 1803 846 1860 Exaudi
879 1801 1122 1860 Domine
1149 1821 1354 1876 preces
1385 1808 1614 1860 nostras
1645 1809 1703 1860 et
1721 1805 1873 1862 hanc
1902 1823 2022 1861 ves-
2057 1839 2105 1905 Β
2140 1805 2409 1876 licentiae,
2441 1807 2557 1862 vim
2590 1809 3416 1879 consuetudinis,etstimulos
3433 1813 3633 1870 aetatis
3650 1817 3788 1870 evin-

378 1897 496 1948 tem
528 1909 705 1965 quam
740 1891 959 1948 famula
1007 1895 1109 1948 tua
1156 1893 1224 1948 N.
1278 1893 1446 1965 signo
1491 1911 1553 1948 se
1591 1894 2027 1966 adoperandum

377 1981 654 2054 exposcit,
686 1980 992 2036 uberrimae
1040 1981 1464 2038 benedictionis
1505 1983 1691 2038 imbre
1721 1983 2024 2054 perfunde,

376 2071 530 2127 sicut
561 2069 867 2144 pet-fudisti
898 2087 1060 2128 oram
1092 2072 1572 2127 vestimentorum
1605 2077 1816 2140 Aaron,
1852 2073 2024 2128 bene-

374 2161 625 2218 dictione
656 2149 939 2234 unguenti
976 2160 1300 2233 prolluente
1347 2178 1380 2216 a
1410 2161 1596 2234 capite
1649 2161 1708 2217 in
1757 2161 2020 2218 barbam.

373 2250 442 2304 Et
471 2249 623 2306 sicut
672 2249 1020 2308 benedixisti
1063 2255 1254 2306 vestes
1303 2251 1568 2306 omnium
1615 2250 2022 2324 religiosorum

369 2335 1276 2411 tibiperomniaplacentium,ita
1305 2337 1480 2395 etiam
1505 2337 1658 2394 hanc
1680 2339 2020 2398 benedicere

371 2427 633 2500 dignare,
667 2442 733 2482 ac
760 2431 974 2498 praesta
1023 2425 1483 2483 clementissime
1511 2427 1773 2496 Pater,ut
1811 2447 2018 2504 supra-

369 2516 534 2572 dictaa
565 2514 796 2570 famula:
827 2519 939 2570 tuae
961 2513 1158 2570 N.ha:c
1175 2514 1251 2571 sit
1272 2513 1446 2570 vestis
1469 2515 1722 2574 salubris
1739 2519 2017 2590 protectiu

369 2603 488 2660 hac
518 2603 772 2676 cognitio
802 2601 1250 2676 religionis,htec
1275 2603 1509 2660 initium
1542 2607 1870 2663 sanctitatis
1893 2608 2014 2668 haec

366 2696 569 2751 contra
596 2691 795 2748 omnia
824 2690 940 2748 tela
981 2689 1205 2760 inimici
1253 2691 1496 2748 robusta
1539 2693 1819 2762 defensio,
1869 2702 1933 2752 ut
1963 2697 2013 2755 si

365 2781 670 2839 continens
701 2785 788 2837 est
816 2777 1165 2854 sexagesimi
1185 2780 1410 2838 fructus
1427 2781 1646 2840 donum
1671 2785 2013 2858 accipiat,ut

364 2872 412 2927 si
452 2871 615 2944 virgo
653 2868 958 2926 centesimi
1008 2869 1268 2926 muneris
1313 2870 1610 2944 cpulentia
1655 2873 1712 2928 in
1763 2878 2010 2950 utraque

361 2965 524 3034 parte
554 2965 962 3034 perseverante
991 2959 1350 3016 continentia
1379 2961 1614 3018 ditetur.
1649 2963 1774 3031 Per,

693 3049 824 3114 Item
854 3049 1148 3107 benedictio
1178 3051 1326 3108 sacri
1353 3051 1658 3108 velaminis.

428 3140 614 3212 Caput
643 3138 909 3196 omnium
941 3137 1202 3196 fidelium
1233 3139 1408 3212 Deus,
1433 3144 1490 3196 et
1533 3143 1713 3198 totius
1745 3145 2003 3219 corporis

357 3209 636 3308 Salvator,
669 3226 777 3284 hoc
807 3228 1234 3301 operimentum
1262 3209 1752 3304 velaminis,quod
1785 3209 2003 3292 famula
2033 3209 2076 3278 CI
2114 3236 2373 3302 tum,nec
2403 3233 2776 3292 imitarentur
2803 3209 2956 3310 quod
2973 3209 3194 3310 nuptiis
3207 3239 3555 3313 agitur,sed
3575 3240 3756 3314 dilige-

355 3323 457 3376 tua
484 3322 722 3392 propter
751 3323 918 3375 tuum
951 3322 1179 3390 tuaeque
1199 3316 1499 3390 genitricis
1516 3319 1868 3378 beatissimae
1899 3325 2004 3380 sci-

353 3405 490 3463 licet
517 3423 748 3480 semper
775 3405 1014 3480 virginis
1045 3407 1237 3464 Mariae
1266 3424 1527 3464 amorem
1558 3426 1664 3466 suo
1709 3411 1880 3484 capiti
1914 3419 2004 3470 est

351 3495 722 3568 impositura,
755 3500 858 3552 tua
887 3496 1125 3552 dextera
1155 3497 1474 3564 sanctifica,
1499 3504 1555 3554 et
1582 3498 1690 3556 hos
1721 3501 1876 3573 quod
1897 3519 2002 3575 per

349 3583 495 3640 illud
527 3585 768 3658 mystice
798 3585 972 3641 datur
1018 3583 1297 3659 intellegi,
1331 3590 1434 3642 tua
1475 3605 1706 3662 semper
1734 3591 2000 3648 custodia

348 3689 588 3746 corpore
617 3672 836 3744 pariter
863 3678 920 3730 et
949 3674 1146 3730 animo
1178 3673 1641 3733 incontaminato
1663 3679 1955 3736 custodiat
1981 3698 1994 3748 ;

348 3764 413 3814 ut
441 3761 676 3832 quando
706 3761 776 3816 ad
812 3767 1152 3837 perpetuam
1183 3768 1560 3820 sanctuorum
1581 3767 1996 3824 remuneratio-

349 3865 483 3904 nem
531 3848 912 3915 venerit,cum
955 3850 1345 3922 prudentibus
1391 3858 1448 3909 et
1496 3853 1625 3926 ipsa
1669 3854 1996 3929 virginibus

345 3941 688 4008 preparata,
719 3940 776 3992 te
825 3938 1196 4009 perducente,
1256 3939 1326 3996 ad
1370 3947 1657 4014 perpetuae
1703 3943 1994 4004 felicitatis

346 4023 582 4098 nuptias
612 4024 830 4081 intrare
859 4031 1174 4084 mereatur.
1209 4028 1334 4084 Per.

411 4113 511 4168 Hic
536 4113 858 4186 suppliciter
891 4123 1199 4186 prosternat
1227 4133 1282 4174 se
1325 4125 1454 4173 ante
1497 4120 1672 4177 altare
1719 4123 1820 4180 illa
1867 4139 1994 4198 qua

339 4199 700 4259 consecranda
729 4211 828 4270 est,
859 4218 911 4260 et
941 4202 1086 4259 dicat
1118 4205 1262 4260 hunc
1292 4222 1506 4262 versum
1533 4209 1708 4266 tribus
1759 4214 1987 4270 vicibus.

338 4291 580 4364 Suscipe
609 4307 704 4348 me
733 4291 980 4348 Domine
1028 4294 1354 4349 secundum
1397 4294 1696 4369 eloquium
1733 4304 1903 4357 tuum
1932 4306 1992 4360 et

334 4379 610 4450 vivam,et
639 4397 755 4440 non
787 4381 1112 4440 confundas
1145 4399 1237 4438 me
1265 4383 1340 4439 ab
1368 4387 1798 4457 exspectatione
1839 4407 1984 4446 mea.

335 4469 460 4524 Post
489 4468 610 4525 haec
634 4471 914 4542 episcopus
945 4467 1305 4528 dicat.Soror.
1337 4473 1548 4548 Accipe
1577 4473 1728 4532 hanc
1767 4483 1986 4536 vestem

1179 335 1512 394 APPEND.
1562 336 1662 395 ΑΙ)
1707 337 1892 396 S/Etl.
1941 339 2016 397 Χ.
2053 369 2126 380 -
2157 338 2653 400 MONUMENTA
2704 341 3018 404 LITUBG.

2433 471 2772 528 Consecratio
2803 475 2859 528 in
2890 471 3113 530 modum
3137 475 3550 546 Prwfatzonis.
3621 517 3628 520 -

2225 555 2380 614 Deus
2409 562 2702 615 castorum
2735 577 3042 637 corporum
3092 563 3405 636 benignus
3456 562 3740 620 habitatur
3760 580 3796 620 ei

2153 643 2622 720 incorruptarum
2655 653 2884 706 amator
2911 651 3274 708 animarum.
3311 652 3477 710 Deus
3511 653 3613 724 qui
3633 651 3799 708 huma-

2153 749 2289 789 nam
2339 736 2732 796 substantiam
2764 738 2822 794 in
2867 740 3076 814 primis
3127 740 3490 798 hominibus
3542 741 3800 799 diabolica

2152 823 2354 880 fraude
2384 825 2668 898 vitiatam,
2703 828 2785 884 ita
2814 829 2874 885 in
2917 830 3090 886 verbo
3135 835 3244 886 tuo
3275 848 3387 904 per
3436 831 3601 904 quod
3633 833 3800 888 omnia

2152 911 2302 970 facta
2331 918 2782 989 sunt,.reparas,
2815 922 2881 973 ut
2929 935 3056 974 eam
3109 935 3230 974 non
3279 918 3484 988 solum
3519 920 3594 976 ad
3627 923 3800 994 prima

2150 1000 2395 1074 originis
2425 1002 2822 1060 innocentiam
2872 1023 3124 1080 revoces,
3168 1008 3271 1064 sed
3321 1007 3510 1064 etiam
3545 1009 3619 1065 ad
3651 1027 3800 1083 expia~

2150 1089 2422 1150 rientiam
2453 1094 2825 1164 quorundam
2859 1095 3147 1152 bonorum
3180 1101 3309 1170 quae
3333 1099 3394 1152 in
3420 1114 3579 1156 novo
3613 1101 3798 1156 saeculo

2148 1183 2288 1234 sunt
2317 1179 2590 1238 habenda
2635 1183 2942 1255 perducas,
2984 1189 3041 1241 et
3087 1185 3382 1243 obstricos
3430 1185 3638 1244 adhuc
3683 1206 3796 1244 cun-

2147 1267 2365 1324 ditione
2396 1269 2734 1328 mortalium
2747 1274 2872 1344 jam
2891 1275 2964 1329 ad
2983 1273 3444 1332 similitudinem
3469 1294 3796 1350 promoves:

2143 1357 2498 1431 Angelorum
2526 1378 2540 1429 ;
2573 1361 2796 1434 respice
2839 1377 3016 1436 super
3062 1363 3216 1420 hanc
3275 1365 3572 1421 famulam
3633 1374 3794 1427 tuam.

2145 1463 2272 1520 quae
2305 1465 2482 1508 manu
2515 1453 2616 1506 tua
2647 1451 3012 1508 continentur.
3057 1471 3176 1508 suae
3207 1455 3591 1528 propositum
3643 1457 3795 1513 collo—

2144 1553 2284 1594 cans
2317 1537 2420 1592 tibi
2451 1539 2813 1598 devotionem
2859 1558 3028 1600 suam
3085 1542 3274 1612 offert,
3314 1562 3367 1600 -a
3398 1561 3522 1617 quo
3582 1551 3642 1602 et
3688 1548 3796 1620 ipsa

2143 1627 2296 1683 idem
2326 1631 2523 1685 votum
2557 1627 2898 1704 assumpsit.
2932 1632 3176 1698 Quando
3205 1633 3366 1690 enim
3387 1635 3635 1693 animus
3659 1655 3794 1694 mor-

2141 1715 2242 1774 tali
2283 1733 2453 1773 carnc
2501 1717 2898 1776 circumdatus
2933 1719 3121 1794 legem
3171 1725 3419 1789 naturae,
3475 1723 3790 1783 libertatem

2139 1900 2312 1964 ceret,
2346 1893 2460 1952 nisi
2489 1901 2551 1952 tu
2587 1915 2688 1970 per
2717 1896 2966 1953 liberum
2999 1891 3310 1956 arbitrium
3343 1900 3514 1958 hunc
3545 1921 3784 1960 amorem

2135 1984 2835 2058 virginitatisclementer
2861 1989 3238 2062 accenderes;
3277 1994 3336 2045 tu
3373 1990 3536 2046 hanc
3578 1994 3782 2066 cupidi-

2133 2077 2311 2130 tatem
2352 2074 2410 2129 in
2462 2076 2591 2147 ejus
2631 2077 2800 2134 corde
2845 2077 3138 2151 benignus
3186 2078 3403 2148 aleres,
3454 2086 3521 2136 tu
3575 2082 3782 2138 fortitu-

2133 2163 2330 2219 dinem
2363 2163 2952 2222 ministraresEtI‘usa
2981 2183 3240 2240 namque
3271 2166 3329 2238 in
3365 2184 3580 2226 omnes
3601 2178 3783 2244 gentes

2130 2251 2318 2325 gratia
2345 2256 2447 2309 tua
2475 2271 2542 2310 ex
2591 2255 2752 2310 omni
2783 2255 3018 2314 natione
3069 2273 3198 2328 quae
3245 2257 3360 2312 sub
3413 2257 3565 2315 caelo
3605 2266 3690 2318 est
3733 2261 3780 2316 in

2129 2341 2434 2398 stellarum
2472 2342 2964 2401 innumerabilem
3009 2363 3328 2404 numerum
3390 2347 3540 2403 Novi
3598 2351 3780 2405 Testa-

2127 2429 2310 2486 menti
2339 2429 2670 2490 haeredibus
2699 2433 2991 2507 adoptatis
3040 2433 3195 2490 inter
3246 2439 3500 2492 caeteras
3528 2435 3774 2498 virtutes.

2127 2533 2274 2591 quas
2289 2519 2424 2576 filiis
2443 2519 2558 2577 tuis
2573 2539 2687 2578 non
2701 2540 2770 2578 ex
2782 2523 3402 2597 sanguinibusmeque
3417 2543 3490 2582 ex
3500 2526 3776 2583 voluntate

2123 2609 2336 2680 carnis,
2371 2609 2472 2665 sed
2503 2611 2574 2666 de
2605 2616 2704 2667 tuo
2735 2611 2954 2686 Spiritu
2981 2611 3201 2686 genitis
3233 2613 3542 2684 indidisti,
3575 2621 3631 2672 et
3663 2617 3774 2689 jam

2121 2696 2230 2754 hoc
2259 2699 2480 2756 donum
2513 2700 2571 2754 in
2603 2702 2892 2774 quasdam
2938 2707 3164 2758 mentes
3212 2704 3286 2759 de
3335 2702 3639 2778 largitatis
3675 2711 3772 2760 tua

2119 2786 2278 2844 fonte
2290 2787 2530 2846 deﬂuxit
2552 2806 2566 2858 ;
2585 2793 2651 2844 ut
2667 2789 2934 2862 quamvis
2945 2789 3228 2848 honorem
3254 2792 3617 2866 nuptiarum
3633 2793 3774 2850 nulla

2118 2875 2430 2934 interdicta
2459 2877 2907 2952 minuissent,ac
2937 2897 3115 2954 super
3135 2887 3421 2938 sanctum
3442 2884 3769 2957 conjugium

2115 2963 2358 3022 initialis
2407 2967 2733 3024 benedictio
2763 2973 3131 3042 permaneret
3171 2971 3541 3038 ;existerent
3587 2979 3762 3030 tamen

2114 3053 2487 3112 sublimiores
2517 3056 2880 3130 animaeque:
2909 3057 2968 3114 in
3015 3058 3118 3114 viri
3152 3076 3221 3116 ac
3257 3060 3546 3118 mulieris
3573 3062 3764 3136 capula

2113 3133 2443 3201 fastidirent
2471 3147 2852 3216 connubium,
2893 3148 3382 3221 concupiscerent
3445 3133 3762 3210 sacramen-

2111 3327 2260 3390 rent,
2279 3324 2435 3396 quod
2481 3325 2704 3398 nuptiis
2751 3331 3126 3399 praenotatur.
3159 3329 3420 3401 Agnovit
3479 3335 3755 3388 auctorem

2109 3423 2283 3466 suum
2303 3412 2470 3469 beata
2488 3413 3484 3490 virginitas,etaemulaintegritatis
3506 3419 3757 3493 angelica:

2107 3499 2268 3557 illius
2323 3501 2606 3571 thalamo,
2637 3503 2798 3560 illius
2842 3503 3112 3562 cubiculo
3161 3522 3226 3562 se
3258 3506 3524 3577 devovit,
3568 3507 3754 3582 quisic

2107 3593 2402 3662 perpetua:
2430 3590 2783 3664 virginitatis
2812 3597 2902 3650 est
2944 3610 3220 3666 sponsus,
3257 3597 3754 3668 quemadmodum

2105 3682 2395 3750 perpetua:
2425 3679 2774 3753 virginitatis
2796 3681 3441 3756 estﬁliustploranti
3464 3685 3753 3760 ergoauxi-

2103 3764 2249 3822 lium
2278 3771 2448 3825 tuum
2479 3775 2537 3825 et
2565 3769 2899 3827 confirmari
2931 3789 2992 3828 se
3022 3773 3468 3830 benedictionis
3492 3780 3604 3830 tua:
3633 3792 3750 3830 con-

2103 3858 2424 3914 secratione
2455 3859 2733 3932 cupienti,
2767 3860 2842 3918 da
2871 3860 3249 3932 protectionis
3279 3866 3402 3918 tua:
3438 3864 3754 3928 munimen,

2102 3949 2158 4000 et
2189 3947 2478 4020 rugimen,
2521 3965 2592 4004 ne
2637 3949 2826 4012 hostis
2875 3950 3176 4022 antiquus,
3221 3951 3326 4026 qui
3357 3953 3752 4009 excellentiam

2102 4035 2300 4092 studia
2313 4035 2720 4092 subtilioribus
2733 4037 3216 4096 infestatinsidiis
3232 4041 3306 4095 ad
3321 4041 3750 4098 obscurandam

2099 4123 2364 4198 perfectae
2394 4126 2762 4183 continentia
2811 4127 3068 4199 palmam
3098 4145 3202 4201 per
3241 4127 3518 4202 aliquam
3551 4131 3748 4186 mentis

2099 4217 2297 4285 serpat
2327 4205 2634 4282 incuriam,
2667 4219 2724 4272 et
2752 4213 2941 4288 rapiat
2971 4217 3042 4273 de
3089 4218 3398 4290 proposito
3441 4219 3744 4293 virginum,

2101 4302 2255 4374 quod
2286 4303 2462 4358 etiam
2511 4305 2775 4361 moribus
2806 4307 2972 4362 decet
3024 4306 3216 4363 inesse
3265 4307 3638 4380 nuptiarum.
3669 4307 3748 4363 Sit

2098 4392 2157 4446 in
2188 4407 2256 4448 ea
2285 4391 2528 4449 Domine
2555 4409 2660 4464 per
2687 4394 2911 4451 donum
2949 4395 3205 4468 Spiritus
3255 4397 3452 4452 sancti
3497 4397 3746 4470 prudens

2098 4481 2404 4549 modestia,
2448 4482 2684 4554 sapiens
2713 4482 3067 4558 benignitas,
3097 4485 3294 4558 gravis
3325 4484 3567 4556 lenitas,
3595 4491 3744 4540 casta

335 4555 393 4611 in
426 4556 662 4614 nomine
692 4557 1044 4650 Domini.
1093 4561 1194 4650 illa
1237 4561 1572 4634 respondeat.
1628 4565 1896 4639 Suscipio
1927 4569 1984 4623 in
2018 4584 2066 4650 ο
2096 4567 2356 4626 libertas.
2389 4570 2452 4628 In
2485 4570 2725 4628 caritate
2756 4555 3054 4642 ferveat,et
3083 4555 3228 4628 nihil
3259 4578 3427 4629 extra
3452 4579 3510 4630 te
3527 4555 3742 4646 diligat,

335 4646 570 4702 nomine
600 4647 788 4704 Patris
817 4652 875 4704 et
908 4647 1035 4704 Filii
1067 4654 1124 4704 et
1153 4647 1407 4722 Spiritus
1438 4653 1643 4709 sancti.
1680 4655 1818 4711 Tune
1848 4659 1985 4728 epis-

331 4750 492 4806 copus
519 4735 607 4791 det
637 4737 693 4792 ei
729 4737 848 4808 ipsa
900 4739 1238 4810 virginitatis
1284 4741 1618 4808 vestimenta,
1667 4752 1720 4800 et
1765 4753 1978 4803 tantum

329 4824 575 4880 velamen
605 4825 750 4897 apud
791 4843 849 4884 se
900 4827 1074 4898 faciat
1127 4829 1378 4886 retineri.
1409 4830 1534 4901 Ipsa
1591 4839 1772 4890 autem
1823 4837 1977 4907 virgo

330 4913 492 4968 vadat
520 4915 577 4967 in
606 4917 912 4986 sacrarium
955 4924 1007 4984 et
1054 4915 1248 4972 induat
1276 4933 1333 4973 se
1362 4919 1496 4992 ipsis
1524 4921 1856 4979 vestimentis
1886 4924 1976 4980 be-

329 4999 578 5067 nedictis,
609 5004 984 5076 accipiensque
1011 5005 1144 5060 duos
1172 5021 1352 5063 cereos
1374 5007 1620 5066 ardentes
1670 5012 1729 5066 in
1775 5029 1976 5072 manus

327 5103 453 5144 snas
481 5092 664 5146 veniat
689 5099 816 5148 ante
843 5093 1016 5150 altare
1042 5102 1093 5150 et
1123 5096 1365 5168 imponat
1391 5096 1567 5154 clerus
1589 5099 1877 5158 introitum
1904 5103 1975 5160 ad

326 5177 704 5234 missam.Post
730 5181 1072 5252 wangelium
1101 5191 1283 5240 autem
1310 5192 1362 5240 et
1401 5185 1634 5256 dicta,ea
1675 5197 1972 5261 prostrata,

329 5266 574 5334 latonia,
609 5269 873 5326 inclina-to
917 5272 1091 5343 capite
1139 5281 1264 5328 ante
1309 5274 1482 5332 altare
1533 5277 1810 5337 benedicat
1854 5299 1976 5338 eam

323 5357 605 5430 episcopus
658 5357 842 5414 dicens
899 5360 1041 5415 hanc
1085 5363 1408 5420 orationem.
1456 5363 1974 5440 Respice-Domine

323 5446 613 5519 prepitius
642 5463 822 5520 super
849 5447 998 5503 hanc
1030 5448 1309 5506 famulam
1339 5456 1501 5509 tuam
1530 5453 1597 5510 N.
1630 5461 1695 5513 ut
1730 5459 1970 5533 virgini-

321 5533 460 5592 tatis
489 5541 702 5594 sanctee
734 5536 1121 5611 propositum,
1155 5538 1310 5610 quod
1339 5543 1396 5596 te
1425 5541 1748 5617 inspirante
1778 5566 1972 5608 susce-

323 5623 428 5702 pit,
460 5628 516 5683 te
545 5628 908 5702 gubernante
938 5627 1250 5687 custodiat.
1281 5627 1406 5687 Per.

2094 4657 2468 4716 laudabiliter
2483 4659 3004 4734 vivat,laudarique
3027 4679 3142 4718 non
3163 4663 3514 4736 appetat.’l‘e
3533 4665 3592 4718 in
3615 4681 3740 4718 san—

2087 4748 2284 4805 ctitate
2313 4748 2592 4821 corporis,
2613 4754 2669 4805 te
2699 4751 2760 4805 in
2787 4751 2996 4807 animae
3017 4769 3136 4810 sua:
3161 4751 3418 4825 puritate
3438 4751 3741 4825 gloriﬁcet,

2086 4841 2351 4894 amorete
2365 4837 2564 4894 timeat
2583 4855 2780 4894 amore
2801 4838 3238 4896 tibiserviat.Tu
3266 4837 3320 4895 ei
3350 4839 3438 4896 sis
3471 4839 3740 4906 houor,tu

2084 4925 2453 5000 gaudium,tu
2468 4925 2640 4982 volun
2649 4931 2827 4995 tas,tu
2840 4927 2899 4985 in
2914 4944 3158 4984 maerore
3169 4927 3546 4996 solatium,tu
3558 4929 3620 4984 in
3630 4946 3742 4985 am-

2083 5015 2368 5088 biguitate
2385 5014 2717 5083 consilium,
2750 5021 2816 5074 tu
2841 5016 2904 5073 in
2933 5017 3014 5089 ini
3026 5017 3152 5074 uria
3172 5017 3460 5088 defensio,
3474 5016 3539 5073 in
3557 5019 3736 5074 tribu—

2082 5101 2300 5160 latione
2323 5103 2698 5176 pacientia.in
2717 5110 3058 5180 paupertate
3079 5106 3737 5180 habundantia,injejn-

2085 5191 2180 5248 nio
2198 5191 2450 5264 cibus,in
2465 5192 2802 5252 infirmitate
2813 5196 3124 5254 medicina.
3141 5195 3202 5252 In
3215 5200 3271 5252 te
3287 5194 3506 5256 habeat
3521 5196 3736 5262 omnia,

2083 5298 2258 5354 quem
2285 5280 2526 5355 diligere
2581 5283 2803 5358 appetit
2851 5302 3030 5358 super
3085 5283 3307 5353 omnia,
3338 5289 3398 5340 et
3441 5285 3605 5357 quod
3651 5290 3736 5340 est

2081 5370 2344 5444 professa
2373 5371 3004 5441 custodiat,serutatori
3025 5378 3327 5448 pectorum
3357 5389 3474 5430 non
3497 5389 3736 5446 corpore

2079 5459 2370 5532 placitura
2397 5459 2500 5516 sed
2530 5465 2744 5531 mente,
2775 5467 3036 5522 transeat
3063 5464 3124 5520 in
3156 5479 3474 5520 numerum
3502 5463 3732 5535 sapien-

2079 5553 2206 5606 tum
2237 5547 2588 5622 puellarum,
2620 5555 2686 5606 ut
2714 5550 3005 5608 caelestem
3036 5569 3323 5628 sponsum
3342 5551 3566 5609 aversis
3583 5549 3730 5608 lam-

2078 5638 2328 5717 padibus
2358 5653 2492 5696 cum
2521 5637 2647 5697 oleo
2677 5640 3116 5718 preparationis
3143 5643 3440 5718 exspectet
3465 5656 3576 5699 nec
3604 5645 3732 5698 tur-

3743 347 3792 402 a:
3830 112 3868 691 ὃ

3760 580 3796 620 ες

3743 672 3799 708 1a-

3743 745 3800 798 ica

3743 833 3800 888 iis

3743 941 3800 977 ne

3743 1029 3800 1066 E-

3743 1101 3798 1156 Ilo

3743 1209 3796 1244 in.

3743 1298 3796 1334 as

3743 1387 3794 1427 ως

3743 1476 3795 1513 o—

3743 1565 3796 1602 sa

3743 1659 3794 1694 ll"-

3746 1746 3790 1783 tn

3743 1835 3788 1870 n—
