3892 6212
84 348 237 421 109⁸1
863 344 1304 431 ansatum,
1349 359 1742 422 CONSECRA

1895 365 1984 426 ET
2029 344 2398 428 osmN'A'r.
2444 360 2734 427 manu.
3346 346 3501 422 loss

80 490 540 565 bataimprovisi
564 490 1104 564 regisadventu,sed
1121 490 1728 559 sccuracumlumine,
1761 494 1815 561 Α
1846 494 2466 570 delinquendi.Sitquc
2494 496 2551 552 in
2584 513 2655 551 ea
2684 500 2847 553 casta
2875 494 3267 568 virginitas,et
3297 496 3502 550 ornata

77 586 131 637 et
158 579 605 655 procedentium
634 580 929 655 virginum
976 581 1155 636 choro
1191 582 1404 651 juncta
1451 585 1736 648 occurrat,
1854 584 2090 656 pariter,
2125 590 2183 642 et
2213 590 2464 652 armata,
2496 585 2611 640 ﬁde
2639 583 2887 657 integra,
2921 598 3025 657 spe
3053 589 3228 650 certa,
3264 581 3503 639 caritate

77 674 131 727 et
154 688 273 726 non
292 669 639 727 excludatur
656 687 791 725 cum
814 668 1034 738 stultis,
1058 668 1312 741 regalem
1327 670 1573 740 januam
1607 687 1739 725 cum
1851 673 2100 741 sincera,
2119 679 2178 730 ut
2204 680 2527 746 preparato
2542 673 2761 740 animo,
2780 674 2851 729 ad
2873 672 3294 729 continentiam
3319 670 3503 726 virtus

77 759 445 832 sapientibus
477 758 802 832 virginibus
850 757 1094 815 licenter
1121 757 1396 824 introeat,
1426 764 1484 814 et
1512 759 1570 813 in
1600 760 1740 833 agni
1849 766 2012 818 tanta
2029 761 3507 835 praestetur,qusasuperetdiaboliuniversaligulam

79 849 163 905 tui
193 847 478 905 comitatu
509 852 787 922 perpetuo
821 846 1144 920 probabilis
1170 864 1451 903 mansura
1471 848 1737 904 castitate
1846 854 1927 919 ta,
1960 858 2135 923 atque
2163 852 2592 907 contemnendo
2640 850 2954 923 praesentia
2997 851 3197 906 futura
3226 853 3501 904 sectetur.
3582 866 3587 871 '

79 941 437 1009 permaneat.
469 936 577 992 Per
605 937 877 993 eundem.
915 937 1300 993 Bmiedictione
1348 938 1566 1008 expleta
1619 939 1733 1008 epi-
1844 940 2076 1010 lejunia
2092 940 2285 1013 epulis
2301 937 3505 1015 carnalibusprafemhetlectionessacras

77 1042 262 1098 scapus
304 1027 497 1081 mittat
540 1026 791 1081 velamen
836 1041 998 1098 super
1044 1029 1211 1098 caput
1256 1026 1430 1097 ipsius
1476 1026 1732 1096 virginis.
1844 1034 1901 1085 et
1921 1029 2211 1085 orationes
2240 1029 2515 1085 conviviis
2547 1034 2604 1085 et
2634 1029 3035 1102 potationibus
3067 1029 3504 1098 anteponat,.ut

78 1116 282 1187 Accipe
314 1114 576 1172 velamen
609 1131 840 1171 sacrum
872 1114 1085 1188 puella,
1111 1114 1265 1186 quod
1307 1114 1577 1187 praeferas
1607 1113 1734 1170 sine
1845 1117 2209 1174 orationibus
2222 1114 3505 1190 pastacteruditionibusexpleta,illuminata

80 1202 306 1258 macula
348 1208 485 1259 ante
523 1202 782 1260 tribunal
813 1203 921 1260 Dni
954 1204 1043 1259 nri
1078 1203 1183 1259 [bu
1217 1202 1321 1275 Xpi
1357 1203 1446 1257 cui
1483 1202 1736 1259 ﬂectitur

80 1309 247 1348 omne
297 1309 452 1365 genu
507 1290 853 1360 caelestium,
886 1293 1254 1348 terrestrium
1281 1297 1339 1347 et
1370 1292 1731 1347 infernorum

80 1382 136 1435 in
167 1380 382 1437 saecula
422 1379 799 1436 saeculorum.
830 1382 1037 1437 Amen.
1077 1382 1222 1436 Tunc
1270 1385 1528 1435 cantetur
1553 1398 1585 1435 a
1616 1382 1731 1435 cir-

78 1469 476 1526 cumstantibus
513 1470 584 1525 ad
621 1471 870 1540 singulas
915 1470 1239 1541 antiphona.
1273 1469 1469 1525 Induit
1499 1484 1590 1524 me
1622 1473 1730 1523 Do-

80 1559 269 1615 minus
298 1558 523 1615 ciclade
543 1575 686 1615 auro
706 1562 864 1614 texta
884 1562 942 1614 et
967 1558 1273 1614 immensis
1302 1557 1624 1614 monilibus
1643 1574 1732 1613 or-

82 1648 233 1704 navit
260 1665 375 1703 me.

393 1736 583 1793 Oratio
620 1740 741 1808 post
769 1740 1107 1807 assumptum
1137 1736 1405 1791 velamen.

1841 1205 2058 1279 vigiliis
2080 1222 2229 1278 opus
2248 1206 2448 1279 gratim
2464 1204 2767 1278 virginalis
2789 1210 3070 1262 exerceat.
3096 1204 3197 1261 llis
3214 1203 3502 1258 virtutum

1843 1295 2024 1351 armis
2038 1293 2189 1351 hanc
2206 1301 2367 1350 tuum
2393 1295 2674 1360 famulam
2694 1294 2943 1351 interius
2966 1293 3337 1365 exteriusque
3347 1307 3503 1346 com-

1843 1384 2139 1450 muniens,
2182 1389 2397 1456 presta
2442 1378 2796 1440 inoffensum
2855 1399 3096 1439 cursum
3152 1379 3501 1454 virginitatis

1842 1471 2106 1545 implere.
2140 1472 2266 1529 Per.

2342 1562 2421 1617 Ad
2448 1562 2722 1617 annulum
2749 1559 3011 1617 dandum.

1912 1651 2128 1724 Accipe
2158 1651 2449 1707 annulum
2490 1650 2648 1723 ﬁdei,
2680 1649 3052 1723 signaculum
3079 1648 3332 1723 Spiritus
3362 1664 3502 1705 san-

1842 1739 1938 1809 cti,
1973 1744 2040 1795 ut
2070 1758 2290 1812 sponsa
2319 1740 2421 1796 Dei
2452 1739 2673 1796 voceris
2699 1741 2747 1796 si
2780 1740 2832 1796 ei
2864 1738 3112 1796 ﬁdeliter
3140 1737 3437 1795 servieris.’

144 1824 447 1881 Famulam
490 1828 659 1881 tuam
709 1824 949 1925 Domine
1002 1828 1114 1879 tua:
1169 1825 1438 1923 custodia
1498 1823 1725 1879 muniat
1757 1860 1802 1925 Β
1906 1829 2118 1901 Accipe
2148 1828 2385 1902 signum
2417 1829 2632 1885 Christi
2665 1829 2721 1884 in
2744 1829 2955 1901 capite,
2979 1832 3045 1883 ut
3064 1844 3210 1884 uxor
3231 1829 3362 1903 ejus
3378 1826 3504 1905 elli-

82 1914 322 1986 pietatis.
358 1919 424 1970 ut
453 1912 820 1970 continentia:
851 1917 1065 1969 sanctae
1090 1912 1452 1985 propositum
1484 1912 1639 1984 quod
1670 1917 1726 1967 te

82 2003 392 2077 inspirante
413 2002 697 2074 suscepit,
713 2007 767 2058 te
788 2005 1126 2073 protegente
1148 2000 1395 2057 illaesum
1418 2001 1726 2056 custodiat.

83 2092 330 2165 Sequitur
358 2092 685 2164 antiphona.
720 2090 838 2164 Ipsi
890 2107 1023 2146 sum
1073 2090 1428 2162 desponsata
1467 2090 1582 2158 cui,
1617 2094 1726 2145 etc.

88 2187 160 2236 Da
178 2198 517 2253 quaesumus
539 2180 909 2252 omnipotens
934 2184 1105 2247 Dens,
1128 2184 1195 2234 ut
1216 2178 1338 2235 haec
1362 2177 1583 2234 famula
1603 2182 1726 2247 tua,

88 2286 203 2341 quae
236 2286 337 2342 pro
362 2285 476 2341 spe
505 2267 910 2324 retributionis
940 2273 1166 2323 internae
1198 2268 1307 2323 tibi
1350 2267 1594 2323 Domino
1623 2267 1729 2323 de-

88 2359 291 2415 siderat
320 2357 672 2417 consecrari.
708 2356 879 2429 plena
926 2358 1039 2413 fide
1088 2357 1404 2430 animoque
1432 2357 1493 2412 in
1527 2361 1729 2412 sancto

93 2448 375 2519 proposito
423 2451 785 2519 permaneat.
816 2447 903 2501 Tu
962 2462 1090 2502 eam
1144 2447 1518 2518 omnipotens
1564 2445 1732 2501 Pater

92 2537 446 2593 sanetillcare
476 2539 533 2590 et
573 2534 914 2590 benedicere
942 2538 1001 2589 et
1030 2536 1088 2590 in
1120 2539 1466 2607 perpetuum
1495 2550 1728 2590 conser-

92 2638 214 2684 Vare
246 2624 528 2699 digneris.
559 2623 775 2679 Tribue
826 2621 879 2679 ei
925 2623 1343 2692 humilitatem,
1375 2623 1727 2689 castitatem,

94 2713 797 2782 obedientiam,caritatem
812 2715 870 2768 et
889 2713 1153 2768 omnium
1176 2713 1464 2768 bonorum
1485 2729 1727 2785 operum

96 2804 490 2876 quantitatem.
523 2807 605 2858 Da
634 2802 685 2858 ei
718 2801 957 2858 Domine
1005 2818 1111 2874 pro
1158 2801 1432 2874 operibus
1456 2800 1726 2875 gloriam,

95 2909 188 2964 pro
216 2892 433 2964 pudore
464 2890 867 2956 reverentiam,
898 2906 1004 2961 pro
1046 2889 1330 2962 pudicitia
1357 2889 1728 2945 sanctitatem

98 2987 155 3037 ut
180 2983 247 3038 ad
277 2983 555 3038 meritum
604 2978 791 3059 possit
837 2978 1033 3051 glorias
1074 2977 1392 3051 pervenire.
1425 2978 1551 3033 Per.
1586 2979 1731 3033 Tunc

95 3075 329 3127 cantetur
356 3090 389 3127 a
419 3069 901 3126 circumstantibus
931 3069 1252 3140 antiphona.
1270 3066 1471 3123 Posuit
1491 3066 1726 3139 signum

96 3160 149 3214 in
178 3160 373 3217 faciem
406 3174 623 3226 meam,
654 3164 721 3213 ut
749 3157 976 3213 nullum
1010 3162 1218 3229 praeter
1244 3173 1379 3212 eum
1406 3161 1726 3212 amatorem

98 3250 406 3304 admittam.
439 3249 507 3304 Et
536 3248 682 3302 dicat
714 3249 988 3318 episwpus
1011 3226 1454 3302 benedictionem
1482 3244 1729 3301 Matthxi
1759 3226 1802 3292 (ἶ

98 3338 315 3408 apostoli
359 3352 526 3409 super
564 3352 705 3391 eam.
735 3335 827 3391 0r.
862 3339 1013 3391 Deus
1058 3333 1381 3407 plasmator
1416 3350 1727 3405 corporum

100 3427 309 3482 afllator
330 3427 691 3495 animarum,
714 3424 815 3496 qui
842 3423 1062 3479 nullam
1094 3423 1324 3495 spernis
1352 3426 1727 3489 aetatemmon

99 3531 286 3570 sexum
334 3512 634 3587 reprobm,
666 3510 888 3569 nullam
945 3511 1338 3569 conditionem
1380 3510 1581 3583 gratia
1629 3516 1731 3565 tua

98 3603 250 3659 ducis
279 3603 616 3676 indignam;
641 3601 742 3657 sed
771 3601 1034 3656 omnium
1064 3598 1309 3671 aqualis
1339 3603 1563 3654 creator
1590 3616 1653 3653 es
1673 3602 1731 3653 et

99 3692 408 3761 redemtor;
440 3697 508 3746 tu
538 3689 689 3745 hanc
718 3688 1002 3745 t‘amulam
1046 3693 1233 3756 tuam,
1263 3703 1441 3759 quam
1473 3704 1541 3742 ex
1567 3686 1728 3743 omni

98 3796 325 3837 numero
337 3780 535 3853 gregis
547 3783 749 3852 pastor
759 3779 950 3834 bonus
959 3776 1172 3851 eligere
1185 3778 1258 3833 ad
1270 3776 1728 3832 conservandam

98 3860 354 3925 coronam
386 3872 685 3942 perpetuas
713 3866 1068 3939 virginitatis
1086 3870 1145 3921 et
1162 3864 1572 3921 castimoniam
1604 3861 1729 3919 ani-

100 3972 196 4012 me
208 3958 485 4031 dignatus
495 3973 588 4024 es;
605 3960 717 4011 tute
731 3954 1107 4028 protectionis
1119 3959 1285 4009 scuto
1296 3954 1733 4024 circumtege,et

98 4044 163 4098 ad
177 4061 341 4103 omne
352 4045 747 4119 opusvirtutis
758 4048 814 4098 et
823 4041 1431 4115 gloriw,magistrante
1445 4040 1734 4112 sapientia

102 4148 363 4205 praepara,
389 4139 456 4190 ut
473 4133 754 4188 innocens
775 4131 967 4187 carnis
991 4129 1313 4195 illecebras,
1338 4135 1396 4187 et
1418 4129 1576 4185 licita
1602 4145 1733 4183 con-

101 4220 285 4289 nubio,
309 4238 587 4278 recusans
609 4218 984 4276 insolubilem
1023 4218 1149 4275 Filii
1178 4218 1263 4274 tui
1289 4216 1518 4274 Domini
1549 4217 1731 4273 nostri

101 4307 228 4364 Jesu
256 4311 468 4368 Christi
499 4309 769 4383 copulam
800 4313 1115 4364 mereatur.
1148 4308 1295 4369 Hinc
1324 4306 1580 4380 petimus
1623 4312 1729 4361 Uo-

102 4397 267 4469 mine,
298 4416 467 4457 arma
519 4413 802 4472 suggeras
854 4413 972 4453 non
1028 4395 1306 4461 carnalia,
1340 4396 1440 4451 sed
1486 4395 1732 4468 spiritus

103 4485 295 4543 virtute
332 4487 613 4560 potentia,
664 4490 732 4541 ut
776 4489 832 4541 te
880 4484 1182 4541 muniontc
1236 4485 1366 4555 ejus
1421 4501 1631 4539 sensus
1677 4488 1735 4538 et

1840 1917 2035 1983 ciaris,
2060 1922 2122 1972 et
2153 1916 2201 1973 si
2236 1918 2294 1973 in
2325 1934 2392 1973 eo
2422 1917 2835 1990 permanseris,
2871 1917 2927 1972 in
2960 1922 3309 1989 perpetuum
3340 1933 3500 1973 com-

1840 2005 2017 2061 neris.

1909 2097 2137 2152 Interim
2165 2096 2386 2152 dicatur
2404 2096 2705 2167 antiphona
2727 2113 2746 2151 :
2775 2093 3006 2150 Annulo
3037 2111 3144 2151 suo
3166 2093 3496 2151 subarravit

1840 2202 1932 2241 me
1954 2185 2237 2241 Dominus
2266 2201 2436 2240 meus
2455 2184 2628 2242 Jesus
2649 2182 2915 2239 Christus
2937 2187 2994 2239 et
3014 2189 3298 2254 tanquam
3320 2198 3492 2255 spon-

1839 2289 1964 2328 sam
1996 2273 2288 2329 decoravit
2311 2289 2401 2328 me
2423 2290 2654 2328 corona.
2678 2273 2937 2344 Sequitur
2965 2271 3281 2328 benedictio.
3317 2275 3491 2327 Bene-

1838 2362 1994 2416 dicat
2027 2367 2081 2418 te
2108 2360 2375 2417 conditor
2405 2360 2530 2417 coeli
2559 2365 2617 2417 et
2646 2367 2810 2416 terras
2842 2360 2996 2416 Deus
3030 2362 3198 2417 Pater
3223 2361 3489 2432 omnipo—

1839 2456 1988 2518 tens,
2013 2452 2113 2524 qui
2138 2457 2191 2506 te
2212 2451 2423 2523 eligere
2446 2451 2723 2524 dignatur
2742 2452 2813 2505 ad
2840 2455 3052 2505 sanctae
3076 2448 3270 2506 Maria
3286 2450 3493 2506 matris

1839 2540 1950 2596 Dni
1982 2540 2070 2595 nri
2103 2539 2220 2596 Jbu
2241 2540 2379 2612 Xpri
2407 2540 2791 2604 consortium,
2816 2543 2880 2594 ut
2901 2539 3188 2611 integram
3210 2542 3267 2594 et
3288 2538 3494 2594 imma-

1837 2628 2093 2684 culatum
2124 2628 2539 2702 virginitatem,
2564 2644 2741 2702 quam
2774 2628 3041 2700 professa
3067 2643 3131 2683 es
3156 2642 3355 2683 coram
3389 2631 3494 2683 Do-

1839 2717 1999 2773 mino
2029 2724 2087 2773 et
2116 2717 2341 2789 angelis
2367 2718 2496 2788 ejus
2525 2733 2853 2783 conserves,
2878 2715 3242 2789 propositum
3264 2720 3490 2784 teneas,

1837 2805 2163 2862 castitatem
2213 2805 2449 2878 diligas,
2482 2804 2825 2878 patientiam
2882 2820 3099 2873 serves,
3128 2808 3187 2860 et
3214 2819 3491 2861 coronam
3602 2872 3607 2877 ,

1836 2893 2188 2967 virginitatis
2220 2894 2479 2965 accipere
2507 2891 2805 2949 merearis.
2840 2892 2966 2947 Per.

1905 2988 2035 3039 Post
2064 2983 2183 3040 haec
2214 2982 2527 3054 relinquens
2572 2996 2751 3038 cereos
2785 2981 2974 3053 puella
3016 2980 3210 3053 oﬂ‘erat
3253 2981 3488 3038 oblatio.

1836 3087 1978 3128 nem.
2015 3072 2213 3128 lterum
2240 3072 2510 3142 accipiens
2536 3077 2854 3135 cereos,sta¢
2881 3070 3171 3136 inclinata,
3188 3069 3489 3141 usquedum

1834 3161 2212 3227 communicet,
2243 3167 2295 3215 et
2318 3160 2491 3214 missa
2534 3157 2773 3231 ﬁniatur
2816 3157 3008 3214 ordine
3044 3173 3162 3214 suo.
3190 3163 3490 3230 Postquam

1837 3250 2214 3315 communicet,
2248 3256 2480 3303 reservet
2528 3246 2595 3302 de
2639 3249 2762 3318 ipsa
2808 3248 3190 3302 communione
3227 3262 3397 3320 usque
3428 3249 3489 3302 in

1835 3338 1980 3394 diem
2032 3345 2298 3401 octavum,
2330 3340 2393 3391 ut
2448 3335 2576 3391 inde
2619 3337 2977 3391 communicet
3007 3334 3175 3406 (225).
3210 3338 3286 3391 Et
3310 3337 3361 3391 si
3388 3344 3484 3402 est,

1836 3428 1934 3498 qui
1960 3427 2016 3482 ei
2038 3426 2408 3482 testimmiium
2431 3423 2732 3496 perhibent,
2760 3424 2947 3478 mittat
2974 3438 3094 3479 eam
3121 3425 3397 3495 episcOpus
3427 3426 3486 3478 in

1834 3532 2033 3571 manus
2061 3531 2189 3570 suas
2217 3514 2402 3569 dicens
2433 3531 2450 3567 :
2480 3512 2687 3567 Videte
2718 3511 3012 3584 quomodo
3040 3512 3216 3567 istam
3247 3498 3363 3567 Deo
3394 3528 3487 3568 sa-

1837 3608 2058 3660 cratam
2090 3606 2470 3675 repraesentes
2495 3600 2938 3657 immaculatum
2957 3604 3090 3656 ante
3109 3599 3364 3655 tribunal
3379 3599 3490 3657 Dni

1839 3693 1929 3749 nri
1959 3692 2087 3765 Xpi.

2335 3780 2467 3836 Item
2493 3782 2663 3835 missa
2686 3780 2988 3849 virginum.

1908 3871 2036 3926 Tibi
2071 3869 2217 3926 dixit
2264 3886 2364 3925 cor
2403 3885 2621 3926 meum.
2655 3873 2748 3925 Ps.
2782 3868 3068 3924 Dominus
3117 3866 3488 3924 illuminatio.

1840 3961 1925 4016 Da
1955 3976 2296 4032 quaesumus
2340 3958 2585 4014 Domine
2626 3957 2847 4013 ancillae
2879 3961 2992 4012 tua!
3022 3973 3201 4028 quam
3229 3956 3488 4028 virginit.

1841 4052 1934 4106 Gr.
1968 4049 2242 4104 Miserere
2285 4047 2397 4103 mei
2448 4047 2623 4103 Deus.
2658 4047 2708 4107 ᾗ.
2743 4046 2962 4102 Misitd
3030 4045 3193 4101 ccslo.
3221 4042 3489 4100 Alleluia.

1841 4138 2041 4193 Lauda
2061 4138 2258 4193 anima
2280 4152 2410 4192 mea
2430 4136 2765 4192 Dominum.
2791 4133 2894 4207 Off.
2921 4134 3165 4205 Sperent
3184 4134 3244 4189 in
3265 4137 3340 4189 te.
3362 4133 3487 4188 Sac.

1840 4226 2061 4283 Oblatis
2092 4224 2299 4281 hostiis
2330 4223 2593 4280 Domine.
2618 4226 2773 4295 Infra
2802 4239 2925 4278 can.
2953 4221 3116 4277 Hane
3138 4221 3317 4293 igitur
3333 4220 3491 4276 obla-

1839 4316 2080 4370 tionem.
2112 4314 2381 4369 Benedict.
2418 4311 2663 4366 Domine
2688 4316 2840 4366 Deus
2871 4313 3100 4375 aeterne,
3133 4309 3234 4380 qui
3266 4312 3493 4365 utrum-

1841 4420 1954 4475 que
1983 4419 2187 4457 sexum
2219 4401 2290 4455 de
2319 4400 2556 4454 interitu
2589 4403 2881 4470 perpetuae
2919 4396 3124 4452 mortis
3156 4412 3259 4468 per
3286 4396 3491 4451 Jesum

1840 4490 2137 4547 Christum
2158 4488 2367 4545 Filium
2391 4491 2557 4542 tuum
2591 4487 2662 4542 de
2687 4486 2871 4540 Maria
2894 4483 3129 4557 Virgine
3160 4488 3362 4539 natum
3386 4483 3493 4538 mi-

104 4576 352 4632 membm
373 4577 432 4632 in
451 4577 583 4648 ejus
610 4591 848 4648 corpore
876 4579 936 4633 et
960 4573 1159 4630 animo
1190 4590 1306 4628 non
1334 4572 1520 4645 possit
1549 4572 1733 4627 domi-
1764 4596 1810 4659 Β
1843 4577 2213 4635 sericorditer
2241 4574 2562 4642 redemisti,
2595 4573 2747 4630 hanc
2778 4572 3061 4629 famulam
3093 4577 3257 4628 tuam
3287 4572 3495 4627 devota

103 4663 219 4717 nari
240 4672 561 4737 peccatum,
584 4668 759 4736 atque
780 4663 890 4719 sub
915 4668 1013 4725 tua
1034 4662 1223 4736 gratia
1260 4661 1446 4717 vivere
1477 4661 1733 4734 cupienti

104 4749 236 4808 nihil
265 4753 376 4810 sibi
417 4754 687 4810 defensor
713 4752 1002 4809 malorum
1035 4756 1093 4806 et
1119 4751 1393 4806 inimicus
1422 4750 1734 4819 bonorum,

103 4838 167 4893 de
194 4839 298 4895 hoc
353 4859 487 4898 vase
532 4842 662 4913 jam
719 4840 941 4896 nomini
990 4845 1092 4894 tuo
1146 4844 1375 4893 sacrato
1427 4837 1735 4910 praevaleat

103 4928 411 4986 vendicare.
437 4931 682 4986 Omnem
703 4929 881 4984 etiam
913 4928 1236 5001 genuinum
1267 4926 1518 4982 calorem
1551 4928 1738 4982 imber

104 5015 290 5083 gratia
317 5023 429 5073 tua:
471 5017 723 5074 scelestis
766 5017 1103 5089 extinguat;
1138 5016 1336 5071 lumen
1368 5032 1501 5071 vero
1535 5034 1736 5088 perpe-

103 5104 207 5156 tuae
225 5105 506 5163 castitatis
521 5107 805 5163 accendat
828 5122 840 5162 :
865 5106 1043 5162 facies
1070 5104 1364 5161 scandalis
1387 5106 1599 5177 pudica
1622 5124 1738 5162 non

105 5196 305 5262 pateat,
337 5211 441 5252 nec
470 5196 700 5253 incaute
730 5194 1093 5257 occasionem
1125 5195 1346 5250 tribuat
1377 5193 1740 5268 neglegentia

345 5354 512 5411 Ritus
540 5354 637 5411 hic
666 5354 841 5431 dandi
880 5372 1115 5431 sacram
1151 5354 1424 5431 hostium,
1455 5357 1621 5431 unde
1640 5375 1742 5430 per

30 5450 31 5455 η
110 5422 1102 5500 octiduumcommunicet_virgo,ut
1123 5424 1340 5500 olimin
1378 5422 1741 5500 ordinatione

30 5530 31 5547 ξ
110 5492 435 5574 sacerdotali
494 5513 606 5574 usu
649 5492 1369 5574 veniebatfprmscribitur
1406 5498 1462 5552 in
1499 5501 1741 5574 antiquo

30 5632 31 5639 γ
110 5559 310 5644 prdine
340 5566 719 5644 R_._variisgue
747 5559 1380 5644 lihrisjoutiﬁcalibus
1411 5573 1565 5644 apud
1597 5559 1743 5644 Mter-

30 5633 31 5709 Ῐ
110 5633 341 5705 tenium,
371 5638 470 5699 lib.
504 5633 667 5707 inde
695 5640 877 5714 antiq.
912 5633 1065 5697 Eccl.
1099 5639 1239 5708 itit...
1269 5657 1320 5701 ο.
1346 5642 1405 5709 β,
1432 5633 1490 5698 n.
1525 5643 1610 5704 15.
1642 5642 1740 5702 Ri-

409 5764 670 5832 ΡΑιδιιοι.
714 5765 1091 5834 CXXXVIII.

1846 4674 2036 4724 mente
2067 4666 2173 4722 tibi
2222 4664 2568 4722 servientem
2613 4662 2770 4719 omni
2806 4661 3209 4719 benedictione
3239 4658 3491 4733 spiritali

1844 4756 2184 4813 benedicere
2216 4755 2475 4828 dignare.
2509 4755 2712 4808 Amen.
2748 4750 2820 4806 Ut
2850 4751 3135 4822 integram
3182 4749 3356 4804 ﬁdem
3388 4749 3492 4805 ha-

1846 4846 1997 4912 beat,
2020 4850 2077 4900 et
2099 4844 2155 4898 in
2184 4841 2489 4916 praeceptis
2530 4840 2675 4911 legis
2724 4845 2837 4894 tua:
2886 4853 3120 4909 semper
3148 4842 3493 4910 perseveret,

1843 4938 2074 4990 terrena
2101 4938 2159 4988 et
2184 4928 2521 4987 transitoria
2552 4928 2851 5000 despiciat,
2867 4931 3083 4982 aaterna
3101 4933 3159 4982 et
3180 4926 3498 4983 invisibilia

1844 5025 1905 5078 in
1935 5026 2098 5078 tanta
2143 5019 2520 5076 meditatione
2558 5016 2783 5089 diligat.
2816 5018 3021 5071 Amen.
3054 5015 3127 5071 Ut
3158 5016 3217 5071 in
3249 5032 3495 5073 numero

1846 5115 2182 5167 sanctarum
2200 5107 2492 5179 virginum
2517 5122 2868 5176 permanens
2887 5103 3105 5160 caelesti
3129 5121 3343 5177 sponso
3359 5121 3495 5161 cum

1844 5198 2219 5272 lampadibus
2237 5197 2521 5251 bonorum
2544 5209 2787 5265 operum
2813 5193 3493 5261 ﬁducialiteroccurrere,

1848 5362 1947 5413 tus
1977 5355 2072 5410 hic
2106 5355 2162 5408 in
2203 5352 2537 5408 triduanum
2566 5350 3039 5409 communionem
3070 5357 3160 5409 est
3180 5355 3498 5409 commuta-

1848 5436 1967 5489 tus.
2002 5433 2064 5481 ut
2117 5422 2530 5497 praascriptum
2551 5422 2755 5497 tradit
2793 5424 2914 5497 los.
2945 5422 3258 5497 Catalanus
3286 5438 3354 5497 εχ
3383 5436 3494 5497 ms.

1853 5491 2298 5628 goticangézcire.
2332 5491 2470 5550 ann.
2506 5494 2630 5564 400,
2658 5500 2702 5553 t.
2735 5494 2757 5552 Ι
2789 5494 3115 5552 Comment.
3174 5495 3232 5550 in
3286 5491 3497 5549 Pontif.

1910 5611 1948 5637 .,
1980 5585 2037 5647 p.
2181 5608 2195 5625 .

3104 5760 3188 5831 33
