3892 6212
368 351 525 413 1099

1150 352 1486 415 APPEND.
1532 352 1637 413 AD
1684 349 1876 412 SIEC.
1921 348 1999 409 X.
2031 379 2107 391 —
2135 345 2637 415 MONUMENTA
2680 349 2999 414 LITURG.

3654 347 3786 407 “00

368 483 482 556 ipsi
513 483 619 540 tibi
653 482 954 556 praestanti
985 488 1297 539 mereatur.
1321 486 1523 539 Amen.
1550 482 1709 549 Quod
1734 482 1857 554 ipse
1880 498 2016 554 prm-
2046 479 2099 546 Α
2133 484 2329 536 nostra
2351 481 2396 536 N
2443 498 2571 554 quis
2602 498 2840 554 corpore
2861 499 2928 538 ac
2951 484 3151 537 mente
3182 479 3461 553 perfecta:
3493 479 3785 534 continen-

366 578 522 631 stare
554 573 716 646 dign.
751 574 951 633 Comm.
986 574 1164 630 Notas
1194 574 1339 629 mihi
1392 572 1598 628 fecisti.
1634 571 1877 644 Respice
1912 572 2017 625 Do-

365 662 525 719 mine
554 661 787 718 famulie
817 666 951 718 tuas.
982 661 1169 719 Sermo
1200 663 1257 717 in
1284 666 1401 717 nat.
1436 663 1731 733 virginum.

370 768 451 825 Ad
477 769 714 826 ancillas
754 770 853 826 Dei
898 770 1139 838 virgines
1186 767 1462 833 velandus,
1503 768 1701 840 quibus
1747 766 2018 823 conversis

862 842 1177 898 vestimenta
1206 847 1513 896 mutantur.

434 929 651 986 Ancilla
697 930 800 986 Dei
846 931 1021 1000 virgo,
1053 946 1175 986 cum
1205 929 1276 985 ad
1301 928 1757 985 consecratimzem
1786 928 1873 982 sui
1901 927 2015 999 epi-

362 1020 510 1090 scopi
533 1019 780 1091 oﬂ‘ertur,
813 1020 872 1074 in
901 1019 1107 1075 talibus
1136 1019 1369 1074 vestibus
1408 1018 1733 1090 applicetur,
1764 1017 2018 1088 qualibus

363 1123 575 1180 semper
600 1124 791 1176 usura,
820 1109 1153 1180 professioni
1181 1111 1233 1163 el
1261 1108 1643 1164 sanctimoniae
1673 1107 1833 1179 aptis.
1874 1107 2019 1161 Tunc

363 1197 510 1252 dicat
539 1197 681 1253 hanc
704 1200 1111 1270 prmiatiomm.
1145 1196 1392 1253 Oremus
1422 1196 1627 1251 fratres
1649 1195 1768 1251 kmi
1794 1194 2016 1249 miseri-

363 1285 622 1341 cordiam
636 1286 961 1354 Domini,ut
984 1286 1125 1342 illud
1148 1286 1369 1341 donum
1395 1285 1609 1340 tribuat
1628 1284 1763 1339 huic
1787 1283 2013 1356 puellm,

364 1392 493 1447 quae
512 1379 622 1430 Deo
645 1379 842 1431 votum
864 1375 1035 1443 vovit,
1050 1381 1267 1431 vestem
1286 1375 1594 1430 candidam
1610 1375 1862 1447 perferre
1880 1390 2014 1429 cum

361 1462 693 1537 integritate
723 1481 970 1528 coronae,
1004 1465 1061 1519 in
1115 1465 1539 1520 resurrectione
1586 1464 1714 1518 vita:
1764 1468 2013 1531 (uterum,

361 1568 489 1626 quae
512 1552 707 1609 futura
727 1556 817 1608 est
839 1553 1028 1609 nobis.
1063 1554 1188 1609 Per.
1215 1554 1364 1609 Alia.
1394 1552 1695 1609 Familiam
1718 1556 1880 1608 tuam
1907 1557 2013 1608 Do-

361 1640 518 1697 mine
550 1644 661 1697 tuae
695 1641 963 1698 custodia
994 1642 1224 1699 muniat
1252 1642 1507 1715 pietatis,
1563 1646 1628 1697 ut
1659 1641 2015 1715 virginitatis

360 1733 573 1786 sancta:
596 1730 988 1804 propositum,
1020 1731 1174 1804 quod
1208 1734 1263 1787 te
1290 1730 1613 1804 inspirante
1646 1729 1925 1804 suscepit,
1958 1734 2013 1786 te

362 1822 699 1893 protegente
727 1818 975 1876 illaesum
1008 1820 1317 1877 custodiat.
1355 1820 1480 1876 Per.

2042 1855 2090 1920 B

2125 569 2219 625 tia
2250 573 2309 625 et
2338 570 2631 642 pudicitia:
2676 588 2739 627 se
2783 572 3135 627 servituram
3171 567 3426 625 Domino
3457 568 3706 633 devovit,
3735 574 3785 621 nt

2126 657 2344 731 petenti
2378 658 2609 716 famula.-
2641 660 2765 732 ipse
2794 660 2893 733 qui
2927 664 3019 716 est
3039 659 3230 733 judex
3257 657 3585 714 viduarum
3615 658 3787 731 perfe-

2128 752 2279 804 ctam
2314 748 2535 804 tribuat
2561 749 3002 806 continentiam.

2552 838 2865 895 Benedictio
2890 840 3121 911 propria
3150 837 3358 895 vidum.

2196 924 2508 982 Consolare
2533 927 2773 983 Domine
2794 927 2945 984 hanc
2969 925 3254 983 famulam
3286 930 3460 981 tuam
3493 925 3787 982 viduitatis

2124 1012 2425 1071 laboribus
2456 1015 2834 1072 constrictum
2861 1038 2875 1087 ς
2909 1015 3063 1074 sicut
3090 1014 3385 1072 consolari
3421 1015 3705 1088 dignatus
3731 1030 3784 1071 es

2125 1102 2508 1178 Sareptanam
2540 1103 2775 1161 viduam
2821 1122 2923 1178 per
2974 1104 3199 1161 Heliam
3232 1105 3619 1177 prophetam.
3651 1104 3786 1161 Con-

2126 1194 2263 1248 cede
2283 1194 2333 1249 ei
2357 1193 2650 1267 pudicitiae
2673 1194 2924 1250 fructum
2951 1197 3017 1250 ut
3038 1194 3423 1266 antiquarum
3443 1211 3567 1248 non
3591 1194 3783 1248 memi-

2126 1282 2279 1338 nerit
2309 1283 2701 1355 voluptatum.
2734 1284 2967 1340 Nesciet
2993 1284 3192 1349 etiam,
3222 1288 3335 1339 etc.

2199 1372 2341 1427 Alia.
2380 1374 2460 1429 Da
2480 1389 2821 1444 quaesumus
2843 1373 3218 1446 omnipotens
3247 1374 3428 1434 Deus.
3452 1375 3523 1426 ut
3556 1372 3679 1427 hac
3708 1373 3779 1426 fa-

2124 1460 2287 1516 mula
2316 1465 2436 1530 tua,
2458 1479 2584 1534 qua:
2616 1479 2721 1534 pro
2753 1479 2856 1535 spe
2886 1460 3293 1518 retributionis
3322 1465 3566 1517 aeternae
3596 1478 3660 1517 se
3690 1461 3781 1516 tibi

2128 1550 2366 1606 Domine
2392 1549 2687 1606 desiderat
2707 1551 3061 1620 consecrari,
3082 1556 3190 1607 etc.
3222 1551 3479 1607 l’elamen
3512 1552 3687 1623 capiti
3697 1567 3784 1605 suo

2125 1648 2389 1711 imponat.

2206 1728 2391 1785 Oratio
2413 1733 2535 1801 post
2563 1735 2903 1802 assumptum
2934 1729 3321 1786 indumentum
3351 1734 3409 1785 et
3440 1730 3713 1786 velamen.

2198 1817 2499 1875 Famulam
2534 1823 2698 1875 tuam
2730 1818 2973 1875 Domine
2994 1823 3106 1875 tua:
3128 1818 3403 1875 custodia
3426 1818 3664 1874 muniat
3680 1824 3776 1874 etc.

429 1908 576 1963 Alia.
608 1907 686 1964 Te
728 1907 1070 1966 invocamus
1118 1910 1361 1966 Domine
1420 1910 1586 1966 Pater
1641 1908 2010 1982 omnipotens
2042 1906 2089 1920 ⁵³
2119 1908 2264 1963 Alia.
2302 1906 2543 1964 Domine
2572 1908 2713 1965 Jesu
2746 1907 2969 1965 Christe
2999 1908 3267 1965 omnium
3301 1911 3487 1975 Deus,
3509 1908 3612 1980 qui
3643 1908 3779 1963 inter

360 2000 569 2053 aeterne
603 1998 751 2053 Deus
802 2015 978 2070 super
1025 1998 1176 2054 hanc
1225 1997 1507 2054 famulam
1556 2004 1715 2054 tuam
1748 2016 1873 2071 qua:
1906 1998 2010 2054 tibi

360 2084 514 2142 vovit
543 2087 760 2142 servire
785 2104 932 2160 pura
961 2092 1177 2160 mente,
1209 2088 1546 2160 mundoque
1576 2089 1771 2159 corde,
1790 2092 1855 2143 ut
1883 2104 2009 2143 eam

362 2175 583 2231 sociare
613 2174 870 2250 digneris
902 2176 1054 2232 inter
1075 2176 1177 2233 illa
1196 2182 1430 2232 centum
1452 2177 1846 2250 quadraginta
1869 2194 2011 2249 qua-

360 2268 496 2319 tuor
525 2262 708 2319 millia
737 2263 1025 2320 infantum
1060 2264 1157 2338 qui
1190 2266 1445 2339 virgines
1472 2270 2015 2338 permanserunt,et

360 2369 494 2410 cum
520 2352 865 2409 mulieribus
878 2370 991 2410 non
1009 2352 1552 2426 coinquinaverunt,
1568 2354 1626 2409 in
1643 2371 1894 2427 quorum
1917 2372 2014 2410 ore

362 2440 532 2498 dolus
565 2441 836 2497 inventus
868 2458 983 2497 non
1016 2445 1123 2497 est.
1153 2443 1217 2497 Et
1242 2441 1320 2497 ita
1354 2441 1506 2498 hanc
1539 2442 1820 2499 famulam
1852 2448 2016 2499 tuam

362 2530 544 2587 facias
562 2546 904 2602 permanere
925 2531 1365 2587 immaculatum
1400 2550 1587 2606 usque
1619 2533 1677 2588 in
1710 2534 2017 2606 ﬁnem,per

363 2619 809 2676 immaculatum
830 2618 966 2674 me
988 2620 1136 2693 Xpm
1162 2626 1307 2676 Dnm
1333 2639 1485 2689 nrm,
1502 2638 1635 2677 cum
1660 2638 1774 2694 quo
1796 2623 1940 2677 vivis
1964 2626 2020 2677 et

365 2724 575 2782 regnas
604 2713 756 2764 Deus
783 2708 841 2764 in
874 2708 1095 2765 unitate
1143 2709 1395 2782 Spiritus
1443 2709 1653 2766 sancti.
1687 2711 1811 2767 Per.
1848 2716 2017 2780 Bene-

365 2798 605 2854 dictione
630 2798 844 2871 acpleta
876 2800 1056 2855 mittat
1084 2800 1363 2871 episcopus
1395 2800 1641 2855 velamen
1670 2816 1834 2873 super
1860 2808 2024 2873 caput

367 2888 540 2959 ipsius
569 2888 805 2956 virginis
834 2886 1041 2943 dicens.
1070 2888 1277 2960 Accipe
1307 2885 1497 2944 velum
1534 2905 1766 2945 sacrum
1804 2888 2019 2961 puella,

377 2978 532 3051 quod
557 2978 830 3051 praferas
848 2977 973 3035 sine
992 2977 1224 3035 macula
1238 2982 1372 3034 ante
1401 2978 1657 3035 tribunal
1676 2979 1782 3037 Dni
1802 2979 1892 3034 nri
1916 2979 2021 3035 ihu

373 3066 502 3139 Xpi,
526 3066 620 3124 cui
644 3066 896 3125 flectitur
923 3083 1096 3123 omne
1117 3083 1272 3140 genu
1303 3067 2022 3135 cmlestium,terrestrium

372 3160 430 3213 et
457 3155 819 3213 infernorum
851 3156 911 3212 in
955 3155 1166 3215 saecula
1218 3155 1561 3212 sreculorum
1620 3173 1814 3214 amen.
1847 3159 2020 3215 Bene-

2122 2000 2329 2053 castera
2346 1997 2632 2052 virtutum
2664 1998 3016 2053 documenta
3036 1996 3109 2053 ad
3130 1996 3390 2053 salutem
3414 2001 3679 2053 nostram
3704 1996 3775 2050 vi-

2122 2101 2323 2158 gorem
2354 2085 2645 2142 castitatis
2675 2090 2734 2141 et
2764 2085 3054 2159 pudicitiae
3089 2086 3479 2159 reparasti,te
3498 2084 3775 2158 supplices

2123 2191 2454 2243 exoramus,
2470 2178 2535 2230 ut
2552 2174 2706 2230 hanc
2727 2175 2999 2231 Sororem
3021 2179 3287 2230 nostram
3309 2173 3558 2230 viduam
3581 2175 3653 2229 ad
3670 2190 3776 2247 gn-

2123 2263 2264 2319 tiam
2298 2263 2532 2337 pietatis
2564 2268 2675 2318 tuas
2706 2280 2775 2319 ex
2807 2265 2982 2320 corde
3029 2280 3376 2320 conversam
3409 2264 3487 2319 ab
3517 2263 3777 2319 omnibus

2124 2352 2610 2425 temptationibus
2635 2352 3013 2410 inimicorum
3035 2356 3225 2408 tutam
3248 2353 3679 2425 defensamque
3698 2367 3777 2406 cn-

2128 2442 2371 2509 stodias,
2404 2445 2461 2498 et
2490 2441 2610 2498 haec
2639 2441 2848 2515 capitis
2878 2441 3171 2505 velamina
3190 2441 3265 2497 ad
3288 2440 3597 2497 interioris
3616 2440 3777 2496 homi-

2131 2529 2223 2584 nis
2256 2533 2519 2587 tutamen
2568 2547 2936 2609 perseverare
2967 2529 3167 2587 facias.
3203 2530 3330 2587 Per.
3368 2530 3521 2585 Alia.
3559 2530 3777 2585 Domine

2132 2622 2284 2675 Deus
2301 2620 2582 2675 virtutum
2608 2619 2931 2676 ccelestium
2953 2623 3167 2676 aeterne
3188 2618 3536 2675 dominator
3548 2619 3778 2690 tibisup-

2130 2706 2310 2780 plices
2340 2707 2699 2764 effundimus
2720 2725 2943 2781 preces,
2967 2708 3198 2763 uthanc
3231 2706 3523 2764 famulam
3550 2711 3703 2764 tuam
3717 2707 3774 2762 Ν.

2132 2813 2470 2853 consecrare
2501 2797 2961 2870 digneris,quam
2983 2797 3055 2853 de
3069 2796 3328 2871 pristina
3349 2797 3778 2865 conversatione

2132 2886 2205 2941 ad
2238 2886 2552 2942 novitatem
2584 2886 2718 2943 vitae
2746 2885 3079 2960 exspolians
3107 2890 3367 2942 veterem
3401 2886 3775 2949 bominem,et

2134 2975 2385 3030 induens
2410 2991 2648 3044 novum,
2680 2975 2935 3032 converti
2967 2974 3179 3043 fecisti,
3204 2979 3271 3032 ut
3294 2975 3457 3031 sicut
3476 2977 3778 3049 Annapro-

2134 3062 2395 3136 phetissu
2414 3063 2614 3121 multis
2633 3064 2997 3137 temporibus
3013 3062 3321 3120 viduitatis
3332 3067 3499 3120 veste
3517 3063 3775 3120 indutain

2134 3152 2351 3226 templo
2383 3153 2579 3225 glorias
2629 3157 2739 3209 tua:
2778 3152 3027 3226 jejuniis
3057 3158 3116 3209 et
3143 3152 3524 3209 orationibus
3554 3152 3778 3209 ﬁdeliter

370 3245 537 3302 dictio
567 3263 584 3301 :
617 3244 928 3301 Benedicat
957 3247 1012 3301 te
1043 3249 1196 3300 Deus
1222 3245 1391 3301 Pater
1412 3249 1468 3300 et
1489 3244 1667 3301 Filius
1688 3250 1745 3300 et
1766 3245 2020 3317 Spiritus
2049 3227 2092 3294 (ἶ
2130 3242 2455 3307 deservivit,
2490 3242 2572 3300 sic
2601 3247 2660 3298 et
2687 3242 2809 3299 haec
2861 3240 3081 3299 famula
3131 3246 3237 3298 tua
3282 3242 3396 3298 tibi
3442 3241 3554 3299 soli
3589 3246 3699 3298 Deo
3725 3242 3775 3296 in

370 3338 610 3392 sanctus
641 3332 891 3401 inomni
925 3333 1332 3391 benedictione
1380 3333 1651 3407 spiritali,
1685 3338 1749 3388 ut
1777 3351 2019 3392 maneas

367 3422 497 3480 sine
529 3422 762 3480 macula
790 3422 903 3483 sub
933 3423 1279 3479 vestimento
1324 3428 1537 3479 sancta:
1588 3422 1781 3480 Mariis
1814 3424 2020 3482 matris

369 3511 477 3571 Dni
505 3512 597 3570 nri
625 3512 744 3569 Jhu
772 3511 901 3585 Xpi.
937 3512 1044 3578 Qui
1075 3511 1185 3567 viv.
1220 3516 1278 3568 et
1308 3527 1425 3584 reg.

809 3618 1298 3675 CONSECRATIO
1335 3618 1578 3676 VlDU/E

649 3707 777 3755 ουλε
814 3707 1008 3746 FUE‘RIT
1043 3707 1385 3746 CASTITATEM
1426 3707 1727 3747 PROFESSA.

438 3779 627 3837 Vidua?
652 3785 769 3851 post
808 3780 1112 3850 perlectum
1169 3781 1513 3849 evangelium
1568 3780 1763 3835 debent
1818 3782 2013 3851 velari,

365 3884 497 3941 quia
525 3866 675 3923 decet
704 3883 795 3923 eas
822 3883 923 3937 per
963 3868 1309 3934 evangelium
1355 3868 1674 3939 praedicari.
1713 3869 1884 3926 Vidua
1912 3887 2015 3925 au-

364 3965 472 4013 tem
501 3957 633 4028 quia
660 3955 837 4010 soluta
868 3962 944 4010 est
971 3971 1006 4009 a
1035 3955 1152 4023 lege
1182 3956 1310 4019 viri,
1342 3957 1575 4027 seipsam
1602 3958 1863 4013 similiter
1884 3959 2019 4015 dare

361 4046 468 4102 Deo
497 4044 651 4101 debet
680 4051 731 4110 et
758 4060 792 4098 a
816 4044 1131 4115 presbytero
1164 4044 1356 4110 velari,
1391 4046 1472 4099 vel
1521 4047 1689 4101 etiam
1734 4064 2014 4105 consecra-

362 4143 480 4191 tum
507 4134 575 4189 ab
604 4134 846 4206 episcopo
894 4134 1143 4188 velamen
1173 4134 1292 4204 ipsa
1320 4134 1449 4202 sibi,
1482 4151 1581 4189 nec
1611 4138 1889 4207 episcopus
1916 4138 2013 4193 de-

363 4224 445 4281 bet
474 4225 771 4296 imponere.
803 4221 1142 4295 Presbyteris
1198 4239 1319 4278 vero
1377 4223 1501 4279 licet
1558 4223 1750 4282 viduas
1812 4227 2011 4297 velare,

358 4314 487 4371 solis
515 4314 775 4386 episcOpis
804 4312 1067 4382 virgines.

676 4402 985 4459 Benedictio
1014 4403 1453 4458 vestimentorum
1484 4403 1688 4460 vidum.

427 4490 761 4548 Visibilium
773 4489 1225 4548 etinvisibilium
1251 4494 1475 4546 creator
1490 4495 1636 4549 Deus
1656 4491 1857 4548 adesto
1872 4509 2010 4565 pro-

2130 3330 2383 3387 Ecclesia
2404 3335 2505 3386 tua
2525 3331 2730 3387 devota
2749 3334 2944 3387 mente
2964 3330 3272 3387 deserviat.
3290 3331 3419 3387 Per.
3448 3336 3605 3389 Deus
3622 3332 3776 3388 casti|

2129 3420 2268 3477 tatis
2298 3424 2544 3476 amator.
2576 3423 2643 3476 Et
2675 3421 2909 3493 reliqua.

2439 3526 2828 3584 ORDINATIO
2866 3527 3019 3599 (226)
3055 3526 3477 3584 ABBATlSSE

2390 3615 2717 3661 CANONICAH
2801 3614 3167 3655 PROFXTEN'IIS
3250 3616 3543 3658 ωηιξη.

2198 3689 2261 3743 1η
2305 3687 2652 3745 ordinatione
2696 3687 2992 3747 abbatissa
3037 3689 3318 3760 episcopus
3364 3687 3524 3746 debet
3570 3691 3769 3745 missam

2126 3785 2348 3833 cantare
2375 3781 2428 3833 et
2453 3792 2575 3833 eam
2602 3776 2883 3833 benedicat
2910 3776 3009 3832 hoc
3036 3775 3214 3833 modo.
3246 3781 3381 3833 Post
3427 3779 3770 3850 antiﬂtonan

2126 3866 2196 3922 (ul
2223 3868 2515 3922 introitum
2535 3874 2588 3922 et
2614 3864 2801 3921 datam
2829 3867 3132 3922 orationem
3152 3870 3207 3920 et
3236 3866 3525 3938 reliquum
3545 3868 3769 3939 ofﬁcinis

2124 3958 2314 4013 missae
2340 3970 2511 4028 usque
2538 3953 2609 4009 ad
2638 3955 2989 4024 evangelium
3028 3958 3344 4026 prosternat
3372 3971 3433 4010 se
3463 3956 3635 4011 electa
3656 3958 3771 4009 ante

2124 4045 2299 4100 altare
2327 4061 2452 4100 cum
2477 4043 2689 4099 duabus
2712 4044 2795 4099 vel
2812 4043 2985 4099 tribus
3002 4043 3070 4099 de
3095 4044 3377 4099 sororibus
3405 4046 3528 4100 suis
3552 4046 3771 4116 ﬁantque

2125 4133 2205 4189 ibi
2234 4134 2478 4189 letaniae.
2499 4133 2713 4205 Quibus
2735 4133 2910 4204 ﬁnitis
2941 4132 3223 4188 benedicat
3247 4148 3373 4188 eain
3401 4134 3683 4206 cpiscopus
3701 4134 3769 4187 is-

2121 4224 2331 4279 clinalo
2375 4223 2554 4294 capite
2602 4220 2805 4276 dicens.
2842 4220 3124 4276 Dominus
3171 4220 3507 4278 vobiscum.
3541 4222 3609 4278 Et
3646 4237 3765 4277 cum

2122 4312 2333 4386 spiritu
2363 4315 2484 4368 tuo.
2520 4311 2782 4384 Sequitur
2806 4314 2952 4366 orat.
2985 4310 3252 4366 Oremus.
3284 4309 3515 4367 Exaudi
3545 4310 3767 4367 Domine

2118 4417 2321 4475 preces
2344 4405 2574 4456 nostras
2587 4398 2995 4472 etsuperhanc
3014 4397 3295 4456 famulam
3320 4402 3486 4456 tuam
3501 4399 3765 4473 Spiritum

2119 4495 2230 4547 tua:
2262 4489 2684 4547 benedictionis
2713 4489 2935 4557 emitte,
2968 4493 3033 4545 ut
3061 4489 3280 4546 coalesti
3314 4506 3565 4547 munere
3590 4490 3763 4545 dicata

354 4579 774 4655 pitius,uthaac
806 4579 1151 4665 indumenta
1180 4579 1514 4635 sanctitatis
1545 4578 1800 4652 effigiem
1818 4586 2012 4638 osten-
2040 4601 2088 4665 D
2120 4584 2178 4636 et
2206 4585 2318 4636 tum
2349 4579 2602 4653 gratiam
2633 4577 2963 4650 majestatis
2988 4578 3178 4651 possit
3206 4578 3517 4651 acquirere
3545 4582 3602 4635 et
3632 4580 3763 4634 bene

353 4670 550 4727 dentia
578 4670 831 4741 desuper
869 4660 1057 4742 gratia
1105 4672 1209 4723 tua
1255 4668 1534 4741 irrigante
1580 4669 1921 4726 benedicere
1952 4678 2010 4727 et

353 4759 721 4816 sanctificare
778 4756 1057 4832 digneris.
1112 4756 1237 4813 Per.
1271 4757 1415 4813 Alia.
1446 4758 1617 4830 Aperi
1668 4774 2008 4830 quaesumus

354 4849 593 4904 Domine
615 4846 816 4904 oculos
831 4846 1162 4918 majestatis
1174 4849 1286 4903 tua:
1302 4847 1373 4901 ad
1389 4846 1844 4903 benedicendam
1857 4848 2009 4904 hanc

350 4936 651 4991 viduitatis
682 4940 922 5005 vestem,
947 4939 1013 4991 ut
1033 4951 1159 5008 qua:
1181 4934 1238 4989 in
1263 4935 1483 4993 ornatis
1505 4935 1764 4992 vestibus
1785 4936 1891 4992 viri
1913 4939 2009 4994 sui

352 5023 559 5079 usibus
573 5023 813 5095 placuit,
826 5024 884 5080 in
904 5024 1090 5081 sacris
1105 5024 1449 5079 indumenta
1463 5023 1881 5082 benedictionis
1894 5032 2006 5083 tuze

350 5127 582 5169 servare
631 5117 949 5168 mereatur.
1001 5113 1124 5168 Per.
1184 5115 1328 5168 Tunc
1369 5116 1570 5184 agatur
1620 5114 1847 5169 letania.
1880 5117 2007 5170 Post

349 5202 615 5258 letaniam
641 5200 892 5271 sequitur
929 5200 1049 5257 Ιιίινσ
1087 5204 1366 5273 ρνεΡῙαιὶο.
1402 5201 1810 5273 Incorruptum
1840 5207 2003 5260 aeter-

348 5288 549 5346 nitatis
569 5293 748 5345 Deum
766 5292 823 5343 et
842 5287 1195 5344 inviolabilis
1221 5295 1441 5346 natura:
1463 5292 1773 5347 Dominum
1796 5294 2003 5351 fratres

345 5380 468 5436 kmi
501 5376 847 5452 suppliciter
895 5377 1277 5449 deprecemur
1323 5385 1629 5451 poscentes
1660 5398 1764 5453 pro
1796 5382 2004 5441 Sorore

414 5504 566 5589 (εξρ)
598 5501 882 5589 Hacnvoce
904 5501 1029 5571 jam
1022 5502 1133 5589 Λξὰ
1162 5520 1297 5589 rea;
1317 5520 1461 5557 usus
1485 5509 1584 5589 est
1606 5506 1999 5589 S.‘Oregorius

342 5573 446 5646 ML,
478 5573 579 5631 lib.
611 5591 667 5631 v1
702 5573 867 5646 Reg.,
898 5590 990 5646 ep.
1022 5575 1221 5646 22,7ad7
1258 5574 1599 5646 Respectum
1633 5573 1994 5636 abbatissam

340 5645 770 5707 Massiliensem
791 5644 1177 5717 ‘scribens,in
1210 5645 1329 5702 haec
1355 5644 1555 5702 verba:
1596 5670 1620 5697 ‹‹
1653 5648 1777 5705 Non
1811 5654 1996 5708 extra-

2117 4668 2342 4726 vivendi
2364 4667 2494 4725 aliis
2515 4666 2846 4740 exemplum
2880 4668 3154 4740 praebere.
3172 4666 3280 4723 Per
3302 4672 3451 4727 Dnm
3488 4685 3619 4724 nrm
3638 4665 3761 4723 Jhm

2117 4759 2265 4831 Xpm
2297 4758 2398 4830 qui
2430 4762 2625 4814 tecum
2654 4756 2793 4812 vivit
2814 4760 2870 4812 et
2889 4760 3095 4829 regnat
3123 4760 3280 4814 Deus
3301 4757 3360 4813 in
3382 4757 3611 4813 unitate
3625 4757 3761 4828 ejus-

2119 4849 2253 4904 dem
2281 4847 2534 4919 Spiritus
2566 4845 2777 4902 sancti.

2189 4937 2332 4993 Alia.
2366 4934 2861 5008 Omnipotentiam
2877 4939 3042 4992 tuam
3060 4934 3367 4991 humiliter
3388 4935 3758 5009 imploramus

2119 5027 2359 5083 Domine
2390 5030 2454 5081 ut
2485 5041 2661 5097 super
2689 5023 2839 5080 banc
2872 5024 3153 5082 famulam
3186 5029 3570 5097 tuam,quam
3595 5024 3667 5079 ad
3683 5038 3759 5077 sa-

2115 5133 2280 5172 crum
2311 5115 2575 5171 ordinem
2603 5130 2906 5170 assumere
2927 5113 3206 5187 dignatus
3232 5130 3318 5181 es,
3351 5110 3759 5173 benedictionis

2114 5210 2225 5262 tuae
2249 5207 2469 5262 donum
2492 5200 3552 5277 dignanterinfundas,eiqucgratiam
3567 5197 3760 5257 δινεύ-

2115 5295 2403 5351 ﬁcationis
2430 5293 2677 5360 tribuas,
2710 5296 2776 5347 ut
2806 5291 2963 5363 quod
3014 5295 3070 5347 te
3118 5292 3375 5347 donante
3416 5288 3680 5364 percipit.
3708 5290 3756 5340 te

2111 5385 2449 5456 protegente
2498 5380 2743 5435 illaesum
2794 5379 3108 5435 custodiat.
3143 5379 3268 5435 Per.
3301 5377 3369 5434 Et
3406 5381 3754 5451 prosequatur

2110 5526 2239 5585 nea,
2274 5507 2375 5563 sed
2408 5521 2590 5585 quam
2619 5503 2990 5585 congregatio
3012 5503 3125 5585 sibi
3147 5504 3219 5560 de
3252 5504 3378 5560 suis
3399 5502 3751 5585 elegit-rigor-

2108 5571 2553 5659 diust-unquam
2579 5571 2862 5659 ωριθῇζεῖ
2878 5574 3065 5657 digna
3085 5574 3196 5631 hoc
3227 5571 3586 5659 monasterio
3608 5571 3750 5645 judi-

2107 5618 2453 5718 wfiiér‘it,
2486 5647 2749 5723 ejusdem
2781 5618 2891 5704 loci
2923 5618 3234 5722 episcopus
3260 5644 3507 5705 ordinet.
3540 5669 3570 5696 υ
