3892 6212
153 336 321 398 1101

952 337 1396 411 BENEDICT.,
1441 332 1922 397 CONSECRAT.
1968 331 2071 393 ET
2116 331 2487 392 ORDINA’I‘.
2533 332 2820 393 VARIIE.

3426 332 3584 399 1102

152 472 337 525 istam
365 469 673 525 orationem
702 471 761 524 in
785 470 1001 525 modum
1028 469 1400 541 prce/“alienis.
1428 466 1671 522 Domine
1692 482 1823 521 san-
1855 466 1909 532 Α
1939 465 2061 520 Per.
2099 464 2247 532 Quod
2275 466 2328 527 si
2354 463 2629 519 ordinatio
2657 465 2717 518 in
2744 463 2899 519 domo
2949 481 3051 520 sua
3091 467 3237 537 facta
3272 463 3449 538 fuerit
3477 466 3582 521 im-

153 562 258 614 cte
292 558 463 615 Pater
492 557 865 631 omnipotens
895 563 1105 614 (uterne
1139 565 1287 613 Deus
1320 558 1519 613 adesto
1558 554 1829 628 precibus

152 646 412 718 nostris,
428 646 631 703 adesto
652 646 824 714 votis,
840 648 1039 703 adesto
1066 645 1471 713 famulatibus,
1484 634 1684 700 adesto
1698 660 1831 698 con-

154 735 624 801 secrationibus,
655 736 754 809 qui
804 736 1006 792 omnia
1046 753 1148 809 per
1174 736 1420 792 verbum
1450 731 1684 788 virtutis
1714 734 1830 786 tua;

156 824 522 880 mirabiliter
550 823 877 897 dispensas,
893 829 950 881 et
966 824 1364 898 dispensanda
1386 818 1828 886 ministras.Qui

153 913 418 969 diversis
467 913 709 972 ﬂoribus
742 919 905 970 tuam
939 929 1175 987 semper
1203 929 1451 969 exornas
1480 909 1826 975 Ecclesiam,

150 1002 312 1057 dum
334 1019 465 1059 eam
486 1006 544 1058 et
566 1003 825 1059 virorum
847 1002 1150 1076 exemplis,
1177 1006 1234 1058 et
1252 1001 1573 1057 illustrium
1594 997 1831 1054 femina-

152 1106 301 1146 rum
334 1090 582 1147 irradias
614 1090 1051 1157 institutis.Qui
1069 1090 1246 1147 etiam
1269 1092 1340 1146 de
1362 1087 1668 1145 inﬁrmiori
1690 1102 1830 1143 sexu

150 1179 321 1237 hanc
347 1179 628 1236 famulam
653 1183 816 1236 tuam
840 1180 1138 1237 servitutis
1169 1184 1287 1236 tua:
1316 1177 1608 1252 applicare
1629 1174 1831 1249 digna-

158 1274 267 1324 tus
300 1286 366 1325 es
399 1267 993 1325 famulatui.Etl'unde
1016 1284 1356 1341 quaesumus
1387 1265 1630 1322 Domine
1655 1279 1832 1334 super

151 1357 321 1413 hanc
339 1355 621 1413 famulam
642 1361 828 1426 tuam,
850 1374 1026 1430 quam
1052 1357 1112 1411 in
1134 1356 1391 1413 ofﬁcium
1410 1354 1673 1410 divinum
1693 1356 1833 1412 fide-

150 1445 677 1515 literdedicamus,
696 1446 945 1520 gratiam
964 1446 1149 1502 sancti
1169 1444 1443 1517 Spiritus,
1459 1447 1525 1499 ut
1542 1443 1647 1499 tibi
1670 1447 1830 1503 omni

150 1540 432 1608 tempore
461 1536 591 1606 ejus
620 1535 875 1592 servitiis
910 1535 1221 1609 dignanter
1251 1532 1561 1606 compleat,
1585 1550 1832 1608 eamque

152 1624 406 1681 dextera
436 1623 711 1696 potentias
743 1627 857 1681 tuae
890 1623 1230 1680 benedicere
1247 1625 1303 1678 et
1320 1621 1682 1679 sanctiﬁcare
1712 1624 1832 1681 sive

154 1729 507 1770 consecrare
520 1712 778 1787 digneris
791 1712 851 1768 in
864 1729 1012 1786 opus
1026 1710 1434 1768 ministeriitui
1449 1710 1827 1785 condignum,

156 1806 464 1876 quatenus
493 1807 690 1902 actum
723 1800 1322 1902 ministrationisﬂsibi.
1348 1801 1580 1856 creditae
1604 1801 1779 1902 tlndeli.
1814 1844 1826 1858 .
1862 1837 1909 1902 Β

1934 562 2172 625 ponatur
2218 554 2297 609 'I‘e
2355 553 2539 609 Deum
2599 552 2932 609 laudamus.
2989 554 3197 624 Populo
3252 555 3588 609 acclamante

1940 643 2110 716 Kyrie
2134 641 2373 698 eleison.
2388 643 2584 698 Postea
2612 641 2829 697 dicatur
2847 643 2966 699 MC
2983 643 3156 697 oratio
3182 658 3282 714 pro
3301 642 3492 714 adepta
3507 642 3589 697 di-

1938 733 2165 801 gnitate.
2198 731 2474 787 Omnium
2502 731 2747 787 Domine
2778 731 2908 787 fons
2939 730 3589 802 bonorum,justorum-

1941 835 2054 894 que
2090 820 2454 893 profectuum
2506 823 2864 889 munerator,
2895 819 3088 875 tribue
3135 836 3477 891 quaesumus
3507 818 3591 874 fa-

1940 910 2115 966 mulae
2145 915 2254 965 tuae
2288 910 2556 983 adeptam
2589 909 2736 965 bene
2770 925 2969 983 gerere
2998 908 3344 982 dignitatem
3383 912 3441 965 et
3471 925 3505 964 a
3535 912 3593 965 te

1940 998 2050 1055 sibi
2096 999 2415 1072 praestitam
2475 998 2646 1054 bonis
2694 998 2969 1072 operibus
3027 998 3428 1071 comprobare.
3463 997 3587 1053 Per.

1937 1090 2071 1144 Item
2099 1091 2150 1144 si
2176 1089 2317 1144 alibi
2358 1092 2671 1144 consecrata
2696 1088 2888 1160 fuerit,
2922 1102 3186 1157 regressae
3214 1087 3284 1142 ad
3312 1092 3591 1143 monaste-

1938 1179 2089 1233 rium
2125 1180 2305 1234 omnis
2351 1179 2545 1233 chorus
2590 1179 2873 1247 virginum
2919 1173 3219 1247 honoriﬁce
3260 1175 3512 1247 procedat
3539 1177 3594 1231 ei

1939 1268 2154 1323 obviam
2209 1283 2332 1321 cum
2387 1267 2658 1332 crucibus,
2715 1282 2861 1337 aqua
2918 1265 3216 1334 benedicta,
3267 1266 3484 1321 incenso
3540 1272 3591 1320 et

1938 1357 2241 1425 evangelio,
2274 1364 2325 1411 et
2371 1357 2428 1410 in
2476 1356 2591 1428 ipso
2647 1354 2829 1411 eodem
2888 1356 3124 1410 introitu
3180 1355 3467 1425 imponant
3510 1353 3591 1408 Te

1938 1449 2123 1500 Deum
2156 1443 2490 1514 laudamus,
2524 1444 2687 1499 turba
2740 1444 3079 1499 acclamante
3128 1441 3296 1515 Kyrie
3346 1441 3588 1511 eleison,

1939 1539 1993 1589 et
2018 1534 2330 1606 presbytero
2382 1538 2741 1604 prosequente
2794 1534 3101 1588 orationem
3141 1536 3205 1587 ut
3231 1548 3418 1604 supra.
3452 1531 3588 1587 0m-

1940 1623 2105 1679 nium
2140 1622 2383 1679 Domine
2412 1622 2543 1678 fons
2573 1622 2884 1678 bonorum.

2350 1729 2742 1786 0RDINATIO
2779 1728 3190 1785 ABBATISSAS

2216 1835 2584 1876 MONASTICAM
2623 1835 2893 1875 REGULAM
2934 1834 3319 1874 PROF'ITENTIS.

157 1896 514 1974 exequatur,
546 1894 603 1948 et
632 1891 899 1963 ejusdem
937 1891 1125 1946 sancti
1172 1889 1425 1963 Spiritus
1474 1889 1694 1962 septifm

2055 1910 2256 1966 italum
2286 1925 2355 1964 ex
2400 1923 2609 1963 canone
2658 1906 2916 1962 Theodori
2960 1904 3358 1978 archiepiscopi
3386 1905 3588 1977 Anglo-

158 1982 372 2056 gratiaa
402 1970 615 2037 virtute
646 1980 1072 2036 corroboretur.
1108 1978 1455 2051 Requiescat
1488 1994 1624 2052 ergo
1655 1997 1831 2053 super

159 2088 298 2131 eam
314 2070 559 2127 Domine
570 2069 826 2142 Spiritus
848 2068 1147 2141 sapientiae
1170 2071 1227 2123 et
1244 2067 1498 2141 pietatis,
1515 2085 1581 2124 ac
1605 2066 1828 2141 repleas

157 2178 297 2216 eam
323 2159 544 2233 Spiritu
576 2157 804 2214 timoris
834 2158 939 2214 tui.
960 2158 1223 2214 Concede
1247 2173 1481 2229 quoque
1505 2158 1553 2212 ei
1581 2158 1828 2229 gravita-

159 2256 289 2306 tem
320 2253 583 2315 actuum,
613 2263 1042 2319 censuramque
1093 2246 1346 2319 vivendi,
1375 2249 1441 2301 ut
1482 2245 1544 2301 in
1574 2245 1699 2318 lege
1728 2251 1831 2302 tua

158 2339 263 2394 die
294 2355 364 2394 ac
411 2341 582 2394 nocte
631 2336 965 2393 meditetur.
1019 2335 1297 2391 Mandata
1352 2338 1455 2391 tua
1512 2335 1825 2403 custodiat,

157 2427 344 2484 dictis
374 2426 495 2483 tuis
524 2425 779 2493 obediat,
810 2425 995 2481 sacris
1034 2420 1378 2481 lectionibus
1431 2423 1687 2492 insistat,
1716 2428 1829 2480 ter-

155 2534 311 2574 rena
339 2521 398 2573 et
424 2513 762 2571 transitoria
809 2513 1110 2586 despiciat,
1145 2516 1318 2585 atque
1367 2512 1526 2568 omni
1567 2515 1828 2585 tempore

155 2607 342 2664 bonis
373 2604 648 2678 operibus
680 2602 977 2660 inserviat.
1010 2602 1256 2659 Omnem
1300 2601 1605 2658 libidinem
1639 2618 1825 2675 pravae

156 2694 491 2768 voluptatis
518 2696 772 2766 superet,
807 2708 1065 2747 amorem
1114 2691 1372 2747 honestae
1414 2690 1706 2747 castitatis
1734 2694 1827 2746 te-

160 2787 327 2850 neat,
363 2786 431 2838 ut
460 2781 572 2838 tibI
602 2797 821 2854 sponso
846 2779 1099 2836 venienti
1132 2794 1267 2835 cum
1297 2779 1669 2852 lampadibus
1702 2778 1827 2835 suis

162 2867 727 2944 inextinguibilibus
757 2869 947 2942 possit
975 2864 1826 2940 occurrere,etprzecedentium

160 2960 469 3034 virginum
501 2958 675 3014 choro
693 2957 966 3031 jungi,et
994 2972 1067 3012 ne
1094 2973 1228 3012 cum
1258 2956 1455 3013 stultis
1485 2955 1829 3013 excludatur

163 3048 430 3123 regalem
454 3048 701 3119 januam
724 3062 859 3103 cum
893 3045 1258 3118 sapientibus
1286 3044 1527 3101 licenter
1556 3044 1823 3100 introeat.

160 3138 447 3195 Abundet
478 3136 537 3191 in
562 3151 631 3191 ea
658 3134 841 3191 totius
871 3133 1059 3190 forma
1086 3133 1339 3200 virtutis,
1368 3133 1684 3189 auctoritas
1706 3150 1826 3189 mo-

162 3229 360 3295 desta,
394 3226 584 3299 pudor
611 3228 910 3289 constans,
944 3223 1285 3279 innocentia:
1317 3222 1632 3295 puritas,et
1653 3221 1825 3295 spiri-
1857 3202 1900 3270 C
1938 3231 2127 3283 tuum.

129 3316 309 3375 ~ta1is
330 3311 1031 3383 observantiadisciplinm
1044 3311 1104 3366 in
1119 3312 1382 3367 moribus
1404 3312 1531 3383 ejus
1546 3314 1832 3384 praecepta

162 3411 275 3463 tua
305 3404 591 3477 fulgeant,
622 3405 687 3457 ut
718 3403 831 3456 tua;
861 3400 1148 3456 castitatis
1176 3399 1442 3473 exemplo
1466 3399 1693 3455 cunctis
1719 3399 1830 3455 sibi

164 3492 432 3553 subditis
462 3489 849 3547 imitationem
879 3489 1135 3561 praebeat
1156 3493 1450 3561 puram,et
1465 3489 1683 3544 bonum
1702 3504 1833 3545 con-

166 3581 435 3641 scientiae
451 3579 581 3636 testi
591 3578 855 3634 monium
869 3577 1183 3633 ostendens
1196 3576 1254 3631 in
1270 3576 1498 3633 Christo
1510 3576 1542 3634 J
1547 3594 1649 3633 esu
1664 3577 1833 3632 firma

167 3678 232 3729 et
262 3669 497 3728 stabilis
525 3671 854 3742 perseveret
881 3670 1057 3739 atque
1086 3665 1167 3721 ita
1197 3669 1535 3739 perceptum
1566 3665 1829 3720 ministe-

168 3764 338 3820 rium
360 3764 416 3816 te
438 3757 752 3814 auxiliante
782 3759 1041 3829 peragat,
1067 3754 1322 3827 qualiter
1341 3756 1412 3811 ad
1435 3759 1712 3811 aeternam
1743 3770 1831 3809 re-

170 3848 673 3916 munerationem,
693 3850 747 3902 te
778 3846 1051 3913 donante,
1067 3844 1367 3918 pervenire
1397 3847 1709 3900 mereatur.
1725 3846 1836 3897 Per

171 3939 436 3996 eundem
484 3940 631 3992 Dnm
668 3951 822 3991 nrm.
864 3936 1017 3990 Tunc
1064 3933 1155 3989 det
1197 3935 1251 3989 ei
1307 3934 1555 4005 regulam
1601 3932 1785 3988 dicens
1816 3948 1835 3986 :

167 4027 393 4100 Accipe
403 4024 663 4098 regulam
677 4026 892 4080 sanctae
910 4021 1368 4079 conversationis
1390 4021 1682 4094 simulque
1703 4037 1833 4094 gra-

169 4118 327 4174 tiam
376 4113 581 4170 divinae
630 4111 1078 4179 benedictionis,
1112 4115 1332 4168 etcum
1374 4127 1476 4184 per
1519 4110 1671 4166 hanc
1701 4125 1835 4165 cum

172 4220 358 4279 grege
386 4202 491 4259 tibi
523 4202 741 4259 credito
773 4201 831 4257 in
864 4199 1113 4257 districti
1136 4199 1343 4271 judicii
1377 4199 1468 4255 die
1492 4198 1734 4255 Domino
1756 4198 1839 4253 in-

174 4292 586 4350 contaminata
634 4289 1036 4365 repraesentari
1074 4288 1290 4360 valeas,
1325 4289 1449 4362 ipse
1479 4292 1534 4345 te
1563 4288 1838 4361 adjuvare

174 4383 483 4457 dignetur,
518 4379 617 4454 qui
649 4397 783 4437 cum
813 4380 928 4436 Deo
960 4379 1126 4453 Patre
1155 4378 1312 4435 vivit.

767 4469 1029 4542 Sequitur
1056 4470 1252 4525 oratio.

2689 1994 2833 2033 rum.

1940 2070 2042 2142 (Ex
2063 2069 2188 2125 cod.
2217 2072 2470 2123 monast.
2495 2067 2786 2123 Murensis
2799 2064 2935 2122 olim
2953 2066 3293 2122 monasterii
3312 2066 3366 2121 in
3390 2066 3585 2123 Nider-

2287 2160 2552 2213 munster
2583 2155 2808 2211 Ratisb.
2842 2172 2970 2211 saec.
3002 2174 3060 2211 x1
3089 2153 3248 2229 circ.)

2010 2248 2068 2302 In
2112 2246 2459 2303 ordinatione
2496 2246 2797 2302 Abbatissze
2839 2247 3120 2318 episcopus
3171 2245 3325 2302 debet
3366 2247 3591 2301 missam
3690 2229 3700 2235 ”

1936 2337 2227 2402 celebrare,
2264 2344 2314 2392 et
2343 2353 2466 2392 eam
2496 2334 2807 2391 benedicere
2833 2336 2931 2390 hoc
2957 2335 3135 2392 modo.

2008 2430 2138 2482 Post
2185 2426 2569 2497 antiphoniam
2627 2424 2697 2479 ad
2746 2426 3058 2491 introitum,
3087 2429 3140 2480 et
3168 2425 3353 2481 datam
3384 2429 3591 2481 oratio-

1934 2532 2085 2583 nem,
2116 2520 2168 2571 et
2197 2515 2474 2587 reliquum
2519 2514 2763 2584 ofﬁcium
2808 2515 2993 2571 missae
3029 2509 3212 2586 usque
3257 2514 3327 2569 ad
3364 2530 3591 2583 evange-

1937 2606 2097 2673 lium,
2118 2608 2427 2676 prosternat
2445 2619 2500 2659 se
2529 2602 2696 2659 electa
2725 2610 2851 2659 ante
2880 2604 3057 2658 altare
3087 2607 3232 2659 retro
3259 2604 3588 2675 episcopum,

1933 2695 2178 2765 fiantque
2233 2694 2313 2749 ibi
2369 2693 2629 2761 lwtania’,
2686 2693 2934 2765 sequitur
2988 2692 3157 2749 Pater
3220 2696 3420 2748 noster
3465 2709 3591 2749 cum

1930 2784 2186 2855 paecibus
2216 2784 2335 2838 istis
2365 2801 2382 2838 :
2415 2781 2645 2838 Salvam
2679 2781 2766 2837 fac
2798 2779 3070 2837 ancillam
3117 2785 3279 2838 tuam
3321 2782 3585 2839 Domine.

1935 2876 2090 2927 Deus
2126 2887 2312 2927 meus.

2008 2959 2288 3016 Dominus
2316 2962 2617 3015 conservet
2642 2973 2792 3026 eam,
2825 2961 2882 3012 et
2910 2956 3156 3013 viviﬁcet
3184 2973 3335 3014 eam.

2005 3054 2057 3114 Ii.
2091 3049 2159 3104 Et
2188 3048 2417 3103 beatam
2444 3047 2617 3103 faciat
2648 3062 2774 3102 eam
2809 3046 2867 3101 in
2900 3050 3073 3101 terra.

2009 3138 2293 3193 Dominus
2349 3135 2641 3192 custodiat
2689 3134 2994 3190 introitum
3043 3139 3211 3191 tuum
3263 3138 3319 3191 et
3364 3135 3582 3192 exitum

2416 3228 2468 3288 ἡ.
2504 3225 2585 3280 Ex
2615 3223 2725 3280 hoc
2749 3241 2923 3279 nunc.

2009 3314 2290 3373 Dominus
2321 3314 2614 3369 custodiat
2641 3318 2696 3369 te
2727 3313 2799 3369 ab
2828 3312 2988 3369 omni
3020 3312 3194 3369 malo.
3260 3300 3264 3305 ’

2008 3410 2059 3470 [ἢ.
2093 3404 2393 3461 Custodiat
2422 3403 2681 3458 animam
2713 3406 2877 3458 tuam
2910 3403 3211 3459 Dominus.

2012 3494 2205 3551 Mittat
2234 3491 2341 3549 tibi
2369 3490 2653 3548 auxilium
2684 3493 2755 3548 de
2784 3494 3005 3548 sancto.
3037 3495 3088 3557 ﬂ.
3121 3493 3191 3548 Et
3218 3491 3289 3548 de
3318 3491 3477 3548 Sion.

2012 3584 2149 3640 Esto
2180 3581 2264 3637 illi
2295 3580 2474 3637 turris
2506 3580 2885 3637 fortitudinis.
2912 3587 2964 3648 ιῆ.
2998 3582 3038 3637 Α
3064 3580 3230 3637 facie.
3486 3569 3492 3577 ’

2014 3673 2241 3744 Exurge
2266 3669 2509 3728 Domine
2541 3670 2751 3742 adjuva
2782 3686 2908 3726 nos.
2941 3671 2993 3731 Ii.
3024 3670 3095 3725 Et
3122 3669 3304 3726 libera
3334 3686 3463 3727 nos.

2015 3761 2255 3818 Domine
2312 3759 2520 3817 exaudi
2577 3759 2898 3816 orationem
2957 3776 3171 3816 meam.
3230 3759 3284 3821 It.
3342 3760 3411 3816 Et
3467 3758 3589 3816 cla-

1943 3869 2092 3907 mor.

2014 3940 2273 3996 Precibus
2307 3940 2426 3994 istis
2453 3939 2629 4010 ﬁnitis
2660 3938 2937 3996 benedicat
2967 3956 3087 3996 eam
3115 3941 3392 4012 episcopus
3423 3939 3593 3995 incli-

1940 4038 2068 4087 nato
2099 4030 2275 4101 capite
2302 4030 2385 4083 ita
2413 4027 2598 4084 dicens
2624 4047 2642 4083 :

2019 4118 2299 4176 Dominus
2325 4116 2742 4197 vobiscumau.
2776 4118 2846 4173 Et
2870 4134 3004 4174 cum
3036 4118 3269 4191 spiritu.

2454 4207 2717 4279 Sequitur
2745 4207 2851 4262 ista
2881 4206 3087 4263 Oratio.

2017 4297 2276 4355 Concede
2298 4312 2642 4367 quaesumus
2662 4294 3033 4367 omnipotens
3054 4299 3205 4350 Deus
3230 4292 3463 4349 aﬂ'ectui
3492 4309 3597 4349 no-

1947 4390 2067 4443 stro
2098 4384 2494 4442 miserationis
2524 4383 2816 4450 effectum,
2835 4386 2892 4439 et
2912 4382 3195 4439 famulam
3227 4387 3598 4454 tuam,quam

1948 4475 2021 4531 ad
2054 4474 2313 4547 regimen
2347 4472 2680 4529 animarum
2711 4470 3021 4545 elegimus,
3053 4471 3251 4544 gratiae
3292 4474 3404 4525 tua:
3447 4470 3600 4526 dono

256 4559 506 4616 Domine
552 4559 707 4615 Deus
756 4558 1150 4631 omnipotens,
1182 4557 1283 4631 qui
1337 4572 1597 4614 sororem
1656 4555 1839 4629 Moysi
1868 4571 1917 4637 Ῑ)
1949 4578 2321 4637 prosequere,
2345 4565 2409 4618 ut
2431 4566 2487 4617 te
2509 4560 2790 4634 largiente
2821 4577 2953 4616 cum
2985 4558 3113 4633 ipsa
3135 4558 3239 4616 tibi
3264 4563 3465 4615 nostra
3497 4559 3602 4614 de-

144 4716 149 4719 Α
179 4650 435 4710 Mariam
469 4648 817 4722 praecinente
858 4663 990 4703 cum
1040 4647 1262 4703 caeteris
1314 4645 1661 4702 mulieribus
1692 4645 1844 4699 inter

180 4754 476 4813 equoreas
507 4737 698 4793 undas
727 4753 862 4793 cum
894 4735 1190 4809 tympanis
1233 4741 1290 4791 et
1320 4734 1515 4791 choris
1544 4734 1737 4789 laetam
1769 4735 1841 4789 ad

178 4830 331 4884 litus
357 4826 538 4885 maris
566 4826 766 4883 venire
795 4824 1004 4897 fecisti,
1036 4830 1091 4881 te
1122 4825 1417 4898 supplices
1465 4825 1846 4896 deprecamur

182 4934 294 4993 pro
326 4915 484 4971 fideli
516 4914 736 4973 famula
765 4918 899 4984 tuae,
924 4931 1051 4986 quae
1073 4913 1244 4969 hodie
1265 4917 1547 4980 materna,
1572 4912 1631 4967 in
1654 4911 1846 4967 cathe-

182 5009 297 5064 dra
320 5021 498 5078 super
527 5004 831 5063 universas
862 5002 1129 5059 subditas
1161 5002 1271 5058 sibi
1302 5001 1600 5058 abbatissa
1630 4993 1845 5056 cnnsti-

180 5094 400 5161 tuitur,
432 5098 499 5149 ut
547 5093 630 5150 ita
673 5091 955 5151 canonica
994 5107 1199 5148 norma
1227 5094 1460 5147 tueatur
1489 5092 1730 5145 cunctas
1761 5090 1844 5145 fa-

182 5181 386 5242 mulas
416 5188 573 5248 tuas,
592 5186 885 5255 quatenus
914 5182 985 5240 ad
1017 5185 1295 5237 aeternam
1327 5178 1573 5253 gloriam
1604 5183 1659 5235 te
1690 5179 1848 5234 auxi-

183 5274 372 5331 liante
403 5287 540 5328 cum
573 5271 849 5327 omnibus
880 5269 998 5327 illis
1030 5271 1280 5327 introeat
1308 5268 1674 5341 laeta,ibique
1696 5267 1851 5324 exul-

182 5368 325 5421 tans
370 5377 506 5416 cum
555 5359 777 5434 angelis
823 5375 1039 5416 canens
1093 5358 1318 5415 cantica
1366 5374 1533 5423 nova,
1568 5360 1851 5430 sequatur

186 5466 415 5525 agnum
456 5464 809 5521 quocunque
839 5448 971 5504 ierit
998 5448 1145 5519 Xpm
1178 5447 1330 5507 Dum
1357 5462 1508 5501 nrm.
1542 5444 1847 5501 Famulam

188 5546 360 5598 tuam
391 5553 733 5610 quaesumus
762 5536 1005 5593 Domine
1033 5541 1136 5592 tua
1158 5552 1391 5607 semper
1408 5535 1597 5607 gratia
1623 5533 1852 5590 benedi-

188 5632 307 5701 cat,
342 5631 401 5686 et
429 5624 849 5701 inculpabilem
881 5626 952 5688 ad
992 5624 1173 5684 vitam
1221 5623 1503 5702 perducat
1550 5626 1846 5683 aeternam.

1949 4653 2183 4710 votione
2213 4650 2570 4724 placeamus.
2607 4650 2711 4706 Per
2741 4654 2886 4706 Dnm
2919 4667 3049 4705 nrm
3078 4648 3280 4705 Jcsum
3311 4647 3511 4704 Cbrm.

2023 4743 2165 4798 Alia.
2200 4740 2556 4797 Cunctorum
2606 4740 2895 4796 bonorum
2945 4738 3248 4794 institutor
3292 4740 3466 4805 Deus,
3501 4734 3604 4809 qui

1954 4849 2058 4904 per
2077 4832 2314 4903 Moysen
2348 4829 2633 4886 famulum
2664 4833 2833 4885 tuum
2863 4828 2934 4884 ad
2965 4827 3379 4900 gubernandas
3400 4825 3601 4882 Eccle-

1955 4921 2074 4976 sias
2106 4918 2447 4993 praepositos
2475 4917 2803 4985 instituisti,
2836 4917 2940 4971 tibi
2973 4915 3269 4990 supplices
3298 4916 3605 4972 fundimus

1955 5026 2178 5082 preces,
2213 5011 2268 5063 te
2307 5007 2528 5064 devotis
2560 5006 2855 5061 mentibus
2885 5022 3216 5075 exoramus,
3241 5008 3307 5061 ut
3339 5004 3489 5061 hanc
3518 5004 3605 5060 fa-

1956 5096 2176 5152 mulam
2207 5100 2371 5151 tuam
2403 5096 2468 5151 N.
2504 5110 2681 5166 quam
2729 5093 3061 5151 cohibentia
3090 5099 3146 5152 et
3174 5094 3375 5152 electio
3414 5095 3603 5151 famu-

1955 5185 2146 5242 larum
2168 5188 2402 5240 tuarum
2424 5182 2781 5238 abbatissam
2803 5183 2976 5255 hodie
2998 5183 3352 5240 famularum
3370 5187 3608 5240 tuarum

1957 5271 2233 5339 instituit,
2265 5270 2644 5344 protectionis
2673 5274 2785 5327 tuae
2816 5271 3005 5344 gratia
3053 5272 3285 5329 munire
3325 5270 3607 5345 digneris,

1959 5363 2157 5434 sicque
2181 5376 2376 5434 rogere
2408 5358 2694 5427 subditas,
2721 5361 3279 5435 commendatasque
3308 5376 3442 5416 oves
3471 5374 3609 5414 con-

1960 5451 2152 5517 cedas,
2178 5452 2243 5504 ut
2261 5464 2395 5503 cum
2419 5445 2537 5502 illis
2561 5448 2837 5504 omnibus
2859 5465 3039 5522 regna
3067 5449 3345 5506 ccelorum
3378 5446 3610 5517 adepta,

1960 5543 2017 5594 et
2049 5537 2290 5595 Domino
2344 5534 2667 5610 Opitulante
2715 5537 3057 5610 apostolicis
3078 5537 3302 5610 jugiter
3330 5532 3481 5589 fulta
3511 5533 3615 5590 do-

1963 5626 2167 5689 ctrinis
2198 5641 2334 5686 cum
2368 5626 2563 5688 fructu
2609 5625 2927 5688 centesimo
2974 5624 3108 5684 laeta
3136 5624 3389 5683 introeat
3416 5625 3618 5699 portas
