3892 6212
316 321 473 384 “03

1097 318 1436 380 A'P'PEND.
1482 315 1583 376 A‘D
1628 312 1815 375 ΒΕΘ.
1863 310 1936 370 Χ.
1969 342 2045 354 ——
2074 302 2575 368 MONUMENTA
2610 303 2935 366 'LITURG.

3600 300 3745 358 Hm

314 453 607 527 paradysi,
642 456 815 525 atque
847 457 903 506 te
935 449 1322 506 conlaudante
1355 445 1593 502 Domine
1623 444 1825 500 audire
1855 457 1969 497 me-
1999 444 2045 509 Α
2083 440 2272 493 struat
2304 436 2697 501 subditarum,
2731 441 2786 490 et
2819 440 3041 489 (eterna:
3071 428 3589 489 remunerationis
3612 418 3745 484 mer.

314 546 512 599 reatur
543 559 556 597 :
591 543 751 614 Euge
779 540 995 595 ancilla
1025 539 1197 606 bona,
1215 541 1271 594 et
1300 534 1665 607 fidelis,quia
1696 532 1753 586 in
1783 546 1971 604 pauca

316 630 480 689 fuisti
511 629 726 698 ﬁdelis,
758 644 935 702 super
984 628 1173 684 multa
1220 632 1275 682 te
1314 624 1691 689 constituam,
1728 620 1879 675 intra
1908 618 1969 674 in

318 718 603 795 gaudium
631 718 866 775 Domini
898 716 1003 772 tui.
1038 716 1201 781 Quod
1235 715 1359 787 ipse
1390 716 1619 786 praesta.

393 809 538 864 Tunc
576 808 807 879 imponit
833 808 889 863 ei
924 820 1156 861 manum
1204 820 1367 875 super
1420 809 1582 873 caput
1611 799 1755 871 (227)
1787 796 1971 853 dicens

320 898 623 954 orationem
651 898 793 952 hanc
822 897 882 951 in
909 894 1131 952 modum
1156 892 1524 966 praefationis.

392 984 776 1059 Omnipotens
805 983 1162 1056 sempiterna
1205 981 1359 1037 Deus
1404 974 1828 1035 benedictionis
1858 978 1973 1030 tum

322 1074 605 1147 Spiritum
629 1073 695 1129 Ν.
720 1072 1023 1129 orantibus
1053 1070 1223 1127 nobis
1254 1068 1604 1142 propitiatus
1631 1065 1974 1133 infunde,ut

322 1164 584 1235 quaa'per
612 1178 825 1219 manus
857 1160 1029 1216 hodie
1057 1157 1490 1232 impositionem
1524 1154 1821 1211 abbatissa
1842 1169 1975 1207 con-

323 1251 606 1320 stituitur,
637 1249 1105 1308 sanctificatione
1156 1251 1257 1303 tua
1282 1247 1459 1319 digne
1487 1262 1522 1300 a
1549 1249 1605 1300 te
1635 1243 1815 1299 electa
1845 1258 1974 1314 per-

324 1345 579 1408 maneat,
602 1346 668 1395 nt
696 1354 1001 1411 nunquam
1036 1336 1409 1409 postmodum
1443 1334 1512 1389 de
1542 1336 1643 1388 tua
1674 1330 1863 1404 gratia
1893 1346 1976 1386 se-

324 1433 563 1501 paretur
585 1429 846 1502 indigua.
871 1427 1167 1498 Suscipiat
1198 1429 1251 1480 te
1282 1424 1527 1479 Domine
1552 1421 1835 1494 largiente
1866 1419 1970 1473 ho-

325 1517 419 1573 die
441 1518 499 1573 in
523 1518 675 1573 bono
697 1534 870 1589 opere
910 1514 1426 1588 perseverantiam,
1454 1513 1510 1566 in
1541 1509 1801 1565 adversis
1831 1525 1970 1564 con-

327 1606 632 1675 stantiam,
666 1606 720 1660 in
773 1603 1150 1659 tribulatione
1204 1600 1599 1667 tolerantiam,
1630 1598 1688 1653 in
1731 1596 1976 1669 jejuniis

327 1693 771 1759 desiderium,in
789 1691 1186 1764 impietatibus
1206 1686 1749 1751 miscricordiamﬁn
1782 1686 1975 1740 humi-

327 1781 493 1837 litate
524 1780 941 1853 principatum,
967 1779 1024 1833 in
1059 1776 1333 1883 superbia
1364 1774 1806 1875 odium,in.tidc
1838 1771 1977 1826 dile-
2007 1817 2055 1883 Β

330 1869 604 1939 ctionem,
638 1870 695 1925 in
728 1868 994 1925 doctrina
1037 1865 1423 1940 vigilantiam,
1458 1864 1511 1918 in
1548 1862 1811 1918 castitate
1841 1878 1975 1916 con-

327 1957 655 2032 tinentiam,
691 1956 1012 2013 in'luxuria
1041 1952 1475 2024 abstinentiam,
1503 1953 1556 2007 in
1600 1950 1977 2007 varietatibus

330 2046 840 2115 moderantiamjn
874 2045 1138 2101 moribus
1170 2042 1609 2098 doctrinam.Tc
1632 2043 1978 2095 munerante

331 2136 577 2192 Domine
610 2135 744 2191 talis
778 2134 853 2189 in
900 2136 1010 2190 hoc
1057 2132 1403 2197 ministerio,
1438 2128 1629 2202 qualis
1658 2128 1831 2184 levita
1859 2127 1978 2183 ele-

330 2226 549 2282 ctus'ab
569 2224 849 2298 apustolis
866 2228 1105 2281 sanctus
1121 2221 1456 2293 Stephanus
1481 2219 1695 2274 meruit
1715 2234 1979 2291 perseve-

334 2331 480 2370 rare.
512 2315 716 2369 Totam
750 2314 823 2369 ab
861 2311 1035 2369 hodie
1082 2308 1432 2366 diabolicam
1482 2307 1979 2365 conversationem

332 2401 769 2476 despiciat,tua
815 2401 1059 2456 Domine
1102 2397 1502 2455 benedictione
1532 2396 1815 2469 largiente
1844 2412 1981 2451 con-

331 2494 597 2564 tempnat
623 2490 935 2563 presentia,
955 2488 1161 2561 diligat
1190 2486 1466 2553 etelestia,
1494 2485 1732 2557 praemia
1761 2484 1985 2539 deside-

334 2582 422 2635 ret
452 2578 828 2650 sem‘piterna,
852 2578 938 2632 Sit
967 2574 1320 2647 exemplum,
1344 2579 1401 2628 et
1435 2574 1617 2629 forma
1641 2572 1884 2644 justitim
1911 2572 1983 2627 ad

2078 526 2278 581 cedem
2309 542 2342 577 a
2372 527 2426 579 te
2457 524 2705 597 pissimo
2733 521 3037 596 percipiat.
3071 521 3199 578 Per.

2150 613 2430 669 Omnium
2480 611 2725 668 Domine
2775 613 2905 667 fons
2946 611 3261 679 bonorum,
3319 610 3751 681 justorumque

2081 706 2350 777 provectu
2363 717 2460 758 um
2496 705 2919 767 remunerator,
2951 700 3148 755 tribue
3200 698 3443 755 famula:
3476 702 3595 753 tua
3622 697 3752 752 διάει

2079 797 2242 865 ptem
2294 792 2441 847 bene
2487 807 2688 865 gerere
2738 790 3111 863 dignitatem,
3138 793 3198 845 et
3226 805 3263 845 a
3291 792 3351 843 te
3379 787 3498 843 sibi
3529 786 3751 860 paesti-

2079 882 2200 935 tam
2232 878 2404 934 bonis
2434 877 2710 951 operibus
2739 876 3138 949 comprobare.
3166 876 3279 932 Pcr
3309 877 3464 931 Dnm
3496 891 3658 929 nrm.

2153 967 2367 1041 Quodsi
2430 966 2706 1022 ordinatio
2777 966 3070 1023 abbatissa
3127 966 3281 1037 infra
3347 964 3753 1019 monasteries

2080 1059 2226 1129 facta
2255 1057 2447 1128 fuerit,
2478 1056 2798 1128 imponatur
2826 1055 2908 1111 'I‘e
2938 1055 3121 1110 Deum
3152 1051 3521 1108 laudamus:
3552 1052 3752 1125 popula

2082 1146 2415 1201 acclamante
2444 1144 2617 1217 Kyrie
2641 1144 2885 1200 eleison.
2913 1152 3097 1217 postea
3142 1142 3367 1198 diditur
3411 1142 3540 1198 haec
3584 1144 3753 1197 oratio

2078 1242 2200 1308 post
2226 1234 2479 1306 adeptam
2502 1233 2845 1303 dignitatem.

2154 1328 2330 1390 Deus,
2362 1322 2454 1380 cui
2488 1321 2682 1378 omnis
2712 1325 2976 1394 potestas
3000 1324 3060 1376 et
3099 1320 3358 1394 dignitas
3405 1319 3750 1389 famulatur,

2085 1414 2161 1469 da
2192 1411 2423 1468 famulae
2454 1416 2567 1465 tum
2599 1411 2666 1466 Ν.
2701 1426 3045 1483 prosperum
3099 1427 3220 1465 sua:
3266 1409 3593 1483 dignitatis
3623 1410 3753 1465 effe-

2087 1506 2274 1571 ctum,
2305 1502 2361 1555 in
2395 1518 2509 1573 qua
2544 1505 2598 1556 te
2632 1516 2863 1573 semper
2894 1498 3360 1571 timeat,tibique
3382 1499 3622 1571 jugiter
3643 1498 3754 1571 pia-

2087 1607 2215 1645 cere
2248 1607 2352 1645 con
2363 1590 2582 1644 tendat.
2617 1589 2743 1644 Per.

2157 1680 2220 1734 Si
2251 1680 2392 1734 alibi
2448 1686 2757 1734 consecrata
2808 1679 2980 1750 fuerit
3034 1675 3333 1745 abbatissa,
3374 1677 3752 1747 regi-med

2088 1770 2482 1824 monasterium
2538 1770 2716 1822 omnis
2763 1767 2959 1822 chorus
3002 1766 3403 1821 monachorum
3460 1767 3752 1836 honoriﬁce

2082 1857 2348 1930 prwcedat
2401 1873 2523 1912 cum
2570 1856 2844 1924 crucibus,
2892 1872 3035 1928 aqua
3095 1855 3403 1926 benedicta,
3433 1857 3749 1921 iam,“

2084 1947 2385 2018 evangelio,
2444 1954 2496 2002 et
2551 1947 2611 2002 in
2668 1946 2783 2017 ipso
2840 1945 3086 2001 ecclesiae
3143 1945 3379 2000 introitu
3439 1947 3749 2017 imponatur

2084 2037 2164 2091 Te
2193 2035 2377 2090 Deum
2407 2034 2743 2101 laudamus,
2777 2036 2936 2090 turba
2985 2035 3261 2089 clamante
3302 2033 3484 2107 Kyrie
3515 2034 3746 2103 eleison,

2086 2132 2139 2181 et
2161 2126 2475 2197 presbytero
2499 2132 2863 2196 prosequente
2905 2125 3181 2179 orationes
3211 2130 3274 2178 ut
3320 2140 3501 2196 supra
3534 2142 3553 2179 :
3582 2124 3747 2190 Deus,

2090 2214 2180 2269 cui
2216 2213 2408 2269 omnis
2438 2217 2718 2286 potestas,
2751 2216 2863 2268 etc.

2339 2318 2834 2376 CONSECRATIO
2864 2319 3109 2375 SACRxE
3146 2318 3503 2387 VIRGlNlS,

2090 2426 2222 2474 ουλε
2260 2427 2315 2465 ιΝ
2359 2424 2683 2473 ΕΡΙΡΗΛΝΙΛ,
2724 2426 2832 2465 νει.
2868 2425 2926 2464 IN
2965 2424 3225 2464 SECOXDA
3282 2422 3456 2463 sm
3500 2425 3744 2475 Ῥω

2218 2499 2285 2536 ET
2324 2498 2381 2535 IN
2423 2497 2733 2536 NATALluiiS
2771 2496 3625 2536 APOSTODORUM'CELBBRATUB.

2165 2570 2395 2638 Omnes,
2412 2571 2509 2643 Qui
2538 2569 2609 2625 ad
2636 2586 2818 2625 sacros
2846 2569 3064 2625 ordines
3084 2568 3279 2624 debent
3292 2570 3749 2640 promoka

333 2667 798 2739 gubernandum,
832 2664 1262 2738 regendamque
1296 2660 1603 2717 Ecclesium
1633 2659 1896 2728 ﬁdeliter,
1923 2664 1987 2716 ut
2087 2660 2593 2733 pronuntiationem
2621 2659 2899 2727 evangelii
2923 2657 3117 2714 debent
3136 2660 3477 2714 consecrari.
3514 2659 3748 2731 Virgines

336 2754 691 2828 speculatrix
715 2754 926 2809 idonea
954 2752 1107 2808 inter
1137 2768 1274 2807 snas
1308 2750 1559 2823 collegas
1601 2764 1833 2821 semper
1860 2748 1983 2804 efti-

336 2841 543 2910 ciatur,
576 2840 652 2897 sit
683 2837 878 2912 magni
909 2837 1160 2907 consilii,
1195 2837 1518 2904 industriae,
1553 2852 1833 2905 censurae,
1867 2836 1988 2892 ciii-

338 2928 519 2996 catize,
543 2925 883 2999 disciplinae.
908 2926 992 2983 Ita
1026 2929 1082 2981 te
1120 2924 1364 2979 Domine
1396 2924 1689 2979 tribuente
1711 2923 1769 2979 in
1801 2922 1987 2979 omni-

336 3017 449 3073 bus
480 3016 772 3072 mandatis
804 3014 923 3070 tuis
956 3015 1082 3069 sine
1133 3012 1581 3086 reprehensione
1626 3012 1731 3067 tibi
1764 3013 1984 3068 mundo

294 3114 305 3122 '
337 3106 508 3163 corde
537 3105 842 3174 deserviat,
870 3108 937 3159 ut
965 3104 1035 3159 ad
1072 3102 1334 3158 bravium
1373 3119 1637 3175 superna:
1668 3100 1985 3158 vocationis

2087 2758 2209 2822 post
2234 2749 2429 2804 lectum
2455 2748 2800 2819 evangelium
2820 2746 3014 2803 debent
3032 2747 3365 2818 velari,th
3388 2742 3748 2817 evangelium,

2092 2846 2143 2896 et
2170 2838 2373 2895 dictam
2400 2854 2465 2893 ea
2490 2844 2764 2909 prostrata
2788 2836 3082 2899 laetaniam
3112 2836 3383 2892 inclinato
3412 2838 3596 2909 capite
3632 2844 3749 2890 ante

2092 2927 2267 2983 altare
2298 2924 2572 2981 benedicat
2601 2940 2723 2980 eam
2751 2926 3030 2997 episcopus
3058 2924 3245 2980 dicens
3267 2943 3288 2980 :
3808 2996 3811 2999 _

2166 3016 2406 3087 Respice
2436 3014 2681 3070 Domine
2710 3030 2887 3086 super
2908 3013 3066 3070 'bauc
3097 3013 3386 3070 famulam
3421 3019 3588 3069 tuam
3620 3012 3748 3068 Nat

2093 3104 2449 3178 virginitatis
2464 3102 2851 3176 propositum,
2872 3103 3030 3175 quod
3052 3107 3107 3158 te
3128 3101 3463 3175 inspirante
3481 3102 3745 3174 suscepit,

337 3194 727 3269 multiplicato
759 3194 974 3249 femore
1003 3209 1137 3248 cum
1164 3191 1485 3247 centesimo
1508 3192 1719 3259 fructu,
1747 3208 1981 3247 corona-
2011 3181 2055 3250 C
2094 3198 2149 3251 te
2178 3194 2543 3266 gubernante
2574 3192 2886 3247 custodiat.
2919 3192 3045 3247 Per.

337 3301 449 3358 que
472 3282 714 3358 justitize
745 3283 816 3338 ad
849 3281 1173 3339 caelestium
1232 3280 1642 3337 thesaurorum
1704 3281 1857 3335 dona
1884 3284 1987 3335 tua

336 3373 652 3447 perveniat.
686 3372 811 3427 Per.

722 3463 868 3517 Tunc
895 3460 984 3518 det
1008 3462 1063 3517 ei
1092 3459 1337 3529 regulam
1370 3458 1557 3515 dicens
1588 3477 1605 3513 :

404 3550 613 3625 Accipe
634 3549 895 3623 regulam
919 3567 953 3605 a
974 3549 1191 3605 sanctis
1206 3549 1475 3604 Patribus
1496 3547 1664 3604 nobis
1685 3546 1986 3614 traditam,

338 3640 407 3696 ad
441 3640 762 3713 regendum
797 3637 1369 3709 custodiendumque
1409 3653 1644 3710 gregem
1676 3635 1779 3690 tibi
1812 3653 1846 3691 a
1876 3636 1985 3691 Do-

336 3729 497 3784 mino
519 3728 830 3797 creditum,
853 3731 1138 3800 quantum
1169 3726 1320 3782 Deus
1351 3726 1473 3798 ipse
1492 3733 1546 3781 te
1560 3724 1985 3794 confortaverit,

339 3834 405 3873 ac
429 3815 714 3888 fragilitas
743 3815 1002 3870 humana
1031 3815 1381 3886 permiserit.

409 3903 651 3960 Domine
710 3903 863 3958 Deus
920 3903 1312 3975 omnipotens,
1345 3902 1443 3975 qui
1496 3920 1751 3959 sororem
1805 3902 1988 3976 Moysi

338 3991 581 4048 Mariam
614 3996 968 4064 prmeuntcm
1011 4007 1143 4045 cum
1186 3991 1409 4046 caeteris
1458 3991 1808 4048 mulieribus
1838 3991 1990 4047 inter

338 4096 635 4153 aequoreas
666 4080 856 4136 undas
887 4097 1021 4135 cum
1053 4080 1350 4153 tympanis
1380 4084 1437 4135 et
1467 4080 1662 4135 choris
1693 4080 1880 4135 lzetam
1913 4081 1985 4136 ad

335 4170 476 4226 litus
503 4169 683 4226 maris
711 4167 908 4225 venire
939 4167 1147 4237 fecisti,
1182 4172 1235 4225 te
1268 4168 1563 4241 supplices
1607 4170 1990 4241 deprecamur

331 4276 437 4333 pro
458 4256 611 4314 fideli
638 4258 859 4315 famula
880 4259 950 4326 N,
971 4276 1098 4332 quae
1122 4259 1294 4315 hodie
1327 4263 1592 4315 materna
1621 4258 1680 4314 in
1711 4260 1988 4317 cathedra

329 4364 508 4421 super
525 4347 1114 4404 universas‘subditas
1137 4347 1251 4404 sibi
1273 4347 1570 4404 abbatissa
1587 4349 1983 4419 constituitur,

332 4436 416 4493 ita
443 4436 724 4494 canonica
754 4452 960 4493 norma
990 4440 1227 4493 tueatur
1275 4443 1516 4493 cunctas
1548 4436 1799 4492 famulas
1830 4443 1983 4503 tuas,

334 4528 623 4598 quatenus
644 4526 715 4580 ad
739 4526 1014 4581 aeternam
1035 4523 1281 4597 gloriam
1308 4529 1360 4579 te
1382 4524 1696 4581 auxiliante
1713 4542 1846 4580 cum
1867 4524 1985 4582 illis
2012 4549 2061 4616 Β

334 4614 610 4687 omnibus
641 4617 888 4669 introeat
916 4612 1280 4685 laata,ibique
1309 4612 1577 4670 exultans
1599 4631 1731 4670 cum
1757 4614 1983 4687 angelis

332 4718 549 4760 canens
577 4703 805 4760 cantica
834 4719 981 4759 nova
1026 4706 1310 4775 sequatur
1366 4718 1584 4775 agnum
1632 4720 1983 4776 quocunque

334 4790 482 4846 ierit.
514 4792 640 4847 Per.

404 4877 663 4935 Concede
683 4895 1023 4951 quaesumus
1046 4878 1417 4952 omnipotens
1441 4883 1589 4935 Dens
1612 4879 1841 4936 famulze
1868 4884 1979 4936 tua:

334 4965 667 5035 abbatissae,
702 4972 762 5022 ut
791 4968 1150 5023 ostendendo
1182 4972 1238 5023 ct
1269 4968 1609 5037 exercendo,
1655 4986 1781 5041 quae
1830 4974 1983 5025 recta

333 5057 493 5124 sunt,
516 5054 777 5127 exemplo
797 5056 1081 5112 bonorum
1107 5073 1348 5130 ogerum
1372 5058 1600 5113 animas
1625 5074 1863 5113 suarum
1889 5057 1983 5113 in—

409 5231 558 5304 (227)
591 5230 1017 5307 Notavimusin
1052 5233 1345 5307 disquisit.
1378 5238 1433 5302 5,
1458 5253 1513 5307 p.
1542 5254 1599 5301 ιι,
1634 5253 1684 5292 c.
1718 5237 1769 5303 4,
1803 5255 1861 5294 n.
1894 5239 1980 5307 11,

409 5253 558 5304 (αι)
591 5253 930 5287 lVOIaVImus
961 5253 1017 5288 ιη
1052 5253 1345 5306 alsqulsn.
1378 5253 1433 5302 ξ),
1503 5279 1513 5290 .
1542 5254 1599 5301 ῐΙ,
1634 5253 1684 5292 c.
1718 5253 1769 5303 4,
1803 5255 1861 5294 n.
1894 5253 1980 5307 11,

335 5302 526 5385 locum
560 5319 626 5385 ex
658 5302 973 5385 pontificali
1008 5304 1315 5385 Christiani
1344 5253 1603 5385 archirp.
1633 5308 1983 5385 Moguntini.

335 5375 433 5429 ubi
454 5380 765 5446 postquam
781 5375 842 5446 in
863 5379 1267 5430 consecratione
1297 5379 1506 5433 abbatis
1537 5375 1856 5433 memorata
1878 5381 1984 5436 hac

338 5444 551 5520 manus
581 5444 957 5520 iinpositione
985 5447 1363 5520 additurzsed
1386 5453 1445 5503 in
1473 5454 1589 5520 ejus
1620 5451 1987 5508 benedictione

338 5519 437 5575 hoc
465 5533 579 5576 non
605 5515 707 5591 ﬁt}
726 5517 893 5599 .unde
922 5515 1341 5599 facilejnducti
1371 5515 1612 5599 luimus,
1640 5528 1701 5576 ut
1730 5524 1987 5599 credere-

338 5604 474 5653 mus
515 5587 649 5650 eum
709 5587 1047 5648 distinxisse
1093 5587 1187 5648 hic
1236 5590 1725 5650 consecrationem
1762 5594 1986 5654 ordinis

2384 3282 2730 3337 Comecratio
2760 3282 2819 3336 in
2845 3279 3067 3336 modum
3088 3281 3473 3352 praefationis.

2169 3371 2324 3427 Deus
2354 3375 2646 3428 castorum
2681 3386 2989 3442 corporum
3030 3368 3326 3442 benignus
3368 3369 3674 3425 habitator
3698 3374 3749 3423 et

2096 3459 2567 3533 incorruptorum
2594 3462 2821 3515 amator
2841 3458 3103 3517 cordium
3118 3502 3128 3513 .
3144 3457 3303 3514 Deus
3314 3458 3423 3530 qui
3436 3457 3748 3514 humanam

2096 3549 2489 3607 substantiam
2524 3548 2584 3603 in
2618 3546 2827 3621 primis
2857 3546 3201 3602 hominibus
3230 3545 3535 3603 diabolica
3558 3546 3749 3602 fraude

2095 3638 2363 3695 viciatam
2390 3638 2469 3693 ita
2489 3637 2547 3692 in
2568 3636 2741 3693 verbo
2763 3641 2997 3709 tuo,per
3016 3636 3175 3708 quod
3195 3635 3404 3693 omnia
3427 3636 3585 3692 facta
3604 3640 3750 3702 sunt,

2097 3744 2355 3800 reparas,
2384 3731 2447 3782 ut
2466 3743 2594 3781 eam
2618 3742 2731 3782 non
2755 3724 2948 3782 solum
2968 3726 3041 3781 ad
3073 3723 3281 3798 prima:
3310 3725 3572 3799 originis
3600 3726 3751 3781 inno-

2096 3816 2349 3873 centiam
2375 3815 2735 3884 revoces,sed
2751 3815 2923 3871 etiam
2938 3814 3012 3871 ad
3033 3814 3469 3887 experientiam
3487 3831 3753 3887 quorum-

2092 3906 2235 3962 dam
2256 3906 2698 3977 bonorum,quze
2715 3904 2771 3959 in
2795 3920 2942 3960 novo
2958 3902 3156 3961 seculo
3178 3908 3323 3958 sunt
3343 3903 3627 3959 habenda
3645 3919 3754 3976 per—

2099 3996 2302 4057 ducas.
2324 4001 2381 4051 et
2401 3994 2714 4050 obstrictos
2731 3993 3065 4050 conditione
3086 3992 3431 4049 mortalium
3456 3993 3532 4049 ad
3564 3991 3754 4049 simili-

2097 4084 2360 4141 tudinem
2382 4081 2650 4155 provehis
2672 4080 3040 4155 angelorum,
3065 4080 3288 4153 respice
3310 4098 3500 4154 super
3517 4080 3667 4137 hanc
3682 4081 3753 4136 fa.

2097 4170 2319 4228 mulam
2349 4175 2536 4239 tuam,
2568 4187 2694 4243 quae
2729 4171 2784 4225 in
2821 4187 2997 4226 manu
3028 4174 3139 4225 tua
3166 4171 3548 4242 prepositum
3578 4168 3747 4225 conti-

2096 4260 2302 4317 nentia:
2334 4277 2450 4317 sua:
2476 4259 2769 4315 collocans
2794 4264 3016 4327 votum,
3048 4257 3153 4314 tibi
3180 4258 3560 4314 devotionem
3589 4273 3746 4313 suam

2095 4349 2279 4418 oii‘ert,
2304 4367 2337 4405 a
2363 4366 2477 4422 quo
2510 4349 2683 4404 etiam
2719 4348 2873 4404 idem
2906 4352 3103 4403 votum
3134 4347 3493 4420 assumpsit,
3516 4347 3744 4420 quando

2095 4439 2330 4495 animus
2362 4436 2593 4494 mortali
2626 4453 2799 4492 carne
2845 4435 3246 4493 circumdatus
3277 4434 3477 4508 legem
3513 4441 3742 4503 naturae,

2094 4527 2423 4583 libertatem
2455 4525 2719 4598 licentim,
2753 4526 2870 4582 vim
2903 4524 3372 4594 consuetudinis,
3395 4529 3454 4580 et
3486 4521 3745 4580 stimulos

2090 4616 2279 4673 (etatis
2308 4616 2582 4682 vinceret,
2608 4614 2719 4670 nisi
2751 4618 2811 4670 tu
2843 4631 2949 4687 per
2974 4613 3227 4670 liberum
3258 4611 3577 4668 arbitrium
3599 4612 3746 4667 hunc

2092 4722 2350 4762 amorem
2386 4703 2699 4760 clementer
2725 4703 3085 4772 accedentes,
3110 4706 3177 4758 tu
3194 4701 3349 4757 hanc
3367 4700 3746 4775 cupiditatem

2090 4794 2150 4852 in
2183 4796 2312 4867 ejus
2342 4794 2511 4851 cordo
2543 4792 2861 4850 clementer
2889 4792 3094 4860 aleres,
3118 4796 3181 4846 tu
3209 4791 3624 4847 tortitudinem
3653 4790 3750 4846 mi.

2092 4884 2393 4951 nistrares,
2424 4882 2612 4939 eti'usa
2655 4881 2714 4937 in
2760 4898 2966 4938 omnes
3022 4884 3228 4956 gentes
3280 4880 3479 4954 gratia
3534 4885 3655 4947 tua,
3683 4895 3748 4935 ex

2091 4972 2251 5031 omni
2281 4972 2678 5043 nationc,quaa
2710 4975 2799 5027 est
2828 4970 2939 5026 sub
2971 4970 3138 5037 ccelo,
3161 4970 3220 5024 in
3252 4968 3562 5026 stellarum
3586 4969 3747 5024 innu-

2092 5060 2432 5120 merabilem
2456 5076 2769 5118 numerum
2790 5058 2921 5115 novi
2943 5058 3281 5116 testamenti
3306 5056 3628 5116 heredibus
3648 5057 3744 5114 ad-

2093 5238 2465 5323 episcopalis,
2497 5236 2869 5323 quaealicubi
2893 5237 3227 5323 abbatibus
3248 5228 3742 5323 .fnit_impensa,;a

2094 5307 2351 5385 simplici
2384 5307 2787 5385 benedictione
2817 5309 3183 5385 abbatumet
3211 5307 3741 5385 abbatissarumﬁe

2094 5379 2334 5456 qua-hic
2364 5397 2431 5435 ac
2461 5386 2661 5456 postea
2690 5382 2867 5435 etiam
2900 5395 2992 5456 res
3031 5380 3244 5453 agitur.
3266 5380 3398 5456 ubi
3414 5379 3569 5456 idem
3600 5379 3739 5456 ritus

2136 5451 2493 5509 reascribitur
2518 5453 2579 5508 in
2604 5453 3060 5521 consecratione,
3076 5451 3313 5523 ‘q‘uando
3340 5452 3617 5508 αὸὸωτνσι
3644 5451 3738 5505 ab-

2136 5473 2493 5509 PifSCI‘lDlLUl‘
2518 5473 2579 5508 ιιι
2604 5473 3060 5521 οοηεεοηιιιυιιε,
3092 5473 3117 5523 q

2094 5473 2296 5584 Batiam
2324 5525 2654 5583 ordinantur
2681 5525 2741 5581 in
2769 5525 3117 5581 monasterio.
