3892 6212
0 345 244 409 iii?

1367 344 1846 408 BENEDICTIU
1891 342 2232 407 REGIN/E.

3352 359 3508 422 1118

0 485 180 539 tuo
221 483 579 558 imponitur,
604 499 900 557 quamque
933 481 1259 540 sanctitatis
1289 479 1630 556 gloriam,et
1649 477 1750 534 ho—
1779 478 1832 546 Α
1863 477 1965 534 Dei
1997 481 2054 535 et
2083 477 2388 534 hominum
2419 483 2474 535 te
2506 479 2882 537 mediatorem
2914 481 3072 553 cleri,
3103 490 3161 542 et
3208 487 3393 562 plebis
3423 495 3507 562 (in

4 589 321 639 norem,
357 579 417 630 et
445 590 596 646 opus
624 571 985 628 fortitudinis
1017 570 1558 644 expresse,signare
1587 566 1754 623 intel-

11 659 265 735 ligas,
304 667 364 718 et
394 679 499 736 per
527 663 676 717 hanc
711 661 1054 735 participem
1089 659 1394 716 ministerii
1431 658 1611 716 nostri
1637 675 1753 713 non

12 750 366 824 ignores;
402 752 506 819 ita,
534 755 600 806 ut
628 750 780 807 sicut
822 767 930 806 nos
979 752 1036 806 in
1083 749 1460 805 interioribus
1493 751 1756 820 pastores

13 846 470 914 rectoresque
502 841 832 895 animarum
865 839 1270 912 intelligimus,
1305 841 1366 893 tu
1422 853 1656 910 quoque
1694 837 1756 892 in

19 930 489 986 exterioribus
519 947 691 985 verus
722 927 822 984 Dei
872 927 1078 994 cultor,
1115 932 1508 998 strenuusqne
1557 930 1759 981 contra

21 1035 307 1074 omnes
341 1017 720 1073 adversitates
749 1017 1016 1072 Ecclesia:
1035 1016 1246 1072 Christi
1275 1013 1759 1088 defensor,regni-

28 1125 204 1180 que
241 1107 358 1163 tibi
392 1125 426 1163 a
461 1111 569 1163 Deo
602 1107 740 1172 dati,
775 1111 833 1163 et
863 1123 964 1178 per
993 1105 1254 1162 officium
1284 1109 1495 1162 nostris
1529 1103 1759 1160 benedi-

31 1196 315 1253 ctionis
349 1197 408 1253 in
439 1196 560 1251 vice
589 1195 986 1268 apostolorum
1009 1194 1391 1266 omniumque
1423 1197 1760 1250 sanctorum

30 1282 182 1342 tUo
221 1285 499 1359 regimini
534 1285 850 1340 commisso
881 1283 1043 1340 utilis
1073 1289 1361 1347 executor,
1379 1286 1763 1355 regnatorque

34 1377 405 1447 proﬁcuus
463 1390 694 1447 semper
751 1390 1035 1447 appareas
1089 1391 1102 1428 :
1156 1376 1220 1427 ut
1273 1373 1424 1426 inter
1479 1371 1765 1444 gloriosos

38 1464 362 1520 athletas
392 1463 674 1519 virtutum
707 1462 957 1536 gemmis
988 1467 1235 1518 ornatus
1266 1465 1323 1517 et
1353 1460 1590 1533 praemio
1619 1477 1767 1516 sem-

43 1555 349 1627 piterna:
387 1552 677 1608 felicitatis
709 1555 1022 1608 coronatus
1049 1568 1186 1606 cum
1217 1552 1542 1607 redemtore
1563 1565 1628 1606 ac
1645 1548 1767 1605 Sal-

43 1647 304 1699 vatore
342 1642 469 1697 Iesu
503 1641 729 1697 Christo
763 1641 935 1712 cujus
966 1657 1182 1696 nomen
1214 1639 1520 1711 vicemque
1540 1642 1767 1712 gestare

52 1731 388 1798 credet-is,
423 1729 548 1786 sine
599 1731 712 1786 fine
758 1728 1046 1802 glorieris,
1082 1729 1182 1802 qui
1232 1728 1373 1783 vivit
1419 1732 1474 1784 et
1520 1727 1769 1800 imperat

57 1825 259 1876 Deus
297 1836 434 1876 cum
471 1821 582 1874 Deo
611 1818 857 1875 Patrein
882 1817 1098 1874 saecula
1119 1816 1560 1883 saeculorumui.
1583 1817 1766 1871 Amen
1799 1849 1848 1914 Β

63 1911 285 1978 (235).

163 2002 243 2055 Et
273 1999 347 2054 ab
375 2014 434 2054 eo
462 1999 652 2052 statim
689 1996 906 2052 dicatur
934 1997 1106 2052 oratio
1133 1996 1215 2052 vel
1265 1995 1558 2052 benedictio
1606 2009 1771 2066 super
1831 2003 1834 2006 ’

67 2103 397 2161 eum,quaz
421 2095 474 2142 et
500 2095 733 2158 tempore
759 2085 956 2158 synodi
971 2085 1200 2142 dicenda
1219 2090 1318 2141 est.
1335 2083 1645 2141 Benedicat
1663 2083 1769 2137 tibi

71 2178 429 2244 Dominus,
459 2175 867 2248 custodiatque
907 2179 983 2240 te,
1016 2178 1074 2230 et
1103 2174 1256 2230 sicut
1301 2179 1358 2229 te
1387 2172 1567 2229 voluit
1596 2188 1773 2245 super

74 2265 403 2340 populum
439 2281 611 2320 suum
645 2281 771 2320 esse
804 2281 1019 2336 regem,
1053 2262 1136 2319 ita
1165 2263 1223 2318 in
1256 2261 1529 2336 praesenti
1561 2260 1772 2318 sacculo

77 2355 346 2412 felicem
377 2359 601 2409 aeternae
635 2352 930 2410 felicitatis
969 2353 1190 2408 tribuat
1243 2369 1371 2408 esse
1419 2354 1771 2407 consortem.

78 2447 149 2506 ﬁ.
190 2447 410 2499 Amen.
434 2442 662 2498 Clerum
686 2459 752 2498 ac
783 2441 1212 2515 populum,qua
1243 2458 1348 2496 sua
1377 2439 1560 2496 voluit
1589 2439 1776 2512 opitu-

83 2533 361 2598 latione,
394 2530 452 2586 in
488 2537 589 2586 tua
614 2531 913 2587 sanctione
944 2530 1304 2604 congregari.
1333 2547 1442 2586 sua
1471 2529 1775 2601 dispensa-

87 2623 303 2689 tione,
335 2625 393 2676 et
421 2625 521 2676 tua
542 2619 1048 2676 administratione
1079 2636 1178 2692 per
1206 2619 1484 2674 diuturna
1512 2623 1780 2689 tempora

93 2712 302 2767 faciat
335 2709 578 2766 feliciter
599 2710 935 2782 gubernari.
959 2714 1012 2775 ἡ.
1038 2714 1244 2763 Amen.
1265 2707 1550 2772 Quatinus
1567 2704 1780 2762 divinis

100 2799 373 2856 monitis
405 2802 675 2872 parentes
705 2797 1156 2854 adversitatibus
1185 2795 1642 2864 carentes,bonis
1665 2811 1783 2851 om-

110 2891 318 2946 nibus
348 2890 751 2956 exuberantes,
784 2892 885 2944 tuo
918 2887 1162 2960 imperio
1195 2885 1348 2942 fideli
1381 2902 1576 2941 amore
1615 2886 1782 2940 obse-

114 2983 481 3052 quentes,et
511 2977 569 3032 in
601 2976 868 3050 prasenti
900 2975 1110 3032 saeculo
1143 2974 1566 3048 tranquillitate
1585 2974 1785 3029 fruan-

112 3074 252 3140 tur,
285 3071 344 3123 et
374 3070 567 3123 tecum
615 3070 965 3122 aeternorum
1013 3065 1236 3135 civium.
1274 3063 1566 3120 consortio
1613 3061 1785 3136 potiri

111 3160 450 3214 mereatur.
480 3156 683 3211 Amen.
717 3155 879 3221 Quod
911 3155 1033 3227 ipse
1061 3157 1358 3226 praestare.

1861 568 1958 624 hoc
2015 569 2125 624 loco
2163 570 2337 640 faciat
2384 585 2511 624 eum
2559 570 2742 626 sedere
2787 571 3016 630 domnus
3063 580 3510 650 metropolitani“

1860 657 2066 726 dicens)
2098 657 2156 712 in
2209 657 2318 714 hoc
2367 658 2528 732 regni
2578 659 2724 715 solio
2769 662 3094 731 conﬁrmet,
3128 669 3187 720 et
3225 666 3282 722 in
3333 685 3510 742 regno

1865 751 2079 802 aeterno
2110 762 2310 803 secum
2342 764 2582 820 regnare
2616 749 2786 805 faciat
2833 750 2930 807 lhs
2980 753 3096 825 Xps
3141 755 3261 810 Dns
3314 774 3386 812 nr
3414 776 3512 815 rex

1865 852 2067 909 regum
2127 840 2186 892 ct
2232 836 2513 893 Dominus
2562 838 3015 902 dominantium.
3048 844 3157 908 Qui
3217 861 3352 902 cum
3398 847 3514 905 Deo

1867 925 2054 981 Patre.

1944 1017 2088 1070 Tunc
2114 1014 2203 1071 det
2228 1015 2344 1071 illis
2372 1017 2615 1072 osculum
2641 1020 2814 1089 pacis.
2850 1021 3085 1077 (Iunctus
3122 1033 3307 1081 autem
3350 1026 3518 1082 cleri-

1868 1120 2056 1159 corum
2082 1112 2242 1159 caelus
2273 1105 2370 1160 illo
2399 1114 2606 1162 rectore
2639 1109 2881 1177 gaudens
2927 1115 3250 1170 sonantibus
3296 1116 3519 1188 hymnis

1869 1195 1984 1249 alta
2014 1209 2133 1249 voce
2153 1195 2401 1249 concinet
2423 1195 2568 1250 hunc
2593 1197 2862 1268 hymnum
2882 1199 2961 1255 Te
2983 1204 3160 1257 Deum
3181 1203 3516 1262 laudamus.

1876 1285 2019 1339 Tunc
2047 1284 2323 1354 episcopus
2353 1286 2800 1357 metroliolitanus
2829 1290 3053 1344 missam
3085 1292 3312 1350 celebret
3352 1297 3522 1366 plena

1868 1374 2223 1444 processione.
2242 1372 2396 1428 Deus
2418 1373 2516 1445 qui
2542 1375 2686 1430 miro
2711 1375 2912 1431 ordine
2943 1378 3211 1437 universa
3231 1383 3519 1457 disponis,

1873 1465 1929 1516 et
1960 1459 2332 1516 inell'abiliter
2359 1463 2673 1534 gubernas,
2708 1468 2918 1537 praesta
2949 1484 3308 1540 quaesumus,
3345 1478 3408 1529 ut
3439 1475 3522 1530 fa-

1877 1549 2074 1606 mulus
2098 1553 2236 1606 tuus
2267 1551 2334 1606 N.
2355 1550 2474 1606 haec
2507 1551 2565 1606 in
2599 1551 2778 1609 huius
2809 1554 3004 1610 saeculi
3025 1573 3202 1614 cursu
3225 1559 3525 1632 implenda

1876 1639 2168 1707 decernat,
2204 1639 2357 1695 unde
2407 1638 2512 1696 tibi
2559 1639 2618 1694 in
2670 1645 3019 1714 perpetuum
3051 1645 3278 1718 placere
3308 1665 3523 1722 prava-

1876 1727 2012 1784 leat.
2048 1728 2172 1784 Per.

2553 1817 2849 1875 Secretum.

1950 1904 2210 1960 Concede
2239 1921 2580 1978 quaesumus
2611 1907 2984 1982 omnipotens
3013 1911 3169 1970 Deus
3188 1914 3282 1971 his
3311 1917 3528 1976 salu‘a-

1880 1992 2044 2049 ribus
2061 1992 2364 2050 sacriﬁciis
2391 1993 2750 2066 placatus,ut
2779 1997 3038 2056 famulus
3068 2005 3205 2058 tuus
3225 2005 3292 2060 N.
3309 2007 3381 2063 ad
3405 2025 3530 2079 pcr-

1880 2082 2173 2155 agendum
2193 2081 2405 2154 regalis
2425 2082 2728 2156 dignitatis
2749 2086 3008 2144 cilicium
3029 2088 3361 2149 inveniatur
3381 2111 3530 2152 sem-

1883 2170 2280 2243 peridoneus,
2315 2175 2372 2227 et
2401 2171 2614 2229 ccelcsti
2660 2175 2858 2246 patrias
2908 2178 3186 2236 reddatur
3231 2188 3526 2256 acceptus.

1885 2260 2005 2315 Per.

2371 2350 2680 2408 Benedictio
2708 2357 3045 2428 episcopalis.

1957 2436 2339 2509 Omnipotens
2372 2441 2543 2505 Deus,
2575 2439 2673 2512 qui
2704 2445 2760 2497 te
2791 2445 2989 2517 p0puli
3039 2447 3132 2504 sui
3178 2448 3362 2506 voluit
3405 2468 3534 2512 esse

1887 2529 2168 2581 rectorem
2201 2526 2326 2599 ipse
2356 2532 2412 2584 te
2442 2527 2660 2585 caelesti
2707 2531 3112 2594 benedictione
3161 2539 3534 2600 sanctiﬁcans

1888 2615 2085 2670 aeterni
2116 2615 2278 2688 regni
2302 2616 2476 2673 faciat
2499 2633 2628 2675 esse
2659 2627 3008 2679 consortem.

1963 2705 2168 2760 Oratio.
2203 2707 2605 2780 Concedatquc
2637 2709 2740 2764 tibi
2771 2715 2974 2768 contra
3002 2730 3206 2773 omnes
3228 2718 3360 2775 ﬁdei
3381 2719 3536 2777 chri-

1892 2793 2063 2848 tianae
2093 2793 2291 2850 hostes
2306 2795 2563 2852 visibiles
2580 2802 2638 2853 et
2665 2798 2991 2858 invisibiles
3011 2803 3314 2864 victoriam
3336 2808 3542 2866 trium-

1892 2881 2148 2955 phalem,
2172 2888 2230 2937 et
2258 2883 2418 2955 pacis
2447 2889 2619 2958 atque
2649 2887 2862 2958 quietis
2891 2891 3295 2950 ecclesiastica:
3326 2897 3540 2956 felicis-

1895 2969 2112 3026 simum
2160 2974 2216 3026 te
2267 2971 2379 3027 sibi
2429 2972 2598 3046 longe
2645 2975 2880 3048 lateque
2909 2979 3298 3038 fundatorem.
3329 2987 3538 3044 Amen.

1893 3059 2180 3123 Quatinus
2235 3063 2286 3115 te
2344 3061 2738 3132 gubernacula
2794 3065 2955 3138 regni
3011 3073 3242 3126 tenente
3288 3075 3542 3145 populus

1897 3147 2007 3204 sibi
2040 3147 2338 3204 subiectus
2367 3149 2697 3207 christiana
2724 3153 3020 3226 religionis
3052 3156 3179 3214 iura
3206 3162 3541 3220 custodiens

201 3245 413 3302 υείηάσ
437 3220 1173 3317 σονοηαίαδιιοηονέβεεῷεν
1201 3242 1427 3299 chorum
1453 3241 1688 3298 ducatur
1725 3241 1789 3297 de
1819 3220 1862 3287 Ο
1902 3237 2159 3310 undique
2189 3242 2354 3294 tutus
2384 3255 2524 3310 pace
2553 3220 2871 3314 tranquilla
2917 3245 3253 3316 perfruatur
3298 3255 3357 3306 et
3396 3254 3451 3307 te
3481 3252 3541 3309 in

113 3337 311 3392 altari
356 3335 424 3389 ab
461 3335 724 3406 episcopis
769 3349 940 3406 usque
986 3332 1066 3389 ad
1110 3333 1333 3398 solium,
1364 3338 1589 3386 canente
1645 3331 1787 3387 clero

108 3426 556 3497 Responsorium
587 3421 948 3478 Desiderium
975 3420 1203 3477 animae.
1238 3421 1450 3477 Deinde
1497 3420 1644 3475 dicat
1679 3421 1790 3475 sibi

108 3513 606 3585 metropolitanus.
634 3514 733 3567 Sta
762 3515 819 3566 et
841 3509 1024 3566 retine
1055 3508 1250 3565 locum
1283 3510 1575 3576 ammodo,
1609 3525 1785 3580 quem

111 3605 444 3674 hucusque
477 3605 717 3673 paterna
747 3597 1117 3655 successione
1149 3599 1390 3654 tenuisti
1419 3597 1786 3653 heareditario

100 3697 256 3768 jure
292 3691 442 3763 (236)
475 3688 803 3762 delegatum
837 3706 938 3760 per
967 3687 1375 3744 auctoritatem
1408 3687 1505 3742 Dei
1528 3685 1789 3760 omnipo-

111 3781 332 3849 tentis,
365 3783 424 3836 et
449 3783 795 3851 praesentem
823 3775 1195 3832 traditionem
1227 3779 1489 3832 nostram
1521 3774 1786 3830 omnium

114 3869 357 3930 scilicet
384 3867 804 3940 apostolorum,
837 3867 1294 3937 caeterorumque
1325 3865 1432 3920 Dei
1461 3880 1784 3932 servorum,

1895 3327 2141 3383 concilio
2185 3328 2487 3384 beatorum
2533 3329 2810 3386 collocato
2855 3335 3072 3390 interna
3120 3335 3392 3396 felicitate
3432 3339 3543 3396 ibi-

1897 3417 2029 3473 dem
2073 3421 2267 3472 tecum
2313 3418 2530 3490 pariter
2571 3420 2825 3492 gaudere
2875 3429 3187 3482 mereatur.
3220 3426 3378 3490 Quod
3417 3428 3544 3503 ipse

1897 3509 2190 3578 praestare.

1968 3594 2046 3650 Ad
2085 3594 2492 3666 Complendum.
2526 3597 2655 3653 Haec
2687 3598 2928 3657 Domine
2959 3600 3234 3661 salutaris
3273 3607 3542 3665 sacrificii

1897 3684 2189 3756 perceptio
2220 3683 2425 3739 famuli
2457 3685 2540 3740 tui
2566 3686 2633 3741 N.
2654 3692 3025 3760 peccatorum
3051 3692 3312 3750 maculas
3337 3694 3542 3765 diluat,

1898 3779 1964 3828 ut
1993 3773 2063 3827 ad
2098 3774 2414 3845 regendum
2439 3776 2765 3832 secundum
2785 3782 2948 3834 tuam
2978 3777 3337 3839 voluntatem
3357 3801 3546 3857 popu-

1894 3860 2018 3917 lum
2042 3862 2318 3917 idoneum
2341 3861 2507 3918 illum
2533 3865 2766 3933 reddat;
2793 3870 2857 3922 ut
2875 3866 2984 3924 hoc
3007 3868 3248 3926 salutari
3274 3875 3548 3946 mysterio

112 3965 178 4018 et
211 3960 512 4032 quantum
541 3955 760 4012 clerum
793 3955 978 4011 sacris
998 3954 1282 4012 altaribus
1311 3953 1786 4027 propinquiorem

84 4045 424 4124 prospicis
454 4049 619 4100 tanto
651 4044 700 4100 ei
734 4043 1014 4117 potiorem
1058 4044 1116 4098 in
1168 4043 1311 4099 locis
1358 4041 1634 4116 congruis
1682 4041 1785 4097 ho-

117 4153 336 4196 norem
369 4133 713 4207 impcndere
751 4132 1092 4190 memineris
1124 4150 1136 4188 :
1171 4132 1451 4205 quatinus
1501 4131 1789 4187 mediator

1897 3956 2099 4007 contra
2126 3950 2385 4008 visibiles
2415 3956 2471 4007 et
2514 3953 2838 4012 invisibiles
2868 3955 3075 4014 hostes.
3094 3960 3372 4018 reddatur
3402 3963 3548 4019 invi-

1895 4045 2024 4096 ctus
2054 4058 2156 4186 lper
2185 4041 2338 4112 quod
2375 4043 2634 4100 mundus
2664 4043 2859 4101 divina
2889 4046 3270 4119 dispositione
3319 4052 3548 4109 redem-

1898 4133 2016 4186 tus.
2093 4146 2175 4186 er.

1898 4133 2016 4186 tus.
2054 4133 2175 4186 Per.

1235 4479 1922 4569 BENEDIC'HO
1997 4479 2456 4567 REGINlE

197 4803 263 4858 In
293 4799 555 4867 ingressu
582 4793 822 4850 ecclesiis
844 4793 988 4848 dicat
1017 4794 1294 4864 episcopus
1316 4794 1637 4848 oralionem.
1661 4793 1791 4849 Om-
1821 4798 1868 4862 Ι)
1901 4809 2146 4865 quaeque
2177 4793 2534 4848 confundere
2559 4790 2940 4864 docuisti,qui
2965 4792 3142 4848 etiam
3164 4793 3358 4866 gloriae
3379 4795 3558 4861 virtu.

121 4891 410 4963 nipotens
441 4881 798 4953 sempiterne
829 4885 1001 4949 Deus,
1036 4881 1164 4936 fons
1196 4885 1253 4935 et
1281 4880 1444 4952 origo
1474 4881 1655 4937 totius
1692 4882 1792 4935 bo-
1903 4881 2098 4954 tisque
2120 4885 2231 4936 tuae
2255 4881 2621 4952 triumphum
2647 4880 2705 4934 in
2731 4897 2899 4936 mane
2919 4881 3122 4937 Judith
3158 4882 3384 4940 feminae
3415 4884 3553 4941 olim

123 4978 360 5041 nimiis,
393 4973 493 5045 qui
524 4970 760 5027 feminei
789 4987 960 5026 sexus
993 4968 1366 5042 fragilitatem
1417 4985 1790 5041 nequaquam
1899 4971 2157 5027 Judaicaa
2178 4969 2332 5043 plebi
2353 4971 2423 5025 de
2447 4969 2613 5024 hoste
2634 4967 2955 5025 saavissimo
2978 4971 3276 5045 resignare
3292 4973 3552 5042 voluisti;

125 5063 508 5140 reprobando
534 5058 974 5125 aversaris,.sed
1006 5059 1317 5131 dignanter
1357 5059 1792 5128 comprobando
1902 5057 2123 5130 respice
2153 5075 2495 5131 quiesumus
2522 5073 2722 5128 preces
2741 5056 3096 5116 humilitatis
3119 5066 3348 5131 nostris,
3375 5068 3432 5119 et
3465 5081 3558 5120 su-

126 5156 338 5232 potius
370 5149 560 5224 eligis,
595 5153 651 5204 et
681 5149 780 5220 qui
814 5147 1048 5203 infirma
1077 5146 1282 5202 mundi
1308 5145 1574 5218 eligendo
1622 5146 1795 5201 fortia
1904 5164 2004 5220 per
2019 5146 2169 5202 hanc
2194 5145 2475 5201 famulam
2509 5149 2669 5200 tuam
2693 5145 2758 5201 N.
2788 5163 2963 5219 quam
2983 5149 3232 5223 supplici
3256 5151 3558 5209 devotione

208 5297 358 5374 (235)
389 5293 706 5374 ﬂuensque
754 5291 1024 5364 congruit
1069 5287 1288 5374 ‘Po‘ntif.
1323 5289 1514 5374 Rom“
1561 5288 1619 5342 in
1679 5306 1792 5374 quo

129 5360 302 5428 deest
331 5360 659 5420 benedictio
690 5360 1038 5434 sequens.ex
1065 5360 1256 5434 tribus
1285 5363 1560 5434 constans
1590 5360 1795 5434 oratio-

129 5441 410 5504 nibus,ut
429 5435 684 5505 antiquae
701 5430 1137 5505 benedictiones
1157 5430 1514 5505 episcopales
1538 5430 1596 5484 in
1611 5432 1794 5486 missa

131 5512 262 5571 fieri
296 5501 481 5564 s'olitie
515 5501 754 5577 diversae
786 5522 888 5577 pro
922 5501 1536 5577 diversitate_dierum
1583 5519 1648 5556 ac
1682 5506 1792 5557 fes-

133 5594 356 5647 torum,
395 5583 457 5632 ut
486 5576 595 5632 vol.
628 5577 649 5631 Ι
682 5573 941 5648 Monum.
975 5594 1032 5648 p.
1065 5575 1166 5648 331
1203 5573 1392 5648 videre
1417 5578 1531 5648 post,
1567 5591 1632 5628 ac
1662 5591 1796 5648 mox

134 5658 235 5713 hic
268 5643 384 5708 alia
433 5647 700 5719 sequitur
746 5665 851 5703 suo
904 5643 1027 5703 loco
1074 5646 1134 5702 in
1179 5643 1565 5699 celebratione
1599 5643 1792 5701 missae

1903 5289 2092 5363 posita
2123 5288 2407 5363 a_n_te_Pax
2437 5289 2677 5363 Domini,
2706 5291 2816 5345 etc.

1975 5362 2123 5431 (236)
2151 5359 2340 5436 _Verba
2371 5377 2496 5436 quae
2531 5361 2823 5436 pertinent
2850 5363 2949 5436 ad,
2980 5369 3290 5436 paternam
3324 5380 3556 5436 succes-

1903 5432 2126 5487 sionem
2141 5432 2358 5502 jusque
2381 5431 2810 5488 hmrcditarium
2831 5431 3240 5490 desiderantur
3261 5437 3317 5489 in
3347 5433 3552 5488 Pontif.

1905 5504 2102 5578 Bom;
2139 5502 2429 5557 habentur
2455 5519 2588 5578 vero
2620 5503 2678 5557 in
2711 5505 2837 5578 cod.
2871 5504 3017 5578 Bibl.
3055 5507 3207 5578 regis
3240 5505 3386 5578 Gal].
3419 5521 3554 5559 cum

1905 5573 2132 5698 iislquue
2162 5579 2487 5654 sequuntur
2517 5575 2587 5630 de
2620 5591 2755 5647 rege
2786 5575 2844 5632 in
2876 5577 3073 5632 sedem
3105 5573 3555 5640 constituto,ceu

1905 5661 1971 5698 so
2001 5660 2124 5698 tum
2157 5661 2340 5698 ream.

1904 5660 2124 5700 sonum
2157 5661 2340 5716 regni.
