3892 6212
0 332 235 397 1125

1254 334 1464 397 ORDO
1509 331 2373 398 EXCOMMUNICA'I‘IONIS.

3360 340 3519 404 “26

0 470 356 539 potentis
391 469 600 538 Patris,
634 472 692 524 et
722 467 870 533 Filii,
902 471 958 523 et
986 467 1240 542 Spiritus
1272 468 1482 539 sancti,
1514 472 1572 524 et
1601 466 1754 523 beati
1784 468 1833 536 Α
1869 467 1965 521 ille
1989 475 2153 524 terrae
2178 476 2480 541 prostratus
2526 470 2743 525 veniam
2790 471 3045 542 postulat,
3086 474 3305 545 culpam
3345 476 3520 546 con/i-

0 556 233 614 Petri
313 558 599 633 principis
656 557 1077 632 apostolorum,
1107 561 1166 613 et
1206 558 1472 613 omnium
1520 558 1765 613 Sancto-

2 660 372 715 rum,nec
404 664 521 704 non
557 650 613 704 et
642 651 854 704 nostrae
886 644 1306 703 mediocritatis
1335 643 1679 702 auctoritate
1702 647 1762 701 et

6 738 393 805 potestate
422 735 594 793 nobis
625 735 909 792 divinitus
939 732 1152 791 collata
1181 732 1399 806 ligandi
1421 736 1479 788 et
1498 731 1758 788 solvendi

10 821 98 877 in
146 823 428 891 caglget
470 823 531 881 in
578 828 753 891 terra,
780 822 1148 881 excludimus
1187 824 1243 879 et
1289 820 1761 878 excommunica-

12 840 98 877 ιη
146 840 301 881 ccci
404 840 428 880 ι
470 842 531 881 in
578 840 753 891 terra,
780 840 1148 881 exclusimus
1187 840 1243 879 et
1289 840 1761 878 excommunica-

12 840 902 1060 muiatbematizatum
933 910 1387 979 decernimus,et
1415 910 1761 967 damnatum

17 1017 218 1059 cum
413 1002 526 1060 olo.
558 1005 617 1058 et
645 1000 868 1060 anaelis
900 1002 1049 1060 eius.
1082 1004 1139 1057 et
1175 999 1449 1057 omnibus
1499 997 1761 1060 renrobis

17 997 526 1070 cummolo,
558 1005 617 1058 et
645 1000 868 1076 angelis
900 1002 1049 1073 ejus,
1082 1004 1139 1057 et
1175 999 1449 1057 omnibus
1499 997 1763 1072 reprobis

21 1091 103 1146 in
154 1090 336 1166 igne
363 1096 580 1149 aeterno
600 1091 977 1164 judicamus;
1009 1088 1125 1147 nisi
1176 1090 1318 1146 forte
1351 1106 1385 1145 a
1413 1087 1629 1145 diaboli
1677 1087 1764 1143 la-

24 1181 273 1252 queis
308 1180 604 1254 resipicat,
637 1185 695 1236 et
735 1180 809 1236 ad
859 1178 1327 1237 emendationem
1373 1182 1429 1233 et
1477 1177 1767 1250 pmniteno

26 1269 235 1329 tiam
281 1271 501 1338 redeat,
533 1273 592 1325 et
619 1268 886 1326 Ecclesia!
907 1268 1010 1326 Dei
1037 1285 1215 1341 quam
1240 1267 1391 1325 laesit
1418 1265 1760 1323 satisfaciat.

29 1359 121 1414 Et
164 1358 561 1431 respondeant
617 1374 801 1417 omnes
858 1358 1018 1414 tertio
1064 1359 1246 1412 Amen
1291 1364 1388 1412 aut
1433 1356 1578 1424 Fiat,
1620 1356 1761 1411 Fiat.

170 926 422 1060 ππ

37 1458 174 1503 aut
218 1446 554 1504 anathema
582 1448 661 1503 sit
690 1446 861 1518 (243).
885 1445 1086 1503 Debent
1110 1447 1259 1501 enen
1282 1444 1563 1501 duodecim
1591 1461 1768 1502 sacer-

37 1535 246 1592 dotes
314 1537 623 1609 episcopum
679 1537 1054 1605 circumstare,
1106 1541 1159 1590 et
1215 1534 1465 1590 lucernas
1519 1533 1766 1590 ardentes

42 1626 127 1680 in.
172 1625 461 1683 manibus
496 1633 694 1692 tenere,
726 1639 860 1695 quas
906 1625 967 1679 in
1014 1622 1360 1679 conclusione
1404 1623 1768 1679 anathematis

44 1715 161 1770 vel
199 1715 801 1771 euommunicationis
836 1713 1099 1785 projicere
1144 1712 1339 1769 debent
1366 1713 1431 1768 in
1460 1718 1688 1781 terram,
1717 1719 1770 1768 et

48 1804 433 1861 conculcare
457 1802 701 1876 pedibus.
737 1801 1008 1903 Post-hsce
1032 1802 1333 1903 episcopus
1351 1801 1504 1873 plebi
1546 1817 1763 1903 excom-
1793 1836 1851 1903 Β

54 1894 543 1949 munientionem
590 1892 974 1948 communibus
1020 1890 1200 1946 verbis
1245 1889 1399 1946 debet
1442 1891 1761 1963 explanare,

57 1991 141 2038 ut
213 1997 416 2039 onmes
473 1981 812 2050 intelligant,
853 1996 1022 2052 quam
1074 1979 1398 2037 terribiliter
1439 1979 1770 2051 dampnatus

63 2074 161 2128 sit
196 2091 223 2127 :
256 2079 404 2127 etut
436 2071 709 2136 noverint,
758 2069 898 2143 quod
943 2070 1013 2124 ab
1059 2070 1162 2125 illa
1208 2068 1345 2125 hora
1387 2071 1445 2125 in
1494 2069 1771 2140 reliquum

64 2177 213 2217 non
251 2176 355 2233 pro
384 2160 709 2223 christiano,
738 2158 830 2214 sed
863 2174 964 2230 pro
1007 2174 1225 2229 pagano
1273 2157 1550 2215 habendus
1597 2161 1686 2224 sit,
1719 2166 1771 2215 et

72 2253 203 2323 qui
240 2251 339 2306 illi
365 2250 526 2321 quasi
552 2249 852 2319 christiano
882 2248 1386 2314 communicaverit,
1418 2255 1533 2304 aut
1555 2248 1769 2316 biberit,

76 2348 203 2395 aut
237 2355 369 2395 eum
398 2337 668 2394 osculatus
696 2338 888 2408 fuerit,
921 2337 1005 2392 vel
1051 2352 1176 2391 cum
1221 2351 1282 2392 eo
1327 2336 1658 2408 colloquium
1682 2338 1773 2407 fa-

77 2430 342 2485 miliare
365 2427 636 2494 habuerit,
666 2428 784 2482 nisi
826 2428 968 2497 forte
1012 2425 1084 2481 ad
1130 2426 1555 2497 satisfactionem
1584 2434 1635 2481 et
1661 2443 1774 2498 pte-

76 2519 414 2575 nitentiam
457 2532 580 2572 eum
624 2531 922 2588 provocare
959 2514 1253 2583 studuerit,
1282 2522 1379 2570 aut
1400 2516 1459 2570 in
1491 2514 1643 2572 domo
1670 2532 1775 2571 sua

86 2608 402 2680 receperit,
444 2613 542 2661 aut
587 2605 757 2661 simul
802 2621 926 2660 cum
970 2620 1029 2662 eo
1078 2605 1336 2671 oraverit,
1364 2606 1557 2677 procul
1609 2604 1773 2662 dubio

85 2697 381 2752 similiter
403 2697 477 2750 sit
519 2695 1067 2750 excommunictuus.‘
1093 2692 1297 2749 Deinde
1341 2692 1587 2765 epistolae
1626 2710 1774 2766 pres-

94 2785 327 2857 byteris
351 2801 454 2857 per
477 2784 797 2856 parrochias
832 2784 1142 2848 mittantur,
1174 2784 1509 2839 continentes
1555 2782 1776 2839 modum

92 2874 720 2932 emcommanicationis.
748 2873 811 2927 In
842 2872 1042 2944 quibus
1063 2871 1344 2944 jubeatur,
1377 2880 1440 2927 ut
1484 2872 1775 2928 dominicis

94 2964 313 3023 diebus
351 2970 475 3035 post
525 2962 807 3018 lectionem
859 2960 1141 3033 evangelii
1190 2960 1441 3032 plebibus
1485 2962 1600 3017 sibi
1637 2977 1778 3017 com-

96 3053 311 3115 missis
336 3051 557 3124 publice
582 3050 915 3106 annuntient
937 3051 1112 3121 ipsam
1129 3051 1777 3118 excommunicatianem;

100 3149 174 3198 ut
208 3156 282 3198 ne
309 3142 434 3213 quis
459 3156 561 3214 per
586 3140 962 3209 ignorantiam
1005 3140 1362 3194 communicet
1404 3141 1776 3196 excommuni-

105 3239 260 3287 cato.
298 3230 565 3302 Praecepit
590 3230 740 3285 enim
773 3228 1086 3285 Toletanum
1114 3228 1428 3294 concilium,
1457 3235 1521 3284 ut
1548 3230 1782 3287 invicem

108 3336 258 3376 mox
280 3320 486 3391 scripta
508 3325 833 3391 percurrunt
870 3333 972 3389 per
1011 3333 1193 3374 omnes
1236 3319 1540 3389 provinciae
1583 3320 1782 3390 episco-

110 3425 243 3482 pos,
271 3423 508 3483 quosque
536 3407 693 3464 adire
733 3407 1032 3480 potuerint,
1062 3415 1114 3463 et
1141 3409 1643 3464 excommunicatus
1670 3423 1778 3464 au‘

113 3499 341 3555 dialur.
364 3498 589 3555 Seniori
608 3498 774 3554 etiam
800 3497 918 3570 ejus
949 3498 1070 3570 ipsa
1098 3497 1587 3554 eccommunicatio
1628 3497 1782 3553 debet

116 3595 256 3644 nota
286 3588 432 3660 ﬁeri.

264 3710 619 3755 SATISFACTIO
658 3711 725 3750 ετ
760 3710 1084 3751 EMENDATIO
1122 3710 1190 3751 ΕΤ
1228 3710 1650 3750 RECONCILIATIO

644 3838 647 3839 ν
706 3782 1212 3822 ΑΝΔΤΗΕΜΑΤΒΖΔΤῙ.

196 3858 341 3912 Cum
371 3855 577 3927 aliquis
605 3854 1149 3927 (excommunicatus)
1182 3854 1264 3911 vel
1290 3855 1783 3911 anathematizamus

112 3944 450 4017 paenitentia
492 3943 683 3999 ductus
723 3944 940 3999 veniam
984 3944 1240 4014 postulat,
1272 3950 1323 3999 et
1349 3943 1783 4000 emendationem

114 4034 418 4105 promittit,
451 4033 749 4111 episcopus,
802 4033 901 4105 qui
942 4048 1066 4089 eum
1112 4033 1620 4098 excommunicavit,
1656 4039 1783 4088 ante

108 4123 330 4194 januas
359 4121 602 4180 ecclesiae
630 4122 815 4178 venire
841 4118 1014 4187 debet,
1054 4128 1108 4179 et
1152 4120 1435 4178 duodecim
1476 4122 1784 4194 presbyteri

119 4228 253 4267 cum
283 4225 365 4276 eo,
396 4211 499 4283 qui
522 4226 649 4265 eum
686 4211 818 4267 hinc
863 4210 990 4266 inde
1035 4211 1391 4267 circumstare
1437 4210 1646 4267 debent.
1681 4211 1783 4268 Ubi

118 4301 298 4357 etiam
324 4298 511 4355 adesse
536 4296 731 4356 debent
756 4299 866 4367 illi,
899 4299 1097 4372 quibus
1125 4301 1346 4373 injuria
1372 4300 1456 4355 vel
1484 4299 1784 4371 dampnum

124 4390 355 4446 illatum
409 4391 510 4444 est.
541 4388 607 4444 Et
654 4389 739 4444 ibi
777 4388 1075 4445 secundum
1130 4389 1269 4462 leges
1314 4388 1532 4445 divinas
1579 4392 1786 4461 oportet

123 4477 431 4550 dampnum
472 4479 821 4534 commissum
859 4477 1142 4535 emendari
1156 4499 1176 4545 ,-
1199 4486 1295 4534 aut
1340 4480 1395 4534 si
1438 4477 1784 4535 emendatum

1867 563 2027 622 tetur,
2084 558 2475 628 paenitentiam
2540 559 2816 631 implorat,
2870 558 2938 616 de
2990 563 3199 631 futuris
3252 564 3523 618 cautelam

1864 644 2120 717 spondet;
2148 653 2277 702 tunc
2297 648 2580 719 episcopus
2628 647 2965 720 apprehensa
3007 664 3179 704 manu
3220 650 3338 721 ejus
3386 651 3520 706 dm:-

1867 740 1986 788 tera
2013 749 2141 789 eum
2168 735 2229 791 in
2258 735 2543 792 ecclesiam
2570 736 2900 803 introducat,
2927 742 2982 793 et
3008 739 3064 793 ei
3089 741 3522 795 communionem

1867 828 1919 877 et
1942 823 2254 879 societatem
2289 823 2658 881 christianum
2704 826 2913 894 reddat,
2947 834 2999 882 et
3043 834 3245 898 septem
3286 828 3525 900 psalmos

1864 912 2205 983 pmnitentiae
2257 912 2505 970 decantet
2567 930 2691 969 cum
2756 916 2880 971 istis
2942 916 3196 987 precibus
3224 934 3244 971 :
3276 916 3522 989 Kyrieel.

1868 999 2064 1071 Xpeel.
2099 999 2346 1074 Kyrleel.
2383 1002 2555 1060 Pater
2583 1007 2800 1059 noster.
2828 1004 2899 1063 Et
2928 1020 3000 1059 ne
3030 1020 3137 1060 nos
3187 1005 3433 1062 inducas
3464 1006 3524 1062 in

1870 1089 2273 1146 tentationem.
2326 1090 2436 1147 Sed
2488 1090 2673 1148 libera
2720 1109 2829 1148 nos
2861 1091 3100 1149 amalo.
3153 1092 3388 1151 Salvum
3433 1096 3525 1151 tae

1871 1193 2101 1233 servum
2136 1182 2307 1234 tuum
2334 1178 2599 1236 Domine.
2620 1181 2774 1237 Deus
2801 1197 2968 1239 meus
3001 1187 3332 1254 sperantem
3356 1183 3414 1239 in
3448 1188 3523 1239 te.

1874 1265 2037 1321 Mitte
2067 1266 2119 1321 ei
2146 1266 2271 1323 Dne
2303 1267 2587 1323 auxilium
2620 1269 2691 1325 de
2720 1274 2943 1327 sancto.
2971 1271 3038 1326 Et
3066 1273 3136 1328 de
3167 1272 3305 1328 Sion
3336 1276 3521 1329 tuere.

1872 1352 2027 1410 Nihil
2060 1353 2325 1427 proﬁciat
2356 1356 2633 1414 inimicus
2674 1356 2734 1413 in
2770 1374 2860 1414 eo.
2892 1358 3149 1416 Etﬁlius
3195 1361 3526 1434 iniquitatis

1873 1457 2011 1497 non.
2040 1443 2178 1500 Esto
2208 1443 2259 1499 ei
2294 1444 2543 1501 Domine
2562 1446 2743 1502 turris
2773 1447 3207 1505 tortitudinis.A
3236 1450 3382 1506 facie
3413 1450 3526 1506 ini-

1875 1529 2032 1586 mici.
2064 1530 2309 1588 Domine
2333 1532 2543 1589 exaudi
2590 1537 2914 1591 orationem
2964 1551 3178 1593 meam.
3212 1539 3282 1597 Et
3307 1538 3529 1595 clamor

1873 1635 2062 1676 meus.
2091 1620 2308 1677 Presta
2336 1637 2679 1693 quaesumus
2708 1624 2954 1681 Domine
2984 1624 3120 1681 huic
3160 1626 3380 1685 famulo
3425 1632 3527 1686 tuo

1873 1707 1941 1763 N.
1957 1706 2202 1781 dignum
2225 1710 2577 1782 paenitentiae
2600 1712 2950 1783 fructum,ut
2970 1714 3239 1772 Ecclesia:
3259 1718 3371 1772 tua:
3394 1734 3528 1775 san-

1874 1800 1978 1852 ctm
2008 1813 2043 1853 a
2072 1798 2245 1869 cujus
2271 1798 2380 1856 int.
2413 1799 2569 1856 Deus
2599 1801 3114 1870 misericors,Deus
3134 1803 3529 1879 .clemens,qui

1880 1886 2207 1943 secundum
2225 1886 2668 1945 multitudinem
2688 1890 3129 1948 miserationum
3147 1896 3381 1950 tuarum
3403 1912 3531 1968 pec-

1878 1980 2006 2033 cata
2036 1976 2447 2047 paenitentiam
2475 1976 2656 2034 deles.
2689 1979 2924 2052 Require
2952 1982 3015 2036 in
3040 1984 3206 2039 Feria
3239 1982 3278 2038 ν
3301 1986 3530 2057 majoris

1877 2065 2083 2119 ebdom.
2117 2064 2173 2119 id
2200 2069 2282 2121 est
2308 2067 2366 2120 in
2399 2064 2565 2121 Cana
2596 2070 2824 2123 Domini
2854 2071 2927 2124 in
2972 2072 3416 2129 reconciliatione
3444 2074 3529 2129 lo-

1876 2168 2121 2224 psorum.
2150 2156 2278 2209 Post
2303 2156 2423 2211 haec
2448 2155 2745 2212 secundum
2779 2158 3002 2215 modum
3047 2160 3227 2232 culpae
3267 2164 3530 2232 paeniten-

1881 2243 2019 2297 tiam
2046 2245 2101 2298 ei
2130 2245 2405 2315 injungat.
2438 2245 2505 2300 Et
2532 2244 2718 2302 literas
2738 2263 2840 2318 per
2879 2248 3168 2319 parochias
3211 2249 3438 2319 dirigat,
3471 2258 3535 2307 ut

1880 2346 2064 2386 omnes
2091 2334 2342 2388 noverint
2369 2349 2496 2391 eum
2527 2336 2585 2389 in
2612 2337 2866 2395 societate
2893 2338 3199 2393 christiana
3218 2348 3490 2411 receptum
3511 2359 3530 2396 :

1880 2420 2012 2475 aliis
2039 2422 2207 2476 etiam
2233 2423 2494 2495 episcopis
2522 2432 2711 2479 notum
2737 2426 2929 2496 faciat.
2960 2427 3158 2483 Nullus
3204 2438 3387 2485 autem
3415 2432 3531 2502 epi-

1880 2524 2071 2581 scopus
2098 2510 2329 2566 alterius
2361 2512 2761 2583 parochianum
2805 2517 3275 2574 excommunicare
3313 2519 3399 2574 vel
3446 2535 3533 2576 re-

1880 2599 2175 2654 conciliare
2222 2609 2544 2671 preesumat,
2587 2604 2708 2659 sine
2752 2606 3096 2669 conscientia
3142 2607 3226 2663 vel
3271 2623 3535 2667 consensu

1877 2689 2095 2758 proprii
2122 2689 2379 2761 episcopi.
2446 2682 2453 2685 ’

1956 2776 2067 2849 Leo
2092 2777 2408 2849 episcopus
2437 2778 2527 2847 (24
2538 2780 2587 2851 4)
2610 2795 2814 2837 servus
2837 2798 3137 2839 servorum
3159 2783 3260 2840 Dei
3283 2784 3536 2843 dilectis-

1885 2864 2053 2925 simis
2085 2866 2362 2921 fratribus
2392 2870 2450 2922 et
2480 2867 2617 2924 {iliis
2646 2869 3303 2947 archiepiscopis,atque
3332 2876 3538 2931 suffra-

1884 2954 2087 3026 ganeis
2113 2971 2314 3013 eorum
2346 2955 2680 3027 abbatibus,
2703 2963 2759 3013 et
2781 2960 3202 3017 monachorum
3224 2978 3536 3037 congrega-

1884 3042 2145 3099 tionibus
2174 3043 2236 3098 in
2261 3043 2504 3100 Francia
2531 3048 3045 3105 commanentihus
3062 3049 3536 3125 salutemperpe-

1887 3131 2405 3188 tuam.lndicatum
2435 3138 2526 3189 est
2553 3134 2723 3191 nobis
2753 3135 2855 3191 lilii
2888 3137 3035 3204 kmi,
3058 3139 3214 3211 quod
3244 3139 3305 3194 in
3327 3140 3534 3197 vestris

1813 3203 1856 3270 C
1895 3220 2234 3293 regionibus
2254 3220 2645 3295 malignorum
2663 3216 2973 3282 hominum
2989 3203 3337 3300 perversitas
3351 3246 3537 3287 creve-

1889 3308 1997 3377 rit;
2028 3308 2110 3365 ita
2139 3314 2205 3365 ut
2233 3326 2326 3367 res
2354 3315 2580 3368 vestras
2599 3312 2663 3368 in
2681 3313 2807 3370 suis
2827 3315 3026 3387 pravis
3044 3316 3253 3374 usibus
3272 3317 3536 3393 redigere

1888 3396 2515 3472 cupiant.Quapropter
2536 3418 2605 3458 ex
2625 3404 2972 3460 auctoritate
3001 3404 3102 3461 Dei
3134 3405 3321 3464 Patris
3349 3409 3537 3465 omni-

1889 3487 2165 3560 potentis,
2198 3491 2256 3544 et
2286 3488 2413 3544 Filii
2442 3489 2571 3561 ejus
2602 3490 2714 3547 Dni
2744 3492 2837 3547 nri
2865 3492 2985 3549 Jhu
3026 3493 3133 3567 Xpi
3180 3498 3239 3552 et
3281 3496 3536 3569 Spiritus

1889 3576 2074 3631 sancti
2106 3576 2393 3649 paracliti,
2427 3582 2600 3653 atque
2630 3596 2700 3636 ex
2727 3580 2848 3638 vice
2875 3581 3029 3639 beati
3062 3583 3215 3641 Petri
3263 3586 3532 3658 apostoli,

1888 3680 1995 3721 nec
2019 3682 2133 3721 non
2165 3671 2222 3721 et
2246 3664 2427 3723 beatae
2460 3667 2652 3724 Mariae
2684 3669 2891 3729 matris
2921 3670 3239 3731 Domini.et
3267 3691 3371 3746 per
3399 3674 3534 3733 bea-

1887 3759 1979 3810 tos
2009 3754 2269 3829 angelos,
2297 3760 2354 3812 et
2372 3756 2696 3830 'apostolos,
2724 3765 3028 3833 martyres,
3062 3762 3446 3832 confessores,
3469 3782 3535 3821 ac

1887 3843 2141 3917 virgines
2168 3847 2749 3904 excommunicamus
2768 3854 3072 3923 eosatque
3102 3851 3533 3921 maledicimus,

1889 3932 1989 4005 qui
2017 3934 2418 4006 possessiones
2446 3951 2746 3993 servorum
2777 3938 2964 3995 sancti
2992 3938 3249 4009 Martini,
3279 3945 3336 3998 et
3364 3941 3538 4016 quid-

1891 4021 2034 4096 quid
2065 4023 2137 4079 ad
2170 4021 2300 4081 illos
2319 4025 2890 4098 pertinet,tollunt,et
2906 4046 3211 4102 perperam
3227 4029 3533 4088 invadunt.

1890 4111 1977 4168 Sit
2004 4129 2140 4185 pars
2169 4111 2404 4173 illorum
2439 4132 2573 4195 cum
2602 4114 2831 4173 Dathan
2859 4122 2918 4174 et
2943 4117 3355 4192 Abyron,quos
3382 4124 3540 4178 terra

1890 4218 1994 4275 pro
2026 4218 2134 4258 sua
2160 4202 2440 4275 superbia
2468 4204 2625 4261 vivos
2655 4205 3043 4274 absorbuit,et
3070 4223 3205 4262 cum
3228 4208 3384 4263 Juda
3411 4225 3541 4281 pro-

1890 4290 2095 4355 ditore,
2130 4290 2229 4363 qui
2287 4291 2602 4348 Dominum
2656 4292 2720 4348 in
2777 4293 2963 4365 pretio
3018 4293 3297 4350 vendidit.
3328 4296 3533 4352 Amen.

1891 4402 1919 4429 ‹‹
1954 4378 2120 4434 Fiant
2150 4377 2253 4434 filii
2283 4394 2483 4435 eorum
2513 4374 2846 4454 orphan‘i,et
2868 4398 3074 4438 uxores
3097 4399 3299 4439 eorum
3328 4383 3535 4440 viduae.

1891 4492 1917 4519 ‹‹
1951 4468 2238 4525 Nutantes
2267 4468 2695 4526 transferantur
2723 4470 2825 4525 ﬁlii
2854 4487 3077 4541 eorum,
3102 4475 3160 4528 et
3181 4472 3535 4530 mendicant.

124 4575 222 4633 est,
254 4582 451 4623 eorum
493 4567 796 4623 teslimonio
838 4566 1199 4640 comprobari.
1246 4566 1459 4623 Deinde
1503 4569 1782 4639 episcopus

1960 4554 2268 4611 Eiiciantur
2295 4554 2366 4611 de
2397 4554 2863 4614 habitationibus
2891 4558 3037 4614 suis.
3066 4558 3368 4615 Sci-utetur
3385 4560 3540 4617 fene-

126 4658 448 4729 interroget,
479 4657 530 4711 si
551 4657 935 4728 paenitentiam
956 4656 1126 4728 juxta
1154 4655 1295 4730 quod
1322 4671 1556 4712 canones
1579 4657 1782 4728 praeci-

121 4746 293 4816 piunt
314 4758 418 4818 pro
445 4746 770 4816 perpetratis
798 4745 1096 4818 sceleribus
1137 4745 1414 4817 suscipere
1453 4745 1601 4801 velit.
1636 4746 1788 4801 Etsi

199 4868 355 4941 (243)
385 4867 668 4941 Pleraque
696 4869 819 4925 haec
845 4870 918 4926 ad
940 4871 1181 4927 verbum
1206 4870 1265 4925 in
1288 4870 1571 4927 hodierno
1593 4869 1786 4926 adhuc

126 4937 458 4995 Pontiﬁcali
494 4937 660 5014 Ro‘m.
705 4940 1016 5014 leguntur;
1046 4941 1412 5014 desideratur
1453 4958 1588 5014 vero
1635 4941 1786 4996 ritus

128 5026 390 5086 sequens
417 5009 825 5086 exstinguendi
872 5013 1331 5086 projiciendique
1379 5012 1673 5086 candelas.
1708 5016 1784 5086 De

129 5080 246 5153 quo
271 5080 534 5165 primum
567 5080 897 5156 eiemplum
930 5080 991 5138 in
1013 5080 1649 5157 synodo’Lemovicensi
1674 5084 1784 5139 sub

129 5152 478 5228 pontiﬁcatu
512 5154 808 5228 Benedicti
836 5154 907 5211 IX
936 5156 999 5211 P.
1032 5156 1286 5228 habetur
1315 5156 1469 5228 apud
1501 5155 1705 5228 Labb.,
1738 5159 1782 5209 t.

167 5170 478 5208 onuucam
512 5170 804 5210 uenemcn
837 5170 907 5211 ιλ
936 5170 999 5211 r'.
1034 5170 1286 5212 nanetur
1315 5170 1469 5228 apua
1502 5170 1705 5218 Lann.,
1738 5170 1782 5209 ι.

129 5170 202 5299 fx
230 5223 408 5280 Cone.
440 5241 510 5299 p._
533 5224 659 5299 89],
690 5231 744 5299 t._
767 5226 811 5281 X
837 5243 971 5299 pag.
1001 5228 1106 5282 406
1138 5227 1199 5282 in
1222 5243 1403 5299 conc.
1436 5226 1785 5299 Quintilino-

129 5294 327 5379 burg.,
361 5294 534 5379 c213.
571 5296 699 5353 Haec
729 5294 1008 5379 leguntur
1034 5299 1188 5379 apud
1220 5297 1596 5379 Bertholdum
1629 5297 1789 5379 Cons:

130 5314 327 5367 nurg.,
361 5314 412 5350 c.
446 5314 534 5352 ω.
571 5314 699 5353 uaco
729 5314 783 5353 ιε
825 5314 1008 5353 untur
1034 5314 1188 5371 apud
1221 5314 1596 5355 uertnomum
1629 5314 1787 5353 cons-

130 5373 298 5435 tant,
352 5367 425 5441 ad
479 5383 700 5441 annum
762 5314 919 5435 1%85,
954 5385 1021 5425 ea
1069 5369 1140 5425 de
1188 5385 1294 5426 re:
1329 5372 1389 5425 In
1435 5369 1545 5441 ﬁne
1590 5366 1787 5441 synodi

124 5438 404 5511 ,mtemia
431 5438 799 5511 onathegnatis
837 5455 961 5495 cum
1000 5440 1325 5511 ardentibus
1374 5438 1636 5497 candelis
1658 5455 1785 5511 pro-

129 5508 490 5593 uulgata“!
518 5517 580 5565 τη
613 5509 945 5593 meum
989 5510 1449 5593 haesuram.
1462 5511 1605 5592 εεάςε
1652 5508 1788 5593 «1w-

130 5580 348 5637 stolicse
375 5581 702 5637 invasorem.
753 5582 1035 5639 Memorat
1063 5583 1121 5638 S.
1154 5586 1360 5638 Petrus
1409 5580 1698 5638 Damiani'
1726 5580 1786 5636 in

203 5646 402 5728 nudati
431 5650 1200 5728 disceptationecumregio
1230 5652 1505 5728 advocato
1539 5669 1552 5709 :
1590 5652 1788 5728 Gerar-

168 5719 236 5781 its
266 5719 510 5785 Galeria
550 5719 723 5783 omnes
750 5741 786 5783 a
809 5725 1069 5801 plenaria
1106 5719 1330 5787 Ἠίοοωὶ
1358 5726 1414 5788 ΙΙ
1438 5721 1641 5804 synodo
1688 5739 1791 5783 ea:-

1893 4668 1922 4696 «
1954 4648 2112 4700 rator
2140 4660 2374 4701 omnem
2424 4645 2813 4703 substantiam
2862 4663 3085 4703 eorum.
3123 4670 3151 4697 ››
3178 4648 3244 4704 Et
3273 4646 3484 4704 iterum
3522 4666 3537 4705 τ

1894 4756 1923 4784 ‹‹
1948 4733 2165 4791 Omnes
2193 4735 2292 4807 qui
2317 4733 2586 4793 dixerunt
2601 4734 2937 4793 haereditate
2976 4736 3386 4810 possideamus
3410 4754 3541 4794 san-

1892 4861 2319 4936 communicatus
2347 4868 2500 4928 est,et
2527 4863 2811 4936 exstinctis
2829 4861 3369 4936 _luminar_ibushsub
3414 4879 3539 4936 per-

1888 4941 2052 5005 petuo
2076 4934 2417 5005 anathemate
2430 4932 3191 5005 icondemnatusltomualdus
3225 4932 3539 4992 Salernita-

1893 5003 2006 5059 nus
2037 5004 2095 5058 in
2127 5003 2340 5059 Chron.
2372 5004 2446 5059 ad
2478 5020 2571 5059 an.
2606 5003 2748 5059 H77
2778 5004 2944 5060 afl‘crt
2975 5004 3288 5061 formulam
3316 5006 3544 5062 adhibi-

1893 5080 2016 5148 tam
2044 5074 2106 5148 in
2138 5075 2446 5148 conciliata
2476 5090 2616 5148 pace
2647 5075 2720 5130 ab
2750 5074 3074 5148 Alexandro
3098 5074 3175 5132 Ill
3197 5093 3331 5133 cum
3356 5077 3544 5134 Fride-

1894 5146 2013 5202 rico
2044 5146 2066 5201 Ι
2097 5146 2208 5219 sub
2238 5146 2631 5201 anathematis
2660 5162 2827 5219 pinna
2864 5147 2923 5202 in
2968 5147 3306 5205 violatorem
3341 5166 3354 5204 :
3391 5150 3545 5206 Sicut

1892 5219 1982 5293 tua?
2008 5217 2260 5293 candelae
2282 5217 2727 5293 exstinguuntur,
2760 5218 2841 5274 sic
2867 5234 3074 5286 eorum,
3098 5222 3197 5293 qui
3220 5237 3409 5293 pacem
3434 5223 3547 5277 vioo

1896 5290 2130 5344 laverint
2159 5289 2368 5345 animae
2396 5288 2606 5344 lumine
2632 5299 2860 5348 mter-n3
2904 5288 3133 5348 visionis
3179 5288 3235 5349 et
3275 5292 3543 5348 claritatis

1890 5361 2197 5433 priventur.
2230 5359 2372 5433 Igjus
2420 5359 2569 5415 ritus
2612 5360 2832 5433 passim
2881 5362 2946 5418 ﬁt
2992 5362 3210 5420 mentio
3252 5363 3311 5418 in
3341 5362 3543 5418 diariis

1895 5432 2213 5486 Cmremon.
2248 5432 2413 5486 Rom.

1965 5500 2116 5569 (244)
2145 5503 2383 5586 Annexa
2408 5502 2755 5586 immediate.
2788 5505 2847 5559 in
2897 5522 3008 5586 ms.
3039 5505 3137 5586 cit:
3174 5501 3363 5586 reperi
3414 5518 3542 5586 quae

1895 5571 1989 5628 hic
2021 5575 2355 5644 sequuntur
2382 5574 2493 5629 sub
2523 5575 2800 5632 ementito
2831 5578 3065 5633 nomine
3084 5571 3283 5629 vicarii
3305 5571 3544 5644 Christi,

1895 5638 2142 5726 conﬁcta
2164 5661 2206 5729 ελ
2236 5645 2607 5729 nonnemine,
2640 5646 2743 5729 qui
2792 5646 2980 5729 legem
3027 5644 3242 5729 parieti
3288 5638 3548 5707 excussit

1896 5714 2114 5787 animo,
2147 5716 2290 5777 dum
2320 5714 2442 5774 haec
2471 5714 2897 5777 consaicinavit
2928 5714 3261 5776 maledicta.
