  <div class='ocr_page' id='page_1' title='image "/cluster/home/n/w/nwhite01/storage/ocr_20150623/138/uva.x000829786/576.png"; bbox 0 0 3892 6212; ppageno 0'>
   <div class='ocr_carea' id='block_1_1' title="bbox 52 305 248 365">
    <p class='ocr_par' dir='ltr' id='par_1_1' title="bbox 52 305 248 365">
     <span class='ocr_line' id='line_1_1' title="bbox 52 305 248 365; baseline 0.01 -2"><span class='ocrx_word' id='word_1_1' title='bbox 52 305 248 365; x_wconf 76' lang='lat'>1133</span> 
     </span>
    </p>
   </div>
   <div class='ocr_carea' id='block_1_2' title="bbox 49 530 1755 602">
    <p class='ocr_par' dir='ltr' id='par_1_2' title="bbox 49 530 1755 602">
     <span class='ocr_line' id='line_1_2' title="bbox 49 530 1755 602; baseline 0.001 -19"><span class='ocrx_word' id='word_1_2' title='bbox 49 531 210 593; x_wconf 80' lang='lat' dir='ltr'>cito,</span> <span class='ocrx_word' id='word_1_3' title='bbox 252 531 319 584; x_wconf 83' lang='lat' dir='ltr'>in</span> <span class='ocrx_word' id='word_1_4' title='bbox 348 531 497 585; x_wconf 87' lang='lat' dir='ltr'>atrio</span> <span class='ocrx_word' id='word_1_5' title='bbox 525 530 788 596; x_wconf 61' lang='lat' dir='ltr'>acclasiw,</span> <span class='ocrx_word' id='word_1_6' title='bbox 819 530 965 587; x_wconf 84' lang='lat' dir='ltr'>dicat</span> <span class='ocrx_word' id='word_1_7' title='bbox 992 533 1192 587; x_wconf 73' lang='lat' dir='ltr'>astanti</span> <span class='ocrx_word' id='word_1_8' title='bbox 1219 531 1369 602; x_wconf 78' lang='lat' dir='ltr'>plebi</span> <span class='ocrx_word' id='word_1_9' title='bbox 1398 532 1457 586; x_wconf 84' lang='lat' dir='ltr'>in</span> <span class='ocrx_word' id='word_1_10' title='bbox 1509 532 1645 587; x_wconf 82' lang='lat' dir='ltr'>ostio</span> <span class='ocrx_word' id='word_1_11' title='bbox 1672 547 1755 586; x_wconf 83' lang='lat' dir='ltr'>ac-</span> 
     </span>
    </p>
   </div>
   <div class='ocr_carea' id='block_1_3' title="bbox 53 617 1754 693">
    <p class='ocr_par' dir='ltr' id='par_1_3' title="bbox 53 617 1754 693">
     <span class='ocr_line' id='line_1_3' title="bbox 53 617 1754 693; baseline 0.002 -21"><span class='ocrx_word' id='word_1_12' title='bbox 53 619 286 676; x_wconf 66' lang='lat' dir='ltr'>clesic&#39;c</span> <span class='ocrx_word' id='word_1_13' title='bbox 301 638 321 672; x_wconf 91' lang='lat'><em>:</em></span> <span class='ocrx_word' id='word_1_14' title='bbox 337 617 546 675; x_wconf 87' lang='lat' dir='ltr'>Videte</span> <span class='ocrx_word' id='word_1_15' title='bbox 562 618 772 676; x_wconf 78' lang='lat' dir='ltr'>fratres</span> <span class='ocrx_word' id='word_1_16' title='bbox 806 619 1136 675; x_wconf 67' lang='lat' dir='ltr'>christiana:</span> <span class='ocrx_word' id='word_1_17' title='bbox 1157 619 1456 693; x_wconf 80' lang='lat' dir='ltr'>religionis</span> <span class='ocrx_word' id='word_1_18' title='bbox 1473 618 1754 676; x_wconf 83' lang='lat' dir='ltr'>ofﬁcium.</span> 
     </span>
    </p>
   </div>
   <div class='ocr_carea' id='block_1_4' title="bbox 56 706 1758 781">
    <p class='ocr_par' dir='ltr' id='par_1_4' title="bbox 56 706 1758 781">
     <span class='ocr_line' id='line_1_4' title="bbox 56 706 1758 781; baseline 0.001 -19"><span class='ocrx_word' id='word_1_19' title='bbox 56 707 241 763; x_wconf 82' lang='lat' dir='ltr'>Ecce</span> <span class='ocrx_word' id='word_1_20' title='bbox 278 706 374 763; x_wconf 80' lang='lat' dir='ltr'>lex</span> <span class='ocrx_word' id='word_1_21' title='bbox 400 706 460 762; x_wconf 90' lang='lat' dir='ltr'>in</span> <span class='ocrx_word' id='word_1_22' title='bbox 493 724 612 779; x_wconf 86' lang='lat' dir='ltr'>qua</span> <span class='ocrx_word' id='word_1_23' title='bbox 648 724 783 781; x_wconf 85' lang='lat' dir='ltr'>spes</span> <span class='ocrx_word' id='word_1_24' title='bbox 814 712 874 763; x_wconf 89' lang='lat' dir='ltr'>et</span> <span class='ocrx_word' id='word_1_25' title='bbox 917 708 1187 765; x_wconf 82' lang='lat' dir='ltr'>remissio</span> <span class='ocrx_word' id='word_1_26' title='bbox 1237 713 1609 781; x_wconf 81' lang='lat' dir='ltr'>peccatorum</span> <span class='ocrx_word' id='word_1_27' title='bbox 1664 708 1758 764; x_wconf 90' lang='lat' dir='ltr'>hic</span> 
     </span>
    </p>
   </div>
   <div class='ocr_carea' id='block_1_5' title="bbox 63 794 1757 869">
    <p class='ocr_par' dir='ltr' id='par_1_5' title="bbox 63 794 1757 869">
     <span class='ocr_line' id='line_1_5' title="bbox 63 794 1757 869; baseline 0.001 -19"><span class='ocrx_word' id='word_1_28' title='bbox 63 794 450 851; x_wconf 79' lang='lat' dir='ltr'>chrismatis</span> <span class='ocrx_word' id='word_1_29' title='bbox 484 795 681 851; x_wconf 88' lang='lat' dir='ltr'>unctio</span> <span class='ocrx_word' id='word_1_30' title='bbox 704 814 720 864; x_wconf 86' lang='lat'><strong>;</strong></span> <span class='ocrx_word' id='word_1_31' title='bbox 742 795 839 851; x_wconf 90' lang='lat' dir='ltr'>hic</span> <span class='ocrx_word' id='word_1_32' title='bbox 859 796 1187 868; x_wconf 75' lang='lat' dir='ltr'>corporiset</span> <span class='ocrx_word' id='word_1_33' title='bbox 1199 796 1505 869; x_wconf 82' lang='lat' dir='ltr'>sanguinis</span> <span class='ocrx_word' id='word_1_34' title='bbox 1527 796 1757 853; x_wconf 85' lang='lat' dir='ltr'>Domini</span> 
     </span>
    </p>
   </div>
   <div class='ocr_carea' id='block_1_6' title="bbox 63 882 1759 941">
    <p class='ocr_par' dir='ltr' id='par_1_6' title="bbox 63 882 1759 941">
     <span class='ocr_line' id='line_1_6' title="bbox 63 882 1759 941; baseline 0.001 -3"><span class='ocrx_word' id='word_1_35' title='bbox 63 882 489 940; x_wconf 84' lang='lat' dir='ltr'>consecratio.</span> <span class='ocrx_word' id='word_1_36' title='bbox 521 884 724 940; x_wconf 73' lang='lat' dir='ltr'>Videte</span> <span class='ocrx_word' id='word_1_37' title='bbox 755 901 828 940; x_wconf 90' lang='lat' dir='ltr'>ne</span> <span class='ocrx_word' id='word_1_38' title='bbox 875 888 1051 940; x_wconf 73' lang='lat' dir='ltr'>tanta:</span> <span class='ocrx_word' id='word_1_39' title='bbox 1104 884 1487 941; x_wconf 72' lang='lat' dir='ltr'>beatitudinis</span> <span class='ocrx_word' id='word_1_40' title='bbox 1518 884 1759 940; x_wconf 69' lang='lat' dir='ltr'>haeredi-</span> 
     </span>
    </p>
   </div>
   <div class='ocr_carea' id='block_1_7' title="bbox 62 972 1757 1047">
    <p class='ocr_par' dir='ltr' id='par_1_7' title="bbox 62 972 1757 1047">
     <span class='ocr_line' id='line_1_7' title="bbox 62 972 1757 1047; baseline 0 -18"><span class='ocrx_word' id='word_1_41' title='bbox 62 977 236 1040; x_wconf 78' lang='lat' dir='ltr'>tate,</span> <span class='ocrx_word' id='word_1_42' title='bbox 271 977 333 1029; x_wconf 90' lang='lat' dir='ltr'>et</span> <span class='ocrx_word' id='word_1_43' title='bbox 361 972 650 1029; x_wconf 89' lang='lat' dir='ltr'>consortio</span> <span class='ocrx_word' id='word_1_44' title='bbox 676 973 1386 1047; x_wconf 85' lang='lat' dir='ltr'>privemini,implicantes</span> <span class='ocrx_word' id='word_1_45' title='bbox 1416 991 1523 1030; x_wconf 89' lang='lat' dir='ltr'>nos</span> <span class='ocrx_word' id='word_1_46' title='bbox 1553 973 1757 1031; x_wconf 91' lang='lat' dir='ltr'>sceleri</span> 
     </span>
    </p>
   </div>
   <div class='ocr_carea' id='block_1_8' title="bbox 66 1060 1755 1136">
    <p class='ocr_par' dir='ltr' id='par_1_8' title="bbox 66 1060 1755 1136">
     <span class='ocr_line' id='line_1_8' title="bbox 66 1060 1755 1136; baseline 0.001 -19"><span class='ocrx_word' id='word_1_47' title='bbox 66 1060 464 1135; x_wconf 73' lang='lat' dir='ltr'>aJieno,quia</span> <span class='ocrx_word' id='word_1_48' title='bbox 502 1062 788 1135; x_wconf 89' lang='lat' dir='ltr'>scriptum</span> <span class='ocrx_word' id='word_1_49' title='bbox 825 1068 912 1119; x_wconf 85' lang='lat' dir='ltr'>est</span> <span class='ocrx_word' id='word_1_50' title='bbox 942 1080 958 1119; x_wconf 84' lang='lat'><strong>:</strong></span> <span class='ocrx_word' id='word_1_51' title='bbox 993 1079 1110 1119; x_wconf 88' lang='lat' dir='ltr'>non</span> <span class='ocrx_word' id='word_1_52' title='bbox 1157 1062 1350 1118; x_wconf 89' lang='lat' dir='ltr'>solum</span> <span class='ocrx_word' id='word_1_53' title='bbox 1382 1063 1480 1136; x_wconf 90' lang='lat' dir='ltr'>qui</span> <span class='ocrx_word' id='word_1_54' title='bbox 1513 1064 1755 1129; x_wconf 85' lang='lat' dir='ltr'>faciunt,</span> 
     </span>
    </p>
   </div>
   <div class='ocr_carea' id='block_1_9' title="bbox 67 1150 1759 1225">
    <p class='ocr_par' dir='ltr' id='par_1_9' title="bbox 67 1150 1759 1225">
     <span class='ocr_line' id='line_1_9' title="bbox 67 1150 1759 1225; baseline 0.001 -20"><span class='ocrx_word' id='word_1_55' title='bbox 67 1150 193 1207; x_wconf 85' lang='lat' dir='ltr'>sed</span> <span class='ocrx_word' id='word_1_56' title='bbox 227 1150 416 1207; x_wconf 86' lang='lat' dir='ltr'>etiam</span> <span class='ocrx_word' id='word_1_57' title='bbox 451 1150 551 1223; x_wconf 88' lang='lat' dir='ltr'>qui</span> <span class='ocrx_word' id='word_1_58' title='bbox 586 1151 961 1207; x_wconf 87' lang='lat' dir='ltr'>consentiunt</span> <span class='ocrx_word' id='word_1_59' title='bbox 993 1151 1370 1219; x_wconf 82' lang='lat' dir='ltr'>facientibus,</span> <span class='ocrx_word' id='word_1_60' title='bbox 1424 1151 1587 1225; x_wconf 87' lang='lat' dir='ltr'>digni</span> <span class='ocrx_word' id='word_1_61' title='bbox 1618 1155 1759 1209; x_wconf 89' lang='lat' dir='ltr'>sunt</span> 
     </span>
    </p>
   </div>
   <div class='ocr_carea' id='block_1_10' title="bbox 67 1242 313 1294">
    <p class='ocr_par' dir='ltr' id='par_1_10' title="bbox 67 1242 313 1294">
     <span class='ocr_line' id='line_1_10' title="bbox 67 1242 313 1294; baseline 0 -1"><span class='ocrx_word' id='word_1_62' title='bbox 67 1242 313 1294; x_wconf 86' lang='lat' dir='ltr'>morte.</span> 
     </span>
    </p>
   </div>
   <div class='ocr_carea' id='block_1_11' title="bbox 70 1362 1755 1415">
    <p class='ocr_par' dir='ltr' id='par_1_11' title="bbox 70 1362 1755 1415">
     <span class='ocr_line' id='line_1_11' title="bbox 70 1362 1755 1415; baseline 0.002 -15"><span class='ocrx_word' id='word_1_63' title='bbox 70 1362 251 1401; x_wconf 74' lang='lat' dir='ltr'>OBDO</span> <span class='ocrx_word' id='word_1_64' title='bbox 286 1362 574 1402; x_wconf 73' lang='lat' dir='ltr'>PROBANDI</span> <span class='ocrx_word' id='word_1_65' title='bbox 603 1363 717 1401; x_wconf 75' lang='lat' dir='ltr'>PER</span> <span class='ocrx_word' id='word_1_66' title='bbox 747 1363 964 1414; x_wconf 79' lang='lat' dir='ltr'>AQUAM,</span> <span class='ocrx_word' id='word_1_67' title='bbox 1001 1364 1224 1403; x_wconf 79' lang='lat' dir='ltr'>IGNITOS</span> <span class='ocrx_word' id='word_1_68' title='bbox 1245 1363 1528 1415; x_wconf 79' lang='lat' dir='ltr'>VOMERBS,</span> <span class='ocrx_word' id='word_1_69' title='bbox 1563 1364 1755 1403; x_wconf 79' lang='grc' dir='ltr'>ΡΑΝΒΜ</span> 
     </span>
    </p>
   </div>
   <div class='ocr_carea' id='block_1_12' title="bbox 568 1418 1283 1491">
    <p class='ocr_par' dir='ltr' id='par_1_12' title="bbox 568 1418 1283 1491">
     <span class='ocr_line' id='line_1_12' title="bbox 568 1418 1283 1491; baseline -0.001 -18"><span class='ocrx_word' id='word_1_70' title='bbox 568 1434 636 1473; x_wconf 75' lang='lat' dir='ltr'>s&#39;r</span> <span class='ocrx_word' id='word_1_71' title='bbox 664 1433 912 1484; x_wconf 61' lang='lat' dir='ltr'>caseum,</span> <span class='ocrx_word' id='word_1_72' title='bbox 945 1423 1080 1487; x_wconf 87' lang='lat' dir='ltr'>ctc.,</span> <span class='ocrx_word' id='word_1_73' title='bbox 1115 1418 1283 1491; x_wconf 81' lang='lat'>(250).</span> 
     </span>
    </p>
   </div>
   <div class='ocr_carea' id='block_1_13' title="bbox 313 1505 1551 1580">
    <p class='ocr_par' dir='ltr' id='par_1_13' title="bbox 313 1505 1551 1580">
     <span class='ocr_line' id='line_1_13' title="bbox 313 1505 1551 1580; baseline 0.002 -20"><span class='ocrx_word' id='word_1_74' title='bbox 313 1506 419 1578; x_wconf 67' lang='lat' dir='ltr'>(Ea:</span> <span class='ocrx_word' id='word_1_75' title='bbox 450 1505 583 1563; x_wconf 79' lang='lat' dir='ltr'>Cod.</span> <span class='ocrx_word' id='word_1_76' title='bbox 616 1506 1027 1576; x_wconf 64' lang='lat' dir='ltr'>Rhanaugz‘misi</span> <span class='ocrx_word' id='word_1_77' title='bbox 1054 1522 1182 1564; x_wconf 69' lang='lat' dir='ltr'>saec.</span> <span class='ocrx_word' id='word_1_78' title='bbox 1218 1526 1270 1562; x_wconf 72' lang='lat' dir='ltr'>xu</span> <span class='ocrx_word' id='word_1_79' title='bbox 1302 1516 1400 1563; x_wconf 84' lang='lat' dir='ltr'>aut</span> <span class='ocrx_word' id='word_1_80' title='bbox 1428 1507 1551 1580; x_wconf 81' lang='lat' dir='ltr'>xu.)</span> 
     </span>
    </p>
   </div>
   <div class='ocr_carea' id='block_1_14' title="bbox 165 1596 1754 1667">
    <p class='ocr_par' dir='ltr' id='par_1_14' title="bbox 165 1596 1754 1667">
     <span class='ocr_line' id='line_1_14' title="bbox 165 1596 1754 1667; baseline 0.001 -17"><span class='ocrx_word' id='word_1_81' title='bbox 165 1637 180 1650; x_wconf 95' lang='lat'>.</span> <span class='ocrx_word' id='word_1_82' title='bbox 231 1639 247 1650; x_wconf 94' lang='lat'>.</span> <span class='ocrx_word' id='word_1_83' title='bbox 299 1638 312 1650; x_wconf 91' lang='lat'>.</span> <span class='ocrx_word' id='word_1_84' title='bbox 340 1599 569 1667; x_wconf 79' lang='lat' dir='ltr'>peccata</span> <span class='ocrx_word' id='word_1_85' title='bbox 597 1599 812 1651; x_wconf 89' lang='lat' dir='ltr'>vestra.</span> <span class='ocrx_word' id='word_1_86' title='bbox 845 1596 1007 1661; x_wconf 88' lang='lat' dir='ltr'>Quod</span> <span class='ocrx_word' id='word_1_87' title='bbox 1040 1596 1087 1651; x_wconf 88' lang='lat' dir='ltr'>si</span> <span class='ocrx_word' id='word_1_88' title='bbox 1122 1613 1222 1651; x_wconf 89' lang='lat' dir='ltr'>vos</span> <span class='ocrx_word' id='word_1_89' title='bbox 1270 1612 1379 1652; x_wconf 85' lang='lat' dir='ltr'>non</span> <span class='ocrx_word' id='word_1_90' title='bbox 1409 1597 1754 1665; x_wconf 76' lang='lat' dir='ltr'>dimiseritis,</span> 
     </span>
    </p>
   </div>
   <div class='ocr_carea' id='block_1_15' title="bbox 75 1682 1758 1758">
    <p class='ocr_par' dir='ltr' id='par_1_15' title="bbox 75 1682 1758 1758">
     <span class='ocr_line' id='line_1_15' title="bbox 75 1682 1758 1758; baseline 0.001 -18"><span class='ocrx_word' id='word_1_91' title='bbox 75 1701 198 1740; x_wconf 88' lang='lat' dir='ltr'>nec</span> <span class='ocrx_word' id='word_1_92' title='bbox 212 1685 395 1739; x_wconf 88' lang='lat' dir='ltr'>Pater</span> <span class='ocrx_word' id='word_1_93' title='bbox 408 1688 596 1740; x_wconf 78' lang='lat' dir='ltr'>vester</span> <span class='ocrx_word' id='word_1_94' title='bbox 616 1682 715 1756; x_wconf 87' lang='lat' dir='ltr'>qui</span> <span class='ocrx_word' id='word_1_95' title='bbox 730 1684 788 1740; x_wconf 94' lang='lat' dir='ltr'>in</span> <span class='ocrx_word' id='word_1_96' title='bbox 802 1684 962 1740; x_wconf 80' lang='lat' dir='ltr'>ccelis</span> <span class='ocrx_word' id='word_1_97' title='bbox 981 1688 1068 1741; x_wconf 89' lang='lat' dir='ltr'>est</span> <span class='ocrx_word' id='word_1_98' title='bbox 1085 1685 1335 1741; x_wconf 77' lang='lat' dir='ltr'>dimittet</span> <span class='ocrx_word' id='word_1_99' title='bbox 1345 1686 1500 1741; x_wconf 84' lang='lat' dir='ltr'>vobis</span> <span class='ocrx_word' id='word_1_100' title='bbox 1522 1690 1758 1758; x_wconf 87' lang='lat' dir='ltr'>peccata</span> 
     </span>
    </p>
   </div>
   <div class='ocr_carea' id='block_1_16' title="bbox 76 1773 1752 1847">
    <p class='ocr_par' dir='ltr' id='par_1_16' title="bbox 76 1773 1752 1847">
     <span class='ocr_line' id='line_1_16' title="bbox 76 1773 1752 1847; baseline 0.001 -19"><span class='ocrx_word' id='word_1_101' title='bbox 76 1779 296 1829; x_wconf 75' lang='lat' dir='ltr'>vestra</span> <span class='ocrx_word' id='word_1_102' title='bbox 329 1816 342 1828; x_wconf 93' lang='lat'>.</span> <span class='ocrx_word' id='word_1_103' title='bbox 390 1817 402 1829; x_wconf 96' lang='lat'>.</span> <span class='ocrx_word' id='word_1_104' title='bbox 448 1815 462 1829; x_wconf 97' lang='lat'>.</span> <span class='ocrx_word' id='word_1_105' title='bbox 498 1774 683 1847; x_wconf 72' lang='lat' dir='ltr'>Olfart.</span> <span class='ocrx_word' id='word_1_106' title='bbox 714 1774 790 1829; x_wconf 85' lang='lat' dir='ltr'>De</span> <span class='ocrx_word' id='word_1_107' title='bbox 808 1773 1101 1845; x_wconf 78' lang='lat' dir='ltr'>profundis</span> <span class='ocrx_word' id='word_1_108' title='bbox 1145 1774 1384 1830; x_wconf 79' lang='lat' dir='ltr'>clamavi</span> <span class='ocrx_word' id='word_1_109' title='bbox 1419 1775 1492 1830; x_wconf 87' lang='lat' dir='ltr'>ad</span> <span class='ocrx_word' id='word_1_110' title='bbox 1525 1779 1581 1831; x_wconf 86' lang='lat' dir='ltr'>te</span> <span class='ocrx_word' id='word_1_111' title='bbox 1610 1774 1752 1831; x_wconf 88' lang='lat' dir='ltr'>Dne.</span> 
     </span>
    </p>
   </div>
   <div class='ocr_carea' id='block_1_17' title="bbox 816 1864 1050 1919">
    <p class='ocr_par' dir='ltr' id='par_1_17' title="bbox 816 1864 1050 1919">
     <span class='ocr_line' id='line_1_17' title="bbox 816 1864 1050 1919; baseline 0.004 -1"><span class='ocrx_word' id='word_1_112' title='bbox 816 1864 1050 1919; x_wconf 81' lang='lat' dir='ltr'>Sacrata.</span> 
     </span>
    </p>
   </div>
   <div class='ocr_carea' id='block_1_18' title="bbox 161 1952 1754 2025">
    <p class='ocr_par' dir='ltr' id='par_1_18' title="bbox 161 1952 1754 2025">
     <span class='ocr_line' id='line_1_18' title="bbox 161 1952 1754 2025; baseline 0 -17"><span class='ocrx_word' id='word_1_113' title='bbox 161 1952 256 2008; x_wconf 80' lang='grc' dir='ltr'>ΑΙ)</span> <span class='ocrx_word' id='word_1_114' title='bbox 288 1952 448 2009; x_wconf 90' lang='lat' dir='ltr'>omni</span> <span class='ocrx_word' id='word_1_115' title='bbox 482 1956 645 2008; x_wconf 85' lang='lat' dir='ltr'>reatu</span> <span class='ocrx_word' id='word_1_116' title='bbox 672 1969 791 2017; x_wconf 79' lang='lat' dir='ltr'>nos,</span> <span class='ocrx_word' id='word_1_117' title='bbox 815 1954 1061 2021; x_wconf 79' lang='lat' dir='ltr'>Domina,</span> <span class='ocrx_word' id='word_1_118' title='bbox 1076 1961 1265 2009; x_wconf 82' lang='lat' dir='ltr'>sancta</span> <span class='ocrx_word' id='word_1_119' title='bbox 1290 1968 1416 2025; x_wconf 47' lang='lat' dir='ltr'>qui?</span> <span class='ocrx_word' id='word_1_120' title='bbox 1443 1961 1754 2010; x_wconf 73' lang='lat' dir='ltr'>tractamus</span> 
     </span>
    </p>
   </div>
   <div class='ocr_carea' id='block_1_19' title="bbox 81 2041 1755 2116">
    <p class='ocr_par' dir='ltr' id='par_1_19' title="bbox 81 2041 1755 2116">
     <span class='ocr_line' id='line_1_19' title="bbox 81 2041 1755 2116; baseline 0.001 -18"><span class='ocrx_word' id='word_1_121' title='bbox 81 2041 409 2099; x_wconf 83' lang='lat' dir='ltr'>absolvant</span> <span class='ocrx_word' id='word_1_122' title='bbox 438 2046 495 2098; x_wconf 91' lang='lat' dir='ltr'>et</span> <span class='ocrx_word' id='word_1_123' title='bbox 523 2042 729 2099; x_wconf 89' lang='lat' dir='ltr'>eadem</span> <span class='ocrx_word' id='word_1_124' title='bbox 761 2059 867 2099; x_wconf 91' lang='lat' dir='ltr'>nos</span> <span class='ocrx_word' id='word_1_125' title='bbox 890 2043 1161 2099; x_wconf 86' lang='lat' dir='ltr'>muniant</span> <span class='ocrx_word' id='word_1_126' title='bbox 1183 2043 1414 2099; x_wconf 89' lang='lat' dir='ltr'>atotius</span> <span class='ocrx_word' id='word_1_127' title='bbox 1448 2044 1755 2116; x_wconf 85' lang='lat' dir='ltr'>pravitatis</span> 
     </span>
    </p>
   </div>
   <div class='ocr_carea' id='block_1_20' title="bbox 83 2129 1261 2188">
    <p class='ocr_par' dir='ltr' id='par_1_20' title="bbox 83 2129 1261 2188">
     <span class='ocr_line' id='line_1_20' title="bbox 83 2129 1261 2188; baseline 0 -2"><span class='ocrx_word' id='word_1_128' title='bbox 83 2135 147 2186; x_wconf 87' lang='lat' dir='ltr'>et</span> <span class='ocrx_word' id='word_1_129' title='bbox 182 2130 490 2188; x_wconf 66' lang='lat' dir='ltr'>diabolica;</span> <span class='ocrx_word' id='word_1_130' title='bbox 517 2129 811 2188; x_wconf 89' lang='lat' dir='ltr'>illusionis</span> <span class='ocrx_word' id='word_1_131' title='bbox 839 2132 1101 2188; x_wconf 88' lang='lat' dir='ltr'>incursu.</span> <span class='ocrx_word' id='word_1_132' title='bbox 1137 2132 1261 2188; x_wconf 89' lang='lat' dir='ltr'>Per.</span> 
     </span>
    </p>
   </div>
   <div class='ocr_carea' id='block_1_21' title="bbox 165 2220 1259 2293">
    <p class='ocr_par' dir='ltr' id='par_1_21' title="bbox 165 2220 1259 2293">
     <span class='ocr_line' id='line_1_21' title="bbox 165 2220 1259 2293; baseline -0.002 -14"><span class='ocrx_word' id='word_1_133' title='bbox 165 2224 329 2279; x_wconf 85' lang='lat' dir='ltr'>Com.</span> <span class='ocrx_word' id='word_1_134' title='bbox 357 2222 542 2277; x_wconf 88' lang='lat' dir='ltr'>Amen</span> <span class='ocrx_word' id='word_1_135' title='bbox 573 2221 702 2277; x_wconf 92' lang='lat' dir='ltr'>dico</span> <span class='ocrx_word' id='word_1_136' title='bbox 726 2221 917 2289; x_wconf 78' lang='lat' dir='ltr'>vobis,</span> <span class='ocrx_word' id='word_1_137' title='bbox 952 2220 1259 2293; x_wconf 88' lang='lat' dir='ltr'>quidquid.</span> 
     </span>
    </p>
   </div>
   <div class='ocr_carea' id='block_1_22' title="bbox 166 2309 1753 2384">
    <p class='ocr_par' dir='ltr' id='par_1_22' title="bbox 166 2309 1753 2384">
     <span class='ocr_line' id='line_1_22' title="bbox 166 2309 1753 2384; baseline 0.001 -19"><span class='ocrx_word' id='word_1_138' title='bbox 166 2310 254 2366; x_wconf 78' lang='lat' dir='ltr'>Ad</span> <span class='ocrx_word' id='word_1_139' title='bbox 287 2309 697 2382; x_wconf 76' lang='lat' dir='ltr'>Complandum.</span> <span class='ocrx_word' id='word_1_140' title='bbox 731 2309 1146 2382; x_wconf 88' lang='lat' dir='ltr'>Conspirantes</span> <span class='ocrx_word' id='word_1_141' title='bbox 1186 2314 1389 2366; x_wconf 88' lang='lat' dir='ltr'>contra</span> <span class='ocrx_word' id='word_1_142' title='bbox 1418 2315 1531 2367; x_wconf 67' lang='lat' dir='ltr'>tua:</span> <span class='ocrx_word' id='word_1_143' title='bbox 1564 2311 1753 2384; x_wconf 91' lang='lat' dir='ltr'>pleni-</span> 
     </span>
    </p>
   </div>
   <div class='ocr_carea' id='block_1_23' title="bbox 88 2398 1750 2474">
    <p class='ocr_par' dir='ltr' id='par_1_23' title="bbox 88 2398 1750 2474">
     <span class='ocr_line' id='line_1_23' title="bbox 88 2398 1750 2474; baseline 0.002 -21"><span class='ocrx_word' id='word_1_144' title='bbox 88 2399 330 2455; x_wconf 87' lang='lat' dir='ltr'>tudinis</span> <span class='ocrx_word' id='word_1_145' title='bbox 363 2398 801 2456; x_wconf 83' lang='lat' dir='ltr'>ﬁrmamentum</span> <span class='ocrx_word' id='word_1_146' title='bbox 821 2401 1032 2456; x_wconf 63' lang='lat' dir='ltr'>dextris</span> <span class='ocrx_word' id='word_1_147' title='bbox 1055 2403 1163 2455; x_wconf 72' lang='lat' dir='ltr'>tua:</span> <span class='ocrx_word' id='word_1_148' title='bbox 1186 2401 1398 2456; x_wconf 88' lang='lat' dir='ltr'>virtute</span> <span class='ocrx_word' id='word_1_149' title='bbox 1429 2405 1750 2474; x_wconf 86' lang='lat' dir='ltr'>prosterne,</span> 
     </span>
    </p>
   </div>
   <div class='ocr_carea' id='block_1_24' title="bbox 89 2487 1757 2560">
    <p class='ocr_par' dir='ltr' id='par_1_24' title="bbox 89 2487 1757 2560">
     <span class='ocr_line' id='line_1_24' title="bbox 89 2487 1757 2560; baseline 0.001 -17"><span class='ocrx_word' id='word_1_150' title='bbox 89 2487 434 2559; x_wconf 68' lang='lat' dir='ltr'>utjustitia:</span> <span class='ocrx_word' id='word_1_151' title='bbox 467 2504 583 2551; x_wconf 85' lang='lat' dir='ltr'>non</span> <span class='ocrx_word' id='word_1_152' title='bbox 614 2488 949 2544; x_wconf 85' lang='lat' dir='ltr'>dominetur</span> <span class='ocrx_word' id='word_1_153' title='bbox 977 2488 1281 2560; x_wconf 84' lang='lat' dir='ltr'>iniquitas,</span> <span class='ocrx_word' id='word_1_154' title='bbox 1316 2490 1417 2543; x_wconf 82' lang='lat' dir='ltr'>sed</span> <span class='ocrx_word' id='word_1_155' title='bbox 1468 2490 1757 2545; x_wconf 87' lang='lat' dir='ltr'>subdatur</span> 
     </span>
    </p>
   </div>
   <div class='ocr_carea' id='block_1_25' title="bbox 90 2576 614 2632">
    <p class='ocr_par' dir='ltr' id='par_1_25' title="bbox 90 2576 614 2632">
     <span class='ocr_line' id='line_1_25' title="bbox 90 2576 614 2632; baseline -0.002 0"><span class='ocrx_word' id='word_1_156' title='bbox 90 2576 333 2632; x_wconf 85' lang='lat' dir='ltr'>falsitas</span> <span class='ocrx_word' id='word_1_157' title='bbox 362 2576 614 2632; x_wconf 83' lang='lat' dir='ltr'>veritati.</span> 
     </span>
    </p>
   </div>
   <div class='ocr_carea' id='block_1_26' title="bbox 169 2666 1751 2723">
    <p class='ocr_par' dir='ltr' id='par_1_26' title="bbox 169 2666 1751 2723">
     <span class='ocr_line' id='line_1_26' title="bbox 169 2666 1751 2723; baseline 0 0"><span class='ocrx_word' id='word_1_158' title='bbox 169 2667 323 2723; x_wconf 75' lang='lat' dir='ltr'>Alia.</span> <span class='ocrx_word' id='word_1_159' title='bbox 359 2666 615 2723; x_wconf 85' lang='lat' dir='ltr'>Ostende</span> <span class='ocrx_word' id='word_1_160' title='bbox 648 2666 814 2723; x_wconf 86' lang='lat' dir='ltr'>nobis</span> <span class='ocrx_word' id='word_1_161' title='bbox 841 2666 1084 2723; x_wconf 90' lang='lat' dir='ltr'>Domine</span> <span class='ocrx_word' id='word_1_162' title='bbox 1108 2666 1565 2723; x_wconf 88' lang='lat' dir='ltr'>misericordiam</span> <span class='ocrx_word' id='word_1_163' title='bbox 1589 2673 1751 2723; x_wconf 87' lang='lat' dir='ltr'>tuam</span> 
     </span>
    </p>
   </div>
   <div class='ocr_carea' id='block_1_27' title="bbox 93 2754 1755 2829">
    <p class='ocr_par' dir='ltr' id='par_1_27' title="bbox 93 2754 1755 2829">
     <span class='ocr_line' id='line_1_27' title="bbox 93 2754 1755 2829; baseline 0.002 -19"><span class='ocrx_word' id='word_1_164' title='bbox 93 2755 169 2810; x_wconf 91' lang='lat' dir='ltr'>ad</span> <span class='ocrx_word' id='word_1_165' title='bbox 205 2754 665 2810; x_wconf 79' lang='lat' dir='ltr'>examinandum</span> <span class='ocrx_word' id='word_1_166' title='bbox 710 2759 933 2812; x_wconf 89' lang='lat' dir='ltr'>rectum</span> <span class='ocrx_word' id='word_1_167' title='bbox 958 2756 1279 2826; x_wconf 86' lang='lat' dir='ltr'>judicium,</span> <span class='ocrx_word' id='word_1_168' title='bbox 1311 2761 1376 2812; x_wconf 87' lang='lat' dir='ltr'>ut</span> <span class='ocrx_word' id='word_1_169' title='bbox 1408 2774 1510 2829; x_wconf 90' lang='lat' dir='ltr'>per</span> <span class='ocrx_word' id='word_1_170' title='bbox 1549 2758 1755 2814; x_wconf 80' lang='lat' dir='ltr'>adven-</span> 
     </span>
    </p>
   </div>
   <div class='ocr_carea' id='block_1_28' title="bbox 92 2842 1753 2916">
    <p class='ocr_par' dir='ltr' id='par_1_28' title="bbox 92 2842 1753 2916">
     <span class='ocr_line' id='line_1_28' title="bbox 92 2842 1753 2916; baseline 0.002 -17"><span class='ocrx_word' id='word_1_171' title='bbox 92 2849 228 2900; x_wconf 90' lang='lat' dir='ltr'>tum</span> <span class='ocrx_word' id='word_1_172' title='bbox 262 2842 517 2916; x_wconf 86' lang='lat' dir='ltr'>Spiritus</span> <span class='ocrx_word' id='word_1_173' title='bbox 547 2845 733 2902; x_wconf 83' lang='lat' dir='ltr'>sancti</span> <span class='ocrx_word' id='word_1_174' title='bbox 765 2844 960 2901; x_wconf 88' lang='lat' dir='ltr'>omnis</span> <span class='ocrx_word' id='word_1_175' title='bbox 1013 2845 1240 2902; x_wconf 85' lang='lat' dir='ltr'>falsitas</span> <span class='ocrx_word' id='word_1_176' title='bbox 1270 2845 1566 2902; x_wconf 68' lang='lat' dir='ltr'>diabolicae</span> <span class='ocrx_word' id='word_1_177' title='bbox 1612 2847 1753 2903; x_wconf 89' lang='lat' dir='ltr'>artis</span> 
     </span>
    </p>
   </div>
   <div class='ocr_carea' id='block_1_29' title="bbox 92 2930 979 3005">
    <p class='ocr_par' dir='ltr' id='par_1_29' title="bbox 92 2930 979 3005">
     <span class='ocr_line' id='line_1_29' title="bbox 92 2930 979 3005; baseline 0 -16"><span class='ocrx_word' id='word_1_178' title='bbox 92 2930 303 3005; x_wconf 88' lang='lat' dir='ltr'>procul</span> <span class='ocrx_word' id='word_1_179' title='bbox 335 2935 560 2990; x_wconf 87' lang='lat' dir='ltr'>remota</span> <span class='ocrx_word' id='word_1_180' title='bbox 589 2932 819 2989; x_wconf 85' lang='lat' dir='ltr'>existat.</span> <span class='ocrx_word' id='word_1_181' title='bbox 853 2933 979 2989; x_wconf 90' lang='lat' dir='ltr'>Per.</span> 
     </span>
    </p>
   </div>
   <div class='ocr_carea' id='block_1_30' title="bbox 172 3020 1754 3096">
    <p class='ocr_par' dir='ltr' id='par_1_30' title="bbox 172 3020 1754 3096">
     <span class='ocr_line' id='line_1_30' title="bbox 172 3020 1754 3096; baseline 0.003 -19"><span class='ocrx_word' id='word_1_182' title='bbox 172 3022 522 3093; x_wconf 81' lang='lat' dir='ltr'>Conjaratio.</span> <span class='ocrx_word' id='word_1_183' title='bbox 550 3020 761 3093; x_wconf 81' lang='lat' dir='ltr'>Adjuro</span> <span class='ocrx_word' id='word_1_184' title='bbox 790 3038 893 3078; x_wconf 88' lang='lat' dir='ltr'>vos</span> <span class='ocrx_word' id='word_1_185' title='bbox 925 3021 1194 3080; x_wconf 88' lang='lat' dir='ltr'>homines</span> <span class='ocrx_word' id='word_1_186' title='bbox 1225 3040 1326 3096; x_wconf 87' lang='lat' dir='ltr'>per</span> <span class='ocrx_word' id='word_1_187' title='bbox 1345 3024 1651 3091; x_wconf 86' lang='lat' dir='ltr'>Patrem,at</span> <span class='ocrx_word' id='word_1_188' title='bbox 1669 3027 1754 3081; x_wconf 82' lang='lat' dir='ltr'>Fi-</span> 
     </span>
    </p>
   </div>
   <div class='ocr_carea' id='block_1_31' title="bbox 92 3110 1754 3183">
    <p class='ocr_par' dir='ltr' id='par_1_31' title="bbox 92 3110 1754 3183">
     <span class='ocr_line' id='line_1_31' title="bbox 92 3110 1754 3183; baseline 0.002 -18"><span class='ocrx_word' id='word_1_189' title='bbox 92 3111 264 3180; x_wconf 82' lang='lat' dir='ltr'>liam,</span> <span class='ocrx_word' id='word_1_190' title='bbox 295 3117 346 3166; x_wconf 82' lang='lat' dir='ltr'>at</span> <span class='ocrx_word' id='word_1_191' title='bbox 368 3110 640 3182; x_wconf 75' lang='lat' dir='ltr'>Spiritum</span> <span class='ocrx_word' id='word_1_192' title='bbox 666 3118 938 3182; x_wconf 79' lang='lat' dir='ltr'>sanctum,</span> <span class='ocrx_word' id='word_1_193' title='bbox 969 3118 1021 3167; x_wconf 87' lang='lat' dir='ltr'>et</span> <span class='ocrx_word' id='word_1_194' title='bbox 1066 3128 1163 3183; x_wconf 84' lang='lat' dir='ltr'>par</span> <span class='ocrx_word' id='word_1_195' title='bbox 1192 3115 1457 3168; x_wconf 87' lang='lat' dir='ltr'>sanctam</span> <span class='ocrx_word' id='word_1_196' title='bbox 1507 3114 1754 3170; x_wconf 87' lang='lat' dir='ltr'>Trinita-</span> 
     </span>
    </p>
   </div>
   <div class='ocr_carea' id='block_1_32' title="bbox 842 306 2753 383">
    <p class='ocr_par' dir='ltr' id='par_1_32' title="bbox 842 306 2753 383">
     <span class='ocr_line' id='line_1_32' title="bbox 842 306 2753 383; baseline 0.001 -14"><span class='ocrx_word' id='word_1_197' title='bbox 842 306 1187 377; x_wconf 82' lang='lat' dir='ltr'>PROBAT.</span> <span class='ocrx_word' id='word_1_198' title='bbox 1236 309 1388 369; x_wconf 76' lang='lat' dir='ltr'>PElt</span> <span class='ocrx_word' id='word_1_199' title='bbox 1434 308 1733 382; x_wconf 75' lang='lat' dir='ltr'>AQUAM,</span> <span class='ocrx_word' id='word_1_200' title='bbox 1782 309 2091 370; x_wconf 80' lang='lat' dir='ltr'>IGNl&#39;l‘OS</span> <span class='ocrx_word' id='word_1_201' title='bbox 2139 308 2538 383; x_wconf 70' lang='lat' dir='ltr'>VOMERES,</span> <span class='ocrx_word' id='word_1_202' title='bbox 2583 309 2753 371; x_wconf 83' lang='lat' dir='ltr'>E&#39;l‘C.</span> 
     </span>
    </p>
   </div>
   <div class='ocr_carea' id='block_1_33' title="bbox 49 440 2251 513">
    <p class='ocr_par' dir='ltr' id='par_1_33' title="bbox 49 440 2251 513">
     <span class='ocr_line' id='line_1_33' title="bbox 49 440 2251 513; baseline 0.001 -20"><span class='ocrx_word' id='word_1_203' title='bbox 49 449 113 493; x_wconf 76' lang='lat' dir='ltr'>ct</span> <span class='ocrx_word' id='word_1_204' title='bbox 148 440 516 511; x_wconf 72' lang='lat' dir='ltr'>patraciniis</span> <span class='ocrx_word' id='word_1_205' title='bbox 542 444 887 505; x_wconf 79' lang='lat' dir='ltr'>Sanctorum,</span> <span class='ocrx_word' id='word_1_206' title='bbox 920 443 1275 513; x_wconf 79' lang='lat' dir='ltr'>caliccmquc,</span> <span class='ocrx_word' id='word_1_207' title='bbox 1309 444 1542 497; x_wconf 75' lang='lat' dir='ltr'>crimina</span> <span class='ocrx_word' id='word_1_208' title='bbox 1570 442 1755 513; x_wconf 76' lang='lat' dir='ltr'>impli-</span> <span class='ocrx_word' id='word_1_209' title='bbox 1785 442 1838 508; x_wconf 82' lang='grc' dir='ltr'><strong>Α</strong></span> <span class='ocrx_word' id='word_1_210' title='bbox 1869 441 1926 497; x_wconf 78' lang='lat' dir='ltr'>S.</span> <span class='ocrx_word' id='word_1_211' title='bbox 1958 440 2134 497; x_wconf 86' lang='lat' dir='ltr'>Clctc.</span> <span class='ocrx_word' id='word_1_212' title='bbox 2168 458 2251 498; x_wconf 92' lang='lat' dir='ltr'>or.</span> 
     </span>
    </p>
   </div>
   <div class='ocr_carea' id='block_1_34' title="bbox 3355 311 3512 376">
    <p class='ocr_par' dir='ltr' id='par_1_34' title="bbox 3355 311 3512 376">
     <span class='ocr_line' id='line_1_34' title="bbox 3355 311 3512 376; baseline 0.006 -2"><span class='ocrx_word' id='word_1_213' title='bbox 3355 311 3512 376; x_wconf 72' lang='lat' dir='ltr'>H34</span> 
     </span>
    </p>
   </div>
   <div class='ocr_carea' id='block_1_35' title="bbox 2756 446 3228 501">
    <p class='ocr_par' dir='ltr' id='par_1_35' title="bbox 2756 446 3228 501">
     <span class='ocr_line' id='line_1_35' title="bbox 2756 446 3228 501; baseline 0.004 -2"><span class='ocrx_word' id='word_1_214' title='bbox 2756 447 2812 499; x_wconf 66' lang='grc' dir='ltr'>ὃ.</span> <span class='ocrx_word' id='word_1_215' title='bbox 2846 446 3110 500; x_wconf 88' lang='lat' dir='ltr'>Damase.</span> <span class='ocrx_word' id='word_1_216' title='bbox 3144 461 3228 501; x_wconf 91' lang='lat' dir='ltr'>or.</span> 
     </span>
    </p>
   </div>
   <div class='ocr_carea' id='block_1_36' title="bbox 2757 534 3098 589">
    <p class='ocr_par' dir='ltr' id='par_1_36' title="bbox 2757 534 3098 589">
     <span class='ocr_line' id='line_1_36' title="bbox 2757 534 3098 589; baseline 0.006 -2"><span class='ocrx_word' id='word_1_217' title='bbox 2757 534 2815 587; x_wconf 89' lang='lat' dir='ltr'>S.</span> <span class='ocrx_word' id='word_1_218' title='bbox 2856 539 2980 589; x_wconf 89' lang='lat' dir='ltr'>Leo.</span> <span class='ocrx_word' id='word_1_219' title='bbox 3015 551 3098 589; x_wconf 90' lang='lat' dir='ltr'>or.</span> 
     </span>
    </p>
   </div>
   <div class='ocr_carea' id='block_1_37' title="bbox 2745 621 3188 678">
    <p class='ocr_par' dir='ltr' id='par_1_37' title="bbox 2745 621 3188 678">
     <span class='ocr_line' id='line_1_37' title="bbox 2745 621 3188 678; baseline 0.005 -2"><span class='ocrx_word' id='word_1_220' title='bbox 2745 621 2804 676; x_wconf 91' lang='lat' dir='ltr'>S.</span> <span class='ocrx_word' id='word_1_221' title='bbox 2838 622 3070 678; x_wconf 85' lang='lat' dir='ltr'>Eusebi.</span> <span class='ocrx_word' id='word_1_222' title='bbox 3105 640 3188 678; x_wconf 90' lang='lat' dir='ltr'>or.</span> 
     </span>
    </p>
   </div>
   <div class='ocr_carea' id='block_1_38' title="bbox 2740 709 3210 784">
    <p class='ocr_par' dir='ltr' id='par_1_38' title="bbox 2740 709 3210 784">
     <span class='ocr_line' id='line_1_38' title="bbox 2740 709 3210 784; baseline 0.006 -20"><span class='ocrx_word' id='word_1_223' title='bbox 2740 715 2797 764; x_wconf 89' lang='lat'>8.</span> <span class='ocrx_word' id='word_1_224' title='bbox 2832 709 3091 784; x_wconf 89' lang='lat' dir='ltr'>Gregori.</span> <span class='ocrx_word' id='word_1_225' title='bbox 3126 726 3210 767; x_wconf 91' lang='lat' dir='ltr'>or.</span> 
     </span>
    </p>
   </div>
   <div class='ocr_carea' id='block_1_39' title="bbox 2736 798 3526 857">
    <p class='ocr_par' dir='ltr' id='par_1_39' title="bbox 2736 798 3526 857">
     <span class='ocr_line' id='line_1_39' title="bbox 2736 798 3526 857; baseline 0.005 -3"><span class='ocrx_word' id='word_1_226' title='bbox 2736 798 2955 856; x_wconf 89' lang='lat' dir='ltr'>Omnes</span> <span class='ocrx_word' id='word_1_227' title='bbox 3012 798 3095 855; x_wconf 88' lang='lat' dir='ltr'>sci</span> <span class='ocrx_word' id='word_1_228' title='bbox 3149 799 3526 857; x_wconf 88' lang='lat' dir='ltr'>Confessores</span> 
     </span>
    </p>
   </div>
   <div class='ocr_carea' id='block_1_40' title="bbox 2723 888 3322 961">
    <p class='ocr_par' dir='ltr' id='par_1_40' title="bbox 2723 888 3322 961">
     <span class='ocr_line' id='line_1_40' title="bbox 2723 888 3322 961; baseline 0.003 -19"><span class='ocrx_word' id='word_1_229' title='bbox 2723 943 2733 949; x_wconf 80' lang='grc'>,</span> <span class='ocrx_word' id='word_1_230' title='bbox 2810 893 2970 944; x_wconf 87' lang='lat' dir='ltr'>orate</span> <span class='ocrx_word' id='word_1_231' title='bbox 2999 905 3103 961; x_wconf 92' lang='lat' dir='ltr'>pro</span> <span class='ocrx_word' id='word_1_232' title='bbox 3133 888 3322 945; x_wconf 89' lang='lat' dir='ltr'>nobis.</span> 
     </span>
    </p>
   </div>
   <div class='ocr_carea' id='block_1_41' title="bbox 2730 976 3228 1034">
    <p class='ocr_par' dir='ltr' id='par_1_41' title="bbox 2730 976 3228 1034">
     <span class='ocr_line' id='line_1_41' title="bbox 2730 976 3228 1034; baseline 0.004 -2"><span class='ocrx_word' id='word_1_233' title='bbox 2730 980 2789 1032; x_wconf 92' lang='lat'>8.</span> <span class='ocrx_word' id='word_1_234' title='bbox 2826 976 3116 1034; x_wconf 86' lang='lat' dir='ltr'>Felicitas.</span> <span class='ocrx_word' id='word_1_235' title='bbox 3143 994 3228 1034; x_wconf 85' lang='lat' dir='ltr'>or.</span> 
     </span>
    </p>
   </div>
   <div class='ocr_carea' id='block_1_42' title="bbox 2726 1066 3246 1139">
    <p class='ocr_par' dir='ltr' id='par_1_42' title="bbox 2726 1066 3246 1139">
     <span class='ocr_line' id='line_1_42' title="bbox 2726 1066 3246 1139; baseline 0.002 -19"><span class='ocrx_word' id='word_1_236' title='bbox 2726 1069 2782 1120; x_wconf 93' lang='lat'>8.</span> <span class='ocrx_word' id='word_1_237' title='bbox 2816 1066 3125 1139; x_wconf 87' lang='lat' dir='ltr'>Perpetua.</span> <span class='ocrx_word' id='word_1_238' title='bbox 3161 1083 3246 1121; x_wconf 91' lang='lat' dir='ltr'>or.</span> 
     </span>
    </p>
   </div>
   <div class='ocr_carea' id='block_1_43' title="bbox 1866 1152 3279 1212">
    <p class='ocr_par' dir='ltr' id='par_1_43' title="bbox 1866 1152 3279 1212">
     <span class='ocr_line' id='line_1_43' title="bbox 1866 1152 3279 1212; baseline 0.002 -5"><span class='ocrx_word' id='word_1_239' title='bbox 1866 1156 1923 1208; x_wconf 91' lang='lat'>8.</span> <span class='ocrx_word' id='word_1_240' title='bbox 1955 1152 2184 1209; x_wconf 89' lang='lat' dir='ltr'>Caliste.</span> <span class='ocrx_word' id='word_1_241' title='bbox 2219 1170 2303 1210; x_wconf 92' lang='lat' dir='ltr'>or.</span> <span class='ocrx_word' id='word_1_242' title='bbox 2725 1160 2781 1211; x_wconf 90' lang='lat' dir='ltr'>S.</span> <span class='ocrx_word' id='word_1_243' title='bbox 2816 1154 3162 1212; x_wconf 88' lang='lat' dir='ltr'>Petronella.</span> <span class='ocrx_word' id='word_1_244' title='bbox 3195 1172 3279 1211; x_wconf 87' lang='lat' dir='ltr'>or.</span> 
     </span>
    </p>
   </div>
   <div class='ocr_carea' id='block_1_44' title="bbox 1864 1240 3137 1318">
    <p class='ocr_par' dir='ltr' id='par_1_44' title="bbox 1864 1240 3137 1318">
     <span class='ocr_line' id='line_1_44' title="bbox 1864 1240 3137 1318; baseline 0.005 -23"><span class='ocrx_word' id='word_1_245' title='bbox 1864 1245 1919 1296; x_wconf 92' lang='lat'>8.</span> <span class='ocrx_word' id='word_1_246' title='bbox 1953 1240 2238 1297; x_wconf 88' lang='lat' dir='ltr'>Marcelle.</span> <span class='ocrx_word' id='word_1_247' title='bbox 2272 1259 2357 1297; x_wconf 92' lang='lat' dir='ltr'>or.</span> <span class='ocrx_word' id='word_1_248' title='bbox 2722 1247 2778 1298; x_wconf 84' lang='lat'>8.</span> <span class='ocrx_word' id='word_1_249' title='bbox 2809 1245 3021 1318; x_wconf 83' lang='lat' dir='ltr'>Agnes.</span> <span class='ocrx_word' id='word_1_250' title='bbox 3055 1261 3137 1301; x_wconf 88' lang='lat' dir='ltr'>or.</span> 
     </span>
    </p>
   </div>
   <div class='ocr_carea' id='block_1_45' title="bbox 1865 1330 3168 1404">
    <p class='ocr_par' dir='ltr' id='par_1_45' title="bbox 1865 1330 3168 1404">
     <span class='ocr_line' id='line_1_45' title="bbox 1865 1330 3168 1404; baseline 0.003 -19"><span class='ocrx_word' id='word_1_251' title='bbox 1865 1330 2081 1386; x_wconf 89' lang='lat' dir='ltr'>Omnes</span> <span class='ocrx_word' id='word_1_252' title='bbox 2094 1331 2662 1404; x_wconf 82' lang='lat' dir='ltr'>scimartyres,orate</span> <span class='ocrx_word' id='word_1_253' title='bbox 2720 1336 2775 1387; x_wconf 93' lang='lat'>8.</span> <span class='ocrx_word' id='word_1_254' title='bbox 2807 1333 3051 1404; x_wconf 81' lang='lat' dir='ltr'>Agathe.</span> <span class='ocrx_word' id='word_1_255' title='bbox 3084 1350 3168 1390; x_wconf 92' lang='lat' dir='ltr'>or.</span> 
     </span>
    </p>
   </div>
   <div class='ocr_carea' id='block_1_46' title="bbox 1868 530 2364 587">
    <p class='ocr_par' dir='ltr' id='par_1_46' title="bbox 1868 530 2364 587">
     <span class='ocr_line' id='line_1_46' title="bbox 1868 530 2364 587; baseline 0 -2"><span class='ocrx_word' id='word_1_256' title='bbox 1868 530 1926 585; x_wconf 89' lang='lat' dir='ltr'>S.</span> <span class='ocrx_word' id='word_1_257' title='bbox 1960 530 2245 587; x_wconf 83' lang='lat' dir='ltr'>Clemens.</span> <span class='ocrx_word' id='word_1_258' title='bbox 2281 548 2364 587; x_wconf 91' lang='lat' dir='ltr'>or.</span> 
     </span>
    </p>
   </div>
   <div class='ocr_carea' id='block_1_47' title="bbox 1867 618 2247 675">
    <p class='ocr_par' dir='ltr' id='par_1_47' title="bbox 1867 618 2247 675">
     <span class='ocr_line' id='line_1_47' title="bbox 1867 618 2247 675; baseline 0.003 -2"><span class='ocrx_word' id='word_1_259' title='bbox 1867 619 1925 674; x_wconf 91' lang='lat' dir='ltr'>S.</span> <span class='ocrx_word' id='word_1_260' title='bbox 1959 618 2130 674; x_wconf 86' lang='lat' dir='ltr'>Sixte.</span> <span class='ocrx_word' id='word_1_261' title='bbox 2163 636 2247 675; x_wconf 93' lang='lat' dir='ltr'>or.</span> 
     </span>
    </p>
   </div>
   <div class='ocr_carea' id='block_1_48' title="bbox 1866 705 2325 764">
    <p class='ocr_par' dir='ltr' id='par_1_48' title="bbox 1866 705 2325 764">
     <span class='ocr_line' id='line_1_48' title="bbox 1866 705 2325 764; baseline 0.004 -3"><span class='ocrx_word' id='word_1_262' title='bbox 1866 710 1922 762; x_wconf 86' lang='lat'>8.</span> <span class='ocrx_word' id='word_1_263' title='bbox 1956 705 2205 763; x_wconf 88' lang='lat' dir='ltr'>Corneli.</span> <span class='ocrx_word' id='word_1_264' title='bbox 2240 724 2325 764; x_wconf 93' lang='lat' dir='ltr'>or.</span> 
     </span>
    </p>
   </div>
   <div class='ocr_carea' id='block_1_49' title="bbox 1867 795 2384 868">
    <p class='ocr_par' dir='ltr' id='par_1_49' title="bbox 1867 795 2384 868">
     <span class='ocr_line' id='line_1_49' title="bbox 1867 795 2384 868; baseline 0.002 -17"><span class='ocrx_word' id='word_1_265' title='bbox 1867 800 1923 851; x_wconf 89' lang='lat'>8.</span> <span class='ocrx_word' id='word_1_266' title='bbox 1959 795 2263 868; x_wconf 87' lang='lat' dir='ltr'>Cypriane,</span> <span class='ocrx_word' id='word_1_267' title='bbox 2300 813 2384 852; x_wconf 91' lang='lat' dir='ltr'>or.</span> 
     </span>
    </p>
   </div>
   <div class='ocr_carea' id='block_1_50' title="bbox 1866 884 2415 942">
    <p class='ocr_par' dir='ltr' id='par_1_50' title="bbox 1866 884 2415 942">
     <span class='ocr_line' id='line_1_50' title="bbox 1866 884 2415 942; baseline 0.002 -3"><span class='ocrx_word' id='word_1_268' title='bbox 1866 892 1923 939; x_wconf 82' lang='lat'>8.</span> <span class='ocrx_word' id='word_1_269' title='bbox 1955 884 2297 941; x_wconf 85' lang='lat' dir='ltr'>Alexander.</span> <span class='ocrx_word' id='word_1_270' title='bbox 2332 903 2415 942; x_wconf 91' lang='lat' dir='ltr'>or.</span> 
     </span>
    </p>
   </div>
   <div class='ocr_carea' id='block_1_51' title="bbox 1867 973 2250 1030">
    <p class='ocr_par' dir='ltr' id='par_1_51' title="bbox 1867 973 2250 1030">
     <span class='ocr_line' id='line_1_51' title="bbox 1867 973 2250 1030; baseline 0.003 -2"><span class='ocrx_word' id='word_1_271' title='bbox 1867 978 1924 1029; x_wconf 94' lang='lat'>8.</span> <span class='ocrx_word' id='word_1_272' title='bbox 1960 973 2134 1030; x_wconf 82' lang='lat' dir='ltr'>Felix.</span> <span class='ocrx_word' id='word_1_273' title='bbox 2166 992 2250 1030; x_wconf 91' lang='lat' dir='ltr'>or.</span> 
     </span>
    </p>
   </div>
   <div class='ocr_carea' id='block_1_52' title="bbox 1866 1063 2375 1136">
    <p class='ocr_par' dir='ltr' id='par_1_52' title="bbox 1866 1063 2375 1136">
     <span class='ocr_line' id='line_1_52' title="bbox 1866 1063 2375 1136; baseline 0.004 -19"><span class='ocrx_word' id='word_1_274' title='bbox 1866 1067 1923 1117; x_wconf 89' lang='lat'>8.</span> <span class='ocrx_word' id='word_1_275' title='bbox 1956 1063 2258 1136; x_wconf 88' lang='lat' dir='ltr'>Agappite.</span> <span class='ocrx_word' id='word_1_276' title='bbox 2292 1080 2375 1119; x_wconf 90' lang='lat' dir='ltr'>or.</span> 
     </span>
    </p>
   </div>
   <div class='ocr_carea' id='block_1_53' title="bbox 1937 1418 3159 1491">
    <p class='ocr_par' dir='ltr' id='par_1_53' title="bbox 1937 1418 3159 1491">
     <span class='ocr_line' id='line_1_53' title="bbox 1937 1418 3159 1491; baseline 0.002 -17"><span class='ocrx_word' id='word_1_277' title='bbox 1937 1436 2042 1491; x_wconf 90' lang='lat' dir='ltr'>pro</span> <span class='ocrx_word' id='word_1_278' title='bbox 2064 1418 2255 1475; x_wconf 90' lang='lat' dir='ltr'>nobis.</span> <span class='ocrx_word' id='word_1_279' title='bbox 2723 1425 2779 1476; x_wconf 90' lang='lat'>8.</span> <span class='ocrx_word' id='word_1_280' title='bbox 2815 1420 3043 1477; x_wconf 88' lang='lat' dir='ltr'>Cecilia.</span> <span class='ocrx_word' id='word_1_281' title='bbox 3076 1438 3159 1477; x_wconf 90' lang='lat' dir='ltr'>or.</span> 
     </span>
    </p>
   </div>
   <div class='ocr_carea' id='block_1_54' title="bbox 1870 1509 3182 1566">
    <p class='ocr_par' dir='ltr' id='par_1_54' title="bbox 1870 1509 3182 1566">
     <span class='ocr_line' id='line_1_54' title="bbox 1870 1509 3182 1566; baseline 0.002 -3"><span class='ocrx_word' id='word_1_282' title='bbox 1870 1549 1883 1563; x_wconf 95' lang='lat'>.</span> <span class='ocrx_word' id='word_1_283' title='bbox 1965 1552 1978 1564; x_wconf 94' lang='lat'>.</span> <span class='ocrx_word' id='word_1_284' title='bbox 2060 1549 2074 1562; x_wconf 95' lang='lat'>.</span> <span class='ocrx_word' id='word_1_285' title='bbox 2154 1550 2168 1564; x_wconf 93' lang='lat'>.</span> <span class='ocrx_word' id='word_1_286' title='bbox 2250 1551 2262 1563; x_wconf 94' lang='lat'>.</span> <span class='ocrx_word' id='word_1_287' title='bbox 2345 1551 2358 1562; x_wconf 92' lang='lat'>.</span> <span class='ocrx_word' id='word_1_288' title='bbox 2438 1551 2451 1563; x_wconf 92' lang='lat'>.</span> <span class='ocrx_word' id='word_1_289' title='bbox 2533 1552 2545 1563; x_wconf 94' lang='lat'>.</span> <span class='ocrx_word' id='word_1_290' title='bbox 2720 1513 2777 1564; x_wconf 91' lang='lat'>8.</span> <span class='ocrx_word' id='word_1_291' title='bbox 2811 1509 3064 1566; x_wconf 87' lang='lat' dir='ltr'>Juliana.</span> <span class='ocrx_word' id='word_1_292' title='bbox 3098 1527 3182 1565; x_wconf 91' lang='lat' dir='ltr'>or.</span> 
     </span>
    </p>
   </div>
   <div class='ocr_carea' id='block_1_55' title="bbox 1870 1598 3129 1655">
    <p class='ocr_par' dir='ltr' id='par_1_55' title="bbox 1870 1598 3129 1655">
     <span class='ocr_line' id='line_1_55' title="bbox 1870 1598 3129 1655; baseline 0 -3"><span class='ocrx_word' id='word_1_293' title='bbox 1870 1638 1883 1652; x_wconf 94' lang='lat'>.</span> <span class='ocrx_word' id='word_1_294' title='bbox 1965 1638 1976 1652; x_wconf 94' lang='lat'>.</span> <span class='ocrx_word' id='word_1_295' title='bbox 2059 1638 2071 1652; x_wconf 94' lang='lat'>.</span> <span class='ocrx_word' id='word_1_296' title='bbox 2153 1638 2167 1651; x_wconf 92' lang='lat'>.</span> <span class='ocrx_word' id='word_1_297' title='bbox 2248 1639 2259 1650; x_wconf 95' lang='lat'>.</span> <span class='ocrx_word' id='word_1_298' title='bbox 2343 1641 2356 1652; x_wconf 95' lang='lat'>.</span> <span class='ocrx_word' id='word_1_299' title='bbox 2438 1639 2544 1651; x_wconf 91' lang='lat'>..</span> <span class='ocrx_word' id='word_1_300' title='bbox 2722 1598 3129 1655; x_wconf 87' lang='lat' dir='ltr'>8.Lucia.or.</span> 
     </span>
    </p>
   </div>
   <div class='ocr_carea' id='block_1_56' title="bbox 1868 1685 3101 1742">
    <p class='ocr_par' dir='ltr' id='par_1_56' title="bbox 1868 1685 3101 1742">
     <span class='ocr_line' id='line_1_56' title="bbox 1868 1685 3101 1742; baseline 0 -1"><span class='ocrx_word' id='word_1_301' title='bbox 1868 1728 1881 1741; x_wconf 96' lang='lat'>.</span> <span class='ocrx_word' id='word_1_302' title='bbox 1964 1729 1976 1741; x_wconf 92' lang='lat'>.</span> <span class='ocrx_word' id='word_1_303' title='bbox 2058 1726 2072 1741; x_wconf 97' lang='lat'>.</span> <span class='ocrx_word' id='word_1_304' title='bbox 2154 1728 2166 1740; x_wconf 95' lang='lat'>.</span> <span class='ocrx_word' id='word_1_305' title='bbox 2249 1727 2262 1740; x_wconf 92' lang='lat'>.</span> <span class='ocrx_word' id='word_1_306' title='bbox 2343 1728 2356 1740; x_wconf 95' lang='lat'>.</span> <span class='ocrx_word' id='word_1_307' title='bbox 2438 1728 2449 1740; x_wconf 94' lang='lat'>.</span> <span class='ocrx_word' id='word_1_308' title='bbox 2531 1727 2544 1740; x_wconf 93' lang='lat'>.</span> <span class='ocrx_word' id='word_1_309' title='bbox 2711 1685 3101 1742; x_wconf 88' lang='lat' dir='ltr'>S.Tecla.or.</span> 
     </span>
    </p>
   </div>
   <div class='ocr_carea' id='block_1_57' title="bbox 1866 1773 3091 1831">
    <p class='ocr_par' dir='ltr' id='par_1_57' title="bbox 1866 1773 3091 1831">
     <span class='ocr_line' id='line_1_57' title="bbox 1866 1773 3091 1831; baseline 0.001 -2"><span class='ocrx_word' id='word_1_310' title='bbox 1866 1778 1923 1830; x_wconf 88' lang='lat'>8.</span> <span class='ocrx_word' id='word_1_311' title='bbox 1955 1773 2247 1830; x_wconf 82' lang='lat' dir='ltr'>Ambrosi.</span> <span class='ocrx_word' id='word_1_312' title='bbox 2283 1791 2366 1829; x_wconf 91' lang='lat' dir='ltr'>or.</span> <span class='ocrx_word' id='word_1_313' title='bbox 2715 1777 2771 1829; x_wconf 90' lang='lat' dir='ltr'>S.</span> <span class='ocrx_word' id='word_1_314' title='bbox 2797 1774 2973 1830; x_wconf 83' lang='lat' dir='ltr'>Aifra.</span> <span class='ocrx_word' id='word_1_315' title='bbox 3007 1792 3091 1831; x_wconf 88' lang='lat' dir='ltr'>or.</span> 
     </span>
    </p>
   </div>
   <div class='ocr_carea' id='block_1_58' title="bbox 2703 1861 3212 1919">
    <p class='ocr_par' dir='ltr' id='par_1_58' title="bbox 2703 1861 3212 1919">
     <span class='ocr_line' id='line_1_58' title="bbox 2703 1861 3212 1919; baseline 0.006 -3"><span class='ocrx_word' id='word_1_316' title='bbox 2703 1867 2758 1918; x_wconf 89' lang='lat'>8.</span> <span class='ocrx_word' id='word_1_317' title='bbox 2792 1861 3094 1919; x_wconf 88' lang='lat' dir='ltr'>Columba.</span> <span class='ocrx_word' id='word_1_318' title='bbox 3129 1881 3212 1919; x_wconf 91' lang='lat' dir='ltr'>or.</span> 
     </span>
    </p>
   </div>
   <div class='ocr_carea' id='block_1_59' title="bbox 2693 1951 3222 2008">
    <p class='ocr_par' dir='ltr' id='par_1_59' title="bbox 2693 1951 3222 2008">
     <span class='ocr_line' id='line_1_59' title="bbox 2693 1951 3222 2008; baseline 0.002 -2"><span class='ocrx_word' id='word_1_319' title='bbox 2693 1955 2748 2007; x_wconf 91' lang='lat'>8.</span> <span class='ocrx_word' id='word_1_320' title='bbox 2782 1951 3107 2008; x_wconf 79' lang='lat' dir='ltr'>Anastasia.</span> <span class='ocrx_word' id='word_1_321' title='bbox 3138 1968 3222 2007; x_wconf 90' lang='lat' dir='ltr'>or.</span> 
     </span>
    </p>
   </div>
   <div class='ocr_carea' id='block_1_60' title="bbox 2686 2044 3177 2097">
    <p class='ocr_par' dir='ltr' id='par_1_60' title="bbox 2686 2044 3177 2097">
     <span class='ocr_line' id='line_1_60' title="bbox 2686 2044 3177 2097; baseline 0.004 -3"><span class='ocrx_word' id='word_1_322' title='bbox 2686 2044 2742 2096; x_wconf 80' lang='lat'>8.</span> <span class='ocrx_word' id='word_1_323' title='bbox 2776 2044 3063 2097; x_wconf 83' lang='lat' dir='ltr'>Susanna.</span> <span class='ocrx_word' id='word_1_324' title='bbox 3092 2057 3177 2096; x_wconf 92' lang='lat' dir='ltr'>or.</span> 
     </span>
    </p>
   </div>
   <div class='ocr_carea' id='block_1_61' title="bbox 1864 1863 2355 1919">
    <p class='ocr_par' dir='ltr' id='par_1_61' title="bbox 1864 1863 2355 1919">
     <span class='ocr_line' id='line_1_61' title="bbox 1864 1863 2355 1919; baseline -0.004 -1"><span class='ocrx_word' id='word_1_325' title='bbox 1864 1868 1920 1918; x_wconf 90' lang='lat'>8.</span> <span class='ocrx_word' id='word_1_326' title='bbox 1953 1863 2239 1919; x_wconf 86' lang='lat' dir='ltr'>Severine.</span> <span class='ocrx_word' id='word_1_327' title='bbox 2272 1878 2355 1917; x_wconf 93' lang='lat' dir='ltr'>or.</span> 
     </span>
    </p>
   </div>
   <div class='ocr_carea' id='block_1_62' title="bbox 1864 1952 2418 2025">
    <p class='ocr_par' dir='ltr' id='par_1_62' title="bbox 1864 1952 2418 2025">
     <span class='ocr_line' id='line_1_62' title="bbox 1864 1952 2418 2025; baseline -0.002 -17"><span class='ocrx_word' id='word_1_328' title='bbox 1864 1956 1919 2008; x_wconf 87' lang='lat'>8.</span> <span class='ocrx_word' id='word_1_329' title='bbox 1953 1952 2298 2025; x_wconf 86' lang='lat' dir='ltr'>Augustine.</span> <span class='ocrx_word' id='word_1_330' title='bbox 2334 1968 2418 2007; x_wconf 89' lang='lat' dir='ltr'>or.</span> 
     </span>
    </p>
   </div>
   <div class='ocr_carea' id='block_1_63' title="bbox 1862 2040 2382 2098">
    <p class='ocr_par' dir='ltr' id='par_1_63' title="bbox 1862 2040 2382 2098">
     <span class='ocr_line' id='line_1_63' title="bbox 1862 2040 2382 2098; baseline -0.002 -1"><span class='ocrx_word' id='word_1_331' title='bbox 1862 2043 1918 2097; x_wconf 92' lang='lat'>8.</span> <span class='ocrx_word' id='word_1_332' title='bbox 1951 2040 2264 2098; x_wconf 88' lang='lat' dir='ltr'>Jeromine.</span> <span class='ocrx_word' id='word_1_333' title='bbox 2299 2057 2382 2096; x_wconf 90' lang='lat' dir='ltr'>or.</span> 
     </span>
    </p>
   </div>
   <div class='ocr_carea' id='block_1_64' title="bbox 1863 2129 3162 2202">
    <p class='ocr_par' dir='ltr' id='par_1_64' title="bbox 1863 2129 3162 2202">
     <span class='ocr_line' id='line_1_64' title="bbox 1863 2129 3162 2202; baseline -0.002 -15"><span class='ocrx_word' id='word_1_334' title='bbox 1863 2136 1918 2187; x_wconf 92' lang='lat' dir='ltr'>S.</span> <span class='ocrx_word' id='word_1_335' title='bbox 1951 2129 2198 2187; x_wconf 85' lang='lat' dir='ltr'>Servaci.</span> <span class='ocrx_word' id='word_1_336' title='bbox 2232 2146 2315 2185; x_wconf 92' lang='lat' dir='ltr'>or.</span> <span class='ocrx_word' id='word_1_337' title='bbox 2686 2133 2742 2184; x_wconf 86' lang='lat'>8.</span> <span class='ocrx_word' id='word_1_338' title='bbox 2768 2129 3043 2202; x_wconf 89' lang='lat' dir='ltr'>Eugenia.</span> <span class='ocrx_word' id='word_1_339' title='bbox 3078 2146 3162 2186; x_wconf 92' lang='lat' dir='ltr'>or.</span> 
     </span>
    </p>
   </div>
   <div class='ocr_carea' id='block_1_65' title="bbox 1862 2217 3165 2276">
    <p class='ocr_par' dir='ltr' id='par_1_65' title="bbox 1862 2217 3165 2276">
     <span class='ocr_line' id='line_1_65' title="bbox 1862 2217 3165 2276; baseline -0.002 -1"><span class='ocrx_word' id='word_1_340' title='bbox 1862 2226 1917 2276; x_wconf 87' lang='lat'>8.</span> <span class='ocrx_word' id='word_1_341' title='bbox 1952 2220 2243 2275; x_wconf 82' lang='lat' dir='ltr'>Silvestcr.</span> <span class='ocrx_word' id='word_1_342' title='bbox 2278 2235 2361 2273; x_wconf 90' lang='lat' dir='ltr'>or.</span> <span class='ocrx_word' id='word_1_343' title='bbox 2678 2221 2735 2272; x_wconf 92' lang='lat' dir='ltr'>S.</span> <span class='ocrx_word' id='word_1_344' title='bbox 2768 2217 3047 2274; x_wconf 86' lang='lat' dir='ltr'>Eufemia.</span> <span class='ocrx_word' id='word_1_345' title='bbox 3081 2236 3165 2275; x_wconf 91' lang='lat' dir='ltr'>or.</span> 
     </span>
    </p>
   </div>
   <div class='ocr_carea' id='block_1_66' title="bbox 1863 2305 3389 2380">
    <p class='ocr_par' dir='ltr' id='par_1_66' title="bbox 1863 2305 3389 2380">
     <span class='ocr_line' id='line_1_66' title="bbox 1863 2305 3389 2380; baseline 0 -15"><span class='ocrx_word' id='word_1_346' title='bbox 1863 2310 2078 2365; x_wconf 89' lang='lat' dir='ltr'>Omnes</span> <span class='ocrx_word' id='word_1_347' title='bbox 2110 2325 2218 2363; x_wconf 70' lang='lat' dir='ltr'>scas</span> <span class='ocrx_word' id='word_1_348' title='bbox 2249 2305 2516 2380; x_wconf 85' lang='lat' dir='ltr'>Virgines</span> <span class='ocrx_word' id='word_1_349' title='bbox 2542 2311 2598 2362; x_wconf 89' lang='lat' dir='ltr'>et</span> <span class='ocrx_word' id='word_1_350' title='bbox 2620 2306 2842 2363; x_wconf 65' lang='lat' dir='ltr'>Viduas.</span> <span class='ocrx_word' id='word_1_351' title='bbox 2875 2311 3036 2364; x_wconf 92' lang='lat' dir='ltr'>orate</span> <span class='ocrx_word' id='word_1_352' title='bbox 3067 2325 3169 2380; x_wconf 88' lang='lat' dir='ltr'>pro</span> <span class='ocrx_word' id='word_1_353' title='bbox 3201 2310 3389 2366; x_wconf 89' lang='lat' dir='ltr'>nobis.</span> 
     </span>
    </p>
   </div>
   <div class='ocr_carea' id='block_1_67' title="bbox 1863 2396 3067 2455">
    <p class='ocr_par' dir='ltr' id='par_1_67' title="bbox 1863 2396 3067 2455">
     <span class='ocr_line' id='line_1_67' title="bbox 1863 2396 3067 2455; baseline -0.002 0"><span class='ocrx_word' id='word_1_354' title='bbox 1863 2399 2079 2455; x_wconf 87' lang='lat' dir='ltr'>Omnes</span> <span class='ocrx_word' id='word_1_355' title='bbox 2111 2398 2191 2454; x_wconf 88' lang='lat' dir='ltr'>sci</span> <span class='ocrx_word' id='word_1_356' title='bbox 2227 2397 2479 2452; x_wconf 81' lang='lat' dir='ltr'>infantes</span> <span class='ocrx_word' id='word_1_357' title='bbox 2509 2401 2566 2452; x_wconf 87' lang='lat' dir='ltr'>et</span> <span class='ocrx_word' id='word_1_358' title='bbox 2595 2396 2953 2453; x_wconf 83' lang='lat' dir='ltr'>innocentes.</span> <span class='ocrx_word' id='word_1_359' title='bbox 2987 2414 3067 2454; x_wconf 91' lang='lat' dir='ltr'>or.</span> 
     </span>
    </p>
   </div>
   <div class='ocr_carea' id='block_1_68' title="bbox 1862 2485 2931 2559">
    <p class='ocr_par' dir='ltr' id='par_1_68' title="bbox 1862 2485 2931 2559">
     <span class='ocr_line' id='line_1_68' title="bbox 1862 2485 2931 2559; baseline -0.003 -16"><span class='ocrx_word' id='word_1_360' title='bbox 1862 2488 2079 2543; x_wconf 89' lang='lat' dir='ltr'>Omnes</span> <span class='ocrx_word' id='word_1_361' title='bbox 2109 2486 2192 2542; x_wconf 86' lang='lat' dir='ltr'>sci</span> <span class='ocrx_word' id='word_1_362' title='bbox 2220 2485 2585 2559; x_wconf 83' lang='lat' dir='ltr'>poenitentes.</span> <span class='ocrx_word' id='word_1_363' title='bbox 2621 2489 2779 2540; x_wconf 86' lang='lat' dir='ltr'>orate</span> <span class='ocrx_word' id='word_1_364' title='bbox 2810 2502 2931 2557; x_wconf 87' lang='lat' dir='ltr'>pro.</span> 
     </span>
    </p>
   </div>
   <div class='ocr_carea' id='block_1_69' title="bbox 1861 2573 3017 2632">
    <p class='ocr_par' dir='ltr' id='par_1_69' title="bbox 1861 2573 3017 2632">
     <span class='ocr_line' id='line_1_69' title="bbox 1861 2573 3017 2632; baseline -0.003 0"><span class='ocrx_word' id='word_1_365' title='bbox 1861 2576 2076 2632; x_wconf 90' lang='lat' dir='ltr'>Omnes</span> <span class='ocrx_word' id='word_1_366' title='bbox 2108 2575 2188 2630; x_wconf 90' lang='lat' dir='ltr'>sci</span> <span class='ocrx_word' id='word_1_367' title='bbox 2226 2574 2491 2630; x_wconf 87' lang='lat' dir='ltr'>modachi</span> <span class='ocrx_word' id='word_1_368' title='bbox 2517 2578 2573 2630; x_wconf 92' lang='lat' dir='ltr'>et</span> <span class='ocrx_word' id='word_1_369' title='bbox 2602 2573 2900 2630; x_wconf 90' lang='lat' dir='ltr'>heremite.</span> <span class='ocrx_word' id='word_1_370' title='bbox 2934 2591 3017 2630; x_wconf 92' lang='lat' dir='ltr'>or.</span> 
     </span>
    </p>
   </div>
   <div class='ocr_carea' id='block_1_70' title="bbox 1862 2662 2742 2736">
    <p class='ocr_par' dir='ltr' id='par_1_70' title="bbox 1862 2662 2742 2736">
     <span class='ocr_line' id='line_1_70' title="bbox 1862 2662 2742 2736; baseline -0.003 -16"><span class='ocrx_word' id='word_1_371' title='bbox 1862 2664 2076 2720; x_wconf 90' lang='lat' dir='ltr'>Omnes</span> <span class='ocrx_word' id='word_1_372' title='bbox 2109 2663 2191 2720; x_wconf 90' lang='lat' dir='ltr'>sci</span> <span class='ocrx_word' id='word_1_373' title='bbox 2223 2667 2383 2719; x_wconf 88' lang='lat' dir='ltr'>orate</span> <span class='ocrx_word' id='word_1_374' title='bbox 2414 2679 2518 2736; x_wconf 89' lang='lat' dir='ltr'>pro</span> <span class='ocrx_word' id='word_1_375' title='bbox 2551 2662 2742 2719; x_wconf 91' lang='lat' dir='ltr'>nobis.</span> 
     </span>
    </p>
   </div>
   <div class='ocr_carea' id='block_1_71' title="bbox 1861 2751 2900 2826">
    <p class='ocr_par' dir='ltr' id='par_1_71' title="bbox 1861 2751 2900 2826">
     <span class='ocr_line' id='line_1_71' title="bbox 1861 2751 2900 2826; baseline -0.002 -17"><span class='ocrx_word' id='word_1_376' title='bbox 1861 2753 2152 2826; x_wconf 88' lang='lat' dir='ltr'>Propitius</span> <span class='ocrx_word' id='word_1_377' title='bbox 2183 2758 2326 2808; x_wconf 89' lang='lat' dir='ltr'>esto.</span> <span class='ocrx_word' id='word_1_378' title='bbox 2361 2769 2530 2824; x_wconf 89' lang='lat' dir='ltr'>parce</span> <span class='ocrx_word' id='word_1_379' title='bbox 2562 2751 2731 2808; x_wconf 89' lang='lat' dir='ltr'>nobis</span> <span class='ocrx_word' id='word_1_380' title='bbox 2760 2752 2900 2808; x_wconf 90' lang='lat' dir='ltr'>Dne.</span> 
     </span>
    </p>
   </div>
   <div class='ocr_carea' id='block_1_72' title="bbox 1861 2840 2845 2915">
    <p class='ocr_par' dir='ltr' id='par_1_72' title="bbox 1861 2840 2845 2915">
     <span class='ocr_line' id='line_1_72' title="bbox 1861 2840 2845 2915; baseline -0.004 -15"><span class='ocrx_word' id='word_1_381' title='bbox 1861 2841 2153 2915; x_wconf 86' lang='lat' dir='ltr'>Propitius</span> <span class='ocrx_word' id='word_1_382' title='bbox 2183 2845 2326 2898; x_wconf 88' lang='lat' dir='ltr'>esto.</span> <span class='ocrx_word' id='word_1_383' title='bbox 2360 2840 2544 2897; x_wconf 89' lang='lat' dir='ltr'>libera</span> <span class='ocrx_word' id='word_1_384' title='bbox 2569 2856 2676 2896; x_wconf 85' lang='lat' dir='ltr'>nos</span> <span class='ocrx_word' id='word_1_385' title='bbox 2708 2844 2845 2896; x_wconf 90' lang='lat' dir='ltr'>Dne.</span> 
     </span>
    </p>
   </div>
   <div class='ocr_carea' id='block_1_73' title="bbox 1862 2929 2765 2990">
    <p class='ocr_par' dir='ltr' id='par_1_73' title="bbox 1862 2929 2765 2990">
     <span class='ocr_line' id='line_1_73' title="bbox 1862 2929 2765 2990; baseline -0.006 -1"><span class='ocrx_word' id='word_1_386' title='bbox 1862 2934 1943 2990; x_wconf 84' lang='lat' dir='ltr'>Ab</span> <span class='ocrx_word' id='word_1_387' title='bbox 1974 2931 2132 2988; x_wconf 91' lang='lat' dir='ltr'>omni</span> <span class='ocrx_word' id='word_1_388' title='bbox 2167 2929 2321 2986; x_wconf 89' lang='lat' dir='ltr'>malo</span> <span class='ocrx_word' id='word_1_389' title='bbox 2350 2930 2534 2986; x_wconf 88' lang='lat' dir='ltr'>libera</span> <span class='ocrx_word' id='word_1_390' title='bbox 2565 2947 2670 2985; x_wconf 90' lang='lat' dir='ltr'>nos</span> <span class='ocrx_word' id='word_1_391' title='bbox 2700 2930 2765 2984; x_wconf 94' lang='lat' dir='ltr'>D.</span> 
     </span>
    </p>
   </div>
   <div class='ocr_carea' id='block_1_74' title="bbox 1858 3018 2768 3077">
    <p class='ocr_par' dir='ltr' id='par_1_74' title="bbox 1858 3018 2768 3077">
     <span class='ocr_line' id='line_1_74' title="bbox 1858 3018 2768 3077; baseline -0.004 0"><span class='ocrx_word' id='word_1_392' title='bbox 1858 3023 1903 3077; x_wconf 92' lang='lat' dir='ltr'><strong>A</strong></span> <span class='ocrx_word' id='word_1_393' title='bbox 1935 3021 2140 3077; x_wconf 89' lang='lat' dir='ltr'>morbo</span> <span class='ocrx_word' id='word_1_394' title='bbox 2172 3018 2325 3075; x_wconf 89' lang='lat' dir='ltr'>malo</span> <span class='ocrx_word' id='word_1_395' title='bbox 2357 3018 2540 3074; x_wconf 87' lang='lat' dir='ltr'>libera</span> <span class='ocrx_word' id='word_1_396' title='bbox 2564 3034 2670 3073; x_wconf 91' lang='lat' dir='ltr'>nos</span> <span class='ocrx_word' id='word_1_397' title='bbox 2701 3018 2768 3073; x_wconf 95' lang='lat' dir='ltr'>D.</span> 
     </span>
    </p>
   </div>
   <div class='ocr_carea' id='block_1_75' title="bbox 1861 3105 2900 3182">
    <p class='ocr_par' dir='ltr' id='par_1_75' title="bbox 1861 3105 2900 3182">
     <span class='ocr_line' id='line_1_75' title="bbox 1861 3105 2900 3182; baseline -0.003 -17"><span class='ocrx_word' id='word_1_398' title='bbox 1861 3112 1907 3165; x_wconf 93' lang='lat' dir='ltr'><strong>A</strong></span> <span class='ocrx_word' id='word_1_399' title='bbox 1940 3107 2194 3182; x_wconf 89' lang='lat' dir='ltr'>periculo</span> <span class='ocrx_word' id='word_1_400' title='bbox 2224 3105 2448 3162; x_wconf 86' lang='lat' dir='ltr'>mortis.</span> <span class='ocrx_word' id='word_1_401' title='bbox 2482 3105 2665 3162; x_wconf 87' lang='lat' dir='ltr'>libera</span> <span class='ocrx_word' id='word_1_402' title='bbox 2697 3123 2802 3163; x_wconf 90' lang='lat' dir='ltr'>nos</span> <span class='ocrx_word' id='word_1_403' title='bbox 2833 3106 2900 3162; x_wconf 93' lang='lat' dir='ltr'>D.</span> 
     </span>
    </p>
   </div>
   <div class='ocr_carea' id='block_1_76' title="bbox 98 3181 2936 3273">
    <p class='ocr_par' dir='ltr' id='par_1_76' title="bbox 98 3181 2936 3273">
     <span class='ocr_line' id='line_1_76' title="bbox 98 3181 2936 3273; baseline -0.001 -18"><span class='ocrx_word' id='word_1_404' title='bbox 98 3204 300 3264; x_wconf 86' lang='lat' dir='ltr'>tem,at</span> <span class='ocrx_word' id='word_1_405' title='bbox 324 3181 423 3269; x_wconf 71' lang='lat' dir='ltr'>par</span> <span class='ocrx_word' id='word_1_406' title='bbox 455 3200 845 3256; x_wconf 74' lang='lat' dir='ltr'>invocationem</span> <span class='ocrx_word' id='word_1_407' title='bbox 873 3181 1152 3269; x_wconf 68' lang='lat' dir='ltr'>unigeriiti</span> <span class='ocrx_word' id='word_1_408' title='bbox 1198 3198 1349 3267; x_wconf 87' lang='lat' dir='ltr'>Filii,</span> <span class='ocrx_word' id='word_1_409' title='bbox 1390 3205 1447 3256; x_wconf 88' lang='lat' dir='ltr'>et</span> <span class='ocrx_word' id='word_1_410' title='bbox 1494 3218 1595 3273; x_wconf 90' lang='lat' dir='ltr'>per</span> <span class='ocrx_word' id='word_1_411' title='bbox 1623 3219 1750 3259; x_wconf 85' lang='lat' dir='ltr'>ves-</span> <span class='ocrx_word' id='word_1_412' title='bbox 1782 3181 1826 3249; x_wconf 83' lang='lat' dir='ltr'>C</span> <span class='ocrx_word' id='word_1_413' title='bbox 1864 3181 1956 3255; x_wconf 78' lang='lat' dir='ltr'>Ab</span> <span class='ocrx_word' id='word_1_414' title='bbox 1975 3198 2134 3255; x_wconf 90' lang='lat' dir='ltr'>omni</span> <span class='ocrx_word' id='word_1_415' title='bbox 2166 3195 2494 3269; x_wconf 85' lang='lat' dir='ltr'>iniquitate.</span> <span class='ocrx_word' id='word_1_416' title='bbox 2528 3195 2711 3251; x_wconf 87' lang='lat' dir='ltr'>libera</span> <span class='ocrx_word' id='word_1_417' title='bbox 2735 3211 2842 3251; x_wconf 90' lang='lat' dir='ltr'>nos</span> <span class='ocrx_word' id='word_1_418' title='bbox 2870 3196 2936 3251; x_wconf 93' lang='lat' dir='ltr'>D.</span> 
     </span>
    </p>
   </div>
   <div class='ocr_carea' id='block_1_77' title="bbox 94 3286 1757 3363">
    <p class='ocr_par' dir='ltr' id='par_1_77' title="bbox 94 3286 1757 3363">
     <span class='ocr_line' id='line_1_77' title="bbox 94 3286 1757 3363; baseline 0.002 -20"><span class='ocrx_word' id='word_1_419' title='bbox 94 3293 253 3344; x_wconf 86' lang='lat' dir='ltr'>tram</span> <span class='ocrx_word' id='word_1_420' title='bbox 283 3287 490 3358; x_wconf 88' lang='lat' dir='ltr'>(tuam)</span> <span class='ocrx_word' id='word_1_421' title='bbox 527 3286 1026 3357; x_wconf 81' lang='lat' dir='ltr'>Christianitatam,</span> <span class='ocrx_word' id='word_1_422' title='bbox 1057 3306 1223 3360; x_wconf 86' lang='lat' dir='ltr'>quam</span> <span class='ocrx_word' id='word_1_423' title='bbox 1244 3290 1554 3362; x_wconf 88' lang='lat' dir='ltr'>accepistis</span> <span class='ocrx_word' id='word_1_424' title='bbox 1579 3295 1636 3347; x_wconf 90' lang='lat' dir='ltr'>et</span> <span class='ocrx_word' id='word_1_425' title='bbox 1656 3309 1757 3363; x_wconf 92' lang='lat' dir='ltr'>per</span> 
     </span>
    </p>
   </div>
   <div class='ocr_carea' id='block_1_78' title="bbox 97 3374 1755 3452">
    <p class='ocr_par' dir='ltr' id='par_1_78' title="bbox 97 3374 1755 3452">
     <span class='ocr_line' id='line_1_78' title="bbox 97 3374 1755 3452; baseline 0.001 -21"><span class='ocrx_word' id='word_1_426' title='bbox 97 3379 376 3432; x_wconf 87' lang='lat' dir='ltr'>sanctum</span> <span class='ocrx_word' id='word_1_427' title='bbox 407 3374 810 3448; x_wconf 78' lang='lat' dir='ltr'>Evangelium,</span> <span class='ocrx_word' id='word_1_428' title='bbox 844 3380 900 3433; x_wconf 90' lang='lat' dir='ltr'>et</span> <span class='ocrx_word' id='word_1_429' title='bbox 946 3394 1051 3449; x_wconf 89' lang='lat' dir='ltr'>per</span> <span class='ocrx_word' id='word_1_430' title='bbox 1098 3377 1245 3433; x_wconf 89' lang='lat' dir='ltr'>istas</span> <span class='ocrx_word' id='word_1_431' title='bbox 1292 3376 1570 3450; x_wconf 88' lang='lat' dir='ltr'>reliquias</span> <span class='ocrx_word' id='word_1_432' title='bbox 1629 3396 1755 3452; x_wconf 70' lang='lat' dir='ltr'>qua:</span> 
     </span>
    </p>
   </div>
   <div class='ocr_carea' id='block_1_79' title="bbox 93 3462 1753 3539">
    <p class='ocr_par' dir='ltr' id='par_1_79' title="bbox 93 3462 1753 3539">
     <span class='ocr_line' id='line_1_79' title="bbox 93 3462 1753 3539; baseline 0.004 -21"><span class='ocrx_word' id='word_1_433' title='bbox 93 3464 158 3519; x_wconf 90' lang='lat' dir='ltr'>in</span> <span class='ocrx_word' id='word_1_434' title='bbox 210 3462 326 3520; x_wconf 87' lang='lat' dir='ltr'>ista</span> <span class='ocrx_word' id='word_1_435' title='bbox 379 3464 624 3521; x_wconf 88' lang='lat' dir='ltr'>ecclesia</span> <span class='ocrx_word' id='word_1_436' title='bbox 670 3469 832 3534; x_wconf 86' lang='lat' dir='ltr'>sunt,</span> <span class='ocrx_word' id='word_1_437' title='bbox 883 3470 948 3521; x_wconf 89' lang='lat' dir='ltr'>ut</span> <span class='ocrx_word' id='word_1_438' title='bbox 992 3483 1107 3522; x_wconf 89' lang='lat' dir='ltr'>non</span> <span class='ocrx_word' id='word_1_439' title='bbox 1163 3468 1533 3539; x_wconf 66' lang='lat' dir='ltr'>praesumatis</span> <span class='ocrx_word' id='word_1_440' title='bbox 1580 3472 1753 3538; x_wconf 86' lang='lat' dir='ltr'>(mas)</span> 
     </span>
    </p>
   </div>
   <div class='ocr_carea' id='block_1_80' title="bbox 92 3552 1752 3627">
    <p class='ocr_par' dir='ltr' id='par_1_80' title="bbox 92 3552 1752 3627">
     <span class='ocr_line' id='line_1_80' title="bbox 92 3552 1752 3627; baseline 0.002 -20"><span class='ocrx_word' id='word_1_441' title='bbox 92 3552 220 3608; x_wconf 92' lang='lat' dir='ltr'>ullo</span> <span class='ocrx_word' id='word_1_442' title='bbox 254 3553 426 3609; x_wconf 92' lang='lat' dir='ltr'>modo</span> <span class='ocrx_word' id='word_1_443' title='bbox 450 3554 885 3610; x_wconf 88' lang='lat' dir='ltr'>communicare</span> <span class='ocrx_word' id='word_1_444' title='bbox 918 3571 1108 3627; x_wconf 90' lang='lat' dir='ltr'>neque</span> <span class='ocrx_word' id='word_1_445' title='bbox 1140 3555 1409 3612; x_wconf 87' lang='lat' dir='ltr'>accedere</span> <span class='ocrx_word' id='word_1_446' title='bbox 1450 3557 1521 3611; x_wconf 89' lang='lat' dir='ltr'>ad</span> <span class='ocrx_word' id='word_1_447' title='bbox 1551 3556 1752 3625; x_wconf 88' lang='lat' dir='ltr'>altare,</span> 
     </span>
    </p>
   </div>
   <div class='ocr_carea' id='block_1_81' title="bbox 90 3641 1757 3717">
    <p class='ocr_par' dir='ltr' id='par_1_81' title="bbox 90 3641 1757 3717">
     <span class='ocr_line' id='line_1_81' title="bbox 90 3641 1757 3717; baseline 0.002 -20"><span class='ocrx_word' id='word_1_448' title='bbox 90 3641 143 3697; x_wconf 87' lang='lat' dir='ltr'>si</span> <span class='ocrx_word' id='word_1_449' title='bbox 177 3658 282 3698; x_wconf 89' lang='lat' dir='ltr'>vos</span> <span class='ocrx_word' id='word_1_450' title='bbox 313 3642 401 3713; x_wconf 86' lang='lat' dir='ltr'>(tu</span> <span class='ocrx_word' id='word_1_451' title='bbox 434 3641 544 3698; x_wconf 88' lang='lat' dir='ltr'>hoc</span> <span class='ocrx_word' id='word_1_452' title='bbox 572 3641 797 3700; x_wconf 83' lang='lat' dir='ltr'>fecistis</span> <span class='ocrx_word' id='word_1_453' title='bbox 828 3643 940 3714; x_wconf 89' lang='lat' dir='ltr'>(ti,)</span> <span class='ocrx_word' id='word_1_454' title='bbox 970 3650 1072 3700; x_wconf 90' lang='lat' dir='ltr'>aut</span> <span class='ocrx_word' id='word_1_455' title='bbox 1100 3644 1488 3701; x_wconf 87' lang='lat' dir='ltr'>consensistis</span> <span class='ocrx_word' id='word_1_456' title='bbox 1508 3644 1621 3717; x_wconf 90' lang='lat' dir='ltr'>(ti),</span> <span class='ocrx_word' id='word_1_457' title='bbox 1654 3649 1757 3701; x_wconf 90' lang='lat' dir='ltr'>aut</span> 
     </span>
    </p>
   </div>
   <div class='ocr_carea' id='block_1_82' title="bbox 89 3729 1759 3807">
    <p class='ocr_par' dir='ltr' id='par_1_82' title="bbox 89 3729 1759 3807">
     <span class='ocr_line' id='line_1_82' title="bbox 89 3729 1759 3807; baseline 0.002 -19"><span class='ocrx_word' id='word_1_458' title='bbox 89 3729 264 3788; x_wconf 87' lang='lat' dir='ltr'>scitis</span> <span class='ocrx_word' id='word_1_459' title='bbox 297 3730 505 3802; x_wconf 86' lang='lat' dir='ltr'>(scisti)</span> <span class='ocrx_word' id='word_1_460' title='bbox 558 3730 693 3803; x_wconf 86' lang='lat' dir='ltr'>quis</span> <span class='ocrx_word' id='word_1_461' title='bbox 753 3731 861 3788; x_wconf 89' lang='lat' dir='ltr'>hoc</span> <span class='ocrx_word' id='word_1_462' title='bbox 908 3733 1127 3790; x_wconf 88' lang='lat' dir='ltr'>fecerit.</span> <span class='ocrx_word' id='word_1_463' title='bbox 1190 3736 1299 3790; x_wconf 83' lang='lat' dir='ltr'>Hic</span> <span class='ocrx_word' id='word_1_464' title='bbox 1350 3735 1625 3807; x_wconf 85' lang='lat' dir='ltr'>incipiunt</span> <span class='ocrx_word' id='word_1_465' title='bbox 1671 3736 1759 3791; x_wconf 73' lang='lat' dir='ltr'><strong><em>VII</em></strong></span> 
     </span>
    </p>
   </div>
   <div class='ocr_carea' id='block_1_83' title="bbox 84 3820 1283 3895">
    <p class='ocr_par' dir='ltr' id='par_1_83' title="bbox 84 3820 1283 3895">
     <span class='ocr_line' id='line_1_83' title="bbox 84 3820 1283 3895; baseline 0.004 -21"><span class='ocrx_word' id='word_1_466' title='bbox 84 3820 301 3891; x_wconf 78' lang='lat' dir='ltr'>psalmi</span> <span class='ocrx_word' id='word_1_467' title='bbox 324 3821 645 3891; x_wconf 78' lang='lat' dir='ltr'>pauitantia.</span> <span class='ocrx_word' id='word_1_468' title='bbox 678 3821 745 3877; x_wconf 83' lang='lat' dir='ltr'>Et</span> <span class='ocrx_word' id='word_1_469' title='bbox 773 3837 1001 3895; x_wconf 78' lang='lat' dir='ltr'>sequens</span> <span class='ocrx_word' id='word_1_470' title='bbox 1031 3825 1283 3879; x_wconf 77' lang='lat' dir='ltr'>Latonia.</span> 
     </span>
    </p>
   </div>
   <div class='ocr_carea' id='block_1_84' title="bbox 90 3906 1430 3981">
    <p class='ocr_par' dir='ltr' id='par_1_84' title="bbox 90 3906 1430 3981">
     <span class='ocr_line' id='line_1_84' title="bbox 90 3906 1430 3981; baseline 0.004 -18"><span class='ocrx_word' id='word_1_471' title='bbox 90 3906 490 3981; x_wconf 83' lang='lat' dir='ltr'>Kyrieleyson.</span> <span class='ocrx_word' id='word_1_472' title='bbox 526 3908 696 3981; x_wconf 81' lang='lat' dir='ltr'>Xpel.</span> <span class='ocrx_word' id='word_1_473' title='bbox 986 3910 1044 3967; x_wconf 90' lang='lat' dir='ltr'>S.</span> <span class='ocrx_word' id='word_1_474' title='bbox 1078 3912 1312 3968; x_wconf 88' lang='lat' dir='ltr'>Jacobe.</span> <span class='ocrx_word' id='word_1_475' title='bbox 1346 3930 1430 3969; x_wconf 92' lang='lat' dir='ltr'>or.</span> 
     </span>
    </p>
   </div>
   <div class='ocr_carea' id='block_1_85' title="bbox 88 3996 1477 4073">
    <p class='ocr_par' dir='ltr' id='par_1_85' title="bbox 88 3996 1477 4073">
     <span class='ocr_line' id='line_1_85' title="bbox 88 3996 1477 4073; baseline 0.001 -20"><span class='ocrx_word' id='word_1_476' title='bbox 88 3996 327 4053; x_wconf 86' lang='lat' dir='ltr'>Christe</span> <span class='ocrx_word' id='word_1_477' title='bbox 358 3998 497 4053; x_wconf 87' lang='lat' dir='ltr'>audi</span> <span class='ocrx_word' id='word_1_478' title='bbox 531 4015 660 4055; x_wconf 91' lang='lat' dir='ltr'>nos.</span> <span class='ocrx_word' id='word_1_479' title='bbox 984 4004 1042 4055; x_wconf 94' lang='lat'>8.</span> <span class='ocrx_word' id='word_1_480' title='bbox 1075 4000 1359 4073; x_wconf 88' lang='lat' dir='ltr'>Philippe.</span> <span class='ocrx_word' id='word_1_481' title='bbox 1392 4018 1477 4056; x_wconf 90' lang='lat' dir='ltr'>or.</span> 
     </span>
    </p>
   </div>
   <div class='ocr_carea' id='block_1_86' title="bbox 90 4083 1604 4160">
    <p class='ocr_par' dir='ltr' id='par_1_86' title="bbox 90 4083 1604 4160">
     <span class='ocr_line' id='line_1_86' title="bbox 90 4083 1604 4160; baseline 0.003 -18"><span class='ocrx_word' id='word_1_482' title='bbox 90 4083 360 4142; x_wconf 82' lang='lat' dir='ltr'>Salvator</span> <span class='ocrx_word' id='word_1_483' title='bbox 390 4087 619 4143; x_wconf 91' lang='lat' dir='ltr'>mundi.</span> <span class='ocrx_word' id='word_1_484' title='bbox 655 4086 868 4160; x_wconf 82' lang='lat' dir='ltr'>adjuva</span> <span class='ocrx_word' id='word_1_485' title='bbox 976 4089 1034 4144; x_wconf 90' lang='lat' dir='ltr'>S.</span> <span class='ocrx_word' id='word_1_486' title='bbox 1069 4088 1490 4145; x_wconf 88' lang='lat' dir='ltr'>Bartholomee.</span> <span class='ocrx_word' id='word_1_487' title='bbox 1524 4108 1604 4146; x_wconf 92' lang='lat' dir='ltr'>or.</span> 
     </span>
    </p>
   </div>
   <div class='ocr_carea' id='block_1_87' title="bbox 169 4177 1464 4234">
    <p class='ocr_par' dir='ltr' id='par_1_87' title="bbox 169 4177 1464 4234">
     <span class='ocr_line' id='line_1_87' title="bbox 169 4177 1464 4234; baseline 0.004 -5"><span class='ocrx_word' id='word_1_488' title='bbox 169 4189 298 4229; x_wconf 91' lang='lat' dir='ltr'>nos.</span> <span class='ocrx_word' id='word_1_489' title='bbox 982 4177 1040 4232; x_wconf 89' lang='lat' dir='ltr'>S.</span> <span class='ocrx_word' id='word_1_490' title='bbox 1072 4177 1346 4234; x_wconf 88' lang='lat' dir='ltr'>Matthee.</span> <span class='ocrx_word' id='word_1_491' title='bbox 1380 4195 1464 4234; x_wconf 89' lang='lat' dir='ltr'>or.</span> 
     </span>
    </p>
   </div>
   <div class='ocr_carea' id='block_1_88' title="bbox 94 4261 1415 4323">
    <p class='ocr_par' dir='ltr' id='par_1_88' title="bbox 94 4261 1415 4323">
     <span class='ocr_line' id='line_1_88' title="bbox 94 4261 1415 4323; baseline 0.005 -6"><span class='ocrx_word' id='word_1_492' title='bbox 94 4263 229 4318; x_wconf 90' lang='lat' dir='ltr'>Sea.</span> <span class='ocrx_word' id='word_1_493' title='bbox 264 4261 466 4319; x_wconf 87' lang='lat' dir='ltr'>Maria.</span> <span class='ocrx_word' id='word_1_494' title='bbox 500 4279 586 4319; x_wconf 93' lang='lat' dir='ltr'>or.</span> <span class='ocrx_word' id='word_1_495' title='bbox 987 4265 1044 4321; x_wconf 91' lang='lat' dir='ltr'>S.</span> <span class='ocrx_word' id='word_1_496' title='bbox 1075 4265 1301 4323; x_wconf 90' lang='lat' dir='ltr'>Thoma</span> <span class='ocrx_word' id='word_1_497' title='bbox 1329 4284 1415 4323; x_wconf 91' lang='lat' dir='ltr'>or.</span> 
     </span>
    </p>
   </div>
   <div class='ocr_carea' id='block_1_89' title="bbox 92 4349 1482 4412">
    <p class='ocr_par' dir='ltr' id='par_1_89' title="bbox 92 4349 1482 4412">
     <span class='ocr_line' id='line_1_89' title="bbox 92 4349 1482 4412; baseline 0.004 -6"><span class='ocrx_word' id='word_1_498' title='bbox 92 4352 154 4406; x_wconf 89' lang='lat'>8.</span> <span class='ocrx_word' id='word_1_499' title='bbox 190 4349 455 4407; x_wconf 86' lang='lat' dir='ltr'>Michael.</span> <span class='ocrx_word' id='word_1_500' title='bbox 491 4368 577 4408; x_wconf 89' lang='lat' dir='ltr'>or.</span> <span class='ocrx_word' id='word_1_501' title='bbox 991 4355 1049 4410; x_wconf 88' lang='lat' dir='ltr'>S.</span> <span class='ocrx_word' id='word_1_502' title='bbox 1084 4355 1363 4412; x_wconf 78' lang='lat' dir='ltr'>Tliathee.</span> <span class='ocrx_word' id='word_1_503' title='bbox 1397 4373 1482 4412; x_wconf 91' lang='lat' dir='ltr'>or.</span> 
     </span>
    </p>
   </div>
   <div class='ocr_carea' id='block_1_90' title="bbox 92 4438 1425 4501">
    <p class='ocr_par' dir='ltr' id='par_1_90' title="bbox 92 4438 1425 4501">
     <span class='ocr_line' id='line_1_90' title="bbox 92 4438 1425 4501; baseline 0.005 -6"><span class='ocrx_word' id='word_1_504' title='bbox 92 4445 153 4495; x_wconf 83' lang='lat'>8.</span> <span class='ocrx_word' id='word_1_505' title='bbox 190 4438 440 4495; x_wconf 88' lang='lat' dir='ltr'>Gabriel.</span> <span class='ocrx_word' id='word_1_506' title='bbox 474 4457 559 4496; x_wconf 92' lang='lat' dir='ltr'>or.</span> <span class='ocrx_word' id='word_1_507' title='bbox 994 4444 1053 4499; x_wconf 91' lang='lat' dir='ltr'>S.</span> <span class='ocrx_word' id='word_1_508' title='bbox 1086 4444 1305 4501; x_wconf 88' lang='lat' dir='ltr'>Simon.</span> <span class='ocrx_word' id='word_1_509' title='bbox 1341 4461 1425 4500; x_wconf 91' lang='lat' dir='ltr'>or.</span> 
     </span>
    </p>
   </div>
   <div class='ocr_carea' id='block_1_91' title="bbox 92 4526 1462 4600">
    <p class='ocr_par' dir='ltr' id='par_1_91' title="bbox 92 4526 1462 4600">
     <span class='ocr_line' id='line_1_91' title="bbox 92 4526 1462 4600; baseline 0.004 -18"><span class='ocrx_word' id='word_1_510' title='bbox 92 4528 154 4583; x_wconf 90' lang='lat' dir='ltr'>S.</span> <span class='ocrx_word' id='word_1_511' title='bbox 192 4526 470 4600; x_wconf 80' lang='lat' dir='ltr'>Raphael.</span> <span class='ocrx_word' id='word_1_512' title='bbox 502 4545 586 4585; x_wconf 92' lang='lat' dir='ltr'>or.</span> <span class='ocrx_word' id='word_1_513' title='bbox 989 4531 1049 4587; x_wconf 91' lang='lat' dir='ltr'>S.</span> <span class='ocrx_word' id='word_1_514' title='bbox 1083 4531 1345 4589; x_wconf 83' lang='lat' dir='ltr'>Matthia.</span> <span class='ocrx_word' id='word_1_515' title='bbox 1378 4551 1462 4590; x_wconf 92' lang='lat' dir='ltr'>or.</span> 
     </span>
    </p>
   </div>
   <div class='ocr_carea' id='block_1_92' title="bbox 93 4616 1490 4690">
    <p class='ocr_par' dir='ltr' id='par_1_92' title="bbox 93 4616 1490 4690">
     <span class='ocr_line' id='line_1_92' title="bbox 93 4616 1490 4690; baseline 0.004 -18"><span class='ocrx_word' id='word_1_516' title='bbox 93 4617 309 4672; x_wconf 89' lang='lat' dir='ltr'>Omnes</span> <span class='ocrx_word' id='word_1_517' title='bbox 334 4616 417 4672; x_wconf 87' lang='lat' dir='ltr'>sci</span> <span class='ocrx_word' id='word_1_518' title='bbox 448 4617 640 4690; x_wconf 86' lang='lat' dir='ltr'>angeli</span> <span class='ocrx_word' id='word_1_519' title='bbox 674 4621 732 4675; x_wconf 90' lang='lat' dir='ltr'>et</span> <span class='ocrx_word' id='word_1_520' title='bbox 763 4635 850 4674; x_wconf 84' lang='lat' dir='ltr'>ar-</span> <span class='ocrx_word' id='word_1_521' title='bbox 994 4620 1053 4675; x_wconf 89' lang='lat' dir='ltr'>S.</span> <span class='ocrx_word' id='word_1_522' title='bbox 1087 4620 1372 4677; x_wconf 88' lang='lat' dir='ltr'>Barnaba.</span> <span class='ocrx_word' id='word_1_523' title='bbox 1406 4640 1490 4678; x_wconf 91' lang='lat' dir='ltr'>or.</span> 
     </span>
    </p>
   </div>
   <div class='ocr_carea' id='block_1_93' title="bbox 165 4702 1401 4780">
    <p class='ocr_par' dir='ltr' id='par_1_93' title="bbox 165 4702 1401 4780">
     <span class='ocr_line' id='line_1_93' title="bbox 165 4702 1401 4780; baseline 0.004 -20"><span class='ocrx_word' id='word_1_524' title='bbox 165 4702 453 4777; x_wconf 88' lang='lat' dir='ltr'>changeli.</span> <span class='ocrx_word' id='word_1_525' title='bbox 484 4710 646 4763; x_wconf 86' lang='lat' dir='ltr'>orate</span> <span class='ocrx_word' id='word_1_526' title='bbox 676 4725 799 4780; x_wconf 91' lang='lat' dir='ltr'>pro.</span> <span class='ocrx_word' id='word_1_527' title='bbox 989 4709 1048 4766; x_wconf 90' lang='lat' dir='ltr'>S.</span> <span class='ocrx_word' id='word_1_528' title='bbox 1078 4709 1286 4765; x_wconf 87' lang='lat' dir='ltr'>Marce.</span> <span class='ocrx_word' id='word_1_529' title='bbox 1318 4726 1401 4765; x_wconf 93' lang='lat' dir='ltr'>or.</span> 
     </span>
    </p>
   </div>
   <div class='ocr_carea' id='block_1_94' title="bbox 91 4794 1377 4855">
    <p class='ocr_par' dir='ltr' id='par_1_94' title="bbox 91 4794 1377 4855">
     <span class='ocr_line' id='line_1_94' title="bbox 91 4794 1377 4855; baseline 0.002 -4"><span class='ocrx_word' id='word_1_530' title='bbox 91 4797 151 4851; x_wconf 91' lang='lat' dir='ltr'>S.</span> <span class='ocrx_word' id='word_1_531' title='bbox 188 4794 463 4851; x_wconf 81' lang='lat' dir='ltr'>Joannes.</span> <span class='ocrx_word' id='word_1_532' title='bbox 500 4812 585 4851; x_wconf 87' lang='lat' dir='ltr'>or.</span> <span class='ocrx_word' id='word_1_533' title='bbox 987 4799 1047 4854; x_wconf 87' lang='lat'>8.</span> <span class='ocrx_word' id='word_1_534' title='bbox 1085 4799 1261 4854; x_wconf 88' lang='lat' dir='ltr'>Luca.</span> <span class='ocrx_word' id='word_1_535' title='bbox 1294 4815 1377 4855; x_wconf 91' lang='lat' dir='ltr'>or.</span> 
     </span>
    </p>
   </div>
   <div class='ocr_carea' id='block_1_95' title="bbox 92 4883 494 4939">
    <p class='ocr_par' dir='ltr' id='par_1_95' title="bbox 92 4883 494 4939">
     <span class='ocr_line' id='line_1_95' title="bbox 92 4883 494 4939; baseline -0.002 0"><span class='ocrx_word' id='word_1_536' title='bbox 92 4886 153 4939; x_wconf 85' lang='lat'>8.</span> <span class='ocrx_word' id='word_1_537' title='bbox 189 4883 375 4938; x_wconf 84' lang='lat' dir='ltr'>Patre.</span> <span class='ocrx_word' id='word_1_538' title='bbox 408 4900 494 4938; x_wconf 91' lang='lat' dir='ltr'>or.</span> 
     </span>
    </p>
   </div>
   <div class='ocr_carea' id='block_1_96' title="bbox 95 4971 508 5028">
    <p class='ocr_par' dir='ltr' id='par_1_96' title="bbox 95 4971 508 5028">
     <span class='ocr_line' id='line_1_96' title="bbox 95 4971 508 5028; baseline 0 0"><span class='ocrx_word' id='word_1_539' title='bbox 95 4974 156 5028; x_wconf 90' lang='lat' dir='ltr'>S.</span> <span class='ocrx_word' id='word_1_540' title='bbox 191 4971 387 5027; x_wconf 84' lang='lat' dir='ltr'>Paule.</span> <span class='ocrx_word' id='word_1_541' title='bbox 420 4989 508 5028; x_wconf 91' lang='lat' dir='ltr'>or.</span> 
     </span>
    </p>
   </div>
   <div class='ocr_carea' id='block_1_97' title="bbox 99 5060 563 5117">
    <p class='ocr_par' dir='ltr' id='par_1_97' title="bbox 99 5060 563 5117">
     <span class='ocr_line' id='line_1_97' title="bbox 99 5060 563 5117; baseline -0.002 0"><span class='ocrx_word' id='word_1_542' title='bbox 99 5062 159 5117; x_wconf 92' lang='lat' dir='ltr'>S.</span> <span class='ocrx_word' id='word_1_543' title='bbox 193 5060 441 5117; x_wconf 87' lang='lat' dir='ltr'>Andrea.</span> <span class='ocrx_word' id='word_1_544' title='bbox 476 5078 563 5117; x_wconf 93' lang='lat' dir='ltr'>or.</span> 
     </span>
    </p>
   </div>
   <div class='ocr_carea' id='block_1_98' title="bbox 1005 4886 1631 4961">
    <p class='ocr_par' dir='ltr' id='par_1_98' title="bbox 1005 4886 1631 4961">
     <span class='ocr_line' id='line_1_98' title="bbox 1005 4886 1631 4961; baseline 0.002 -19"><span class='ocrx_word' id='word_1_545' title='bbox 1005 4888 1222 4943; x_wconf 90' lang='lat' dir='ltr'>Omnes</span> <span class='ocrx_word' id='word_1_546' title='bbox 1253 4886 1333 4942; x_wconf 90' lang='lat' dir='ltr'>sci</span> <span class='ocrx_word' id='word_1_547' title='bbox 1364 4887 1512 4961; x_wconf 86' lang='lat' dir='ltr'>Apli.</span> <span class='ocrx_word' id='word_1_548' title='bbox 1548 4902 1631 4944; x_wconf 89' lang='lat' dir='ltr'>or.</span> 
     </span>
    </p>
   </div>
   <div class='ocr_carea' id='block_1_99' title="bbox 1000 4975 1520 5048">
    <p class='ocr_par' dir='ltr' id='par_1_99' title="bbox 1000 4975 1520 5048">
     <span class='ocr_line' id='line_1_99' title="bbox 1000 4975 1520 5048; baseline 0.004 -18"><span class='ocrx_word' id='word_1_549' title='bbox 1000 4975 1056 5030; x_wconf 87' lang='lat' dir='ltr'>S.</span> <span class='ocrx_word' id='word_1_550' title='bbox 1094 4976 1409 5048; x_wconf 85' lang='lat' dir='ltr'>Stephane.</span> <span class='ocrx_word' id='word_1_551' title='bbox 1437 4994 1520 5032; x_wconf 92' lang='lat' dir='ltr'>or.</span> 
     </span>
    </p>
   </div>
   <div class='ocr_carea' id='block_1_100' title="bbox 999 5064 1506 5123">
    <p class='ocr_par' dir='ltr' id='par_1_100' title="bbox 999 5064 1506 5123">
     <span class='ocr_line' id='line_1_100' title="bbox 999 5064 1506 5123; baseline 0.006 -3"><span class='ocrx_word' id='word_1_552' title='bbox 999 5065 1059 5120; x_wconf 91' lang='lat' dir='ltr'>S.</span> <span class='ocrx_word' id='word_1_553' title='bbox 1094 5064 1389 5121; x_wconf 87' lang='lat' dir='ltr'>Laurenti.</span> <span class='ocrx_word' id='word_1_554' title='bbox 1423 5083 1506 5123; x_wconf 88' lang='lat' dir='ltr'>or.</span> 
     </span>
    </p>
   </div>
   <div class='ocr_carea' id='block_1_101' title="bbox 174 5240 1759 5312">
    <p class='ocr_par' dir='ltr' id='par_1_101' title="bbox 174 5240 1759 5312">
     <span class='ocr_line' id='line_1_101' title="bbox 174 5240 1759 5312; baseline 0.004 -18"><span class='ocrx_word' id='word_1_555' title='bbox 174 5240 321 5312; x_wconf 73' lang='lat'>(250)</span> <span class='ocrx_word' id='word_1_556' title='bbox 355 5240 545 5296; x_wconf 85' lang='lat' dir='ltr'>Codex</span> <span class='ocrx_word' id='word_1_557' title='bbox 571 5240 669 5296; x_wconf 88' lang='lat' dir='ltr'>hic</span> <span class='ocrx_word' id='word_1_558' title='bbox 699 5242 772 5298; x_wconf 92' lang='lat' dir='ltr'>ab</span> <span class='ocrx_word' id='word_1_559' title='bbox 796 5240 961 5297; x_wconf 88' lang='lat' dir='ltr'>initio</span> <span class='ocrx_word' id='word_1_560' title='bbox 993 5244 1181 5299; x_wconf 84' lang='lat' dir='ltr'>ettine</span> <span class='ocrx_word' id='word_1_561' title='bbox 1205 5244 1540 5308; x_wconf 89' lang='lat' dir='ltr'>mancus,in</span> <span class='ocrx_word' id='word_1_562' title='bbox 1565 5246 1759 5302; x_wconf 89' lang='lat' dir='ltr'>medio</span> 
     </span>
    </p>
   </div>
   <div class='ocr_carea' id='block_1_102' title="bbox 99 5311 1758 5400">
    <p class='ocr_par' dir='ltr' id='par_1_102' title="bbox 99 5311 1758 5400">
     <span class='ocr_line' id='line_1_102' title="bbox 99 5311 1758 5400; baseline 0.005 -35"><span class='ocrx_word' id='word_1_563' title='bbox 99 5311 655 5400; x_wconf 10' lang='lat' dir='ltr'>qpﬁoquerrquasdam</span> <span class='ocrx_word' id='word_1_564' title='bbox 679 5312 857 5400; x_wconf 71' lang='lat' dir='ltr'>habet</span> <span class='ocrx_word' id='word_1_565' title='bbox 887 5312 1129 5400; x_wconf 45' lang='lat' dir='ltr'>lacu‘nas</span> <span class='ocrx_word' id='word_1_566' title='bbox 1158 5332 1172 5382; x_wconf 85' lang='lat'><strong>;</strong></span> <span class='ocrx_word' id='word_1_567' title='bbox 1197 5331 1344 5400; x_wconf 77' lang='lat' dir='ltr'>quas</span> <span class='ocrx_word' id='word_1_568' title='bbox 1364 5314 1758 5400; x_wconf 35' lang='lat' dir='ltr'>aliup&#39;de‘sup-</span> 
     </span>
    </p>
   </div>
   <div class='ocr_carea' id='block_1_103' title="bbox 143 5381 1761 5445">
    <p class='ocr_par' dir='ltr' id='par_1_103' title="bbox 143 5381 1761 5445">
     <span class='ocr_line' id='line_1_103' title="bbox 143 5381 1761 5445; baseline 0.004 -9"><span class='ocrx_word' id='word_1_569' title='bbox 143 5381 258 5437; x_wconf 86' lang='lat' dir='ltr'>lere</span> <span class='ocrx_word' id='word_1_570' title='bbox 285 5381 445 5437; x_wconf 80' lang='lat' dir='ltr'>haud</span> <span class='ocrx_word' id='word_1_571' title='bbox 481 5381 651 5438; x_wconf 83' lang='lat' dir='ltr'>facile</span> <span class='ocrx_word' id='word_1_572' title='bbox 684 5383 879 5445; x_wconf 86' lang='lat' dir='ltr'>fuerit,</span> <span class='ocrx_word' id='word_1_573' title='bbox 907 5386 1062 5439; x_wconf 89' lang='lat' dir='ltr'>unde</span> <span class='ocrx_word' id='word_1_574' title='bbox 1083 5381 1375 5441; x_wconf 28' lang='lat' dir='ltr'>ea&#39;solum</span> <span class='ocrx_word' id='word_1_575' title='bbox 1398 5404 1465 5443; x_wconf 85' lang='lat' dir='ltr'>ex</span> <span class='ocrx_word' id='word_1_576' title='bbox 1480 5381 1761 5444; x_wconf 67' lang='lat' dir='ltr'>lliartenio</span> 
     </span>
    </p>
   </div>
   <div class='ocr_carea' id='block_1_104' title="bbox 104 5401 1762 5528">
    <p class='ocr_par' dir='ltr' id='par_1_104' title="bbox 104 5401 1762 5528">
     <span class='ocr_line' id='line_1_104' title="bbox 147 5401 1761 5445; baseline 0.004 -9"><span class='ocrx_word' id='word_1_577' title='bbox 147 5401 258 5437; x_wconf 77' lang='lat' dir='ltr'>lere</span> <span class='ocrx_word' id='word_1_578' title='bbox 285 5401 445 5437; x_wconf 88' lang='lat' dir='ltr'>naua</span> <span class='ocrx_word' id='word_1_579' title='bbox 481 5401 651 5438; x_wconf 76' lang='lat'>180118</span> <span class='ocrx_word' id='word_1_580' title='bbox 684 5401 879 5445; x_wconf 79' lang='lat' dir='ltr'>luem,</span> <span class='ocrx_word' id='word_1_581' title='bbox 907 5401 1062 5439; x_wconf 82' lang='lat' dir='ltr'>unae</span> <span class='ocrx_word' id='word_1_582' title='bbox 1083 5402 1151 5441; x_wconf 81' lang='lat' dir='ltr'>ea</span> <span class='ocrx_word' id='word_1_583' title='bbox 1184 5401 1375 5441; x_wconf 77' lang='lat' dir='ltr'>selum</span> <span class='ocrx_word' id='word_1_584' title='bbox 1398 5404 1465 5443; x_wconf 85' lang='lat' dir='ltr'>ex</span> <span class='ocrx_word' id='word_1_585' title='bbox 1480 5401 1761 5444; x_wconf 86' lang='lat' dir='ltr'>Martemo</span> 
     </span>
     <span class='ocr_line' id='line_1_105' title="bbox 104 5401 1762 5528; baseline 0.004 -20"><span class='ocrx_word' id='word_1_586' title='bbox 104 5401 311 5508; x_wconf 59' lang='lat' dir='ltr'>litteris</span> <span class='ocrx_word' id='word_1_587' title='bbox 342 5453 700 5528; x_wconf 85' lang='lat' dir='ltr'>minusculis</span> <span class='ocrx_word' id='word_1_588' title='bbox 732 5455 1545 5528; x_wconf 82' lang='lat' dir='ltr'>restituimus,quaeinnostro</span> <span class='ocrx_word' id='word_1_589' title='bbox 1564 5460 1762 5515; x_wconf 87' lang='lat' dir='ltr'>codice</span> 
     </span>
    </p>
   </div>
   <div class='ocr_carea' id='block_1_105' title="bbox 102 5524 1759 5595">
    <p class='ocr_par' dir='ltr' id='par_1_105' title="bbox 102 5524 1759 5595">
     <span class='ocr_line' id='line_1_106' title="bbox 102 5524 1759 5595; baseline 0.003 -15"><span class='ocrx_word' id='word_1_590' title='bbox 102 5528 388 5580; x_wconf 85' lang='lat' dir='ltr'>vetustate</span> <span class='ocrx_word' id='word_1_591' title='bbox 417 5524 506 5579; x_wconf 90' lang='lat' dir='ltr'>vel</span> <span class='ocrx_word' id='word_1_592' title='bbox 554 5540 744 5595; x_wconf 79' lang='lat' dir='ltr'>exesa,</span> <span class='ocrx_word' id='word_1_593' title='bbox 792 5526 881 5581; x_wconf 90' lang='lat' dir='ltr'>vel</span> <span class='ocrx_word' id='word_1_594' title='bbox 928 5528 1099 5582; x_wconf 87' lang='lat' dir='ltr'>atrita</span> <span class='ocrx_word' id='word_1_595' title='bbox 1130 5524 1289 5583; x_wconf 82' lang='lat' dir='ltr'>sunt.</span> <span class='ocrx_word' id='word_1_596' title='bbox 1324 5529 1511 5585; x_wconf 86' lang='lat' dir='ltr'>Facile</span> <span class='ocrx_word' id='word_1_597' title='bbox 1561 5536 1759 5586; x_wconf 92' lang='lat' dir='ltr'>autem</span> 
     </span>
    </p>
   </div>
   <div class='ocr_carea' id='block_1_106' title="bbox 104 5595 1758 5674">
    <p class='ocr_par' dir='ltr' id='par_1_106' title="bbox 104 5595 1758 5674">
     <span class='ocr_line' id='line_1_107' title="bbox 104 5595 1758 5674; baseline 0.003 -19"><span class='ocrx_word' id='word_1_598' title='bbox 104 5595 281 5674; x_wconf 85' lang='lat' dir='ltr'>liquet</span> <span class='ocrx_word' id='word_1_599' title='bbox 306 5600 500 5654; x_wconf 87' lang='lat' dir='ltr'>totam</span> <span class='ocrx_word' id='word_1_600' title='bbox 535 5595 779 5655; x_wconf 86' lang='lat' dir='ltr'>missam</span> <span class='ocrx_word' id='word_1_601' title='bbox 810 5596 906 5653; x_wconf 90' lang='lat' dir='ltr'>hic</span> <span class='ocrx_word' id='word_1_602' title='bbox 950 5598 1131 5655; x_wconf 86' lang='lat' dir='ltr'>fuisse</span> <span class='ocrx_word' id='word_1_603' title='bbox 1160 5599 1432 5673; x_wconf 84' lang='lat' dir='ltr'>positam,</span> <span class='ocrx_word' id='word_1_604' title='bbox 1476 5616 1651 5673; x_wconf 88' lang='lat' dir='ltr'>quam</span> <span class='ocrx_word' id='word_1_605' title='bbox 1685 5601 1758 5660; x_wconf 86' lang='lat' dir='ltr'>ad</span> 
     </span>
    </p>
   </div>
   <div class='ocr_carea' id='block_1_107' title="bbox 1866 3285 2972 3358">
    <p class='ocr_par' dir='ltr' id='par_1_107' title="bbox 1866 3285 2972 3358">
     <span class='ocr_line' id='line_1_108' title="bbox 1866 3285 2972 3358; baseline -0.005 -14"><span class='ocrx_word' id='word_1_606' title='bbox 1866 3289 1971 3344; x_wconf 89' lang='lat' dir='ltr'>Per</span> <span class='ocrx_word' id='word_1_607' title='bbox 2001 3303 2231 3343; x_wconf 88' lang='lat' dir='ltr'>crucem</span> <span class='ocrx_word' id='word_1_608' title='bbox 2263 3289 2319 3341; x_wconf 90' lang='lat' dir='ltr'>et</span> <span class='ocrx_word' id='word_1_609' title='bbox 2349 3285 2681 3358; x_wconf 88' lang='lat' dir='ltr'>passionem</span> <span class='ocrx_word' id='word_1_610' title='bbox 2712 3288 2895 3340; x_wconf 89' lang='lat' dir='ltr'>tuam.</span> <span class='ocrx_word' id='word_1_611' title='bbox 2930 3285 2972 3340; x_wconf 88' lang='grc' dir='ltr'>Ι.</span> 
     </span>
    </p>
   </div>
   <div class='ocr_carea' id='block_1_108' title="bbox 1864 3373 2794 3448">
    <p class='ocr_par' dir='ltr' id='par_1_108' title="bbox 1864 3373 2794 3448">
     <span class='ocr_line' id='line_1_109' title="bbox 1864 3373 2794 3448; baseline -0.005 -15"><span class='ocrx_word' id='word_1_612' title='bbox 1864 3379 2220 3434; x_wconf 84' lang='lat' dir='ltr'>Peccatores.</span> <span class='ocrx_word' id='word_1_613' title='bbox 2255 3380 2310 3430; x_wconf 89' lang='lat' dir='ltr'>te</span> <span class='ocrx_word' id='word_1_614' title='bbox 2335 3390 2609 3448; x_wconf 83' lang='lat' dir='ltr'>rogamus</span> <span class='ocrx_word' id='word_1_615' title='bbox 2637 3373 2794 3430; x_wconf 91' lang='lat' dir='ltr'>audi.</span> 
     </span>
    </p>
   </div>
   <div class='ocr_carea' id='block_1_109' title="bbox 1864 3463 2711 3538">
    <p class='ocr_par' dir='ltr' id='par_1_109' title="bbox 1864 3463 2711 3538">
     <span class='ocr_line' id='line_1_110' title="bbox 1864 3463 2711 3538; baseline -0.006 -16"><span class='ocrx_word' id='word_1_616' title='bbox 1864 3466 1938 3522; x_wconf 92' lang='lat' dir='ltr'>Ut</span> <span class='ocrx_word' id='word_1_617' title='bbox 1968 3482 2171 3538; x_wconf 89' lang='lat' dir='ltr'>pacem</span> <span class='ocrx_word' id='word_1_618' title='bbox 2204 3463 2373 3519; x_wconf 91' lang='lat' dir='ltr'>nobis</span> <span class='ocrx_word' id='word_1_619' title='bbox 2403 3465 2604 3519; x_wconf 92' lang='lat' dir='ltr'>dones.</span> <span class='ocrx_word' id='word_1_620' title='bbox 2635 3467 2711 3518; x_wconf 91' lang='lat' dir='ltr'>te.</span> 
     </span>
    </p>
   </div>
   <div class='ocr_carea' id='block_1_110' title="bbox 1865 3553 2813 3611">
    <p class='ocr_par' dir='ltr' id='par_1_110' title="bbox 1865 3553 2813 3611">
     <span class='ocr_line' id='line_1_111' title="bbox 1865 3553 2813 3611; baseline -0.003 0"><span class='ocrx_word' id='word_1_621' title='bbox 1865 3555 1937 3611; x_wconf 91' lang='lat' dir='ltr'>Ut</span> <span class='ocrx_word' id='word_1_622' title='bbox 1963 3553 2274 3610; x_wconf 88' lang='lat' dir='ltr'>sanitatem</span> <span class='ocrx_word' id='word_1_623' title='bbox 2310 3553 2478 3608; x_wconf 90' lang='lat' dir='ltr'>nobis</span> <span class='ocrx_word' id='word_1_624' title='bbox 2501 3553 2702 3608; x_wconf 87' lang='lat' dir='ltr'>dones.</span> <span class='ocrx_word' id='word_1_625' title='bbox 2736 3556 2813 3608; x_wconf 89' lang='lat' dir='ltr'>te.</span> 
     </span>
    </p>
   </div>
   <div class='ocr_carea' id='block_1_111' title="bbox 1863 3640 3436 3717">
    <p class='ocr_par' dir='ltr' id='par_1_111' title="bbox 1863 3640 3436 3717">
     <span class='ocr_line' id='line_1_112' title="bbox 1863 3640 3436 3717; baseline 0 -18"><span class='ocrx_word' id='word_1_626' title='bbox 1863 3644 1937 3699; x_wconf 89' lang='lat' dir='ltr'>Ut</span> <span class='ocrx_word' id='word_1_627' title='bbox 1966 3642 2373 3699; x_wconf 88' lang='lat' dir='ltr'>remissionem</span> <span class='ocrx_word' id='word_1_628' title='bbox 2405 3644 2772 3713; x_wconf 86' lang='lat' dir='ltr'>peccatorum</span> <span class='ocrx_word' id='word_1_629' title='bbox 2803 3640 2971 3696; x_wconf 90' lang='lat' dir='ltr'>nobis</span> <span class='ocrx_word' id='word_1_630' title='bbox 3002 3641 3201 3698; x_wconf 87' lang='lat' dir='ltr'>dones.</span> <span class='ocrx_word' id='word_1_631' title='bbox 3230 3646 3286 3699; x_wconf 88' lang='lat' dir='ltr'>te</span> <span class='ocrx_word' id='word_1_632' title='bbox 3313 3659 3436 3717; x_wconf 90' lang='lat' dir='ltr'>rog.</span> 
     </span>
    </p>
   </div>
   <div class='ocr_carea' id='block_1_112' title="bbox 1863 3730 3277 3805">
    <p class='ocr_par' dir='ltr' id='par_1_112' title="bbox 1863 3730 3277 3805">
     <span class='ocr_line' id='line_1_113' title="bbox 1863 3730 3277 3805; baseline 0 -17"><span class='ocrx_word' id='word_1_633' title='bbox 1863 3733 1935 3789; x_wconf 91' lang='lat' dir='ltr'>Ut</span> <span class='ocrx_word' id='word_1_634' title='bbox 1964 3732 2115 3788; x_wconf 87' lang='lat' dir='ltr'>aeris</span> <span class='ocrx_word' id='word_1_635' title='bbox 2144 3730 2485 3805; x_wconf 88' lang='lat' dir='ltr'>temperiem</span> <span class='ocrx_word' id='word_1_636' title='bbox 2517 3731 2731 3786; x_wconf 87' lang='lat' dir='ltr'>bonam</span> <span class='ocrx_word' id='word_1_637' title='bbox 2765 3730 2934 3786; x_wconf 89' lang='lat' dir='ltr'>nobis</span> <span class='ocrx_word' id='word_1_638' title='bbox 2964 3730 3168 3787; x_wconf 89' lang='lat' dir='ltr'>dones.</span> <span class='ocrx_word' id='word_1_639' title='bbox 3203 3736 3277 3789; x_wconf 92' lang='lat' dir='ltr'>te.</span> 
     </span>
    </p>
   </div>
   <div class='ocr_carea' id='block_1_113' title="bbox 1862 3817 2901 3895">
    <p class='ocr_par' dir='ltr' id='par_1_113' title="bbox 1862 3817 2901 3895">
     <span class='ocr_line' id='line_1_114' title="bbox 1862 3817 2901 3895; baseline -0.004 -17"><span class='ocrx_word' id='word_1_640' title='bbox 1862 3822 1935 3878; x_wconf 90' lang='lat' dir='ltr'>Ut</span> <span class='ocrx_word' id='word_1_641' title='bbox 1964 3823 2161 3895; x_wconf 85' lang='lat' dir='ltr'>fruges</span> <span class='ocrx_word' id='word_1_642' title='bbox 2192 3825 2357 3876; x_wconf 63' lang='lat' dir='ltr'>terra;</span> <span class='ocrx_word' id='word_1_643' title='bbox 2390 3817 2560 3875; x_wconf 91' lang='lat' dir='ltr'>nobis</span> <span class='ocrx_word' id='word_1_644' title='bbox 2594 3819 2795 3891; x_wconf 87' lang='lat' dir='ltr'>dones,</span> <span class='ocrx_word' id='word_1_645' title='bbox 2827 3822 2901 3876; x_wconf 90' lang='lat' dir='ltr'>te.</span> 
     </span>
    </p>
   </div>
   <div class='ocr_carea' id='block_1_114' title="bbox 1862 3907 3506 3986">
    <p class='ocr_par' dir='ltr' id='par_1_114' title="bbox 1862 3907 3506 3986">
     <span class='ocr_line' id='line_1_115' title="bbox 1862 3907 3506 3986; baseline 0 -18"><span class='ocrx_word' id='word_1_646' title='bbox 1862 3911 1935 3968; x_wconf 88' lang='lat' dir='ltr'>Ut</span> <span class='ocrx_word' id='word_1_647' title='bbox 1965 3913 2249 3968; x_wconf 83' lang='lat' dir='ltr'>domuum</span> <span class='ocrx_word' id='word_1_648' title='bbox 2302 3907 2687 3982; x_wconf 88' lang='lat' dir='ltr'>apostolicum</span> <span class='ocrx_word' id='word_1_649' title='bbox 2732 3909 2789 3963; x_wconf 90' lang='lat' dir='ltr'>in</span> <span class='ocrx_word' id='word_1_650' title='bbox 2824 3912 3024 3965; x_wconf 88' lang='lat' dir='ltr'>sancta</span> <span class='ocrx_word' id='word_1_651' title='bbox 3063 3910 3341 3986; x_wconf 87' lang='lat' dir='ltr'>religione</span> <span class='ocrx_word' id='word_1_652' title='bbox 3369 3929 3506 3968; x_wconf 87' lang='lat' dir='ltr'>con-</span> 
     </span>
    </p>
   </div>
   <div class='ocr_carea' id='block_1_115' title="bbox 1933 3986 3541 4072">
    <p class='ocr_par' dir='ltr' id='par_1_115' title="bbox 1933 3986 3541 4072">
     <span class='ocr_line' id='line_1_116' title="bbox 1933 3986 3541 4072; baseline -0.002 -15"><span class='ocrx_word' id='word_1_653' title='bbox 1933 4017 2162 4057; x_wconf 89' lang='lat' dir='ltr'>servare</span> <span class='ocrx_word' id='word_1_654' title='bbox 2188 3998 2467 4072; x_wconf 87' lang='lat' dir='ltr'>digneris,</span> <span class='ocrx_word' id='word_1_655' title='bbox 2499 4002 2556 4054; x_wconf 89' lang='lat' dir='ltr'>te</span> <span class='ocrx_word' id='word_1_656' title='bbox 2584 4013 2709 4071; x_wconf 88' lang='lat' dir='ltr'>rog.</span> <span class='ocrx_word' id='word_1_657' title='bbox 3534 3986 3541 3993; x_wconf 61' lang='grc'><em>’</em></span> 
     </span>
    </p>
   </div>
   <div class='ocr_carea' id='block_1_116' title="bbox 1861 4087 3510 4164">
    <p class='ocr_par' dir='ltr' id='par_1_116' title="bbox 1861 4087 3510 4164">
     <span class='ocr_line' id='line_1_117' title="bbox 1861 4087 3510 4164; baseline 0 -18"><span class='ocrx_word' id='word_1_658' title='bbox 1861 4090 1935 4146; x_wconf 90' lang='lat' dir='ltr'>Ut</span> <span class='ocrx_word' id='word_1_659' title='bbox 1965 4105 2159 4163; x_wconf 86' lang='lat' dir='ltr'>regem</span> <span class='ocrx_word' id='word_1_660' title='bbox 2194 4093 2462 4145; x_wconf 89' lang='lat' dir='ltr'>nostrum</span> <span class='ocrx_word' id='word_1_661' title='bbox 2484 4090 2541 4145; x_wconf 88' lang='lat' dir='ltr'>et</span> <span class='ocrx_word' id='word_1_662' title='bbox 2558 4087 2874 4144; x_wconf 87' lang='lat' dir='ltr'>exercitum</span> <span class='ocrx_word' id='word_1_663' title='bbox 2895 4088 3360 4147; x_wconf 88' lang='lat' dir='ltr'>Christianorum</span> <span class='ocrx_word' id='word_1_664' title='bbox 3384 4108 3510 4164; x_wconf 89' lang='lat' dir='ltr'>per-</span> 
     </span>
    </p>
   </div>
   <div class='ocr_carea' id='block_1_117' title="bbox 1930 4177 2885 4254">
    <p class='ocr_par' dir='ltr' id='par_1_117' title="bbox 1930 4177 2885 4254">
     <span class='ocr_line' id='line_1_118' title="bbox 1930 4177 2885 4254; baseline -0.004 -19"><span class='ocrx_word' id='word_1_665' title='bbox 1930 4183 2109 4254; x_wconf 89' lang='lat' dir='ltr'>petua</span> <span class='ocrx_word' id='word_1_666' title='bbox 2139 4177 2527 4250; x_wconf 86' lang='lat' dir='ltr'>prosperitate</span> <span class='ocrx_word' id='word_1_667' title='bbox 2557 4192 2885 4232; x_wconf 87' lang='lat' dir='ltr'>conserves.</span> 
     </span>
    </p>
   </div>
   <div class='ocr_carea' id='block_1_118' title="bbox 1860 4266 3508 4335">
    <p class='ocr_par' dir='ltr' id='par_1_118' title="bbox 1860 4266 3508 4335">
     <span class='ocr_line' id='line_1_119' title="bbox 1860 4266 3508 4335; baseline 0 -12"><span class='ocrx_word' id='word_1_668' title='bbox 1860 4267 1935 4323; x_wconf 91' lang='lat' dir='ltr'>Ut</span> <span class='ocrx_word' id='word_1_669' title='bbox 1963 4268 2048 4323; x_wconf 90' lang='lat' dir='ltr'>eis</span> <span class='ocrx_word' id='word_1_670' title='bbox 2101 4266 2304 4334; x_wconf 88' lang='lat' dir='ltr'>vitam,</span> <span class='ocrx_word' id='word_1_671' title='bbox 2355 4266 2666 4322; x_wconf 89' lang='lat' dir='ltr'>sanitatem</span> <span class='ocrx_word' id='word_1_672' title='bbox 2715 4268 2889 4335; x_wconf 87' lang='lat' dir='ltr'>atque</span> <span class='ocrx_word' id='word_1_673' title='bbox 2937 4266 3240 4323; x_wconf 81' lang='lat' dir='ltr'>victoriam</span> <span class='ocrx_word' id='word_1_674' title='bbox 3293 4268 3508 4324; x_wconf 89' lang='lat' dir='ltr'>donare</span> 
     </span>
    </p>
   </div>
   <div class='ocr_carea' id='block_1_119' title="bbox 1930 4355 2570 4429">
    <p class='ocr_par' dir='ltr' id='par_1_119' title="bbox 1930 4355 2570 4429">
     <span class='ocr_line' id='line_1_120' title="bbox 1930 4355 2570 4429; baseline -0.003 -18"><span class='ocrx_word' id='word_1_675' title='bbox 1930 4355 2207 4429; x_wconf 88' lang='lat' dir='ltr'>digneris.</span> <span class='ocrx_word' id='word_1_676' title='bbox 2237 4356 2317 4410; x_wconf 90' lang='lat' dir='ltr'>Te</span> <span class='ocrx_word' id='word_1_677' title='bbox 2347 4370 2570 4427; x_wconf 84' lang='lat' dir='ltr'>regam.</span> 
     </span>
    </p>
   </div>
   <div class='ocr_carea' id='block_1_120' title="bbox 1858 4442 3213 4517">
    <p class='ocr_par' dir='ltr' id='par_1_120' title="bbox 1858 4442 3213 4517">
     <span class='ocr_line' id='line_1_121' title="bbox 1858 4442 3213 4517; baseline -0.001 -16"><span class='ocrx_word' id='word_1_678' title='bbox 1858 4445 1966 4501; x_wconf 87' lang='lat' dir='ltr'>Pro</span> <span class='ocrx_word' id='word_1_679' title='bbox 1998 4444 2179 4515; x_wconf 87' lang='lat' dir='ltr'>hujus</span> <span class='ocrx_word' id='word_1_680' title='bbox 2210 4442 2426 4515; x_wconf 88' lang='lat' dir='ltr'>negotii</span> <span class='ocrx_word' id='word_1_681' title='bbox 2458 4442 2762 4513; x_wconf 89' lang='lat' dir='ltr'>qualitate.</span> <span class='ocrx_word' id='word_1_682' title='bbox 2795 4446 2875 4500; x_wconf 90' lang='lat' dir='ltr'>Te</span> <span class='ocrx_word' id='word_1_683' title='bbox 2897 4460 3019 4517; x_wconf 88' lang='lat' dir='ltr'>rog.</span> <span class='ocrx_word' id='word_1_684' title='bbox 3053 4444 3213 4499; x_wconf 87' lang='lat' dir='ltr'>audi.</span> 
     </span>
    </p>
   </div>
   <div class='ocr_carea' id='block_1_121' title="bbox 1780 4530 3510 4620">
    <p class='ocr_par' dir='ltr' id='par_1_121' title="bbox 1780 4530 3510 4620">
     <span class='ocr_line' id='line_1_122' title="bbox 1780 4530 3510 4620; baseline -0.001 -30"><span class='ocrx_word' id='word_1_685' title='bbox 1780 4555 1827 4620; x_wconf 76' lang='grc' dir='ltr'>Ι)</span> <span class='ocrx_word' id='word_1_686' title='bbox 1859 4533 1931 4590; x_wconf 92' lang='lat' dir='ltr'>Ut</span> <span class='ocrx_word' id='word_1_687' title='bbox 1953 4532 2191 4606; x_wconf 89' lang='lat' dir='ltr'>justicie</span> <span class='ocrx_word' id='word_1_688' title='bbox 2220 4548 2336 4620; x_wconf 83' lang='lat' dir='ltr'>non</span> <span class='ocrx_word' id='word_1_689' title='bbox 2371 4530 2709 4620; x_wconf 88' lang='lat' dir='ltr'>dominetur</span> <span class='ocrx_word' id='word_1_690' title='bbox 2752 4531 3054 4605; x_wconf 90' lang='lat' dir='ltr'>iniquitas,</span> <span class='ocrx_word' id='word_1_691' title='bbox 3089 4533 3189 4588; x_wconf 91' lang='lat' dir='ltr'>sed</span> <span class='ocrx_word' id='word_1_692' title='bbox 3221 4532 3510 4588; x_wconf 89' lang='lat' dir='ltr'>subdatur</span> 
     </span>
    </p>
   </div>
   <div class='ocr_carea' id='block_1_122' title="bbox 1935 4619 2705 4694">
    <p class='ocr_par' dir='ltr' id='par_1_122' title="bbox 1935 4619 2705 4694">
     <span class='ocr_line' id='line_1_123' title="bbox 1935 4619 2705 4694; baseline 0 -17"><span class='ocrx_word' id='word_1_693' title='bbox 1935 4621 2159 4678; x_wconf 87' lang='lat' dir='ltr'>falsitas</span> <span class='ocrx_word' id='word_1_694' title='bbox 2190 4619 2437 4677; x_wconf 87' lang='lat' dir='ltr'>veritati.</span> <span class='ocrx_word' id='word_1_695' title='bbox 2474 4620 2554 4675; x_wconf 91' lang='lat' dir='ltr'>Te</span> <span class='ocrx_word' id='word_1_696' title='bbox 2584 4637 2705 4694; x_wconf 91' lang='lat' dir='ltr'>rog.</span> 
     </span>
    </p>
   </div>
   <div class='ocr_carea' id='block_1_123' title="bbox 1863 4708 3435 4784">
    <p class='ocr_par' dir='ltr' id='par_1_123' title="bbox 1863 4708 3435 4784">
     <span class='ocr_line' id='line_1_124' title="bbox 1863 4708 3435 4784; baseline -0.002 -15"><span class='ocrx_word' id='word_1_697' title='bbox 1863 4712 1938 4769; x_wconf 89' lang='lat' dir='ltr'>Ut</span> <span class='ocrx_word' id='word_1_698' title='bbox 1961 4712 2192 4784; x_wconf 89' lang='lat' dir='ltr'>justum</span> <span class='ocrx_word' id='word_1_699' title='bbox 2218 4708 2509 4781; x_wconf 83' lang='lat' dir='ltr'>judicium</span> <span class='ocrx_word' id='word_1_700' title='bbox 2538 4709 2864 4766; x_wconf 84' lang='lat' dir='ltr'>discernere</span> <span class='ocrx_word' id='word_1_701' title='bbox 2891 4709 3169 4783; x_wconf 88' lang='lat' dir='ltr'>digneris.</span> <span class='ocrx_word' id='word_1_702' title='bbox 3203 4711 3282 4766; x_wconf 92' lang='lat' dir='ltr'>Te</span> <span class='ocrx_word' id='word_1_703' title='bbox 3313 4727 3435 4784; x_wconf 89' lang='lat' dir='ltr'>rog.</span> 
     </span>
    </p>
   </div>
   <div class='ocr_carea' id='block_1_124' title="bbox 1864 4799 2662 4872">
    <p class='ocr_par' dir='ltr' id='par_1_124' title="bbox 1864 4799 2662 4872">
     <span class='ocr_line' id='line_1_125' title="bbox 1864 4799 2662 4872; baseline -0.006 -13"><span class='ocrx_word' id='word_1_704' title='bbox 1864 4803 1973 4859; x_wconf 84' lang='lat' dir='ltr'>Fili</span> <span class='ocrx_word' id='word_1_705' title='bbox 1998 4803 2115 4866; x_wconf 84' lang='lat' dir='ltr'>Dei,</span> <span class='ocrx_word' id='word_1_706' title='bbox 2149 4809 2201 4856; x_wconf 86' lang='lat' dir='ltr'>te</span> <span class='ocrx_word' id='word_1_707' title='bbox 2226 4816 2480 4872; x_wconf 77' lang='lat' dir='ltr'>rogamus</span> <span class='ocrx_word' id='word_1_708' title='bbox 2510 4799 2662 4855; x_wconf 88' lang='lat' dir='ltr'>audi.</span> 
     </span>
    </p>
   </div>
   <div class='ocr_carea' id='block_1_125' title="bbox 1865 4888 3509 4964">
    <p class='ocr_par' dir='ltr' id='par_1_125' title="bbox 1865 4888 3509 4964">
     <span class='ocr_line' id='line_1_126' title="bbox 1865 4888 3509 4964; baseline 0.002 -19"><span class='ocrx_word' id='word_1_709' title='bbox 1865 4895 2066 4964; x_wconf 84' lang='lat' dir='ltr'>Agnus</span> <span class='ocrx_word' id='word_1_710' title='bbox 2093 4890 2191 4945; x_wconf 91' lang='lat' dir='ltr'>Dei</span> <span class='ocrx_word' id='word_1_711' title='bbox 2220 4890 2319 4961; x_wconf 90' lang='lat' dir='ltr'>qui</span> <span class='ocrx_word' id='word_1_712' title='bbox 2344 4888 2499 4945; x_wconf 87' lang='lat' dir='ltr'>tollis</span> <span class='ocrx_word' id='word_1_713' title='bbox 2532 4893 2766 4961; x_wconf 88' lang='lat' dir='ltr'>peccata</span> <span class='ocrx_word' id='word_1_714' title='bbox 2787 4888 3013 4958; x_wconf 89' lang='lat' dir='ltr'>mundi,</span> <span class='ocrx_word' id='word_1_715' title='bbox 3033 4888 3308 4945; x_wconf 87' lang='lat' dir='ltr'>miserere</span> <span class='ocrx_word' id='word_1_716' title='bbox 3321 4891 3509 4948; x_wconf 89' lang='lat' dir='ltr'>nobis.</span> 
     </span>
    </p>
   </div>
   <div class='ocr_carea' id='block_1_126' title="bbox 1865 4977 3244 5052">
    <p class='ocr_par' dir='ltr' id='par_1_126' title="bbox 1865 4977 3244 5052">
     <span class='ocr_line' id='line_1_127' title="bbox 1865 4977 3244 5052; baseline -0.001 -18"><span class='ocrx_word' id='word_1_717' title='bbox 1865 4982 2065 5052; x_wconf 89' lang='lat' dir='ltr'>Agnus</span> <span class='ocrx_word' id='word_1_718' title='bbox 2095 4978 2194 5035; x_wconf 81' lang='lat' dir='ltr'>Dei</span> <span class='ocrx_word' id='word_1_719' title='bbox 2230 4979 2330 5050; x_wconf 90' lang='lat' dir='ltr'>qui</span> <span class='ocrx_word' id='word_1_720' title='bbox 2361 4977 2519 5051; x_wconf 64' lang='lat' dir='ltr'>tollis</span> <span class='ocrx_word' id='word_1_721' title='bbox 2553 4982 2787 5050; x_wconf 89' lang='lat' dir='ltr'>peccata</span> <span class='ocrx_word' id='word_1_722' title='bbox 2817 4977 3019 5033; x_wconf 89' lang='lat' dir='ltr'>mundi</span> <span class='ocrx_word' id='word_1_723' title='bbox 3054 4995 3244 5050; x_wconf 88' lang='lat' dir='ltr'>parce.</span> 
     </span>
    </p>
   </div>
   <div class='ocr_carea' id='block_1_127' title="bbox 1867 5067 2611 5124">
    <p class='ocr_par' dir='ltr' id='par_1_127' title="bbox 1867 5067 2611 5124">
     <span class='ocr_line' id='line_1_128' title="bbox 1867 5067 2611 5124; baseline -0.001 0"><span class='ocrx_word' id='word_1_724' title='bbox 1867 5067 2094 5124; x_wconf 89' lang='lat' dir='ltr'>Christe</span> <span class='ocrx_word' id='word_1_725' title='bbox 2124 5068 2260 5123; x_wconf 88' lang='lat' dir='ltr'>audi</span> <span class='ocrx_word' id='word_1_726' title='bbox 2294 5084 2419 5123; x_wconf 90' lang='lat' dir='ltr'>nos.</span> <span class='ocrx_word' id='word_1_727' title='bbox 2604 5070 2611 5077; x_wconf 84' lang='grc'><strong>’</strong></span> 
     </span>
    </p>
   </div>
   <div class='ocr_carea' id='block_1_128' title="bbox 1878 5245 3517 5320">
    <p class='ocr_par' dir='ltr' id='par_1_128' title="bbox 1878 5245 3517 5320">
     <span class='ocr_line' id='line_1_129' title="bbox 1878 5245 3517 5320; baseline 0 -17"><span class='ocrx_word' id='word_1_728' title='bbox 1878 5247 2203 5320; x_wconf 78' lang='lat' dir='ltr'>faciendum</span> <span class='ocrx_word' id='word_1_729' title='bbox 2229 5245 2528 5320; x_wconf 76' lang='lat' dir='ltr'>judicium</span> <span class='ocrx_word' id='word_1_730' title='bbox 2556 5245 2916 5320; x_wconf 70' lang='lat' dir='ltr'>probationis</span> <span class='ocrx_word' id='word_1_731' title='bbox 2946 5245 3252 5320; x_wconf 77' lang='lat' dir='ltr'>infrigida</span> <span class='ocrx_word' id='word_1_732' title='bbox 3273 5264 3426 5320; x_wconf 88' lang='lat' dir='ltr'>aqua</span> <span class='ocrx_word' id='word_1_733' title='bbox 3449 5263 3517 5303; x_wconf 81' lang='lat' dir='ltr'>ex</span> 
     </span>
    </p>
   </div>
   <div class='ocr_carea' id='block_1_129' title="bbox 1875 5316 3520 5374">
    <p class='ocr_par' dir='ltr' id='par_1_129' title="bbox 1875 5316 3520 5374">
     <span class='ocr_line' id='line_1_130' title="bbox 1875 5316 3520 5374; baseline -0.001 0"><span class='ocrx_word' id='word_1_734' title='bbox 1875 5336 1986 5374; x_wconf 88' lang='lat' dir='ltr'>ms.</span> <span class='ocrx_word' id='word_1_735' title='bbox 2019 5318 2215 5373; x_wconf 89' lang='lat' dir='ltr'>codice</span> <span class='ocrx_word' id='word_1_736' title='bbox 2234 5316 2299 5372; x_wconf 53' lang='lat'>&#39;8.</span> <span class='ocrx_word' id='word_1_737' title='bbox 2316 5316 2572 5372; x_wconf 80' lang='lat' dir='ltr'>Victoris</span> <span class='ocrx_word' id='word_1_738' title='bbox 2586 5316 2929 5374; x_wconf 89' lang='lat' dir='ltr'>Parisiensis</span> <span class='ocrx_word' id='word_1_739' title='bbox 2944 5316 3179 5374; x_wconf 68' lang='lat' dir='ltr'>exhibét</span> <span class='ocrx_word' id='word_1_740' title='bbox 3202 5316 3355 5374; x_wconf 81' lang='lat' dir='ltr'>idem</span> <span class='ocrx_word' id='word_1_741' title='bbox 3374 5320 3520 5373; x_wconf 77' lang='lat' dir='ltr'>Mar-</span> 
     </span>
    </p>
   </div>
   <div class='ocr_carea' id='block_1_130' title="bbox 1874 5388 3515 5461">
    <p class='ocr_par' dir='ltr' id='par_1_130' title="bbox 1874 5388 3515 5461">
     <span class='ocr_line' id='line_1_131' title="bbox 1874 5388 3515 5461; baseline -0.002 -17"><span class='ocrx_word' id='word_1_742' title='bbox 1874 5390 2087 5455; x_wconf 84' lang='lat' dir='ltr'>lenius,</span> <span class='ocrx_word' id='word_1_743' title='bbox 2119 5393 2165 5461; x_wconf 90' lang='lat' dir='ltr'>_t.</span> <span class='ocrx_word' id='word_1_744' title='bbox 2198 5388 2246 5461; x_wconf 80' lang='lat' dir='ltr'>ll</span> <span class='ocrx_word' id='word_1_745' title='bbox 2278 5390 2353 5461; x_wconf 88' lang='lat' dir='ltr'>_de_</span> <span class='ocrx_word' id='word_1_746' title='bbox 2394 5388 2656 5461; x_wconf 86' lang='lat' dir='ltr'>antiquis</span> <span class='ocrx_word' id='word_1_747' title='bbox 2705 5389 2974 5445; x_wconf 67' lang='lat' dir='ltr'>Ecclesia:</span> <span class='ocrx_word' id='word_1_748' title='bbox 3011 5389 3265 5454; x_wconf 84' lang='lat' dir='ltr'>Ritibus,</span> <span class='ocrx_word' id='word_1_749' title='bbox 3299 5407 3369 5461; x_wconf 39' lang='lat' dir='ltr'>pL</span> <span class='ocrx_word' id='word_1_750' title='bbox 3388 5391 3515 5442; x_wconf 85' lang='grc'>942.</span> 
     </span>
    </p>
   </div>
   <div class='ocr_carea' id='block_1_131' title="bbox 1875 5458 3518 5528">
    <p class='ocr_par' dir='ltr' id='par_1_131' title="bbox 1875 5458 3518 5528">
     <span class='ocr_line' id='line_1_132' title="bbox 1875 5458 3518 5528; baseline -0.001 -13"><span class='ocrx_word' id='word_1_751' title='bbox 1875 5463 2009 5526; x_wconf 73' lang='lat' dir='ltr'>Qua:</span> <span class='ocrx_word' id='word_1_752' title='bbox 2040 5458 2195 5515; x_wconf 91' lang='lat' dir='ltr'>enim</span> <span class='ocrx_word' id='word_1_753' title='bbox 2230 5459 2324 5513; x_wconf 91' lang='lat' dir='ltr'>hic</span> <span class='ocrx_word' id='word_1_754' title='bbox 2342 5458 2633 5514; x_wconf 85' lang='lat' dir='ltr'>habentur</span> <span class='ocrx_word' id='word_1_755' title='bbox 2647 5461 2720 5515; x_wconf 90' lang='lat' dir='ltr'>ab</span> <span class='ocrx_word' id='word_1_756' title='bbox 2753 5460 3155 5528; x_wconf 84' lang='lat' dir='ltr'>initio,ultima</span> <span class='ocrx_word' id='word_1_757' title='bbox 3174 5458 3315 5515; x_wconf 80' lang='lat' dir='ltr'>sunt</span> <span class='ocrx_word' id='word_1_758' title='bbox 3332 5459 3518 5514; x_wconf 87' lang='lat' dir='ltr'>Evan-</span> 
     </span>
    </p>
   </div>
   <div class='ocr_carea' id='block_1_132' title="bbox 1872 5529 3520 5603">
    <p class='ocr_par' dir='ltr' id='par_1_132' title="bbox 1872 5529 3520 5603">
     <span class='ocr_line' id='line_1_133' title="bbox 1872 5529 3520 5603; baseline 0 -17"><span class='ocrx_word' id='word_1_759' title='bbox 1872 5530 2017 5603; x_wconf 77' lang='lat' dir='ltr'>gelii</span> <span class='ocrx_word' id='word_1_760' title='bbox 2039 5529 2254 5603; x_wconf 82' lang='lat' dir='ltr'>ibidem</span> <span class='ocrx_word' id='word_1_761' title='bbox 2289 5547 2590 5603; x_wconf 85' lang='lat' dir='ltr'>perperam</span> <span class='ocrx_word' id='word_1_762' title='bbox 2622 5546 2689 5585; x_wconf 81' lang='lat' dir='ltr'>ex</span> <span class='ocrx_word' id='word_1_763' title='bbox 2714 5531 2938 5603; x_wconf 77' lang='lat' dir='ltr'>Joanne</span> <span class='ocrx_word' id='word_1_764' title='bbox 2968 5532 3289 5598; x_wconf 87' lang='lat' dir='ltr'>citati,cum</span> <span class='ocrx_word' id='word_1_765' title='bbox 3311 5529 3520 5586; x_wconf 83' lang='lat' dir='ltr'>habea-</span> 
     </span>
    </p>
   </div>
   <div class='ocr_carea' id='block_1_133' title="bbox 1874 5600 3491 5661">
    <p class='ocr_par' dir='ltr' id='par_1_133' title="bbox 1874 5600 3491 5661">
     <span class='ocr_line' id='line_1_134' title="bbox 1874 5600 3491 5661; baseline -0.001 -2"><span class='ocrx_word' id='word_1_766' title='bbox 1874 5600 1971 5659; x_wconf 74' lang='lat' dir='ltr'>tur</span> <span class='ocrx_word' id='word_1_767' title='bbox 2000 5600 2177 5660; x_wconf 88' lang='lat' dir='ltr'>Marci</span> <span class='ocrx_word' id='word_1_768' title='bbox 2206 5600 2412 5659; x_wconf 64' lang='lat' dir='ltr'>x1.&#39;8ic</span> <span class='ocrx_word' id='word_1_769' title='bbox 2437 5617 2569 5660; x_wconf 89' lang='lat' dir='ltr'>vero</span> <span class='ocrx_word' id='word_1_770' title='bbox 2602 5602 2829 5661; x_wconf 88' lang='lat' dir='ltr'>orditur</span> <span class='ocrx_word' id='word_1_771' title='bbox 2856 5603 3052 5660; x_wconf 85' lang='lat' dir='ltr'>codex.</span> <span class='ocrx_word' id='word_1_772' title='bbox 3486 5626 3491 5635; x_wconf 90' lang='lat'><em>-</em></span> 
     </span>
    </p>
   </div>
  </div>
