3892 6212
353 294 512 361 “35

1138 291 1480 352 APPEND.
1520 289 1623 349 AD
1670 286 1858 349 SzEC.
1903 284 1977 344 Χ.
2013 317 2089 326 -
2119 270 2617 345 MONUMENTA
2662 283 2979 346 LITURG.

3652 277 3797 336 “33)

428 426 825 501 Kyrieleyson.
892 424 1122 480 Christe
1165 422 1237 479 el.
1298 420 1511 496 Kyriel.
1568 420 1736 475 Pater
1789 420 2005 473 noster.
2036 415 2093 483 Α
2122 415 2403 487 digneris,
2435 417 2519 471 ita
2549 420 2613 471 ut
2643 417 2691 471 si
2723 416 3005 472 innocens
3032 409 3599 501 deprmnominata
3618 425 3800 501 causa,

361 517 573 572 Justus
603 532 665 571 es
696 515 840 581 Dne,
869 518 925 570 et
956 518 1176 570 rectum
1221 511 1509 584 judicium
1534 513 1724 564 tuum.
1758 507 2010 563 Ostende

354 603 533 661 nobis
564 604 687 659 Dne
718 602 1178 661 misericordiam
1230 599 1416 656 tuaml
1450 600 1514 653 Et
1544 597 1798 653 salutare
1840 600 2007 649 tuum

359 695 437 749 da
470 691 660 749 nobis.
715 691 841 751 Fiat
887 689 1290 747 misericordia
1335 692 1437 743 tua
1494 688 1614 741 Dne
1662 701 1839 757 super
1880 700 2005 739 nos.

363 779 890 847 Quemadmodum.
923 780 1200 837 Converte
1231 794 1336 833 nos
1362 775 1611 831 Deus.Et
1639 778 1830 829 averte
1860 772 2008 827 iram

358 875 520 926 tuam
555 887 589 930 a
614 868 1091 927 nobis.Miserere
1122 866 1302 921 nostri
1337 867 1478 921 Dne.
1502 864 1775 919 Miserere
1800 860 2006 917 nostri.

357 960 485 1014 Non
519 958 691 1017 nobis
727 963 846 1017 Dne
875 974 990 1014 non
1024 956 1213 1013 nobis.
1245 956 1351 1010 Sed
1400 952 1617 1009 nomini
1651 956 1754 1007 tuo
1781 951 1857 1005 da
1888 948 2009 1021 glo-

354 1048 653 1103 riam.Dne
682 1047 891 1105 exaudi
925 1044 1246 1102 orationem
1282 1060 1495 1099 meam.
1530 1045 1617 1098 I’s.
1644 1041 1796 1096 Deus
1842 1040 2010 1093 mise-

356 1140 553 1192 reatur
584 1134 788 1192 nostri.
822 1136 944 1193 Dne
978 1139 1128 1189 Deus
1167 1133 1451 1188 virtutum
1487 1134 1776 1186 converte.
1810 1129 1880 1183 Et
1915 1144 2008 1183 os-

356 1225 515 1282 tend.
549 1224 710 1280 Dnus
739 1224 1064 1283 vobiscum.
1099 1224 1168 1279 Et
1196 1238 1329 1278 cum
1360 1220 1569 1293 spiritu
1602 1224 1724 1274 tuo.

679 1329 1009 1372 BENEDlCl‘IO
1042 1327 1207 1367 FER!“
1237 1326 1548 1366 JUDlCIALIS
1591 1325 1685 1362 ΟΒ.

434 1402 679 1458 Benedic
704 1402 824 1458 Dnc
852 1418 954 1473 per
978 1398 1249 1473 potentiae
1279 1404 1389 1452 tuze
1406 1399 1675 1452 virtutem
1695 1395 1802 1450 hoc
1825 1413 2009 1469 genus

360 1490 675 1559 metalli,ut
705 1491 763 1546 in
795 1507 862 1546 eo
879 1494 1117 1561 propter
1136 1504 1351 1543 nomen
1373 1491 1641 1542 sanctum
1662 1492 1829 1541 tuum
1849 1487 2009 1541 omni

360 1583 679 1637 demonum
709 1578 959 1635 falsitate
987 1577 1186 1648 procul
1217 1582 1441 1631 remota
1462 1576 1739 1648 omnique
1769 1575 2011 1630 fascina-

358 1670 515 1724 tione
546 1673 603 1723 et
633 1666 863 1723 fallacia
884 1665 1209 1721 infidelium
1229 1664 2007 1736 sublata,verissimijudicii

2119 505 2276 560 unde
2306 506 2575 578 purgatio
2599 507 2899 577 querenda
2927 504 3165 571 est,hoc
3194 503 3441 557 ferrum
3476 499 3725 573 ignitum
3750 500 3800 554 in

2118 610 2331 649 manus
2375 594 2660 667 acceperit
2704 595 2861 666 (int),
2908 593 2999 649 vel
3045 593 3235 666 pedes
3284 588 3624 645 immiserit
3664 589 3803 657 iiut),

2119 681 2339 739 illmsus
2369 682 2430 755 (i.
2463 684 2515 746 e)
2542 688 2821 756 appareat
2848 686 2999 751 (ant)
3029 685 3088 737 et
3129 682 3183 735 si
3217 678 3563 752 culpabilis
3602 678 3707 750 {es}
3734 678 3801 733 sit
3890 742 3892 749 ι

2120 769 2281 841 (sint)
2313 776 2417 825 aut
2439 788 2575 826 reus
2598 772 2660 841 (i.
2689 774 2742 842 e)
2756 771 3099 843 justissima
3121 771 3201 825 sit
3224 770 3307 825 ad
3334 768 3456 823 hoc
3478 767 3669 823 virtus
3686 772 3801 821 tua.

2118 860 2179 915 in
2209 875 2275 915 eo
2303 877 2432 914 cum
2467 860 2708 916 veritate
2737 860 3184 925 declarandum,
3220 858 3534 931 quatinus
3575 854 3807 926 justicie
3890 886 3892 947 ι

2119 964 2233 1003 non
2265 948 2603 1003 dominetur
2628 948 3039 1020 iniquitas,sed
3071 948 3385 1003 subdatur
3408 946 3650 1000 falsitas
3668 946 3801 998 vad-
3890 1012 3892 1015 ι

2117 1037 2359 1093 tati.Per
2385 1037 2557 1106 (23%|).
2614 1037 2945 1093 Benedictio
2996 1037 3095 1092 Dei
3147 1037 3349 1091 Patris
3410 1041 3472 1090 et
3531 1034 3593 1091 Ρ.
3628 1040 3679 1089 et
3708 1039 3799 1106 Sp.

2124 1084 2273 1093 ...-..-
2298 1084 2347 1092 --
2386 1084 2557 1106 μηη-
2614 1084 2942 1093 .,-.----.----
2998 1084 3095 1092 ην-
3147 1084 3168 1091 -
3194 1084 3347 1091 ..-μη
3413 1084 3472 1090 --
3531 1084 3549 1091 _
3579 1084 3593 1088 -
3632 1084 3678 1089 ν-
3714 1084 3797 1106 Ἴ.

2120 1127 2203 1181 sci
2234 1126 2548 1183 descendat
2579 1143 2756 1198 super
2783 1125 2893 1182 hoc
2928 1127 3171 1193 ferrum,
3206 1126 3282 1181 ad
3327 1125 3799 1181 discernendum
3890 1084 3892 1195 1

2116 1231 2318 1271 verum
2350 1215 2449 1270 Dei
2474 1214 2792 1285 judicium.

2128 1324 2131 1329 ⁴
2190 1304 2378 1359 Oratio
2397 1319 2559 1376 aqua:
2588 1321 2714 1374 zgne
2740 1304 3008 1377 ferventis
3037 1304 3109 1360 ad
3143 1307 3245 1361 Dei
3261 1304 3569 1377 judicium
3595 1306 3800 1375 facie!-

2118 1393 2269 1447 ilum.
2304 1393 2457 1448 Deus
2483 1394 2666 1464 judex
2684 1393 3082 1464 justus,fortis
3114 1398 3169 1450 et
3192 1395 3576 1466 patiens,qui
3608 1402 3801 1448 auctor

2119 1499 2181 1535 es
2214 1482 2371 1554 pacis
2389 1482 2697 1553 etjudicas
2723 1483 3366 1554 mquitatemJujudica
3390 1482 3793 1555 quodjustum
3890 1488 3892 1559 Ι

2119 1576 2207 1625 est
2230 1570 2433 1637 Dne,ct
2455 1576 2675 1626 rectum
2692 1572 2988 1642 judicium
3006 1578 3197 1639 tuum,
3214 1572 3313 1644 qui
3337 1572 3605 1643 respicis
3628 1589 3795 1644 super

2053 1669 2063 1676 '
2119 1664 2357 1724 terram,
2390 1664 2448 1713 et
2482 1659 2622 1713 facis
2652 1675 2780 1715 eam
2803 1664 3070 1715 tremere.
3090 1660 3173 1715 Tu
3202 1660 3357 1715 Deus
3383 1662 3791 1732 omnipotens,
3890 1646 3892 1755 χ

360 1756 447 1813 tui
479 1755 750 1811 ﬁdelibus
783 1756 901 1811 tuis
950 1755 1165 1810 veritas
1195 1753 1452 1827 patefiat,
1484 1756 1776 1825 quatenus
1806 1752 2011 1808 lauda-
2045 1788 2090 1852 Β
2123 1748 2221 1819 qui
2240 1764 2342 1852 per
2357 1749 2674 1852 adventum
2695 1747 2823 1803 Filii
2842 1749 2924 1804 tui
2945 1749 3173 1848 Domini
3194 1750 3380 1809 nostri
3411 1749 3564 1805 Iesu

360 1844 478 1901 bile
507 1849 564 1900 et
593 1843 916 1918 gloriosum
944 1858 1155 1900 nomen
1189 1849 1357 1899 tuum
1399 1842 1456 1897 in
1507 1846 1711 1898 sancta
1758 1840 2016 1897 Ecclesia

361 1940 465 1989 tua
494 1948 730 2006 semper
757 1932 1135 2007 gloriﬁcatur.
1172 1933 1297 1987 Per.

707 2020 894 2080 Oratio
921 2028 1049 2076 ante
1069 2019 1351 2090 judicium
1379 2017 1652 2089 facienda.

435 2110 590 2165 Deus
620 2108 942 2181 psalmator
972 2107 1278 2164 hominum
1312 2113 1369 2162 et
1396 2108 1575 2162 totius
1602 2107 1879 2162 bonitatis
1911 2124 2011 2161 au-

364 2199 735 2271 ctor,respice
765 2215 943 2272 super
973 2214 1080 2253 nos
1099 2197 1351 2253 famulos
1375 2203 1503 2252 tuos
1519 2197 1586 2251 ad
1618 2201 1672 2253 te
1703 2202 1823 2251 toto
1845 2198 2016 2252 corde

366 2287 709 2349 clamantes.
733 2291 790 2345 et
811 2292 1020 2361 praesta
1044 2287 1329 2358 propitius
1352 2302 1454 2357 per
1477 2286 1863 2341 interventum
1890 2285 2016 2340 uni-

367 2376 545 2447 geniti
582 2374 709 2431 Filii
742 2376 821 2429 tui
844 2375 1067 2429 Domini
1104 2375 1283 2429 nostri
1314 2376 1451 2429 Jesu
1485 2374 1791 2441 Christi,ut
1820 2374 1879 2429 in
1908 2374 2015 2429 hoc

370 2462 822 2518 examinationis
844 2461 1067 2531 judicio
1085 2478 1198 2515 non
1239 2461 1583 2532 praevaleant
1629 2460 1827 2532 aliqua
1858 2461 2015 2517 falsi-

367 2551 508 2607 tatis
531 2549 732 2620 jaeula
764 2550 1008 2615 inimici,
1042 2550 1139 2604 sed
1178 2550 1587 2605 manifestatur
1602 2567 1702 2621 per
1731 2554 1786 2605 te
1817 2550 2019 2605 verita-

370 2640 448 2695 tis
476 2643 533 2694 et
563 2637 890 2694 declaretur
920 2638 1206 2695 rectitude
1229 2638 1485 2708 justicie.
1520 2638 1628 2693 Per
1653 2639 1924 2694 eundem.

484 2742 815 2784 BENEDICTIO
846 2744 1013 2785 FERRI
1042 2743 1351 2784 FBBVINTIS
1382 2743 1455 2782 AD
1483 2743 1749 2782 JUDICIL‘M
1780 2744 1892 2782 DEI.

444 2816 603 2872 Deus
634 2815 1022 2888 omnipotens,
1075 2816 1230 2871 Deus
1264 2815 1583 2880 Abraham,
1634 2815 1788 2872 Deus
1836 2816 2015 2884 Isaac,

370 2904 530 2960 Deus
561 2904 763 2970 Jacob,
798 2910 950 2960 Ueus
981 2905 1242 2960 omnium
1290 2905 1437 2960 bene
1482 2904 1820 2971 viventium,
1868 2910 2020 2962 Deus

369 2994 534 3066 origo
564 2996 621 3049 et
649 2992 1045 3049 manifestatio
1091 2993 1283 3053 omnis
1326 2992 1699 3065 justitiae,qui
1730 2992 1892 3050 solus
1930 3000 2021 3050 est

370 3082 476 3154 (es)
498 3083 702 3154 justus
712 3081 1088 3153 judex,fortis
1105 3088 1164 3138 et
1177 3081 1402 3154 patiens
1426 3098 1440 3148 ;
1460 3082 1701 3154 dignare
1719 3099 1826 3138 nos
1839 3099 2020 3138 exau-

2123 1837 2412 1891 mundum
2442 1836 2699 1905 salvasti,
2733 1843 2789 1892 et
2820 1854 2923 1909 per
2971 1838 3417 1893 sanctissimam
3451 1838 3787 1916 passionem

2122 1942 2309 1999 genus
2321 1924 2649 1981 humanum
2671 1926 2969 1982 redemisti
2981 1930 3064 1994 ,tu
3077 1927 3379 1982 sanctifica
3394 1925 3560 1982 hanc
3580 1944 3784 2000 aquam

2122 2015 2258 2085 igne
2287 2014 2626 2080 ferventem,
2657 2014 2759 2086 qui
2805 2018 2925 2070 tres
2977 2030 3190 2087 pueros
3230 2015 3476 2087 Sydrac.
3509 2002 3713 2089 Mysac
3737 2020 3786 2071 et

2122 2103 2436 2175 Ahdenago
2459 2103 2705 2174 jubente
2727 2118 2860 2175 rege
2889 2103 3433 2159 Nabuchodonosor
3456 2105 3515 2160 in
3560 2108 3783 2161 camino

2127 2191 2282 2261 ignis
2299 2208 2545 2246 accensa
2565 2192 2795 2247 fornace
2812 2191 3050 2249 salvasti
3070 2191 3300 2259 illaesos,
3317 2198 3371 2247 et
3388 2193 3779 2266 perangclum

2126 2287 2293 2334 tuum
2308 2279 2580 2335 eduxisti.
2596 2282 2682 2336 Tu
2711 2279 3170 2336 clementissime
3193 2280 3538 2337 dominator
3560 2288 3781 2355 pra-sta,

2126 2374 2191 2423 ut
2221 2369 2267 2423 si
2301 2369 2579 2424 innocens
2606 2373 2743 2437 (tes)
2773 2369 2842 2424 de
2868 2369 2979 2425 hoc
3010 2370 3166 2424 furto
3194 2369 3281 2423 vel
3316 2371 3389 2425 de
3422 2370 3539 2426 hoc
3592 2379 3783 2444 stupro

2127 2458 2277 2513 hanc
2307 2474 2516 2529 aquem
2551 2458 2686 2529 igne
2718 2459 3033 2513 ferventem
3062 2475 3302 2514 manum
3330 2461 3601 2531 (manusl
3624 2476 3781 2517 suam

2128 2548 2237 2619 (as)
2267 2546 2493 2601 miserit
2523 2547 2675 2614 iiut),
2708 2547 2861 2602 sicut
2885 2551 3007 2602 tres
3037 2563 3250 2619 pueros
3281 2564 3467 2620 supra
3512 2549 3707 2604 dictos
3732 2548 3780 2603 in

2128 2636 2359 2692 camino
2392 2635 2544 2705 ignis
2575 2635 2817 2702 solvisti,
2852 2641 3253 2692 etbusannam
3270 2636 3343 2691 de
3374 2637 3529 2694 falso
3544 2639 3781 2694 crimine

2125 2722 2408 2792 liberasti,
2440 2724 2522 2780 ita
2552 2724 2623 2778 de
2671 2724 2782 2779 hac
2828 2741 2983 2797 aqua
3015 2726 3153 2798 igne
3183 2727 3445 2781 fervente
3471 2725 3708 2782 salvum
3736 2734 3781 2782 et

2128 2812 2395 2868 inlaesum
2409 2813 2704 2868 educas.Si
2717 2829 2850 2869 vero
2868 2812 3543 2886 culpabilisingravante
3558 2815 3779 2871 diabolo

2128 2919 2225 2957 cor
2253 2902 2592 2956 induratum
2628 2901 3090 2974 praesumpserit,
3124 2902 3183 2957 in
3215 2902 3368 2957 hanc
3406 2920 3631 2975 aquam
3662 2906 3781 2977 igne

2126 2991 2441 3047 ferventem
2476 3007 2718 3045 manum
2745 3007 2915 3046 suam
2937 2991 3296 3058 mittere,tua
3317 2992 3667 3062 justissima
3695 3010 3778 3047 ve-

2129 3080 2271 3136 ritas
2302 3079 2409 3134 hoc
2440 3078 2715 3148 declaret,
2747 3083 2805 3133 et
2834 3080 2893 3133 in
2926 3080 3108 3152 hujus
3139 3096 3379 3152 corpore
3400 3086 3569 3138 tuam
3586 3082 3781 3138 verita-

370 3152 778 3226 dire'famulos
808 3175 942 3227 tuos
974 3152 1209 3227 orantes
1257 3171 1328 3226 ad
1380 3175 1434 3226 te
1481 3152 1583 3242 pro
1623 3170 2022 3228 benedictione
2052 3152 2097 3219 C
2128 3172 2246 3222 tem
2278 3168 2605 3233 manifesta,
2638 3170 2704 3222 ut
2733 3167 2931 3224 anima
2950 3184 3055 3241 per
3084 3169 3467 3241 penitentiam
3508 3169 3775 3231 salvetur.

373 3259 552 3330 hujus
583 3259 739 3314 ferri.
775 3258 936 3315 Unde
967 3275 1244 3331 rogamus
1275 3263 1331 3314 te
1352 3258 1596 3314 Domine
1608 3260 1869 3329 judicem
1889 3260 2021 3315 uni-

369 3363 695 3413 versorum,
738 3351 802 3403 ut
845 3347 1075 3403 mittere
1105 3347 1364 3421 digneris
1416 3352 1679 3404 sanctam
1724 3353 1782 3403 et
1824 3365 2019 3405 veram

373 3435 835 3491 benedictionem
866 3439 1030 3491 tuam
1063 3452 1240 3507 super
1269 3434 1377 3492 hoc
1408 3436 1719 3502 ferrum,ut
1744 3437 1821 3493 sit
1855 3438 2019 3493 refri-

372 3524 601 3595 gerium
632 3523 777 3578 illud
807 3524 1177 3595 portantibus
1200 3528 1256 3581 et
1276 3524 2022 3596 habentibusjustitiam,et

371 3612 744 3670 credentibus
774 3613 832 3668 in
863 3617 1027 3669 tuam
1052 3612 1347 3683 justitiam
1386 3618 1443 3668 et
1492 3613 1892 3670 fortitudinem
1919 3633 1932 3683 ;
1965 3620 2023 3672 et

371 3700 450 3755 sit
504 3699 660 3772 ignis
705 3700 919 3757 ardens
959 3700 1166 3772 iniqui,
1217 3705 1274 3757 et
1314 3700 1664 3758 facientibus
1711 3702 1932 3775 iniqua,
1965 3711 2022 3760 et

370 3788 741 3843 credentibus
772 3790 830 3843 in
860 3788 1210 3860 injustitiam
1243 3795 1505 3858 suam,et
1547 3789 1830 3861 injustam
1863 3808 2022 3864 pom-

273 3944 276 3946 γ
371 3892 507 3948 pam
540 3875 909 3933 diabolicam.
941 3878 1219 3933 Converte
1262 3878 1506 3935 Domine
1549 3879 2018 3938 incredulitatem

371 3964 726 4034 injustorum
749 3979 853 4036 per
879 3963 1151 4020 virtutem
1171 3969 1228 4020 et
1240 3982 1340 4036 per
1351 3967 1812 4024 benedictionem
1830 3975 2016 4041 tuam,

372 4054 430 4107 et
475 4069 580 4125 per
620 4051 1048 4108 invocationem
1103 4058 1317 4108 sanctae
1363 4053 1688 4121 Trinitatis,
1724 4056 1930 4123 Patris,
1962 4064 2017 4114 et

371 4139 520 4221 Filii,
549 4144 608 4196 et
635 4139 885 4212 Spiritus
916 4141 1103 4196 sancti
1129 4158 1143 4209 ;
1174 4146 1233 4196 et
1262 4141 1429 4198 mitte
1450 4142 1508 4198 in
1541 4143 1649 4199 hoc
1663 4143 1883 4202 ferrum
1900 4147 2016 4203 vim

368 4228 605 4286 virtutis
628 4234 739 4287 tum
762 4246 828 4286 ac
844 4228 1195 4298 veritatis,ut
1226 4229 1285 4285 in
1317 4246 1383 4285 eo
1410 4248 1644 4303 semper
1672 4250 1773 4304 per
1797 4234 2019 4292 miseri-
2046 4255 2057 4263 ·

368 4318 629 4375 cordiam
651 4322 708 4374 et
726 4316 1030 4374 veritatem
1065 4322 1225 4373 tuam
1273 4318 1582 4377 verissima
1604 4322 1858 4392 justitia,
1887 4340 2014 4396 quas

366 4407 472 4463 tibi
503 4406 610 4464 soli
641 4407 874 4481 cognita
904 4407 1293 4477 est,fidelibus
1309 4409 1429 4464 tuis
1446 4409 1519 4465 ad
1545 4411 2013 4469 emendationem

2130 3261 2187 3310 et
2216 3256 2265 3312 si
2295 3255 2605 3328 culpabilis
2631 3272 2734 3328 per
2761 3254 2958 3328 aliqua
2987 3255 3277 3312 maleﬁcia
3306 3262 3412 3312 aut
3442 3275 3549 3330 per
3574 3258 3777 3315 herbas

2129 3347 2367 3417 peccata
2396 3361 2504 3401 sua
2533 3343 2793 3399 contueri
2823 3343 3092 3407 voluerit,
3127 3350 3227 3400 tua
3248 3346 3489 3401 dextera
3520 3346 3633 3401 hoc
3663 3364 3776 3403 eva-

2131 3450 2302 3490 cuare
2326 3433 2620 3506 dignetur.
2654 3432 2759 3488 Per
2786 3432 3029 3488 unicum
3060 3433 3380 3489 Dominum
3401 3439 3674 3491 nostrum
3694 3436 3775 3492 Je-

2130 3539 2263 3577 sum
2291 3521 2439 3593 Xpm
2470 3521 2681 3576 Filium
2712 3526 2902 3578 tuum.
2929 3522 3036 3589 Qui
3070 3526 3287 3579 tecum.
3890 3570 3892 3607 Ι

2198 3612 2345 3667 Alia.
2378 3610 2660 3667 Benedico
2689 3615 2745 3666 te
2794 3615 3062 3667 creatura
3108 3628 3273 3684 aqua;
3304 3629 3412 3685 per
3443 3614 3640 3687 ignem
3675 3614 3771 3669 fer-
3890 3614 3892 3687 ι

2127 3700 2314 3755 ventis
2346 3699 2405 3755 in
2433 3699 2669 3755 nomine
2708 3699 2896 3755 Patris
2924 3705 2981 3755 et
3010 3699 3139 3754 Filii
3184 3705 3242 3755 et
3270 3701 3531 3774 Spiritus
3576 3703 3765 3771 sancti,

2128 3806 2196 3844 ex
2227 3804 2342 3861 quo
2374 3792 2585 3843 cuncta
2612 3789 2962 3859 procedunt;
2997 3789 3207 3860 adjuro
3227 3794 3286 3845 te
3315 3807 3423 3863 per
3442 3792 3701 3863 eum,qui
3724 3796 3767 3845 te

2127 3895 2195 3933 ex
2210 3875 3007 3947 tlumiuibusquatuortotam
3036 3882 3251 3933 terram
3277 3877 3474 3951 rigare
3490 3880 3764 3952 pracepit.
3886 3904 3892 3951 ,-

2127 3966 2283 4022 etde
2312 3970 2476 4037 petra
2506 3964 2860 4037 produxit,et
2895 3969 2951 4021 te
3000 3965 3058 4020 in
3110 3966 3314 4022 vinum
3363 3970 3670 4033 convertit,
3712 3970 3764 4022 ut

2078 4102 2083 4111 .
2129 4054 2300 4111 nulla:
2333 4052 2559 4109 insidiae
2588 4053 2803 4109 diaboli
2824 4070 3014 4126 neque
3035 4054 3263 4110 malitia
3284 4054 3551 4112 hominis
3574 4063 3629 4112 te
3648 4071 3763 4111 ave-

2129 4143 2297 4199 ritate
2320 4143 2533 4215 judicii
2579 4159 2855 4215 separare
2884 4143 3134 4215 possint,
3169 4144 3269 4199 sed
3301 4146 3521 4216 punias
3544 4146 3758 4201 noxium

2128 4234 2215 4305 (os
2243 4249 2337 4288 am
2368 4234 2476 4299 as),
2506 4235 2563 4288 et
2592 4232 2826 4288 illesum
2856 4232 3217 4305 purifices,et
3246 4232 3643 4290 innocentem.
3677 4235 3761 4289 Per

2125 4338 2259 4377 eum
2291 4336 2467 4392 quem
2498 4320 2660 4376 nulla
2689 4320 2875 4376 latent
2899 4319 3149 4387 occulta,
3180 4325 3237 4377 et
3266 4322 3370 4394 qui
3406 4323 3574 4378 misit
3598 4328 3651 4379 te
3676 4338 3761 4395 per

2126 4410 2409 4465 diluvium
2444 4426 2622 4481 super
2664 4410 3003 4465 universum
3048 4411 3274 4476 orbem,
3335 4415 3407 4466 ut
3452 4418 3757 4483 peccatores

362 4494 700 4568 iniquorum
717 4496 1198 4552 manifestissime
1211 4496 2017 4573 declaretur,dequacumque
2048 4518 2093 4583 ι)
2125 4496 2368 4567 deleres,
2400 4503 2456 4553 et
2487 4498 2679 4554 adhuc
2702 4502 2984 4554 venturus
3012 4513 3076 4553 es
3095 4498 3225 4566 (est)
3241 4499 3521 4570 judicare
3540 4501 3755 4556 vivosac
3883 4516 3892 4555 ι

363 4584 682 4656 quaestione
713 4585 858 4640 ratio
892 4585 1065 4640 fuerit
1094 4584 1633 4657 agitata,etnullam
1666 4592 2012 4660 potestatem

362 4672 575 4729 habeat
604 4672 891 4730 diabolica
901 4673 1086 4730 virtus
1098 4674 1400 4729 veritatem
1422 4679 1583 4730 tuam
1602 4682 1700 4731 aut
1722 4678 2012 4736 occultare

363 4767 464 4816 aut
493 4763 844 4833 depravare;
878 4763 979 4819 sed
1012 4762 1089 4819 sit
1119 4763 1300 4818 servis
1325 4763 1444 4818 tuis
1486 4764 1543 4819 in
1576 4767 2013 4825 munimentum

362 4850 497 4904 fidei
527 4851 598 4906 ad
632 4851 1038 4908 credulitatem
1072 4850 1278 4907 divina:
1306 4854 1636 4924 majestatis
1670 4860 1802 4923 tuae,
1850 4862 1907 4912 et
1937 4859 2009 4914 ad

361 4937 836 4996 certiticationem
870 4940 1365 4997 manifestissimis
1386 4942 1797 5000 misericordiae
1828 4963 1892 5002 ac
1923 4963 2012 5003 ve-

360 5024 608 5080 rissimis
638 5031 750 5082 tua:
782 5029 1059 5085 veritatis.
1090 5030 1217 5085 Per.

429 5114 574 5171 Alia.
609 5114 763 5170 Deus
786 5116 968 5186 judex
996 5118 1219 5188 justus,
1267 5119 1367 5190 qui
1418 5124 1620 5175 auctor
1648 5121 1809 5193 pacis
1841 5138 1924 5192 es,
1954 5130 2011 5180 et

350 5202 587 5277 judicas
616 5202 970 5275 aequitatem,
1005 5209 1058 5260 te
1088 5207 1429 5278 suppliciter
1460 5226 1758 5281 rogamus,
1794 5217 1858 5267 ut
1901 5213 2010 5270 hoc

357 5293 578 5350 ferrum
610 5290 945 5350 ordinatum
964 5293 1035 5347 ad
1047 5294 1272 5363 justam
1303 5298 1791 5355 exanimationem
1809 5303 2007 5373 cujus-

355 5382 499 5440 libet
528 5379 844 5439 dubietatis
861 5379 1185 5437 faciendam
1206 5382 1544 5441 benedicere
1566 5391 1623 5443 et
1643 5389 2006 5446 sanctiﬁcare

425 5560 575 5644 (251)
608 5559 825 5622 Ultima
851 5559 973 5622 haec
1002 5560 1217 5620 desunt
1236 5561 1296 5621 in
1327 5561 1629 5625 Martenio.

2124 4593 2407 4652 mortuos,
2439 4591 2495 4642 et
2523 4586 2786 4642 seculum
2820 4603 2923 4659 per
2951 4586 3167 4659 ignem.

2189 4676 2333 4731 Alia.
2367 4675 2749 4748 Omnipotens
2773 4675 3011 4741 Deus,te
3028 4673 3382 4747 suppliciter
3398 4677 3755 4751 deprecamur

2123 4782 2226 4836 pro
2258 4764 2437 4836 hujus
2467 4764 2686 4837 negotii
2715 4763 3351 4835 examinatione,quam
3385 4767 3565 4822 modo
3584 4765 3671 4821 hic
3688 4765 3757 4819 in-

2123 4859 2211 4908 ter
2239 4871 2346 4910 nos
2358 4852 3056 4924 ventilamus,utjustitia3
3073 4868 3190 4907 non
3208 4854 3555 4911 dominetur
3570 4853 3756 4927 iniqui-

2120 4945 2231 5009 tas,
2265 4943 2365 4998 sed
2397 4942 2689 4999 subdatur
2717 4941 2942 4998 falsitas
2972 4941 3291 5010 veritati,et
3320 4943 3374 4999 si
3399 4943 3755 5017 aliquishch

2122 5035 2468 5103 praesentem
2501 5030 2988 5087 examinationem
3021 5045 3128 5103 per
3156 5029 3400 5103 aliquod
3425 5032 3750 5089 maleﬁcium

2121 5090 2222 5175 aut
2251 5137 2353 5193 per
2379 5120 2592 5176 herbas
2621 5125 2784 5176 terrae
2829 5090 3143 5193 tegeretvel
3189 5090 3484 5194 impedire
3513 5121 3751 5185 voluerit,
3883 5090 3892 5163 ς

2120 5213 2222 5266 tua
2250 5213 2452 5267 sancta
2481 5210 2716 5267 dextera
2735 5209 3068 5281 justissime
3101 5209 3290 5280 judex
3338 5226 3622 5269 evacuare
3647 5211 3749 5282 ἀίε-
3890 5262 3892 5355 ι

2120 5315 2296 5354 neris.

2120 5315 2296 5354 neris.

2188 5389 2332 5443 Alia.
2367 5387 2608 5445 Oremus.
2653 5388 3034 5462 Omnipotens
3077 5388 3441 5462 sempiterne
3470 5390 3644 5457 Deus,
3668 5385 3746 5463 qui
3890 5358 3892 5441 l
