3892 6212
104 346 268 407 HM

1352 347 1970 411 BENEDlCTIONES
2013 349 2301 415 VARIAL‘.

3374 361 3530 426 H12

96 478 473 549 benedictio,
537 484 595 535 et
647 477 1138 553 triumphantium
1202 479 1477 536 fortitudo
1526 479 1672 553 (252)
1718 484 1775 536 et
1800 479 1858 549 Α
1956 483 2098 541 Alia.
2134 485 2393 559 Suggere
2415 485 2519 543 tibi
2550 487 2719 544 Pater
2738 485 3104 563 omnipotens
3125 495 3335 551 aaterne
3355 494 3532 568 Deus,

98 570 376 626 ccelestis
408 568 664 643 przssidii
715 568 1086 642 sperantibus
1128 568 1186 623 in
1222 573 1277 624 te
1321 575 1567 642 praestas
1614 570 1777 626 auxi-

94 658 287 716 lium.
325 660 451 716 Per.

592 764 923 805 BENEDICTIO
954 764 1117 804 INSIS
1156 765 1289 804 Νονι
1300 790 1313 803 .

179 840 414 896 Exaudi
449 854 786 911 quaesumus
834 837 955 893 Due
996 853 1197 910 preces
1226 841 1478 904 nostras,
1514 840 1569 891 et
1619 836 1777 890 hunc

96 945 324 985 ensem
355 934 465 985 etc.

179 1020 338 1073 Atia.
375 1016 683 1073 Famulum
716 1020 883 1071 tuum
916 1019 1027 1070 etc.

178 1110 340 1164 Atia.
378 1105 625 1162 Benedic
655 1106 777 1161 Dne
807 1108 1005 1160 sancte
1050 1104 1216 1159 Pater
1262 1103 1633 1175 pmnipetens
1664 1107 1771 1158 etc.

103 1200 270 1253 Tunc
328 1203 624 1252 cantantur
680 1195 803 1250 istae
862 1193 1180 1265 antiphenze
1223 1210 1242 1247 :
1290 1192 1605 1264 Speciosus
1663 1192 1776 1246 for-

96 1306 213 1343 ma
244 1289 361 1342 etc.

750 1376 776 1428 1
782 1380 887 1427 tem
918 1372 1102 1426 Oratio
1133 1388 1152 1425 :

181 1464 578 1537 Omnipotens
608 1461 959 1533 sempiterna
979 1459 1155 1521 Deus.
1171 1459 1270 1529 qui
1286 1458 1581 1529 famulum
1606 1460 1772 1512 tuum

97 1558 178 1613 N.
218 1559 335 1611 etc.
1456 1548 1463 1554 ’

584 1654 915 1695 ΒΕΝΕΒΙΟἸἸΟ
957 1654 1087 1692 NOVI
1130 1653 1296 1692 PUTEI
1305 1678 1317 1691 .

181 1734 319 1789 Dne
353 1733 503 1787 Deus
532 1727 921 1800 omnipotens,
954 1726 1055 1798 qui
1088 1725 1146 1780 in
1177 1726 1355 1796 hujus
1386 1722 1544 1797 putei
1576 1722 1772 1779 altitu-

99 1824 253 1879 dine
297 1838 403 1893 per
449 1817 804 1890 crepidinem
836 1814 1167 1870 fistularum
1212 1830 1498 1885 aquarum
1543 1812 1770 1883 copiam

86 1927 387 1967 emanare
413 1906 667 1981 jussisti,
693 1909 929 1978 praesta,
950 1907 1016 1958 ut
1044 1906 1100 1958 te
1122 1904 1367 1974 jubente
1397 1906 1574 1973 atque
1604 1901 1773 1956 bene-

88 2000 342 2056 dicente
372 2014 475 2071 per
496 2000 706 2052 nostra;
727 1993 985 2050 officium
1020 1992 1337 2047 functienis
1361 1989 1611 2062 repulsis
1635 1988 1770 2043 hinc

85 2086 543 2145 fantasmaticis
571 2082 985 2139 calliditatibus
1008 2085 1182 2152 atque
1204 2079 1436 2136 insidiis
1465 2076 1769 2133 diabolicis

82 2175 454 2251 puriﬁcatus
480 2178 655 2245 atque
681 2171 1002 2226 mundatus
1032 2169 1124 2224 hic
1158 2173 1369 2241 puteus
1392 2184 1625 2239 semper
1645 2164 1772 2240 per.

86 2269 349 2323 severet.
378 2265 505 2319 Per.

444 2352 629 2408 Oratio
660 2351 756 2406 ubi
782 2350 1118 2419 negligentia
1146 2348 1433 2413 contingit.

163 2446 294 2501 Dne
326 2446 525 2498 sancte
558 2442 723 2496 Pater
770 2438 1139 2509 omnipotens
1170 2441 1381 2491 aeterne
1428 2436 1601 2501 Deus,
1646 2435 1745 2507 qui

92 2551 210 2607 per
229 2529 659 2587 invisibilitatis
683 2524 999 2601 potentiam
1023 2526 1129 2580 has
1150 2541 1333 2596 aquas
1350 2524 1608 2579 visibiles
1630 2542 1768 2595 prae;

85 2620 309 2686 buisli,
335 2625 390 2675 te
422 2618 507 2675 tui
548 2616 753 2673 famuli
798 2614 1092 2687 supplices
1124 2631 1450 2678 exoramus,
1487 2619 1552 2668 ut
1581 2630 1765 2684 aquas

86 2711 230 2776 has,
256 2726 408 2782 quas
441 2705 796 2780 negligentia
820 2703 1045 2776 polluit,
1071 2702 1257 2757 sancti
1290 2701 1542 2773 Spiritus
1576 2702 1766 2774 gratia

96 2801 176 2857 ad
215 2796 569 2854 munditiam
612 2798 839 2850 revocet
880 2798 1054 2863 atque
1102 2792 1390 2863 purificet,
1424 2796 1490 2846 ut
1520 2791 1763 2862 spiritus

92 2887 302 2946 callidi
336 2885 521 2942 hostis
554 2883 849 2950 abscedat,
872 2898 938 2937 ac
970 2880 1245 2952 deinceps
1270 2881 1664 2936 sanctiﬁcatas
1687 2881 1761 2933 fa-

94 2974 282 3031 miliae
313 2978 425 3027 tum
456 2969 741 3045 petabiles
772 2969 1019 3035 tribuas,
1042 2972 1109 3023 ut
1138 2974 1195 3023 et
1225 2969 1549 3040 potentium
1584 2984 1762 3024 mun-

92 3065 200 3121 det
221 3062 332 3136 (nt)
355 3078 597 3134 corpora
625 3060 914 3131 cordaque
945 3057 1326 3113 sanctificent.
1363 3057 1485 3112 Per.

373 3165 580 3207 ORATIO
608 3166 680 3205 AD
710 3164 987 3205 JUDICIUM
1022 3164 1185 3202 PANIS
1217 3163 1282 3201 ET
1311 3162 1489 3201 CASEI.

169 3245 329 3315 Ayes
361 3257 499 3313 ayes
529 3255 667 3311 ayos
698 3236 903 3310 (agies)
928 3240 1126 3291 sancte
1174 3235 1357 3299 Pater,
1386 3235 1485 3307 qui
1518 3252 1580 3291 es
1613 3236 1755 3291 invi-
1788 3218 1831 3284 C

92 3330 299 3387 sibilis
328 3334 539 3384 aeterne
569 3327 723 3382 Deus
754 3324 1018 3381 omnium
1052 3340 1246 3378 rerum
1277 3323 1635 3395 creator,qui
1667 3342 1758 3379 ar-

92 3436 252 3476 cana
285 3418 339 3491 q’
362 3415 669 3490 prospicis,
692 3418 751 3469 et
793 3416 1002 3469 cuncta
1031 3412 1356 3483 cognoscis,
1384 3411 1485 3484 qui
1535 3417 1758 3469 scruta-

92 3509 181 3565 ris
215 3508 394 3563 corda
425 3520 709 3577 renesque
730 3504 905 3558 Deus.
931 3502 1084 3557 Deus
1106 3500 1205 3572 qui
1242 3500 1497 3556 liberasti
1525 3502 1759 3575 Moysen

92 3605 154 3654 et
189 3602 381 3653 Aaron
406 3596 478 3650 de
520 3599 675 3650 terra
711 3590 960 3665 Egypti,
984 3590 1163 3646 David
1190 3589 1324 3645 Suut
1352 3592 1517 3659 regis,
1548 3591 1758 3646 Jonam

92 3690 171 3743 de
205 3689 407 3742 ventre
437 3683 568 3747 ceti,
594 3682 828 3736 Petrum
849 3680 920 3734 de
950 3678 1247 3743 ﬂuctibus,
1275 3678 1517 3734 Paulum
1540 3680 1609 3734 de
1633 3679 1760 3734 vin-

94 3776 278 3839 culis,
304 3772 579 3829 Tbeclam
609 3771 681 3826 de
735 3768 956 3833 bestiis,
989 3768 1320 3822 Susannam
1353 3769 1424 3822 de
1456 3768 1602 3823 false
1649 3769 1759 3823 cri-

95 3866 288 3928 mine,
314 3867 435 3917 tres
466 3877 677 3932 pueros
707 3860 779 3913 de
800 3856 1031 3913 camino
1054 3856 1206 3929 ignis
1241 3857 1519 3922 ardentis,
1547 3858 1758 3913 Danie-

96 3955 220 4009 lem
268 3952 340 4008 de
369 3951 497 4006 lacu
528 3949 785 4015 leonum,
811 3944 1195 4019 paralyticum
1249 3946 1319 4000 de
1357 3947 1615 4017 grabato,
1654 3948 1758 4001 La-

95 4058 311 4098 zarum
342 4040 413 4094 de
436 4042 845 4101 monumento;
882 4036 1120 4091 ostende
1152 4052 1307 4089 nunc
1340 4035 1506 4089 nobis
1540 4036 1763 4091 miseri-

97 4130 370 4186 cordiam
402 4132 585 4193 tuam,
610 4131 675 4180 ut
705 4125 803 4197 qui
835 4124 953 4179 haec
985 4124 1161 4188 furta,
1183 4140 1310 4195 quae
1336 4122 1425 4177 hic
1447 4118 1764 4179 subnotan-

96 4226 222 4287 tur,
248 4215 617 4284 admiserint,
642 4214 812 4287 panis
858 4212 945 4268 vel
1006 4228 1212 4267 caseus
1256 4211 1363 4267 iste
1403 4212 1598 4267 fauces
1658 4231 1762 4269 nec

95 4312 350 4381 guttura
379 4320 581 4360 eorum
613 4302 862 4359 transire
890 4301 1135 4373 possint.
1172 4301 1293 4355 Per.

617 4393 963 4448 Exercismus
992 4390 1250 4462 ejusdem.
1266 4421 1277 4429 -

175 4483 452 4541 Exorcizo
482 4488 536 4537 te
569 4480 873 4537 maledicte
905 4484 961 4536 et
995 4478 1471 4535 immundissime
1502 4481 1676 4535 draco
1705 4485 1763 4535 et

1886 574 1984 650 qui
2010 576 2219 631 coelum
2252 580 2585 649 terramque
2609 576 2887 646 fundasti,
2912 596 3071 637 mare
3101 580 3390 641 limitibus
3422 584 3536 642 for-

1885 666 2083 735 masti,
2110 670 2165 721 et
2206 665 2401 737 ipsum
2435 665 2644 722 caelum
2677 666 2993 736 fabricasti,
3025 673 3083 725 et
3113 687 3328 745 magna
3360 673 3540 730 lumi-

1885 757 2053 812 naria
2079 755 2347 810 videlicet
2369 755 2548 810 solem
2582 760 2638 811 et
2664 756 2866 812 lunam
2896 775 3072 831 super
3092 760 3289 829 justos
3310 766 3367 817 et
3390 762 3543 835 inju-

1887 849 2009 901 stos
2042 845 2262 917 fulgere
2281 844 2513 915 jussisti
2542 861 2554 899 :
2581 846 2669 899 fac
2698 851 2813 901 Dne
2835 837 3070 919 signum
3102 847 3237 913 tale,
3263 854 3328 905 ut
3348 852 3541 908 omnis

1886 936 2148 990 mundus
2177 935 2488 1005 omnisque
2510 938 2665 989 terra
2686 934 2992 1007 intelligat,
3023 938 3161 1008 quia
3184 943 3245 994 tu
3280 956 3343 995 es
3364 940 3540 1010 Deus,

1886 1022 1984 1096 qui
2020 1023 2163 1078 facis
2196 1021 2489 1078 mirabilia
2519 1039 2733 1095 magna
2774 1023 2958 1089 solus,
2992 1025 3116 1082 Dne
3143 1026 3281 1083 Jesu
3313 1027 3540 1087 Christe

1887 1112 1990 1169 Fili
2024 1112 2121 1167 Dei
2153 1111 2263 1166 vivi
2298 1128 2311 1167 :
2347 1117 2412 1167 ut
2443 1111 2543 1183 qui
2578 1129 2667 1167 res
2692 1113 2817 1183 jam
2849 1113 3056 1178 dictas,
3079 1132 3207 1187 quae
3240 1103 3538 1175 continen~

1885 1206 1981 1256 tur
2011 1201 2375 1272 subscriptm,
2399 1204 2455 1256 et
2486 1201 2583 1272 qui
2618 1217 2686 1255 ex
2716 1200 2808 1257 his
2840 1202 3056 1258 conscii
3087 1209 3143 1259 et
3170 1206 3534 1264 conscientes

1882 1307 2011 1345 esse
2038 1289 2331 1353 videntur,
2365 1294 2430 1344 ut
2459 1288 2609 1361 gulae
2639 1294 2694 1344 et
2726 1288 2936 1362 linguae
2965 1291 3051 1346 vel
3087 1292 3281 1350 fauces
3314 1312 3531 1352 eorum

1882 1380 1965 1434 ita
1988 1380 2130 1433 {iant
2144 1378 2470 1433 constrictae
2493 1382 2549 1433 et
2566 1377 2853 1450 obligatae,
2872 1382 2935 1433 ut
2954 1396 3191 1437 caseum
3213 1381 3389 1439 istum
3413 1400 3530 1441 non

1883 1467 2111 1540 possint
2141 1460 2515 1523 manducare.
2550 1467 2674 1522 Per.

2388 1571 2701 1611 ADJURATIO
2738 1573 3022 1612 VIRORUM.

1954 1648 2062 1702 Hic
2088 1644 2370 1702 dividatur
2407 1646 2568 1715 panis
2596 1653 2647 1700 et
2676 1661 2864 1699 caseus
2911 1647 3210 1719 unicuique
3252 1666 3530 1708 summan-

1882 1737 2019 1791 tium
2050 1737 2215 1791 uncia
2243 1734 2498 1789 dimidia.

1956 1826 2247 1879 Admoneo
2267 1840 2368 1879 vos
2394 1823 2604 1878 fratres
2626 1823 2684 1877 in
2710 1825 2945 1879 nomine
2966 1825 3196 1881 Domini
3213 1827 3351 1883 Jesu
3376 1829 3532 1885 Chri-

1881 1914 1954 1969 sti
1990 1912 2291 1977 Nazareni,
2318 1917 2382 1966 ut
2433 1911 2481 1966 si
2513 1910 2645 1983 quis
2682 1912 2821 1967 istos
2852 1929 2918 1967 ex
2951 1913 3115 1969 vobis
3167 1933 3258 1971 res
3303 1918 3529 1974 furatus

1880 2006 1988 2065 est,
2013 2006 2114 2057 aut
2142 2001 2339 2073 aliqno
2367 2001 2542 2055 modo
2588 2000 2847 2071 pollutus
2878 2006 2987 2072 est,
3012 2005 3286 2074 procedat
3318 2006 3372 2060 in
3407 2024 3526 2063 me-

1879 2091 2062 2156 dium,
2089 2094 2143 2144 et
2174 2091 2516 2162 profiteatur
2544 2105 2737 2144 coram
2771 2094 2972 2145 sancto
3002 2089 3189 2149 altari.
3216 2098 3272 2148 et
3302 2096 3528 2151 satisfa-

1876 2178 2009 2234 ciat.
2034 2178 2135 2233 Sin
2167 2182 2359 2232 autem
2394 2176 2668 2243 noluerit,
2702 2178 2803 2232 sed
2834 2178 3166 2251 arrogantia
3193 2181 3436 2240 timidus
3459 2186 3521 2255 (ι.

1874 2267 2159 2337 tumidus)
2181 2265 2470 2321 introierit
2497 2265 2804 2336 judicium,
2828 2267 3043 2323 sentiat
3063 2285 3340 2342 magnum
3365 2272 3525 2344 judi-

1875 2371 2000 2412 cem
2031 2372 2159 2411 esse
2188 2355 2387 2410 Jesum
2422 2356 2519 2425 (sc.
2540 2353 2741 2425 Jesue)
2772 2372 2949 2426 super
2978 2373 3060 2422 se,
3090 2357 3189 2428 qui
3223 2362 3519 2430 quendam

1875 2442 2152 2515 eupidum
2203 2445 2273 2498 de
2319 2443 2523 2515 spoliis
2569 2442 2786 2498 victum
2838 2443 3152 2510 interemit,
3186 2447 3435 2517 stringat
3464 2455 3522 2506 et

1874 2535 2071 2588 fauces
2101 2534 2228 2602 ejus
2257 2532 2523 2587 Heliseus
2553 2532 2835 2603 propheta
2882 2534 2981 2604 qui
3035 2534 3111 2588 mi
3145 2538 3207 2606 (Γ.
3244 2537 3519 2609 ministri)

1875 2622 2092 2677 furtum
2116 2620 2516 2692 deprehendit,
2532 2619 2762 2691 gladius
2784 2620 2933 2676 Petri
2959 2621 3072 2694 apli
3091 2628 3241 2679 astet
3262 2625 3520 2682 animam

1870 2710 2108 2766 Ananiae
2136 2727 2201 2764 ac
2250 2708 2509 2781 Saphiraa
2557 2709 2888 2766 verberans.
2915 2710 3046 2767 Ideo
3097 2730 3425 2782 ammeneo,
3459 2720 3527 2771 ut

1872 2799 2021 2855 detis
2050 2799 2295 2871 gloriam
2327 2798 2462 2865 Dee,
2490 2804 2544 2852 et
2576 2799 2971 2854 confiteamini
3000 2799 3085 2856 illi
3119 2818 3190 2857 ne
3220 2802 3526 2860 introeatis

1870 2888 1931 2943 in
1963 2888 2364 2943 tentationem.

1942 2975 2242 3048 Adjuratio.
2276 2976 2495 3047 Adjure
2524 2979 2579 3030 te
2608 2975 3039 3032 immanissima
3064 2978 3260 3046 draco,
3287 2996 3526 3052 serpens

1870 3066 2129 3137 antique,
2155 3082 2254 3137 per
2282 3066 2523 3120 verbum
2574 3064 2834 3121 veritatis
2862 3068 2921 3120 et
2958 3066 3194 3137 signum
3244 3067 3524 3127 claritatis

1871 3155 1978 3209 Dni
2015 3153 2103 3208 nri
2134 3154 2273 3210 Jesu
2306 3152 2518 3209 Christi
2553 3154 2688 3224 agni
2722 3152 3084 3209 immaculati
3114 3155 3185 3211 de
3215 3155 3523 3214 altissimis

1870 3243 2249 3315 procreati,ut
2269 3242 2430 3297 nulla
2451 3247 2554 3297 tua
2575 3246 2697 3298 arte
2719 3242 3094 3314 impediatur,
3109 3245 3208 3301 sed
3224 3245 3519 3316 judicium

1870 3338 2092 3387 rectum
2118 3331 2216 3386 Dei
2238 3331 2464 3386 existat.
2490 3332 2557 3386 Et
2587 3330 2686 3402 qui
2717 3331 2790 3386 de
2819 3330 2929 3386 hoc
2960 3332 3114 3387 furto
3145 3334 3519 3392 consentiens

1868 3420 2379 3492 fuerit,judicium
2431 3419 2530 3474 Dei
2584 3424 2857 3490 spumato
2887 3436 2984 3474 ore
3039 3425 3097 3476 et
3152 3422 3516 3495 strangulata

1869 3514 2103 3581 gutture
2136 3506 2444 3580 patefaciet
2470 3507 2569 3580 qui
2616 3508 2949 3581 mquitatem
2974 3508 3189 3582 (diligit
3216 3513 3425 3580 emiss.)
3457 3512 3516 3569 in

1869 3597 2027 3654 omni
2059 3602 2336 3670 tempore,
2357 3596 2457 3669 qui
2489 3595 2831 3652 benedictus
2860 3596 2917 3651 in
2943 3597 3138 3653 secula
3163 3599 3517 3657 seculorum.

1869 3686 2073 3739 Amen.

1939 3773 2170 3842 Quando
2202 3774 2259 3825 in
2290 3788 2347 3826 os
2375 3773 2638 3826 sumentis
2665 3773 2925 3835 mittitur,
2959 3772 3179 3827 dicatur
3205 3773 3340 3831 haec.
3368 3775 3522 3830 Cen-

1862 3863 1998 3933 juro
2030 3867 2084 3915 te
2116 3877 2147 3913 o
2182 3861 2354 3915 homo
2388 3878 2488 3932 per
2532 3861 2756 3915 Patrem
2789 3862 2845 3916 et
2878 3860 3089 3916 Filium
3138 3865 3196 3916 et
3241 3862 3523 3935 Spiritum

1871 3955 2162 4015 sanctum,
2192 3968 2291 4022 per
2324 3950 2691 4004 tremendum
2714 3950 2917 4020 judicii
2949 3950 3129 4016 diem,
3153 3968 3255 4023 per
3273 3956 3528 4023 quatuor

1870 4038 2290 4111 Evangelistas,
2316 4055 2416 4109 per
2438 4038 2743 4094 duodecim
2776 4039 2972 4110 Aplos,
2996 4040 3249 4095 sedecim
3280 4040 3528 4114 prophe-

1870 4131 1981 4195 tas,
2006 4145 2108 4199 per
2137 4126 2337 4198 viginti
2373 4132 2624 4198 quatuor
2664 4127 2923 4183 seniores
2955 4128 3051 4199 qui
3096 4128 3358 4198 quotidie
3387 4146 3525 4185 cum

1869 4215 2146 4271 laudibus
2177 4216 2358 4269 Deum
2410 4216 2687 4282 adorant;
2721 4232 2824 4286 per
2870 4214 3033 4269 illum
3069 4216 3518 4287 redemptorem,

1869 4303 1969 4374 qui
1991 4321 2094 4374 pro
2118 4302 2336 4357 nostris
2359 4302 2610 4373 peccatis
2626 4302 2797 4373 (mori
2821 4303 3029 4373 emiss.)
3049 4303 3106 4357 in
3130 4307 3332 4359 sancta
3349 4320 3520 4359 cruce

1869 4393 2145 4464 dignatus
2176 4395 2282 4453 est,
2317 4391 2365 4444 si
2399 4390 2469 4444 de
2501 4389 2610 4445 hoc
2644 4391 2817 4456 furto,
2852 4390 2987 4445 inde
3018 4392 3081 4461 (ι.
3116 4391 3292 4461 unde)
3325 4393 3520 4447 mode-

1870 4480 2015 4536 ratio
2038 4482 2098 4550 (Γ.
2124 4479 2295 4533 modo
2320 4478 2485 4544 ratio)
2507 4478 2718 4549 agitur,
2743 4478 3053 4549 culpabilis
3074 4494 3136 4533 es
3160 4478 3246 4533 vel
3275 4480 3513 4547 mixtus,

96 4589 352 4647 serpens
382 4571 615 4644 noxius,
641 4585 743 4641 per
761 4570 1003 4624 verbum
1025 4568 1305 4633 veritatis,
1332 4584 1433 4639 per
1453 4568 1600 4623 Dum
1633 4585 1757 4623 om-
1792 4587 1835 4650 D
1869 4576 1969 4624 aut
2001 4568 2204 4627 fecisti,
2240 4574 2339 4622 aut
2372 4566 2553 4633 scisti,
2589 4571 2689 4621 aut
2721 4566 3009 4634 baiolasti,
3036 4571 3137 4622 aut
3166 4569 3515 4624 consensisti

94 4665 466 4737 nipotentem
500 4665 556 4715 et
582 4660 784 4713 Jesum
815 4656 1111 4712 Christum
1144 4657 1504 4712 Nazarenum
1539 4675 1757 4730 agnum

96 4750 556 4808 immaculatum
582 4749 653 4803 de
674 4745 979 4802 altissimis
1002 4746 1272 4808 missum,
1298 4745 1366 4800 de
1389 4746 1605 4817 Spiritu
1629 4765 1759 4802 san-

96 4848 197 4897 cto
228 4844 599 4909 conceptum,
622 4854 691 4891 ex
724 4835 905 4891 Maria
934 4835 1153 4908 virgine
1194 4841 1417 4901 natum,
1443 4852 1617 4907 quem
1649 4837 1760 4891 Ga~

96 4928 253 4986 briel
286 4926 532 4999 angelus
562 4924 931 4979 annuntiavit
959 4928 1290 4990 venturum,
1315 4940 1487 4995 quem
1519 4941 1651 4979 cum
1686 4926 1761 4980 vi—

99 5019 294 5074 disset
326 5015 626 5070 Johaunes
656 5013 928 5069 clamavit
968 5029 1103 5067 voce
1146 5028 1359 5083 magna
1389 5012 1587 5067 dicens
1622 5032 1635 5068 :
1670 5015 1763 5069 hic

98 5112 193 5164 est
226 5103 413 5161 Filius
445 5103 546 5159 Dei
585 5102 695 5156 vivi
730 5119 743 5156 :
775 5106 832 5157 et
862 5102 922 5168 (ι.
958 5104 1043 5167 ut)
1077 5099 1234 5155 nullo
1285 5102 1455 5156 modo
1500 5102 1765 5158 dimittas

98 5193 548 5251 communicare
608 5207 754 5262 pane
800 5187 887 5243 vel
935 5205 1102 5244 caseo
1162 5189 1275 5244 isto
1333 5206 1451 5256 eos,
1487 5190 1586 5262 qui
1646 5192 1766 5247 hanc

98 5286 289 5346 furtu,
344 5297 474 5352 qum
529 5279 739 5333 litteris
791 5278 1222 5344 annotavimus,
1284 5279 1648 5347 admiserint,
1710 5285 1767 5335 et

100 5371 254 5445 (qui)
280 5371 353 5425 de
380 5369 490 5423 hoc
524 5366 765 5423 crimine
798 5366 979 5421 nescii
1012 5371 1150 5420 sunt
1174 5368 1548 5435 manducent,
1577 5373 1634 5423 et
1665 5369 1763 5439 qui

99 5458 325 5516 conscii
359 5473 491 5513 esse
520 5456 812 5523 videntur,
843 5454 1041 5509 statim
1077 5455 1443 5510 tremebundi
1477 5463 1762 5513 evomant.

100 5552 331 5710 P7552)
366 5633 688 5705 Sequentia
717 5633 895 5690 habes
923 5649 1102 5703 supra
1131 5630 1239 5687 col.
1281 5634 1433 5685 1121.

1868 4659 1977 4713 hoc
2011 4657 2112 4711 tibi
2154 4656 2487 4717 ordinatum
2519 4656 2594 4710 sit
2623 4656 2695 4711 de
2724 4673 2902 4711 manu
2935 4655 3057 4723 Dei,
3092 4660 3157 4711 ut
3186 4673 3395 4729 panem
3428 4657 3515 4715 vel

1868 4763 2104 4802 caseum
2136 4744 2313 4800 istum
2346 4762 2459 4799 non
2493 4744 2681 4815 possis
2705 4746 3057 4800 manducare
3089 4744 3196 4800 nisi
3226 4761 3359 4799 cum
3381 4746 3517 4801 (late

1870 4853 1967 4891 ore
1998 4851 2132 4889 cum
2165 4849 2377 4905 spuma
2405 4839 2461 4888 et
2491 4833 2712 4906 gemitu
2743 4838 2801 4888 et
2838 4833 3037 4889 dolore
3065 4838 3123 4889 et
3152 4832 3431 4899 lacrimis,
3463 4838 3516 4890 et

1874 4924 2140 4978 faucibus
2174 4922 2287 4976 tuis
2319 4922 2647 4977 constrictis
2677 4926 2733 4975 et
2775 4921 3068 4996 obligatis.
3097 4922 3201 4978 Per
3243 4923 3517 4979 eundem.

2299 5013 2484 5067 Primo
2512 5053 2524 5065 .
2553 5052 2565 5065 .
2596 5053 2606 5064 .
2637 5013 2741 5065 ista
2769 5014 3090 5083 conjuratio.

1947 5101 2101 5157 Deus
2123 5097 2461 5168 angelorum
2485 5102 2540 5153 et
2560 5099 3066 5172 archangelorum,
3092 5102 3244 5158 Deus
3272 5102 3527 5175 prophe-

1874 5195 2068 5245 tarum
2096 5191 2151 5241 et
2183 5186 2667 5256 patriarcharum,
2695 5188 2846 5243 Deus
2874 5190 3274 5261 apostolorum
3297 5195 3354 5246 et
3376 5208 3526 5246 mar-

1876 5286 2089 5351 tyrum,
2114 5275 2268 5329 Deus
2311 5274 2712 5330 confcssorum
2743 5280 2801 5331 et
2837 5278 3153 5349 virginum,
3176 5279 3330 5335 Deus
3362 5282 3527 5350 pater

1876 5366 1983 5423 Dni
2009 5364 2095 5419 nri
2117 5364 2254 5417 Jesu
2279 5362 2515 5429 Christi,
2536 5363 2632 5434 qui
2661 5364 2719 5419 in
2745 5368 2946 5421 mundi
2970 5368 3204 5423 exordio
3227 5367 3525 5424 hominem

1876 5455 1946 5511 ad
1980 5450 2424 5507 similitudinem
2461 5456 2618 5506 tuam
2652 5454 2885 5525 propria
2907 5455 3205 5510 voluntate
3238 5452 3523 5517 formasti,

1878 5545 2346 5617 prmccptiimquc
2378 5538 2429 5594 ei
2461 5540 2693 5608 dedisti,
2730 5547 2793 5597 ut
2834 5543 3072 5598 vetitum
3118 5559 3231 5597 non
3266 5544 3530 5609 tangeret
