3892 6212
338 242 493 304 1155

335 372 547 445 angeli,
581 376 627 425 et
668 371 1020 443 archangeli.
1058 371 1319 439 Protegat
1382 375 1432 423 te
1485 370 1636 424 Deus
1698 368 1892 436 Israel,
1927 373 1983 423 ct
2011 369 2065 436 Α

334 461 571 533 adjiciat
593 459 925 527 sanitatem,
953 464 1009 515 et
1032 458 1496 515 benedictionem
1522 475 1689 513 suam
1706 457 1807 512 tibi
1827 457 1990 512 ethic

335 556 391 607 et
422 550 480 605 in
512 549 708 606 futuro
736 547 967 603 saeculo.
1000 548 1204 602 Amen.

403 639 552 697 Alia.
586 638 969 709 Omnipotens
1001 637 1357 708 sempiterno
1390 635 1563 700 Deus,
1596 634 1854 708 petimus
1885 633 1991 689 hu-

334 727 457 785 mili
482 743 649 800 prece
671 726 929 782 divinam
961 724 1332 781 clementiam
1354 727 1517 779 tuan.
1539 728 1604 779 ut
1626 724 1782 779 hunc
1803 724 1990 779 famu-

334 817 458 874 lum
490 821 658 871 tuum
693 816 759 871 N.
789 831 963 887 quem
997 812 1391 889 conspicimus
1432 813 1503 868 ab
1549 811 1789 885 antiquo
1821 811 1989 867 hoste

332 904 585 979 graviter
616 903 885 976 temptari
919 908 974 958 et
1004 919 1217 958 sensus
1246 918 1386 958 suos
1409 918 1441 956 a
1468 900 1647 957 livore
1675 901 1904 962 Satanas
1927 901 1985 956 in

334 994 529 1067 aliquo
560 992 886 1067 perturbari
919 996 1095 1064 atque
1126 990 1338 1059 vexari,
1373 990 1445 1045 ab
1474 991 1602 1062 ejus
1632 989 1851 1062 impetu
1875 986 1987 1045 cle-

335 1086 561 1139 menter
588 1081 820 1154 eripias,
854 1084 918 1136 ut
946 1080 1074 1148 hos,
1109 1080 1207 1151 qui
1253 1079 1312 1134 in
1359 1077 1604 1134 ecclesia
1660 1082 1764 1133 tua
1812 1078 1985 1150 positi

332 1190 434 1245 per
456 1170 827 1245 baptismatis
849 1171 1283 1226 sacramentum
1307 1167 1601 1239 conjuncti
1624 1183 1834 1223 nomen
1858 1184 1990 1223 san-

333 1267 490 1319 ctum
514 1265 682 1316 tuum
706 1260 1061 1315 confitentur
1082 1258 1243 1313 nulla
1257 1257 1443 1330 possit
1457 1255 1775 1313 adversitas
1791 1255 1989 1311 diabo-

334 1350 443 1405 lira
475 1348 859 1422 temptatione
891 1348 1248 1404 subvertere.
1285 1347 1405 1402 Per.

333 1456 621 1495 IMPOSITIO
644 1454 893 1494 MANUUM
913 1454 1097 1492 SUPER
1116 1452 1541 1491 ENERGUMINUM
1560 1452 1983 1492 CATICUMINUM.

403 1528 784 1600 Omnipotens
830 1527 1181 1598 sempiterno
1214 1524 1385 1593 Deus,
1420 1542 1453 1579 a
1484 1526 1654 1595 cujus
1688 1524 1830 1579 facie
1862 1523 1987 1579 coeli

334 1614 640 1683 distillant,
675 1634 710 1671 n
737 1621 903 1671 entes
936 1615 1086 1670 sicut
1139 1631 1269 1670 cera
1300 1613 1652 1686 liquescunt,
1687 1618 1840 1668 terra
1875 1618 1986 1669 tre-

334 1707 463 1775 mit,
498 1706 588 1761 cui
642 1708 840 1777 patent
892 1703 1109 1775 abyssi,
1156 1718 1326 1775 quem
1390 1702 1653 1757 infernus
1711 1702 1985 1774 pavescit,

333 1811 509 1868 quem
543 1793 734 1849 omnis
766 1793 986 1848 irarum
1024 1796 1214 1848 motus
1238 1790 1527 1864 aspiciens
1549 1790 1989 1848 humiliaturﬂt

331 1902 519 1963 supra.

538 1974 659 2029 Alia
686 1988 786 2045 pro
812 1971 1043 2045 parvulo
1071 1987 1452 2040 energumeno.
1488 1971 1579 2026 0r.
1613 1971 1779 2039 (265).

403 2071 524 2127 Dne
560 2075 760 2126 sancte
792 2070 961 2125 Pater
1006 2069 1380 2140 omnipotens
1432 2066 1783 2139 sempiterno
1833 2067 1987 2122 Deus

332 2160 460 2217 virt.
496 2159 648 2216 Alia.
682 2160 836 2215 Deus
887 2157 1250 2230 angelorum.
1294 2157 1435 2212 Alia.
1490 2157 1643 2211 Deus
1700 2155 1982 2211 conditor.

330 2251 473 2305 Alia.
510 2249 753 2303 Domine
786 2253 983 2303 sancte
1017 2248 1185 2301 Pater
1215 2264 1383 2319 omps
1406 2247 1559 2301 Deus
1586 2263 1828 2300 osanna.

640 2354 850 2393 UNCTIO
890 2352 1013 2391 OLEI
1055 2353 1242 2391 SUPER
1282 2352 1681 2390 DEMONIACUM.

404 2426 611 2500 Ungue
644 2429 697 2479 te
730 2424 855 2480 oleo
905 2423 1285 2479 sanctificatio
1336 2424 1395 2477 in
1450 2423 1684 2478 nomine
1715 2420 1901 2477 Patris
1932 2425 1987 2477 et

337 2515 463 2571 Filii
497 2520 552 2569 et
580 2512 835 2586 Spiritus
866 2513 1073 2577 sancti,
1106 2517 1168 2567 ut
1200 2528 1302 2584 per
1331 2517 1593 2566 sanctam
1639 2511 1981 2566 Trinitatem

333 2602 573 2660 salveris
600 2601 659 2657 in
692 2601 906 2657 saecula
937 2600 1281 2656 saeculorum
1313 2618 1500 2656 amen.

974 2699 1099 2753 Alia
1140 2697 1344 2754 Oratio.

403 2798 716 2855 Benedicat
740 2801 796 2853 te
826 2796 1112 2853 Dominus
1129 2800 1184 2852 et
1210 2796 1503 2852 custodiat
1533 2800 1587 2852 te
1616 2795 1734 2869 Xps
1764 2796 1837 2851 ab
1867 2812 1988 2852 em-

333 2889 510 2944 nibus
542 2886 770 2943 insidiis
816 2885 1033 2942 diaboli
1082 2885 1142 2941 in
1193 2885 1430 2941 nomine
1478 2885 1665 2942 Patris
1695 2890 1750 2941 et
1775 2884 1902 2940 Filii
1932 2890 1988 2941 et

335 2977 590 3050 Spiritus
617 2975 824 3032 sancti.

402 3067 547 3123 Alia.
582 3064 895 3121 Benedicat
924 3070 981 3121 te
1003 3065 1288 3122 Dominus
1305 3069 1361 3121 et
1378 3063 1672 3120 custodiat
1691 3068 1766 3131 te,
1786 3068 1985 3119 osten-

330 3144 545 3225 datque
595 3153 757 3208 Dnus
809 3152 1016 3208 faciem
1068 3170 1237 3209 suam
1276 3152 1381 3208 tibi
1415 3156 1470 3207 et
1502 3144 1848 3207 misereatur
1878 3150 1983 3207 tui.

330 3242 636 3298 Convertat
684 3242 804 3298 Dns
856 3242 1063 3298 faciem
1115 3258 1285 3298 suam
1335 3243 1407 3298 ad
1441 3246 1515 3308 te,
1542 3247 1599 3296 et
1629 3241 1723 3296 det
1748 3240 1853 3296 tibi
1884 3258 1984 3313 pa-

332 3348 479 3396 cem,
514 3336 569 3386 et
600 3331 841 3404 impleat
872 3335 927 3387 te
959 3331 1244 3388 Dominus
1277 3330 1497 3403 Spiritu
1531 3333 1752 3385 sancto.
1777 3333 1982 3384 Amen.

330 3421 459 3493 Ipse
490 3420 645 3476 Deus
676 3420 839 3492 pacis
868 3420 1189 3477 sanctiﬁcet
1221 3426 1274 3475 te
1307 3437 1408 3492 per
1438 3418 1638 3499 omnia
1667 3419 1739 3474 ad
1771 3419 1986 3490 perfec-

326 3516 452 3565 tum
488 3514 550 3565 ut
591 3510 816 3581 integer
861 3507 1112 3582 Spiritus
1162 3513 1321 3576 tuus,
1354 3513 1410 3564 et
1443 3512 1659 3577 anima,
1687 3512 1746 3563 et
1774 3523 1985 3580 corpus

328 3599 453 3654 sine
484 3597 721 3670 querela
750 3598 809 3653 in
845 3600 1094 3654 adventu
1129 3598 1239 3653 Dni
1271 3598 1359 3653 nri
1392 3596 1507 3653 Jhu
1551 3596 1658 3671 Xpi
1700 3602 1982 3653 servetur.

397 3776 545 3845 (265)
576 3775 852 3849 Prmcedit
881 3775 975 3830 hic
1008 3778 1286 3849 impositz’o
1333 3794 1604 3849 "manuum
1632 3794 1797 3848 super
1823 3794 1980 3834 ener-

326 3862 624 3920 gumenum
653 3847 1113 3920 catechumenuni,
1148 3849 1247 3902 sed
1282 3847 1522 3920 perinde
1549 3852 1638 3903 est
1666 3847 1862 3920 utrum
1895 3865 1980 3905 se-

328 3933 516 3987 quens
537 3917 650 3991 otia
663 3933 764 3991 pro
781 3919 1021 3991 parvulo,
1040 3917 1405 3991 eaerguiﬁeno
1436 3935 1538 3991 pro
1561 3919 1977 3991 catechumeno

226 4028 233 4035 ,
327 3986 539 4063 anpre
568 3986 862 4063 baptizata
903 3986 1261 4063 accipiatur:
1278 3990 1339 4044 Id
1354 3986 1610 4063 quidem
1640 3989 1978 4063 perplexum

327 4058 533 4131 habuit
563 4058 620 4113 S.
654 4058 1096 4131 Hieronymum,
1126 4060 1200 4115 ad
1232 4058 1471 4116 Paulam
1512 4061 1583 4116 de
1629 4058 1980 4119 dormitione

326 4128 576 4211 Blesillze
605 4147 637 4185 a
666 4128 974 4211 daemonio
1010 4136 1221 4187 vexata:
1272 4148 1460 4211 usque
1503 4133 1575 4187 ad
1619 4133 1981 4211 mortem

327 4202 682 4276 scribentem
719 4218 731 4256 :
767 4225 793 4276 ε(
831 4202 977 4268 Quid
1010 4220 1199 4258 causa:
1230 4207 1341 4276 est,
1368 4202 1431 4258 ut
1460 4220 1612 4276 saepe
1644 4202 1981 4276 bimuli,tri-

326 4270 611 4345 mulique,
643 4276 702 4328 et
731 4273 911 4345 ubera
968 4279 1231 4330 materna
1289 4270 1570 4330 lactentes
1612 4292 1645 4330 a
1693 4270 1979 4331 daemdnio

326 4344 759 4419 corripiantur?
786 4344 1203 4419 Judiciaenim
1237 4345 1465 4419 Domini
1491 4346 1738 4419 abyssus
1772 4346 1977 4402 multa.

325 4416 420 4490 Et,
446 4416 493 4471 o’
512 4417 869 4490 profundum
919 4416 1255 4490 divitiarum
1308 4416 1610 4490 sapientiae
1639 4422 1696 4472 et
1723 4419 1979 4490 scientiaa

323 4487 446 4553 Dei,
464 4487 643 4559 quam
673 4489 1074 4543 inscrutabilia
1105 4487 1477 4558 suntjudi'cia
1500 4489 1649 4559 ejus,
1674 4494 1730 4544 et
1751 4489 1984 4546 investi-

322 4556 554 4634 gabiles
709 4561 836 4634 ejus
852 4561 879 4613 ?
897 4582 916 4609 ι
947 4556 1346 4634 Ρρνιὶηθὶ-Ηυρ
1364 4556 1685 4634 Innocentii
1707 4560 1980 4634 [respon-

325 4646 455 4684 sum
487 4630 555 4684 ad
591 4630 931 4704 Decentium
964 4647 1014 4685 c.
1047 4631 1276 4704 6.A¢«_De
1333 4630 1426 4686 his
1486 4631 1820 4704 baptizatis,
1842 4630 1974 4704 'qui

322 4704 524 4772 postea
564 4717 597 4756 a
644 4702 932 4757 daemonio
983 4701 1398 4773 corripiuntur,
1433 4701 1698 4772 quaesivit
1745 4701 1976 4758 dilectio

319 4778 441 4829 tua.
468 4773 515 4844 si
542 4788 575 4826 a
600 4774 934 4843 presbytero
956 4773 1040 4828 vel
1064 4773 1309 4844 diacono
1340 4773 1590 4844 possint,
1606 4777 1708 4828 aut
1728 4773 1978 4830 debeant

322 4843 655 4915 consignari
677 4844 703 4899 ‘I
728 4846 894 4915 Quod
927 4844 1034 4900 hoc
1069 4843 1183 4898 nisi
1208 4843 1500 4915 episcopis
1528 4844 1837 4915 praecipere
1858 4863 1974 4901 non

321 4912 473 4993 licet.
508 4912 653 4993 Nam
687 4914 736 4969 ei
765 4931 976 4993 manus
1004 4912 1362 4993 imponenda
1410 4912 1674 4993 binding
1704 4912 1971 4993 nonest,

322 4984 434 5037 nisi
469 4984 777 5056 episcopus
808 4984 1213 5041 auctoritatem
1244 4985 1469 5042 dederit
1499 4986 1556 5041 id
1584 4986 1976 5042 efﬁciendi.Ut

321 5058 517 5130 autem
553 5054 683 5121 ﬁat,
706 5057 959 5130 episcopi
993 5061 1081 5113 est
1110 5059 1416 5130 imperare,
1440 5061 1506 5130 _ut
1539 5073 1750 5112 manus
1773 5058 1976 5130 eivela

322 5126 775 5200 presbyter-evel
807 5144 841 5200 a
870 5126 1090 5184 cieteris
1149 5126 1377 5184 cfericis
1434 5128 1973 5200 imponatur._Nam

321 5197 615 5274 quomodo
636 5197 691 5251 id
717 5198 841 5252 fieri
862 5200 988 5254 sine
1008 5216 1229 5274 magno,
1244 5200 1439 5274 labore
1459 5197 1693 5274 poterit,
1718 5205 1782 5274 ut
1803 5198 1974 5274 longe

320 5267 677 5343 constitutus
707 5267 1141 5343 energumenns
1164 5272 1233 5343 ad
1256 5267 1596 5343 episcopum
1626 5267 1970 5338 deducatuvr,

320 5356 454 5414 cum
487 5340 535 5414 si
570 5339 704 5395 talis
754 5339 927 5396 casus
978 5342 1029 5396 ei
1053 5342 1137 5414 _in
1166 5339 1375 5414 itinere
1403 5339 1697 5414 acciderit,
1733 5343 1975 5414 perferri

321 5413 389 5485 ad
425 5411 925 5485 episcopum,inec
976 5412 1183 5485 referri
1209 5415 1297 5485 ad
1350 5431 1459 5485 sua
1506 5413 1672 5468 facile
1703 5411 1907 5485 possit.
1944 5437 1971 5464 »

1118 236 1455 300 APPEND.
1498 240 1607 297 ‘AD
1654 238 1840 298 S/EU.
1889 234 1963 297 X.
1999 272 2073 281 —
2106 236 2605 299 MONUMENTA
2649 235 2966 296 LI'I‘URG.

3648 232 3781 290 “.36

2663 366 2788 423 Alia
2821 367 3003 422 unctio
3044 366 3193 421 ()lci.

2172 485 2302 539 Haec
2333 483 2436 540 tibi
2469 483 2667 539 unctio
2708 500 2808 554 per
2836 481 3075 555 signum
3124 480 3331 535 erucis
3365 484 3430 535 et
3461 492 3573 552 per
3604 477 3785 534 oleum

2098 573 2527 630 sanctiﬁcatum
2559 579 2616 627 et
2644 589 2748 645 per
2778 572 2998 627 donum
3030 570 3302 643 Spiritus
3331 572 3533 624 sancti
3566 569 3676 623 fiat
3696 568 3787 622 tibi

2100 664 2170 719 ad
2206 662 2538 719 sanitatem.
2570 661 2695 717 Per.

2504 776 2692 832 Oratio
2720 784 2837 848 post
2856 777 3185 832 unctionem
3216 774 3364 830 Oiei.

2169 892 2412 966 Respice
2441 892 2686 948 Domine
2717 890 3004 947 famulum
3036 894 3211 946 tuum
3245 890 3309 945 in
3344 889 3514 945 inﬁr.
3542 894 3659 945 etc.

2169 982 2310 1037 Alia.
2348 980 2589 1053 Respice
2612 980 2734 1036 Dne
2764 979 3060 1053 propitius
3085 996 3272 1052 super
3291 979 3464 1034 hunc
3488 977 3783 1034 famulum

2097 1074 2361 1138 tuum,et
2375 1087 2543 1143 opem
2568 1069 2619 1125 ei
2643 1071 2789 1125 ferre
2819 1069 3063 1142 dignare
3090 1085 3276 1142 super
3306 1067 3547 1123 lectum
3573 1067 3783 1123 doloris

2097 1160 2244 1231 ejus,
2278 1159 2490 1231 inpone
2522 1174 2763 1214 manum
2796 1161 2957 1213 tuam
2990 1157 3049 1212 in
3081 1174 3266 1213 manu
3302 1174 3468 1224 mea,
3486 1174 3567 1212 ne
3598 1173 3783 1212 meam

2096 1248 2417 1321 peccatoris
2451 1265 2690 1305 manum
2724 1250 2961 1320 spernat
2991 1246 3335 1314 infirmitas,
3373 1247 3485 1302 sed
3522 1247 3600 1302 ad
3638 1247 3784 1302 inve.

2097 1338 2387 1393 cntionem
2417 1337 2502 1392 tui
2535 1336 2790 1393 nominis
2817 1335 3161 1408 etfugiat,ut
3189 1335 3288 1390 hic
3324 1335 3608 1392 famulus
3624 1340 3777 1398 tuus,

2097 1426 2328 1483 diabolo
2359 1424 2623 1499 depulso,
2658 1426 2729 1481 ad
2757 1425 3069 1481 sanitatem
3124 1426 3389 1480 refectus
3421 1430 3701 1499 exurgat,
3732 1434 3781 1479 et

2098 1520 2545 1589 repraesentetur
2593 1514 2849 1570 ecclesia:
2896 1518 3029 1578 tuae,
3062 1518 3125 1568 ut
3158 1514 3391 1587 gratias
3426 1514 3650 1569 referat
3687 1532 3778 1569 no-

2098 1604 2241 1660 mini
2277 1608 2478 1660 sancto
2510 1609 2629 1659 tuo.
2667 1603 2789 1660 Per.

2099 1738 2425 1777 BENEDIC’I‘ID
2461 1737 2624 1784 Λουιε
2662 1720 2810 1792 (266)
2850 1737 2970 1775 cum
3031 1736 3201 1775 ucxo
3260 1737 3509 1776 samem:
3549 1738 3771 1777 cauus.

2095 1840 2358 1911 Inprimis
2389 1839 2640 1903 laetante,
2666 1844 2850 1918 postea
2876 1836 3109 1964 ἔαρι-ἰαί.
3144 1840 3319 1892 Pater
3361 1845 3579 1892 noster.
3612 1836 3769 1892 Creta

2783 1925 2844 1963 ιη
2956 1925 3065 1964 um.

2783 1925 2844 1963 ιη
2876 1925 3065 1965 Deum.

2620 2016 2719 2086 (Ex
2748 2014 2953 2071 eodem
2985 2014 3230 2087 codice.)

2168 2127 2284 2205 Ego
2314 2131 2430 2187 dixi
2466 2131 2607 2187 Dne.
2642 2131 2904 2186 Concede
2934 2146 3041 2185 nos
3075 2130 3231 2185 Deus
3264 2130 3377 2187 sal.
3412 2131 3657 2186 Salvum
3684 2132 3765 2186 fac

2095 2239 2325 2277 servum
2353 2220 2712 2275 tuum.Mitte
2734 2220 2786 2275 ei
2810 2220 2933 2285 Dne
2957 2237 3089 2274 anx.
3114 2219 3269 2274 Nihil
3298 2221 3579 2291 proficiet
3602 2213 3762 2276 inim.

2095 2310 2403 2383 Castigans
2426 2309 2630 2382 castig.
2655 2309 2717 2364 In
2742 2308 3119 2363 tribulatione
3144 2325 3294 2364 mea.
3314 2308 3444 2363 Dne
3468 2326 3540 2364 ne
3568 2310 3764 2364 memi-

2094 2401 2271 2455 neris.
2304 2398 2527 2469 Adjuva
2559 2415 2665 2453 nos
2696 2397 2850 2452 Deus
2875 2396 2978 2451 sal.
3008 2396 3174 2452 Dnus
3204 2397 3470 2451 custodit
3501 2402 3580 2452 te.
3610 2398 3766 2452 Dnus

2096 2505 2200 2561 pre
2230 2493 2337 2543 etc.
2366 2488 2571 2542 Postea
2600 2482 2974 2557 Evangelium
3006 2484 3239 2558 legatur
3276 2488 3618 2541 secundum
3654 2487 3760 2541 Lu-

2097 2594 2246 2632 cam.
2282 2581 2439 2632 Dnus
2469 2575 2790 2631 vobiscum.
2825 2576 2894 2629 Et
2938 2591 3074 2630 cum
3134 2574 3347 2647 spiritu
3401 2581 3527 2631 tuo.
3565 2576 3631 2631 In
3677 2576 3768 2631 illo

2094 2670 2374 2739 tempore.
2413 2666 2670 2737 Surgens
2699 2663 2794 2719 Ihs
2826 2664 2897 2719 de
2929 2680 3244 2737 synagoga.

2679 2779 2989 2837 Benedictio
3017 2780 3173 2834 satis.

2165 2887 2440 2945 Exoreize
2474 2890 2528 2942 te
2569 2890 2836 2943 creatura
2888 2885 3029 2942 salis
3082 2886 3139 2941 in
3196 2886 3437 2942 nomine
3489 2887 3762 2943 Patriset

2098 2978 2226 3035 Filii
2256 2982 2313 3034 et
2342 2976 2595 3049 Spiritus
2625 2977 2731 3041 sci,
2763 2975 2866 3049 qui
2894 2979 2952 3033 te
2984 2992 3085 3048 per
3130 2974 3449 3048 Helyseum
3498 2978 3758 3049 prophe-

2100 3074 2217 3124 tam
2246 3067 2305 3123 in
2339 3082 2551 3137 aquam
2583 3064 2735 3121 mitti
2762 3065 2962 3136 jussit,
3000 3070 3065 3120 ut
3093 3070 3404 3120 sanaretur
3450 3066 3757 3129 sterilitas.

2040 3154 2060 3179 ⁴
2099 3157 2199 3228 qui
2249 3155 2447 3210 divina
2490 3170 2630 3210 voce
2679 3171 2789 3210 sua
2833 3153 2915 3209 ita
2961 3152 3292 3224 discipulis,
3326 3153 3441 3209 Vos
3491 3155 3643 3209 estis
3674 3156 3758 3211 sal

2095 3250 2282 3311 terrae,
2306 3248 2363 3299 et
2381 3260 2484 3315 per
2504 3242 2856 3315 apostolum,
2883 3244 2991 3297 Cor
3009 3247 3267 3298 vestrum
3298 3243 3377 3297 sit
3399 3241 3524 3297 sale
3552 3244 3756 3299 condi-

2094 3339 2243 3399 tum,
2258 3337 2323 3388 ut
2341 3348 2544 3388 omnes
2568 3330 2669 3402 qui
2691 3347 2761 3386 ex
2782 3334 2836 3385 te
2859 3330 3224 3403 sumpserint
3243 3332 3595 3386 sanctiﬁcati
3612 3333 3756 3388 ﬁant

2093 3422 2308 3479 animis
2319 3426 2491 3493 atque
2504 3418 2868 3492 corporibus,
2885 3424 2942 3475 et
2955 3419 3291 3491 ubicunque
3311 3436 3597 3491 aspersus
3606 3438 3755 3493 prae-

2091 3517 2210 3569 stes
2242 3509 2519 3566 omnibus
2553 3507 2959 3563 remissionem
3006 3512 3403 3579 peccatorum,
3435 3510 3752 3567 sanitatem

2092 3597 2306 3655 mentis
2341 3602 2395 3653 et
2427 3595 2709 3668 corporis,
2741 3594 3158 3667 protectionem
3191 3594 3427 3661 salutis,
3460 3597 3532 3652 ad
3566 3597 3756 3670 expel-

2090 3793 2279 3853 mone_
2293 3774 2571 3848 delapsus
2602 3779 2842 3853 «contra
2872 3774 3254 3853 milleformes
3277 3776 3513 3853 (inquit)
3539 3779 3749 3853 demo-

2090 3864 2234 3919 num
2267 3846 2560 3919 incursas,
2594 3847 2729 3919 quis
2770 3847 3102 3919 innocentia
3131 3864 3239 3901 sua
3270 3846 3443 3919 fidit?
3473 3850 3748 3913 Quando-

2090 3918 2326 3992 quidem
2362 3934 2432 3973 ne
2463 3916 2849 3992 quisjﬁgderct,
2884 3917 3061 3992 etiam
3090 3916 3379 3992 parvulos
3398 3919 3744 3992 baptizatos,

2089 3987 2307 4062 quibus
2351 3987 2503 4062 certe
2553 3987 2700 4062 nihil
2748 3994 2839 4062 est
2880 3987 3270 4062 innocentius,
3306 3987 3631 4061 aliquando
3662 3987 3745 4046 sic

2088 4060 2317 4128 vexant,
2352 4066 2418 4115 ut
2446 4061 2506 4115 in
2539 4060 2622 4115 eis
2653 4060 2925 4125 maxime,
2960 4060 3081 4117 Deo
3123 4060 3373 4124 sinente,
3414 4060 3543 4117 ista
3588 4080 3747 4118 men-

2089 4137 2307 4189 stretur
2338 4132 2517 4201 hujus
2547 4132 2677 4187 vitae
2701 4131 2895 4187 ﬂenda
2915 4130 3319 4201 calamitas,et
3338 4132 3587 4189 alterius
3600 4134 3749 4190 desi-

2088 4204 2348 4259 deranda
2379 4202 2646 4259 felicitas.
2681 4225 2710 4251 ››

2161 4275 2307 4346 (266)
2338 4276 2566 4346 Aquam
2597 4273 2789 4346 crucis
2821 4272 3217 4346 signoinJesu
3241 4272 3458 4330 Christi
3492 4274 3746 4333 nominis

2088 4344 2451 4402 invocatione
2490 4344 2795 4400 benedicta
2851 4344 3053 4400 contra
3103 4345 3399 4401 dmmones
3429 4351 3487 4401 et
3514 4349 3751 4402 morbos

2089 4417 2392 4492 pellendos
2420 4416 2742 4492 adhibitam
2760 4416 3279 4492 aJosephoJlidmo
3310 4421 3467 4489 apud
3500 4419 3744 4492 Epipba~

2092 4486 2257 4545 nium
2290 4489 2436 4543 Har.
2464 4490 2536 4544 30
2567 4486 2817 4559 legitur;
2851 4504 2887 4541 a
2912 4486 3081 4543 Jban.
3133 4486 3568 4559 Chryso'stiomo~
3602 4486 3745 4544 teste

2089 4560 2333 4617 Georgio
2363 4559 2522 4615 Alex.
2557 4558 2617 4612 in
2649 4558 2780 4613 Vita
2816 4559 2973 4617 apud
3005 4558 3275 4614 Pbotium
3306 4560 3440 4616 cod.
3469 4562 3562 4617 96.
3597 4560 3742 4616 Bibl.

2088 4649 2121 4705 ξι
2153 4632 2214 4686 Β.
2242 4629 2520 4705 Macarip,
2562 4629 3016 4705 teste__Palladio
3061 4629 3211 4705 Hist.
3236 4630 3446 4705 _I._aus.
3492 4650 3621 4705 cap.
3646 4633 3743 4705 719,

2087 4702 2319 4757 Braulio
2350 4703 2421 4756 de
2451 4702 2510 4757 S.
2558 4699 2866 4757 {Emiliano
2923 4701 3080 4773 apud
3138 4701 3361 4756 Mabill.
3396 4719 3529 4758 saec.
3565 4699 3604 4757 ἱ.
3642 4699 3744 4759 Βεὲ

2087 4774 2219 4829 ned.
2252 4790 2311 4845 p.
2342 4774 2443 4827 211
2492 4777 2712 4845 narrat,
2744 4788 2879 4845 eum
2926 4776 3196 4842 rogatum
3228 4789 3262 4827 a
3291 4773 3475 4829 nobili
3506 4774 3652 4839 viro,
3685 4780 3747 4829 ut

2087 4843 2409 4916 daemonem
2434 4843 2689 4916 pelleret,
2705 4843 2803 4915 qui
2825 4844 3068 4898 domum
3090 4859 3260 4916 suam
3278 4844 3558 4901 infestam
3577 4846 3748 4901 babe-

2085 4916 2204 4983 bat,
2230 4914 2414 4971 salem
2434 4913 3002 4985 'exorcizasse,aqua2
3034 4913 3346 4971 miscuisse
3376 4932 3543 4973 more
3571 4917 3746 4976 eccle-

2085 4986 2342 5060 siastico,
2375 4990 2433 5060 et
2490 4986 2566 5060 in_
2610 4985 2809 5060 fugam
2855 4984 3074 5060 egisse.
3109 4985 3225 5040 Nec
3281 4986 3537 5060 abludit,
3590 4989 3741 5060 quod

2084 5059 2142 5114 S.
2176 5056 2490 5130 Gregorius
2540 5056 3045 5130 fana'_in_Angl_i_a
3099 5072 3255 5128 aqua
3312 5056 3627 5114 benedicta
3665 5059 3745 5114 lu-

2084 5126 2325 5210 stranda
2384 5128 2645 5211 praecipit
2705 5126 3074 5209 Mellitedib.
3125 5126 3203 5209 ut,
3254 5146 3345 5255 Ἣ).
3392 5131 3463 5212 ς71

2084 5201 2345 5255 Hlncnue
2377 5216 2598 5255 nrimas
2627 5216 2790 5255 acute
2822 5198 3138 5254 benedictae
3172 5216 3231 5253 In
3313 5201 3739 5255 edicatiombus

2083 5200 2345 5271 Hincque
2377 5198 2598 5271 primas
2627 5216 2790 5271 aquae
2822 5198 3231 5271 benedictznin
3272 5198 3742 5259 dedicationibus

2083 5218 2225 5255 mne
2275 5218 2345 5254 ue
2377 5218 2598 5271 primas
2627 5218 2790 5270 aquae
2824 5218 3138 5254 benedicta:
3172 5218 3231 5253 ιη
3272 5218 3741 5259 dedicationinus

2083 5218 2435 5351 tempiorum
2463 5270 2639 5351 repeti
2666 5274 2855 5351 potest
2876 5286 3039 5335 usus,
3062 5268 3323 5351 lotioque
3346 5273 3741 5351 parietum,de

2082 5339 2475 5415 qua—,Optatus
2497 5339 2733 5415 Milevit.
2759 5339 2861 5395 lib.
2887 5356 2943 5396 vi
2974 5345 3178 5415 contra
3206 5339 3571 5400 Donatistas.
3595 5345 3739 5399 Pre-

2083 5411 2372 5487 ceptio'de
2402 5429 2556 5487 aqua
2612 5411 2935 5487 (tamquam
2986 5413 3282 5487 [καίπερ-ἰδέ,
3315 5422 3375 5487 et
3407 5415 3739 5471 insidiarum

320 5484 378 5566 ξ.
403 5482 767 5566 Augustinus
786 5483 902 5566 .lib‘.
926 5501 1043 5566 xxn
1067 5484 1138 5538 de
1160 5483 1324 5566 Civit.
1348 5484 1472 5549 Dei,
1494 5500 1544 5539 c.
1569 5487 1666 5566 g2,
1694 5482 1971 5566 miseram
2070 5482 2328 5566 plantam
2352 5482 2721 5566 proﬂigatrnice
2744 5484 2816 5539 ab
2845 5482 3118 5557 episcopo
3145 5484 3555 5543 benedicendo
3579 5487 3741 5546 habe-

320 5554 563 5628 bumani
603 5556 850 5628 generis
884 5554 1032 5628 lapsi
1073 5555 1405 5628 expendens
1443 5555 1866 5628 conditionem,
1900 5557 1971 5614 ad

321 5624 430 5686 has
446 5624 758 5687 infantium
780 5624 960 5688 etiam
986 5624 1416 5707 bapti'zatorum
1438 5625 1839 5687 infestationes
1856 5644 1972 5687 ser-

2085 5563 2184 5616 tur
2212 5556 2316 5614 lib.
2351 5556 2471 5625 vin,
2506 5572 2557 5613 c.
2587 5556 2679 5614 29.
