3892 6212
182 294 356 353 1157

1195 298 1641 366 ()llATlONES
1687 303 1997 368 CONTRA
2054 309 2624 377 DEMUNIMJUM.

3460 329 3616 389 ίίῢὸ

176 424 400 525 lendas
431 432 487 483 et
519 429 911 488 excludendos
942 449 1145 489 omnes
1185 435 1501 491 demonum
1551 439 1856 508 temptatio
1885 442 1939 507 Α
1970 454 2029 508 in
2062 453 2310 521 pectore,
2345 446 2403 501 in
2436 448 2630 515 corde,
2661 449 2718 504 in
2753 457 2971 521 ventre,
3006 454 3061 509 in
3096 455 3370 525 brachiis,
3407 462 3460 515 in
3495 478 3615 516 ma-

174 531 316 571 nes.
349 516 411 571 In
443 519 684 575 nomine
715 519 813 575 Dei
851 520 1057 588 Patris,
1091 525 1149 577 et
1177 521 1327 593 Filii,
1360 527 1417 578 et
1447 524 1559 596 Sps
1606 527 1711 581 sci.
1747 527 1848 599 qui

170 610 473 663 venturus
498 611 584 664 est
609 608 874 681 judicare
905 609 1065 667 vivos
1096 615 1153 667 et
1182 629 1261 667 m.

762 715 1074 773 Benedictio
1094 733 1276 790 aquae.

252 814 415 867 Deus
474 811 575 885 qui
634 811 705 870 ad
756 813 1008 871 salutem
1054 813 1299 872 humani
1357 817 1609 890 generis.
1651 820 1711 877 Ut
1759 838 1848 877 su-

163 915 306 971 pra.

286 1023 625 1063 ΒεΝεωσΠο
665 1024 823 1065 SALIS
862 1026 930 1064 ET
966 1027 1136 1073 AQUE
1172 1028 1391 1069 CONTRA
1433 1031 1749 1071 ΡΑΝΤΑΒῙΑΜ

896 1097 1147 1139 ΒΑΤΛΝίΕ.

256 1174 533 1231 Exorcizo
583 1178 641 1232 te
693 1181 958 1234 creatura
1005 1178 1147 1237 salis
1194 1183 1251 1236 ct
1297 1196 1464 1253 aquae
1512 1198 1616 1254 per
1664 1183 1850 1239 Deum

172 1262 559 1336 viivum,per
592 1265 771 1321 Deum
802 1271 1139 1334 vefrum,ut
1168 1268 1361 1325 omnis
1412 1270 1601 1327 virtus
1648 1272 1851 1327 adver-

174 1350 353 1421 sarii,
388 1351 698 1424 omnisque
728 1355 1017 1411 exercitus
1044 1356 1283 1425 diaboli,
1315 1359 1510 1414 omnis
1552 1359 1848 1426 incursus,

175 1456 367 1495 omne
399 1441 691 1497 fantasma
719 1443 1049 1500 eradicetur
1075 1449 1132 1500 et
1163 1447 1452 1519 etfugetur
1472 1446 1544 1503 ab
1569 1447 1677 1504 hac
1700 1466 1852 1504 crea-

171 1534 322 1607 t‘ura
345 1546 511 1601 aqua
534 1530 619 1587 vel
642 1530 877 1598 salis,ut
897 1550 1028 1589 cum
1054 1550 1329 1606 aspersus
1353 1535 1526 1591 fuerit
1547 1537 1631 1593 vel
1655 1542 1852 1610 gusta-

173 1620 356 1684 verit,
392 1636 461 1674 ex
491 1636 559 1674 ea
591 1637 792 1677 servus
822 1627 962 1677 tuus
994 1624 1065 1678 ab
1099 1623 1206 1678 hac
1237 1630 1504 1682 creatura
1533 1644 1697 1699 aquze
1729 1627 1852 1683 Dne

172 1707 259 1762 sit
298 1712 462 1764 tutus
494 1709 565 1763 ab
597 1708 756 1764 omni
805 1710 1103 1767 diabolicae
1155 1714 1461 1786 potestatis
1510 1714 1749 1773 incursu
1793 1720 1850 1771 et

173 1796 419 1852 alienus
451 1796 755 1854 habeatur.
793 1798 919 1855 Per.

554 1906 862 1963 Benedictio
886 1907 957 1961 ad
985 1924 1160 1963 unum
1188 1908 1487 1966 hominem.

254 2010 527 2066 Exercizo
560 2015 614 2065 te
646 2016 913 2068 creatura
945 2012 1088 2069 salis
1113 2020 1169 2071 et
1196 2031 1359 2088 aqua:
1395 2016 1452 2072 in
1487 2018 1721 2074 nomine
1747 2018 1843 2074 Dei

178 2098 398 2161 Patris,
430 2104 480 2153 et
518 2098 572 2153 in
609 2100 847 2157 nomine
898 2101 1129 2157 Domini
1180 2105 1362 2161 nostri
1416 2105 1586 2161 lhesu
1630 2107 1841 2162 Christi

184 2187 317 2241 Filii
350 2188 499 2258 ejus.
526 2191 587 2242 ut
621 2189 813 2244 omnis
846 2190 1190 2246 immundus
1222 2192 1467 2264 spiritus
1499 2198 1555 2247 et
1587 2194 1846 2251 incursio

184 2277 413 2331 diaboli
443 2278 854 2343 eradicetur,et
883 2284 1185 2351 separetur
1205 2282 1277 2336 ab
1298 2281 1402 2336 hac
1424 2288 1687 2337 creatura
1711 2283 1850 2340 salis

191 2369 251 2419 et
273 2382 469 2437 aqu-13:
490 2366 728 2437 proinde
759 2368 986 2421 efficere
1007 2368 1328 2424 exercizata
1359 2370 1428 2423 ad
1462 2388 1695 2426 omnem
1730 2373 1851 2427 fan-

190 2454 407 2508 tasiam
441 2453 687 2523 inimici,
712 2460 767 2510 et
791 2456 985 2528 ipsum
1016 2456 1319 2511 inimicum
1353 2459 1647 2513 eradicare
1670 2465 1724 2515 et
1756 2478 1849 2516 ex-

191 2540 464 2614 plantare
497 2542 553 2596 in
587 2542 822 2599 nomine
851 2543 955 2598 lhu
982 2543 1081 2615 Xpi
1108 2545 1206 2615 qui
1234 2550 1515 2601 venturus
1540 2552 1629 2601 est
1652 2547 1707 2601 in
1731 2548 1854 2620 Spi-

192 2631 312 2685 ritu
348 2636 551 2688 sancto
576 2632 843 2703 judicare
874 2632 1030 2689 vivos
1063 2650 1126 2688 ac
1160 2638 1420 2691 mortuos
1468 2641 1523 2690 et
1569 2637 1849 2693 saeculum

188 2736 299 2793 per
329 2720 545 2793 ignem.
577 2722 779 2777 Amen.

442 2828 629 2884 Oratio
657 2845 819 2901 super
850 2829 1066 2898 lignum
1093 2832 1269 2886 crocis
1300 2839 1351 2887 et
1377 2848 1598 2904 aquam.

262 2933 511 2991 Oremus.
542 2935 666 2991 Dne
696 2935 801 2992 lhu
829 2936 951 3010 Xpe
982 2936 1087 2992 Fili
1120 2937 1221 2993 Dei
1250 2938 1490 3011 vivi,qui
1522 2941 1847 2998 secundum

189 3040 472 3097 magnam
504 3024 998 3095 dispensationem
1031 3024 1452 3083 incarnationis
1474 3030 1586 3083 tute
1610 3028 1667 3084 in
1690 3028 1848 3102 ligno

182 3112 384 3169 crucis
411 3112 557 3169 mori
575 3112 902 3181 voluisti,ut
932 3130 1035 3186 per
1064 3119 1224 3170 tuam
1249 3119 1497 3171 mortem
1519 3116 1845 3174 humanum

1958 545 2154 609 nibus,
2190 540 2247 594 in
2288 536 2558 611 pedibus,
2592 538 2649 594 in
2702 540 2979 598 omnibus
3024 546 3305 602 membris
3353 550 3613 622 corporis

1956 632 2140 697 illius,
2178 634 2243 685 ut
2298 644 2415 683 non
2472 627 2703 699 possint
2760 629 2978 703 frigora
3025 636 3083 687 ct
3143 633 3329 691 febres
3384 637 3611 693 vincere

1954 721 2042 779 vel
2104 734 2310 776 nocere
2360 733 2493 772 cum
2540 733 2643 773 nec
2695 718 2753 774 in
2801 719 2951 786 visu,
2988 737 3092 777 nec
3138 722 3197 778 in
3249 725 3474 791 auditu,
3507 744 3612 783 nec

1956 811 2014 867 in
2048 806 2428 872 ambulando,
2463 821 2580 861 non
2622 805 2678 861 in
2718 811 2957 880 gustum
3013 810 3148 878 cibi,
3200 828 3306 868 nec
3360 812 3611 871 bibendo

1955 904 2161 975 potus;
2195 897 2295 952 sed
2326 895 2479 951 Deus
2512 895 2926 969 perfectus,qui
2952 916 3013 954 es
3044 899 3298 958 salvator
3320 903 3609 973 omnium,

1955 989 2181 1046 salvum
2215 986 2303 1041 fac
2335 982 2635 1039 hominem
2680 984 2857 1042 istum
2907 986 2974 1042 N.
3026 989 3100 1044 ab
3146 991 3305 1047 omni
3354 991 3611 1064 periculo

1954 1079 2288 1149 redemptor
2320 1074 2546 1142 mundi,
2591 1074 2690 1146 qui
2743 1090 2875 1130 cum
2926 1076 3091 1133 Patre
3139 1082 3197 1134 et
3244 1079 3463 1154 Spiritu
3514 1098 3610 1138 sco

1954 1168 2122 1223 vivis.

2346 1269 2549 1308 ORATIO
2589 1269 2773 1309 SUPER
2812 1270 3201 1311 DEMONIACUM
3210 1298 3223 1311 .

2081 1341 2186 1411 (Ex
2214 1342 2343 1397 cod.
2375 1342 2549 1397 Vind.
2582 1342 2756 1397 theol.
2785 1346 2913 1411 277,
2948 1360 3077 1400 sazc.
3111 1362 3186 1401 xu
3217 1346 3303 1401 vel
3333 1350 3483 1416 xm.)

2030 1430 2261 1504 Repelle
2279 1430 2521 1486 Domine
2539 1431 2611 1485 ab
2624 1430 2730 1486 hoc
2748 1431 2966 1487 famulo
2992 1437 3092 1489 tuo
3124 1450 3357 1491 omnem
3378 1436 3609 1492 infesta-

1958 1521 2175 1576 tionem
2207 1519 2451 1585 inimiri,
2487 1524 2551 1574 ut
2582 1519 3012 1592 redintegratus
3043 1521 3305 1593 pristinae
3348 1525 3607 1593 sanitati,

1957 1611 2027 1665 ad
2060 1608 2384 1683 gratiarum
2438 1607 2757 1664 clementiae
2789 1612 2900 1663 tuae
2933 1610 3132 1666 redeat
3161 1614 3470 1669 actionem.
3504 1614 3610 1670 Per

1964 1705 2134 1754 Dnm.

2030 1788 2169 1843 Alia.
2208 1792 2355 1843 Deus
2390 1786 2737 1859 Angelorum
2788 1791 2899 1843 etc.
2954 1797 3014 1844 ut
3059 1806 3244 1862 supra.
3278 1792 3422 1848 Alia.
3457 1792 3609 1849 Deus

1951 1878 2049 1950 qui
2083 1877 2350 1932 conditor
2372 1880 2427 1930 et
2458 1877 2731 1931 defensor
2760 1893 2822 1931 es
2853 1879 3084 1950 generis
3107 1879 3349 1936 humani
3377 1882 3476 1955 qui
3498 1887 3606 1939 etc.

1951 1966 2346 2021 Alia.Domine
2375 1968 2574 2021 sancte
2604 1965 2772 2021 Pater
2801 1967 3172 2040 omnipotens
3192 1973 3403 2027 aeterne
3436 1973 3606 2039 Deus,

1953 2054 2188 2109 Osanna
2216 2056 2326 2109 etc.
2358 2054 2511 2108 ﬂia.
2542 2053 2778 2109 Domine
2810 2059 3008 2111 sancte
3042 2056 3209 2112 Pater
3237 2059 3608 2131 omnipotens

1954 2147 2162 2198 aeterne
2199 2143 2369 2213 Deus,
2402 2142 2621 2214 expelle
2651 2148 2758 2197 etc.

2560 2232 2677 2286 Alia
2709 2232 3001 2303 adjuratio.

2029 2320 2298 2376 Exercizo
2329 2325 2383 2374 te
2415 2320 2658 2392 spiritus
2706 2320 3029 2377 immundo.
3066 2323 3187 2379 Non
3221 2342 3327 2398 ego
3357 2326 3460 2381 tibi
3498 2328 3607 2382 im-

1959 2426 2096 2482 pero
2144 2426 2331 2480 neque
2377 2413 2613 2480 peccata
2667 2426 2815 2477 mea,
2850 2410 2950 2465 sed
2998 2411 3237 2482 imperat
3274 2414 3378 2469 tibi
3419 2431 3608 2489 agnus

1960 2497 2377 2553 immaculatus
2406 2497 2676 2553 Christus
2710 2499 2858 2553 Deus
2904 2504 2961 2555 et
3015 2500 3109 2555 Dei
3162 2500 3359 2559 Filius.
3398 2505 3609 2577 Urgent

1958 2590 2015 2641 te
2047 2586 2247 2659 Angeli
2298 2589 2355 2640 et
2400 2584 2768 2658 Arehangeli.
2803 2586 3023 2660 Urgent
3070 2593 3125 2644 te
3176 2591 3519 2662 patriarchae
3552 2599 3609 2649 et

1958 2676 2273 2748 propheta).
2326 2674 2543 2747 Urgent
2593 2679 2649 2729 te
2696 2676 2942 2747 apostoli
2991 2677 3228 2733 Christi.
3279 2679 3497 2753 Urgent
3552 2685 3608 2737 te

1960 2767 2243 2837 martyres
2267 2762 2505 2832 Christi,
2536 2767 2593 2818 et
2619 2763 3020 2833 Confessores,
3060 2769 3126 2820 ut
3154 2767 3429 2824 deficiant
3454 2773 3607 2827 artes

1958 2852 2173 2909 diaboli
2225 2853 2318 2908 die
2370 2869 2437 2908 ac
2486 2857 2675 2918 nocte,
2708 2853 2765 2907 in
2799 2870 3019 2919 mense,
3052 2858 3109 2909 et
3148 2855 3205 2910 in
3237 2854 3401 2924 hora,
3431 2862 3608 2931 atque

1957 2941 2486 2997 momento.Redde
2516 2957 2652 3013 ergo
2687 2940 3090 2997 fortitudinem
3123 2944 3608 3013 membris,redde

1957 3030 2165 3086 animae
2198 3029 2541 3085 sanitatem:
2565 3047 2678 3085 non
2707 3030 3027 3103 temptabis
3056 3036 3271 3097 eam,et
3297 3033 3468 3089 morti
3490 3052 3604 3091 non

1956 3118 2305 3175 tradas.Non
2332 3118 2644 3191 apparebis
2676 3116 2735 3172 in
2768 3134 3035 3186 esca,nec
3066 3117 3124 3173 in
3157 3118 3300 3176 locis
3333 3120 3604 3195 publicis,

182 3217 379 3274 genus
410 3218 445 3256 a
472 3204 751 3275 perpetua
780 3208 968 3258 morte
1000 3202 1516 3277 liberares,praasta
1547 3223 1647 3278 per
1684 3207 1846 3263 invo-
1877 3178 1919 3245 α
1960 3226 2062 3263 nec
2101 3224 2279 3280 super
2325 3206 2520 3262 venies
2566 3205 2853 3279 vigilanti,
2893 3222 3083 3279 neque
3135 3208 3467 3279 dormienti,
3501 3228 3606 3267 nec

186 3291 482 3347 cntionem
513 3291 770 3349 nominis
802 3293 908 3358 tui,
946 3298 1010 3349 ut
1039 3293 1160 3348 haec
1191 3311 1345 3366 aqua
1390 3311 1423 3349 a
1472 3298 1627 3350 tactu
1660 3296 1846 3368 ipsius

182 3386 405 3436 sancta:
436 3380 629 3437 crucis
660 3382 1042 3438 sanctificata.
1073 3383 1293 3439 famulo
1324 3388 1423 3437 tuo
1454 3383 1520 3438 N.
1551 3399 1723 3455 quem
1758 3402 1846 3440 ar-

181 3470 337 3524 dens
372 3469 549 3525 febris
577 3468 827 3542 graviter
856 3472 1452 3543 excruciat,proﬁciat
1482 3474 1554 3527 ad
1588 3474 1845 3546 corporis

181 3559 514 3630 animaeque
552 3558 827 3624 salutem,
859 3561 1013 3631 quod
1062 3559 1190 3632 ipse
1237 3564 1512 3633 praestare
1562 3563 1840 3634 digneris.

180 3647 295 3713 Qui
327 3663 460 3701 eum
496 3647 609 3703 Deo
644 3647 810 3704 Patre
842 3653 896 3703 et
928 3647 1172 3720 Spiritu.

257 3737 408 3792 Alia.
441 3737 557 3792 Dne
588 3736 696 3792 lhu
727 3736 867 3809 Xpe,
902 3738 999 3809 qui
1052 3754 1155 3809 pro
1206 3743 1405 3794 nostra
1446 3739 1843 3813 redemptione

181 3842 291 3897 per
323 3825 655 3897 passionem
685 3829 847 3881 tuam
883 3825 989 3881 huc
1023 3825 1249 3900 lignum
1271 3827 1460 3883 crucis
1478 3830 1843 3887 sanctificare

177 3912 440 3967 voluisti.
491 3912 752 3968 Concede
804 3913 1115 3985 propitius,
1168 3920 1232 3969 ut
1292 3915 1647 3988 quicumque
1691 3917 1841 3974 hanc

178 4018 399 4074 aquam
432 4001 696 4071 ejusdem
730 4006 947 4057 sanctae
977 4003 1170 4057 crucis
1197 4007 1353 4059 tactu
1388 4006 1836 4076 sanetilicatam,

176 4091 399 4146 haustu
431 4090 815 4163 perceperint,
850 4091 920 4146 ab
953 4090 1113 4146 omni
1162 4091 1500 4149 infirmitate
1539 4095 1754 4150 mentis
1784 4099 1840 4152 et

175 4179 442 4252 corporis
471 4177 866 4249 absolventur,
889 4179 990 4252 qui
1018 4197 1153 4235 cum
1187 4184 1301 4238 Deo
1333 4181 1495 4239 Patre
1527 4187 1584 4239 et
1613 4183 1836 4257 Spiritu

175 4286 281 4325 sco
310 4267 454 4322 vivis
475 4271 585 4324 etc.

250 4358 397 4413 Alia.
443 4357 593 4413 Deus
650 4356 742 4413 cui
807 4362 1029 4415 cunctae
1087 4357 1367 4415 obediunt
1423 4364 1721 4430 creaturae,
1780 4366 1838 4417 et

174 4445 381 4505 omnia
407 4445 463 4500 in
493 4444 667 4501 verbo
710 4448 811 4501 tuo
844 4445 1034 4501 fecisti
1083 4445 1143 4501 in
1193 4446 1501 4519 sapientia,
1536 4447 1833 4521 supplices

1956 3301 2212 3351 mentem
2249 3296 2376 3366 ejus
2402 3312 2654 3364 moveas,
2690 3312 2795 3349 nec
2823 3295 3111 3368 impedias
3142 3303 3497 3368 quaerentem
3530 3300 3608 3354 vi-

1952 3389 2073 3440 tam
2105 3389 2400 3439 aeternam.
2436 3384 2541 3438 Per
2568 3388 2732 3439 Dnm.

2025 3474 2170 3528 Aha.
2200 3472 2583 3544 Omnipotens
2613 3474 2672 3527 et
2714 3471 3045 3528 misericors
3092 3478 3242 3529 Deus
3288 3480 3453 3546 pater
3499 3477 3603 3532 Dni

1954 3562 2043 3616 nri
2078 3562 2181 3616 lhu
2214 3567 2323 3617 etc.
2360 3561 2580 3616 Recede
2607 3576 2745 3632 ergo
2769 3560 3245 3618 immundissime
3267 3562 3510 3634 spiritus
3531 3566 3604 3620 ab

1951 3650 2061 3705 hoc
2096 3649 2315 3705 famulo
2347 3648 2625 3719 Dei,sicut
2655 3648 2943 3720 separavit
2967 3655 3115 3705 Deus
3145 3654 3316 3706 Pater
3334 3652 3604 3725 omnipo-

1951 3743 2081 3795 tens
2112 3738 2321 3795 ccelum
2355 3754 2389 3792 a
2418 3743 2591 3806 terra,
2626 3737 2816 3792 lucem
2849 3755 2882 3792 a
2912 3739 3195 3804 tenebris,
3221 3738 3523 3795 veritatem
3570 3757 3604 3796 a

1951 3828 2240 3893 mendaci,
2276 3827 2491 3882 bonum
2526 3843 2560 3881 a
2589 3825 2763 3891 malo,
2797 3824 2966 3882 dulce
2997 3827 3070 3882 ab
3110 3843 3341 3894 amaro;
3376 3828 3460 3883 sic
3488 3829 3603 3885 eris

1950 3920 2253 3989 separatus
2274 3916 2347 3971 ab
2370 3932 2436 3971 eo
2458 3932 2560 3987 per
2578 3914 2895 3987 potentiam
2910 3931 3045 3986 ,qua
3074 3919 3129 3970 te
3159 3915 3424 3972 Christus
3446 3917 3601 3985 vicit,

1948 4022 2123 4077 quem
2154 4009 2216 4060 tu
2244 4005 2471 4060 vincere
2503 4020 2614 4059 non
2649 4007 2831 4075 potes,
2865 4005 2965 4059 sed
2995 4004 3188 4059 vincat
3236 4008 3291 4060 te
3343 4006 3459 4060 Dns
3508 4006 3603 4062 Ihs

1946 4094 2085 4168 Xps,
2137 4098 2306 4167 teque
2333 4094 2718 4164 dampnatum
2769 4093 3001 4148 zeternis
3051 4093 3344 4165 mancipet
3392 4095 3598 4166 poenis.

1948 4183 2268 4239 Descendat
2296 4183 2365 4238 ad
2401 4199 2506 4237 nos
2537 4180 2777 4236 Domine
2798 4181 2988 4253 gratia
3018 4186 3129 4236 tuae
3162 4182 3599 4254 pietatisSigno

1942 4277 2119 4344 caput
2148 4276 2338 4335 tuum,
2371 4273 2523 4326 sicut
2552 4269 2806 4341 signavit
2851 4270 3129 4324 Dominus
3179 4285 3383 4325 omnes
3430 4270 3598 4324 infir-

1942 4376 2071 4415 mos
2121 4360 2178 4414 in
2227 4359 2427 4413 Cbana
2476 4356 2728 4412 Galileae.
2782 4357 2960 4429 Signo
3011 4356 3211 4412 oculos
3251 4361 3404 4421 tuos,
3435 4360 3499 4412 ut
3529 4374 3598 4413 ex

1941 4448 2084 4520 ipsis
2113 4446 2434 4520 expellatur
2464 4443 2870 4516 diabolus,qui
2906 4443 3063 4499 laedit
3093 4460 3327 4500 omnem
3360 4461 3595 4500 carnem

173 4550 521 4607 quaesumus
550 4532 908 4590 ineffabilem
936 4533 1304 4590 clementiam
1353 4539 1537 4604 tuam,
1572 4540 1638 4592 ut
1687 4554 1836 4609 quos
1864 4549 1911 4614 D
1942 4538 2126 4590 tuam.
2164 4532 2443 4589 Benedico
2474 4536 2549 4599 te,
2583 4530 2735 4586 sicut
2764 4530 3062 4587 benedixit
3090 4531 3372 4586 Dominus
3394 4531 3595 4588 oculos

174 4640 283 4697 per
332 4622 557 4695 lignum
607 4626 823 4678 sanctis
871 4623 1062 4679 crucis
1092 4622 1223 4679 Filii
1254 4623 1338 4679 tui
1370 4624 1464 4696 pio
1496 4640 1701 4681 cruore
1740 4626 1832 4681 di-

171 4716 394 4786 gnatus
426 4728 486 4766 es
517 4710 825 4779 redimere,
856 4716 921 4767 tu
972 4711 1071 4784 qui
1120 4729 1183 4769 es
1230 4710 1457 4785 lignum
1508 4713 1635 4769 vitae
1666 4731 1835 4786 para-

171 4801 425 4874 dysique
497 4804 818 4873 reparator,
873 4801 1148 4857 omnibus
1217 4800 1276 4856 in
1350 4806 1405 4857 te
1462 4803 1835 4860 credentibus

171 4890 307 4946 dira
363 4888 652 4961 serpentis
698 4906 919 4945 venena
966 4889 1260 4963 extingue,
1306 4894 1363 4945 et
1420 4908 1524 4963 per
1581 4890 1832 4965 gratiam

171 4979 363 5035 sancti
413 4977 671 5050 Spiritus
723 4977 1000 5051 poculum
1032 4978 1242 5035 salutis
1289 4996 1522 5052 semper
1566 4979 1829 5037 infunde.

173 5068 301 5124 Per.

242 5157 387 5212 Alia.
422 5156 576 5212 Deus
599 5155 970 5227 omnipotens
1003 5155 1170 5212 Pater
1198 5160 1255 5211 et
1284 5157 1402 5229 Xpe
1433 5156 1537 5212 lhu
1574 5156 1679 5213 Fili
1733 5158 1829 5213 Dei

171 5251 229 5302 et
258 5246 516 5319 Spiritus
546 5245 777 5301 sancte!
816 5245 973 5318 Rogo
1006 5262 1125 5314 vos,
1151 5250 1218 5300 ut
1247 5246 1479 5302 mittere
1508 5246 1829 5320 dignemini

169 5333 641 5391 benedictionem
670 5338 924 5388 vestram
946 5351 1124 5406 super
1153 5334 1305 5389 hanc
1336 5339 1663 5391 creaturam
1688 5336 1830 5391 satis

167 5427 226 5479 et
256 5420 533 5494 aquae,vel
565 5421 723 5493 pomi
751 5419 838 5476 vel
871 5421 1117 5488 casei,ut
1145 5422 1454 5495 proficiant
1482 5423 1553 5477 ad
1578 5423 1828 5479 salutem

166 5511 449 5568 omnib"s
480 5509 697 5582 quibus
727 5509 962 5577 dantur,
1000 5514 1061 5565 ut
1090 5510 1312 5567 sanitas
1341 5509 1426 5566 eis
1459 5510 1561 5567 fiat
1599 5511 1657 5567 in
1708 5528 1826 5579 ore,

166 5602 226 5661 in
260 5600 529 5673 naribus,
564 5599 621 5655 in
650 5596 858 5670 oculis,
892 5599 951 5656 in
986 5600 1192 5673 fronte,
1226 5599 1284 5656 in
1316 5599 1614 5670 vertice,in
1654 5600 1822 5671 collo,

1943 4639 2249 4689 caecorum,
2281 4620 2382 4693 qui
2416 4621 2471 4675 in
2500 4619 2809 4693 Evangelio
2842 4619 3135 4691 leguntur.
3170 4619 3347 4691 Signo
3398 4621 3597 4677 omnia

1943 4712 2209 4767 membra
2252 4714 2375 4775 tua,
2410 4714 2471 4765 ut
2500 4725 2571 4765 ex
2601 4708 2746 4781 ipsis
2774 4707 3098 4781 expellatur
3148 4706 3439 4775 diabolus,
3492 4709 3595 4782 qui

1942 4800 2100 4856 laedit
2128 4816 2358 4856 omnem
2394 4815 2626 4854 carnem
2661 4796 3163 4854 tuam.Benedicat
3199 4801 3255 4853 te
3289 4798 3591 4866 Dominus,

1942 4890 2094 4946 sicut
2126 4888 2415 4945 benedixit
2444 4889 2684 4943 domum
2716 4886 3092 4953 Abraham,et
3119 4886 3363 4953 Isaac,et
3391 4887 3590 4956 Jacob,

1942 4980 2096 5035 sicut
2127 4979 2352 5035 sanavit
2382 4976 2663 5032 Dominus
2694 4975 2999 5031 mulierem
3050 4976 3121 5032 de
3170 4976 3329 5033 ﬂuxu
3361 4978 3594 5050 sangui-

1942 5068 2145 5134 nis,sic
2178 5069 2280 5122 fiat
2309 5067 2531 5123 sanitas
2560 5065 2788 5120 Domini
2821 5081 2999 5138 super
3021 5069 3161 5133 te,et
3184 5066 3516 5123 custodiant
3538 5069 3592 5123 te

1941 5154 2129 5227 angeli
2177 5159 2234 5210 et
2281 5152 2635 5225 archangeli.
2670 5153 2936 5227 Protegat
2978 5159 3034 5210 te
3085 5159 3235 5212 Deus
3284 5154 3481 5224 Israel,
3534 5160 3591 5211 et

1940 5243 2174 5313 adjiciat
2203 5242 2513 5299 sanitatem
2544 5246 2600 5298 et
2632 5242 3097 5299 benedictionem
3148 5244 3242 5300 hic
3290 5249 3347 5299 et
3393 5244 3452 5299 in
3493 5244 3589 5298 fu-

1940 5338 2072 5389 turo
2109 5330 2342 5387 saeculo.

2612 5420 2743 5477 Item
2772 5423 2909 5478 alia.

2010 5510 2248 5566 Domine
2305 5511 2503 5564 sancte
2563 5509 2731 5566 Pater
2776 5511 3147 5586 omnipotens
3195 5516 3405 5566 aeterne
3434 5514 3585 5566 Deus

1937 5616 2040 5676 per
2066 5596 2499 5670 impositionem
2531 5615 2813 5658 manuum
2846 5604 3180 5658 nostrarum
3212 5596 3459 5677 refugiat
3477 5599 3586 5656 ini-
