3868 6204
368 338 523 395 1163

1148 334 1481 394 APPEND.
1531 332 1633 393 AD
1681 333 1865 392 SzEU.
1915 331 1990 390 X.
2026 364 2101 375 -—
2130 332 2629 396 MONUMENTA
2675 338 2991 401 LITURG.

363 473 598 525 tuarum
630 468 895 524 omnium
925 467 983 523 in
998 467 1227 524 Christo
1250 463 1839 540 quiescentiumlucis
1855 467 2013 519 mter-
2037 463 2095 532 Α
2124 464 2353 522 Fratres
2384 469 2660 526 nolumus
2682 487 2783 528 vos
2802 470 3076 544 ignorare
3106 471 3181 526 de
3210 470 3419 526 dorm.
3464 511 3479 523 .
3507 510 3525 523 .
3562 511 3578 523 .

3616 467 3777 541 itaque

363 575 450 614 ua:
467 557 954 630 consortium,qui
980 557 1041 613 in
1058 556 1166 613 hac
1190 556 1317 613 luce
1336 555 1507 628 positi
1527 558 1693 610 tuum
1716 551 2009 609 consecuti
2120 554 2508 611 consulamini
2541 558 2787 615 invicem
2820 559 2879 614 in
2902 559 3097 615 verbis
3120 558 3278 615 istis.

363 651 506 703 sunt
537 651 999 702 sacramentum.
1031 646 1177 701 Atia.
1212 643 1537 717 Multiplica
1564 644 1808 699 Domine
1838 660 2017 716 super

362 735 594 792 animas
624 734 980 791 famulorum
1015 733 1488 806 famularumque
1518 738 1753 790 tuarum
1787 734 2013 790 miseri-

361 823 621 881 cordiam
652 828 814 879 tuam
843 828 901 881 et
952 823 1169 896 quibus
1218 822 1449 879 donasti
1500 823 1775 896 baptismi
1823 840 2017 879 sacra-

361 917 627 970 mentum
644 914 721 969 da
734 913 819 970 eis
835 916 1182 970 aaternorum
1202 911 1626 984 plenitudinem
1642 913 2013 985 gaudiorum.

360 1002 489 1058 Pcr.
521 1003 667 1058 Atia.
731 1002 960 1057 Partem
1008 1001 1188 1057 beatae
1240 1000 1685 1057 resurrectionis
1732 1001 2013 1069 obtineat,

360 1091 657 1163 vitamque
687 1095 964 1147 aeternam
996 1094 1335 1147 mereantur
1364 1091 1423 1145 in
1457 1090 1638 1147 cmlis.
1678 1091 1783 1147 Per
1814 1095 1868 1147 te
1899 1092 2013 1148 Jhu

361 1180 504 1253 Xpe.

436 1365 496 1419 In
526 1363 708 1421 eodem
726 1364 907 1420 codice
936 1365 1277 1422 bibliothecae
1324 1366 1458 1424 δαῖε.
1516 1368 1737 1423 Vindob.
1769 1367 1865 1439 qui
1909 1366 2020 1438 fuit

362 1451 495 1507 olim
524 1455 847 1509 monasterii
874 1454 931 1509 S.
961 1453 1326 1524 Margarethae
1357 1457 1415 1510 in
1444 1457 1585 1511 silva
1610 1457 1784 1524 Nigra
1804 1458 1903 1511 sub
1930 1459 2014 1512 tit.

363 1541 423 1595 in
456 1543 680 1614 agenda
711 1546 1079 1598 mortuorum
1112 1544 1344 1600 habetur
1370 1547 1615 1616 ofﬁcium
1634 1545 1764 1620 Δέξῇὶ
1796 1548 2018 1603 omnino

363 1632 425 1683 ut
455 1629 614 1684 hodie
637 1630 863 1698 obtinet,
898 1640 1113 1687 tantum
1143 1633 1284 1704 quod
1312 1649 1457 1688 nona
1507 1635 1663 1689 tertio
1710 1652 1819 1689 non
1849 1637 1919 1689 sit
1949 1651 2020 1691 ea:

360 1718 477 1783 Job,
509 1719 599 1775 sed
657 1720 811 1776 lectio
867 1723 1095 1792 epistola
1145 1728 1208 1779 Β.
1242 1724 1411 1779 Pauli
1458 1741 1545 1795 ap.
1597 1725 1666 1779 ad
1712 1725 2015 1780 Thessalon.

2193 649 2245 710 ἡ.
2282 644 2487 702 Libera
2518 664 2611 703 me
2634 648 2865 704 Domini
2894 649 2966 705 de
2993 648 3103 704 viis
3137 647 3385 703 inferni.

2197 737 2259 790 In
2290 738 2580 792 matutinis
2599 737 2831 794 Laudib.
2863 740 2953 793 Ps.
2989 737 3291 793 Miserere.

2198 825 2323 881 Ant.
2358 825 2638 898 Requiem
2668 831 2944 883 aeternam
2975 826 3131 883 dona
3160 826 3249 882 eis
3293 822 3591 890 Domine,
3623 829 3677 880 et
3711 824 3786 881 lux

2270 918 2549 985 perpetua
2576 914 2768 971 luceat
2797 916 2902 971 eis.

2198 1006 2326 1059 Ant.
2362 1004 2442 1059 Ne
2474 1004 2657 1060 intres
2678 1004 2738 1059 in
2756 1004 3052 1076 judicium
3075 1022 3214 1061 cum
3247 1022 3433 1061 servo
3465 1010 3575 1060 tuo
3604 1005 3729 1059 Dne.

2197 1098 2292 1148 Ps.
2326 1092 2571 1148 Domine
2601 1094 2829 1150 exaudi.

2198 1182 2265 1237 ΙΙ.
2302 1189 2433 1238 Ant.
2466 1182 2556 1239 Me
2587 1182 2845 1255 suscepit
2874 1184 3112 1240 dextera
3143 1187 3249 1240 tua
3279 1184 3573 1240 Domine.

2198 1273 2288 1327 Ps.
2324 1276 2474 1327 Deus
2505 1273 2658 1328 Deus
2682 1288 2869 1328 meus.

2197 1363 2322 1417 Ant.
2356 1361 2573 1417 Eruisti
2604 1362 2849 1418 Domine
2870 1362 3133 1417 animam
3158 1378 3358 1418 meam
3385 1378 3467 1418 ne
3497 1362 3723 1435 periret.

2201 1458 2290 1507 Ps.
2321 1451 2439 1522 Ego
2470 1449 2587 1505 dixi
2618 1455 2727 1506 etc.

2200 1544 2324 1597 Ant.
2359 1540 2564 1595 Omnis
2596 1540 2840 1613 spiritus
2872 1539 3075 1595 laudet
3106 1541 3463 1596 Dominum.

2200 1632 2288 1695 Ps,
2324 1630 2577 1685 Laudate
2608 1635 2717 1684 etc.
2788 1669 2803 1684 .
2840 1630 3129 1701 Requiem
3163 1634 3481 1685 aeternam.

2202 1723 2260 1776 In
2296 1720 2554 1789 Evangel.
2589 1720 2715 1775 Ani.
2750 1719 2868 1791 Ego
2900 1736 3036 1774 sum
3070 1718 3437 1775 resurrectio
3468 1723 3531 1774 et
3561 1718 3675 1772 vita
3692 1720 3783 1772 etc.

1309 2097 1931 2187 EXPOSITIO
1990 2095 2363 2186 SUPER
2419 2091 2831 2183 MISSAM

1364 2302 1496 2382 (Ea:
1522 2302 1650 2365 cod.
1684 2300 2081 2364 Einsidlensis
2107 2308 2357 2361 monast.
2380 2280 2516 2359 saec.
2550 2314 2588 2359 x
2618 2295 2783 2377 circ.)

1912 2488 2228 2498 .—.——

437 2607 699 2662 Dominus
728 2608 1019 2664 vobiscum.
1050 2610 1281 2666 Salutat
1312 2614 1604 2669 Sacerdos
1624 2612 1927 2693 populum,
1961 2615 2017 2667 et
2046 2614 2092 2678 B
2124 2610 2438 2666 Dominum
2471 2625 2533 2664 se
2564 2624 2691 2664 esse
2725 2608 3038 2662 intentum.
3076 2608 3349 2678 Dignum
3374 2608 3653 2679 etjustum
3694 2614 3775 2660 est.

367 2698 586 2764 orat,ut
616 2695 901 2751 Dominus
927 2697 1003 2752 sit
1032 2715 1166 2754 cum
1198 2699 1316 2755 illo.
1336 2702 1541 2757 Etcum
1570 2704 1771 2773 spiritu
1793 2711 1903 2757 tuo.
1924 2703 2025 2756 Re-

367 2784 605 2855 sponsio
632 2784 832 2856 populi
864 2791 1039 2858 atque
1070 2788 1279 2856 oratio,
1312 2795 1375 2844 ut
1406 2790 1558 2846 sicut
1587 2792 1870 2846 Sacerdos
1900 2808 2024 2845 ora-

365 2872 639 2945 vit,quod
672 2873 956 2931 Dominus
977 2883 1132 2933 esset
1162 2895 1296 2933 cum
1330 2879 1651 2952 populo,ita
1684 2887 1739 2935 et
1769 2879 2022 2952 populus

368 2963 676 3034 orat,quod
698 2962 983 3020 Dominus
1014 2967 1089 3022 sit
1118 2983 1251 3023 cum
1285 2966 1495 3040 spiritu
1517 2969 2021 3026 Sacerdotis.Dum

368 3047 507 3105 dicit
528 3050 829 3119 Sacerdos,
857 3068 1090 3121 oremus,
1120 3059 1309 3125 rogat,
1342 3072 1546 3111 omnes
1578 3072 1763 3125 orare,
1800 3060 1864 3110 ut
1893 3071 2020 3111 ora-

369 3139 450 3194 tio
479 3140 608 3211 ejus
640 3156 674 3195 a
704 3140 951 3198 Domino
982 3144 1345 3199 exaudiatur.
1378 3146 1448 3200 Et
1478 3146 1711 3217 quando
1762 3144 1903 3201 dicit
1925 3162 2024 3216 per

368 3229 663 3285 Dominum
690 3237 936 3287 nostrum
958 3236 1152 3289 Jesum
1185 3233 1459 3289 Christum
1488 3235 1695 3290 Filium
1736 3242 1911 3301 tuum,
1947 3235 2019 3289 ad

371 3317 687 3373 Dominum
748 3319 974 3376 Patrem
1029 3327 1156 3377 orat
1211 3322 1511 3388 Sacerdos,
1545 3327 1608 3379 ut
1655 3339 1756 3396 per
1806 3322 2019 3378 Ftlium

373 3423 548 3462 suum
571 3407 668 3479 qui
698 3407 981 3466 Dominus
1006 3415 1204 3468 noster
1222 3416 1310 3469 est
1329 3412 1630 3484 mqualiter
1655 3412 1805 3468 sicut
1831 3412 2019 3479 Pater,

373 3495 558 3551 oratio
584 3496 935 3568 perﬁciatur.
965 3499 1110 3554 Cum
1136 3500 1280 3556 dicit
1308 3518 1320 3555 :
1347 3501 1446 3573 qui
1478 3504 1670 3557 tecum
1700 3500 1838 3556 vivit
1864 3505 1922 3555 et
1940 3517 2023 3556 re-

373 3589 514 3656 gnat
546 3586 694 3642 Deus
725 3585 782 3641 in
817 3588 1039 3643 unitate
1068 3589 1322 3661 Spiritus
1352 3590 1559 3658 sancti,
1591 3588 1716 3645 vult
1736 3589 2019 3662 populum

373 3674 628 3741 credere,
660 3678 717 3729 et
761 3675 1101 3749 intelligere,
1131 3679 1285 3751 quod
1320 3679 1499 3734 Filius
1532 3697 1665 3735 cum
1697 3680 1863 3734 Patre
1894 3679 2019 3734 sine

372 3761 559 3829 initio,
588 3764 810 3820 ac‘sine
840 3765 953 3820 ﬁne
984 3766 1212 3831 vivit,ct
1244 3772 1472 3840 regnat;
1498 3774 1555 3823 et
1572 3768 1724 3824 Deus
1751 3772 1839 3823 est
1869 3768 2021 3823 sicut

374 3848 728 3906 Pater.Deus
747 3858 856 3918 est,
878 3858 935 3908 et
964 3872 1081 3910 una
1111 3861 1369 3928 potestas
1397 3860 1486 3911 est
1533 3856 1771 3928 Spiritui
1818 3860 2020 3913 sancto

370 3953 502 3992 cum
538 3938 720 4004 Patre,
752 3944 809 3994 et
839 3940 1005 4007 Filio,
1031 3947 1205 4015 atque
1232 3962 1338 3999 sua
1369 3943 1780 4013 substantia,et
1810 3945 1869 3999 in
1900 3962 2019 4001 om-

373 4023 547 4081 nibus
576 4025 772 4083 unitas
793 4027 1054 4086 Deitatis.
1072 4031 1177 4087 Per
1196 4032 1393 4087 omnia
1414 4033 1623 4089 saecula
1649 4034 2014 4103 saeculorum,

368 4113 426 4169 id
460 4117 640 4185 est,ut
662 4115 843 4174 Filius
866 4134 1000 4174 cum
1036 4120 1203 4175 Patre
1226 4121 1284 4175 in
1308 4121 1531 4177 unitate
1553 4122 1807 4194 Spiritus
1832 4124 2019 4179 sancti

367 4202 521 4259 sicut
546 4208 681 4262 ante
712 4207 909 4264 omnia
942 4208 1156 4265 saecula
1184 4209 1243 4265 in
1276 4209 1496 4266 Deitate
1525 4211 1686 4277 vixit,
1710 4217 1767 4266 et
1798 4211 2017 4280 fuit,ita

366 4297 422 4348 et
449 4291 508 4348 in
539 4296 811 4366 praesenti
845 4297 1260 4371 seeculo,atque
1288 4300 1346 4354 in
1380 4299 1860 4372 futuro,ubijusti
1881 4317 2015 4356 cum

366 4381 590 4455 angelis
621 4384 840 4442 sanctis
868 4388 1389 4459 permanebunt,et
1417 4388 1622 4460 injusti
1643 4406 1773 4444 cum
1797 4390 2014 4444 dmmo-

364 4470 541 4527 nibus
571 4473 1009 4531 cruciabuntur.
1030 4477 1310 4534 Credatur
1340 4478 1641 4549 aequaliter
1671 4477 1859 4533 vivere
1881 4496 2013 4534 cum

365 4559 531 4615 Patre
557 4566 614 4617 et
638 4562 857 4634 Spiritu
884 4569 1169 4633 sancto,et
1189 4566 1350 4622 nullo
1373 4567 1488 4622 ﬁne
1510 4566 1798 4623 concludi.
1823 4569 2011 4624 Amen.

363 4648 738 4708 Conﬁrmatio
770 4653 1047 4710 orationis
1079 4660 1168 4711 est
1197 4673 1231 4711 a
1260 4655 1494 4729 populo,
1512 4660 1568 4711 et
1596 4656 1654 4711 in
1679 4660 1880 4712 nostra
1902 4656 2012 4712 lin-

362 4752 476 4809 gua
508 4737 752 4814 intelligi
789 4747 998 4814 potest,
1020 4744 1188 4817 quasi
1216 4761 1418 4800 omnes
1449 4744 1666 4813 dicant,
1700 4749 1765 4800 ut
1794 4745 1874 4800 ita
1891 4746 2012 4818 ﬁat,

361 4825 514 4881 sicut
533 4828 813 4886 Sacerdos
839 4832 1040 4889 oravit.
1056 4833 1165 4889 Sed
1191 4834 1426 4906 propria
1456 4834 1585 4905 ejus
1614 4834 2011 4905 interpretatio

358 4918 447 4968 est
478 4932 625 4984 vere,
652 4919 768 4975 sive
804 4921 1068 4978 fideliter.
1093 4923 1326 4978 Sursum
1355 4923 1540 4978 corda.
1572 4926 1884 4978 Ammonet
1906 4923 2012 4979 Sa-

358 5003 563 5059 cerdos
576 5008 952 5078 populum,ut
974 5012 1297 5078 sursum,id
1321 5016 1615 5083 est,snpra
1628 5012 2009 5086 semetipsum

359 5090 428 5144 ad
445 5090 759 5150 Dominum
788 5101 1244 5171 omnipotentem
1267 5102 1442 5157 corda
1462 5100 1671 5169 levent,
1688 5105 1743 5157 et
1765 5101 2013 5158 ﬁdeliter

355 5183 539 5247 orent,
576 5183 729 5252 quod
776 5186 1086 5244 desursum
1144 5191 1227 5245 eis
1276 5188 1469 5244 veniat
1518 5189 1799 5245 auxilium
1832 5208 1867 5245 a
1898 5196 2010 5247 Deo

353 5268 594 5341 cmlesti,
624 5288 659 5326 a
687 5288 803 5344 quo
854 5276 1029 5332 creati
1071 5282 1229 5333 sunt.
1262 5280 1527 5335 Habemus
1577 5279 1647 5333 ad
1693 5280 2008 5336 Dominum.

2133 2698 2391 2771 Populus
2423 2714 2556 2753 cum
2580 2697 2890 2752 Sacerdotc
2921 2694 3102 2750 simul
3135 2694 3367 2767 gratias
3391 2697 3513 2768 agit
3535 2694 3775 2759 Domino,
3866 2758 3868 2781 Ι

2134 2790 2452 2861 quiajusta
2482 2792 2539 2842 et
2568 2786 2745 2859 digna
2794 2785 2940 2840 ratio
2992 2789 3084 2840 est
3128 2783 3250 2840 Deo
3299 2785 3529 2856 gratias
3567 2784 3776 2848 referre,

2135 2878 2272 2950 quia
2302 2878 2374 2932 ab
2403 2877 2532 2949 ipso
2558 2875 2757 2930 omnia
2785 2873 2939 2929 bona
2971 2873 3373 2944 suscepimus.
3404 2874 3535 2929 Vere
3573 2873 3777 2941 dignm

2131 2972 2183 3023 et
2202 2969 2416 3040 justum
2442 2973 2534 3031 est,
2566 2980 2782 3036 (equum
2806 2971 2856 3018 et
2884 2962 3148 3018 salutare.
3167 2961 3503 3018 Conﬁrmat
3523 2962 3778 3018 Sacerdos

2133 3054 2554 3128 professionem
2587 3051 2879 3125 papuli,et
2900 3051 3061 3117 dicit,
3076 3051 3236 3122 quod
3258 3067 3395 3107 vene
3413 3051 3661 3124 dignum
3684 3056 3775 3116 est,

2131 3150 2189 3200 et
2210 3146 2444 3217 justum
2470 3140 2585 3198 Deo
2617 3141 2837 3214 gratias
2858 3158 2961 3213 pro
2992 3140 3275 3196 omnibus
3311 3141 3614 3205 referre,et
3640 3140 3777 3213 quod

2082 3228 2083 3233 “
2131 3250 2361 3307 aequum
2395 3236 2506 3300 est,
2537 3232 2646 3287 hoc
2677 3235 2786 3298 est,
2820 3234 3046 3286 rectum
3078 3232 3199 3285 sive
3248 3229 3478 3302 aequale
3516 3229 3774 3297 salutare,

2130 3324 2189 3379 id
2222 3327 2311 3379 est
2340 3320 2528 3377 salute
2560 3319 2821 3392 plenum,
2855 3323 2921 3374 ut
2952 3320 3003 3374 ei
3034 3318 3257 3392 gratias
3308 3320 3657 3389 referamus,
3689 3318 3773 3391 qui

2131 3411 2298 3468 nobis
2339 3409 2588 3466 salutem
2640 3406 2800 3463 dedit
2840 3412 3141 3464 aeternam.
3173 3407 3280 3463 Nos
3325 3410 3433 3463 tibi
3477 3425 3704 3479 semper,
3734 3416 3776 3461 et

2127 3503 2328 3575 ubique
2357 3500 2567 3569 gratias
2597 3514 2777 3567 agere.
2800 3496 3125 3553 Conversus
3155 3496 3446 3552 Sacerdos
3478 3497 3549 3552 ad
3591 3496 3772 3553 Domi-

2130 3606 2271 3645 num
2301 3594 2432 3661 post
2462 3586 2883 3660 professionem
2917 3583 3114 3657 populi
3139 3586 3307 3657 quasi
3332 3586 3407 3641 ad
3440 3592 3773 3657 praesentem

2129 3678 2409 3751 loquitur,
2428 3676 2566 3750 quia
2592 3675 2651 3730 in
2687 3674 2998 3748 prmsentia
3026 3674 3257 3730 Domini
3290 3690 3530 3746 semper
3557 3691 3774 3741 sumus,

2128 3773 2185 3824 et
2214 3768 2337 3839 ipse
2363 3767 2519 3821 videt
2547 3764 2932 3837 cogitationes
2960 3767 3221 3831 nostras;
3246 3766 3303 3818 et
3334 3764 3481 3819 dicit
3509 3764 3775 3821 Sacerdos

2127 3861 2245 3912 tam
2280 3856 2351 3911 de
2382 3872 2465 3921 se,
2486 3870 2663 3926 quam
2713 3853 2785 3908 de
2816 3850 3051 3925 populo.
3086 3852 3203 3908 Nos
3245 3851 3351 3906 tibi
3399 3869 3657 3925 semper,
3684 3853 3776 3908 hoc

2124 3949 2236 4012 est,
2270 3944 2430 4000 omni
2464 3948 2744 4015 tempore,
2777 3945 2836 3997 et
2865 3941 3103 4013 ubique,
3141 3941 3197 3996 id
3225 3944 3337 4012 est,
3361 3941 3422 3995 in
3456 3942 3621 3998 omni
3646 3942 3772 3998 loco.

2127 4034 2356 4090 Gratias
2388 4048 2578 4105 agere,
2601 4034 2851 4096 Domine,
2866 4031 3006 4102 quia
3027 4030 3361 4087 dominator
3380 4034 3475 4087 est
3495 4032 3773 4095 omnium,

2125 4127 2181 4178 et
2214 4122 2323 4177 sub
2356 4123 2484 4193 ejus
2516 4117 2917 4176 dominatione
2948 4119 3150 4175 omnia
3178 4122 3339 4175 sunt.
3362 4119 3586 4187 Sancte,
3600 4118 3775 4192 ω,ῃί

2125 4214 2367 4269 sanctus
2396 4228 2477 4276 cs,
2512 4214 2569 4266 et
2600 4226 2700 4282 per
2730 4225 2906 4280 quem
2955 4207 3154 4263 omnia
3201 4212 3409 4265 sancta
3454 4214 3618 4277 sunt,
3652 4208 3775 4281 quia

2129 4301 2285 4357 bona
2317 4304 2373 4355 et
2403 4303 2607 4355 sancta
2636 4297 2867 4353 creasti.
2900 4299 3085 4352 Pater.
3117 4297 3311 4352 Graece
3351 4297 3573 4353 dicitur
3602 4298 3772 4361 Pater,

3664 336 3781 397 116i
3862 370 3863 381 ι

3860 330 3868 701 l

2124 4394 2182 4445 et
2211 4388 2392 4444 latine
2421 4388 2668 4461 genitor,
2703 4385 2844 4458 quia
2874 4385 3001 4458 ipse
3031 4385 3235 4458 genuit
3263 4385 3478 4442 Filium
3511 4387 3641 4443 sine
3670 4386 3773 4442 ulla
3866 4376 3868 4383 ’

2123 4476 2623 4550 coinquinatione,
2648 4492 2751 4531 seu
2773 4472 3163 4547 corruptione.
3200 4474 3390 4543 Pater,
3410 4473 3594 4532 latine
3628 4494 3663 4531 a
3689 4492 3774 4549 pa-

2122 4567 2330 4622 trando
2363 4565 2596 4631 dicitur,
2622 4563 2729 4619 hoc
2762 4567 2871 4631 est,
2903 4581 2937 4618 a
2981 4563 3393 4636 perpetrando,
3425 4564 3584 4636 quod
3632 4570 3720 4620 est
3744 4580 3773 4619 ι

2123 4654 2497 4728 perﬁciendo,
2531 4652 2652 4708 sive
2691 4652 2763 4706 ab
2819 4650 3171 4723 adjuvando,
3203 4650 3345 4723 quia
3373 4651 3501 4724 ipse
3540 4653 3775 4725 perfecit

2121 4742 2340 4811 omnia,
2358 4760 2484 4815 quas
2521 4742 2671 4796 facta
2701 4745 2862 4811 sunt,
2882 4745 2939 4795 et
2968 4739 3149 4796 voluit
3180 4756 3287 4796 nos
3311 4739 3465 4797 ﬁlios
3496 4758 3639 4798 suos
3662 4740 3774 4797 ﬁeri
3866 4746 3868 4815 ς

2121 4831 2451 4905 adoptionis
2465 4847 2566 4903 per
2577 4827 3269 4901 sanctiﬁcationem,quia
3282 4828 3384 4885 ille
3399 4829 3775 4885 sanetiﬁcavit

2120 4938 2248 4978 nos.
2283 4920 2651 4991 Omnipotens.
2668 4916 2953 4984 Quoniam
2975 4917 3174 4973 omnia
3195 4921 3412 4990 potest.
3438 4918 3574 4974 Ideo
3594 4919 3773 4975 omni-

2121 5016 2327 5084 potens
2358 5007 2576 5064 dicitur
2607 5026 2620 5063 :
2654 5011 2711 5063 et
2741 5023 2854 5062 non
2889 5010 2978 5063 est
3008 5006 3377 5079 impossibile
3405 5009 3567 5080 apud
3598 5008 3771 5064 Deum

2120 5114 2292 5155 omne
2319 5097 2819 5152 verbum./Eterne
2850 5100 3014 5152 Deus.
3038 5095 3157 5150 Hoc
3188 5098 3277 5151 est
3296 5094 3452 5152 inter
3472 5100 3769 5157 aeternum,

2119 5192 2179 5244 et
2208 5184 2623 5258 temporale,et
2653 5184 3341 5257 perpetuum.zEternum
3372 5186 3659 5257 est,quod
3678 5185 3771 5240 ini-

2120 5277 2271 5334 tium
2302 5292 2417 5331 non
2441 5273 2781 5341 habuit,nec
2802 5274 2977 5329 ﬁnem
2999 5273 3369 5341 habebit,sed
3391 5291 3631 5348 semper
3649 5274 3763 5337 fuit,

353 5359 678 5433 Responsio
701 5366 789 5418 est
812 5365 1029 5436 populi,
1056 5368 1208 5439 quod
1234 5367 1383 5423 sicut
1411 5368 1693 5424 Sacerdos
1708 5370 1891 5441 jussit
1914 5386 2013 5426 eos
2044 5355 2090 5420 D
2119 5371 2177 5423 et
2205 5369 2313 5433 est,
2346 5367 2405 5419 et
2434 5363 2562 5419 erit.
2600 5363 2949 5436 Perpetuum
2972 5367 3086 5432 est,
3120 5362 3276 5435 quod
3309 5379 3441 5420 esse
3491 5366 3689 5437 ccepit,
3717 5368 3764 5420 et

350 5450 526 5506 corda
546 5467 786 5508 sursum
808 5456 1026 5523 tenere,
1059 5456 1143 5511 sic
1172 5462 1361 5511 tenere
1384 5457 1750 5527 proﬁtentur.
1789 5458 2003 5515 Gratias

347 5555 575 5610 agamus
625 5542 740 5598 Dno
790 5546 892 5601 Deo
940 5553 1141 5601 nostro.
1177 5546 1457 5601 Sacerdos
1490 5548 1710 5616 gratias
1734 5548 1854 5621 agit
1886 5549 2001 5605 Deo

340 5630 510 5706 juxta
536 5633 959 5705 professionem
990 5634 1211 5713 populi,
1245 5632 1383 5709 quia
1435 5635 1737 5695 confessus
1781 5643 1870 5697 est
1930 5639 2000 5698 ad

2116 5457 2291 5510 ﬁnem
2343 5469 2459 5508 non
2510 5451 2766 5507 habebit.
2802 5450 3146 5524 Temporale
3192 5457 3301 5519 est,
3336 5453 3499 5524 quod
3542 5454 3762 5509 initium

2114 5542 2342 5609 habuit,
2362 5545 2420 5596 et
2451 5541 2627 5596 ﬁnem
2660 5540 2918 5598 habebit.
2939 5540 3007 5597 Et
3036 5540 3163 5596 ideo
3196 5539 3293 5598 hic
3323 5541 3549 5597 dicitur
3566 5547 3761 5599 aeterm

2114 5635 2288 5704 Deus,
2324 5630 2463 5711 quia
2493 5629 2654 5694 solus
2703 5632 2855 5691 Deus
2888 5634 3156 5689 internus.
3191 5634 3471 5690 JEternus
3521 5638 3632 5704 est,
3674 5647 3760 5690 nec
