3868 6204
87 348 238 409 1165

1242 346 1658 409 EXPOSITIO
1704 343 1961 405 SUPER
2006 345 2328 409 MISSAM.

3332 353 3486 414 1166

85 481 251 553 coepit
278 495 549 547 esse,nec
580 478 796 534 desinit
828 496 976 546 esse,
995 480 1096 535 sed
1127 486 1215 535 est
1245 478 1665 551 semper.Deus
1697 493 1730 530 a
1758 477 1813 544 Α
1842 477 2191 549 supplicatio
2217 482 2434 549 nostra,
2469 484 2533 536 ut
2563 480 2687 554 ipse
2709 482 2959 539 cmlestis
2981 484 3148 539 Pater
3167 501 3268 555 per
3296 484 3489 542 Chris-

84 569 370 641 diligendo
402 567 639 636 dicitur,
671 567 810 640 quia
840 568 1037 624 omnia
1072 568 1280 641 diligit,
1312 571 1369 624 et
1414 568 1719 639 gubernat,

80 676 199 729 qua:
226 656 459 713 creavit.
493 657 564 712 Et
592 656 764 712 aliter
793 658 946 712 Deus
978 675 1011 713 a
1052 657 1355 713 divinitate
1386 657 1580 712 dictus
1611 659 1721 725 est,

1833 569 1957 620 tum
1989 566 2200 623 Filium
2230 586 2428 637 suum,
2454 587 2556 643 per
2586 588 2760 644 quem
2793 589 2900 628 nos
2930 570 2981 627 ei
3012 572 3229 644 gratias
3259 574 3329 628 de
3359 590 3487 631 om-

1834 654 2007 711 nibus
2038 656 2289 729 agimus,
2310 660 2584 732 dignetur
2608 660 2915 716 admittere
2944 677 3111 716 voces
3144 665 3398 734 nostras,
3430 668 3489 719 et

76 746 209 818 quia
231 745 464 800 divinus
494 749 603 812 est,
637 749 692 800 et
721 746 922 801 omnia
971 745 1177 801 dividit
1216 748 1391 818 prout
1438 744 1583 799 vult.
1618 746 1724 800 Per
1823 743 2074 816 jungere
2104 747 2344 804 vocibus
2376 748 2785 821 prmdictorum
2808 748 3083 805 ordinum
3117 749 3483 822 angelorum.

76 834 346 890 Christum
375 835 673 891 Dominum
701 839 972 894 nostrum.
1006 834 1274 890 Christus
1294 837 1723 907 grzece,unctus

74 923 282 979 dicitur
311 922 510 978 latine.
544 922 645 978 Hic
677 922 944 978 Christus
976 928 1109 979 ante
1141 922 1340 978 omnia
1388 922 1556 978 initia
1598 922 1720 977 ine-

72 1010 440 1067 narrabiliter
467 1011 698 1085 genitus
730 1015 837 1080 est,
865 1017 922 1067 et
942 1016 1260 1085 conceptus
1282 1016 1370 1068 est
1398 1013 1468 1067 de
1500 1009 1720 1082 Spiritu

74 1104 289 1169 sancto,
312 1104 369 1156 et
390 1105 563 1157 natus
594 1104 682 1157 est
714 1102 784 1159 de
818 1101 1001 1157 Maria
1029 1100 1287 1174 Virgine.
1313 1101 1460 1156 Nam
1480 1104 1536 1155 et
1555 1099 1615 1155 in
1635 1117 1723 1155 ve-

72 1188 174 1245 teri
204 1193 553 1246 testamento
571 1190 909 1245 Sacerdotes
927 1194 982 1246 et
1005 1191 1188 1263 Reges
1210 1189 1645 1263 unguebantur,
1664 1192 1723 1243 et

74 1278 197 1333 ideo
228 1277 444 1335 Christi
475 1277 840 1346 dicebantur,
871 1279 1010 1351 quia
1046 1278 1203 1335 uncti
1237 1282 1402 1335 erant
1450 1276 1721 1333 unctione

74 1365 396 1439 temporali.
418 1367 533 1422 Iste
554 1365 954 1439 Christus,per
976 1383 1150 1438 quem
1172 1366 1327 1422 Patri
1348 1366 1567 1439 gratias
1597 1366 1720 1439 agi-

72 1472 222 1522 mus,
243 1454 594 1511 aaternaliter
621 1455 891 1512 Christus
919 1460 1030 1520 est,
1063 1459 1120 1512 et
1149 1472 1283 1511 cum
1318 1455 1482 1511 Patre
1505 1459 1719 1512 aeterno

70 1546 217 1599 Deus
246 1548 357 1612 est,
380 1548 437 1600 et
465 1561 568 1616 per
598 1545 795 1617 ipsum
828 1545 1114 1617 redempti
1150 1547 1444 1613 sumus,et
1477 1545 1600 1617 ipse
1617 1544 1722 1601 Do-

67 1633 259 1688 minus
282 1637 483 1689 noster
512 1637 620 1703 est,
654 1632 793 1705 quia
835 1633 1175 1689 dominatur
1204 1634 1393 1689 nobis.
1426 1636 1533 1689 Per
1561 1644 1735 1705 quem’

61 1723 395 1793 majestatem
409 1728 561 1778 tuam
588 1723 820 1778 laudant
834 1724 1051 1792 angeli;
1067 1739 1169 1794 per
1185 1710 1380 1793 ipsum
1394 1721 1692 1778 Christum
1703 1765 1716 1791 ,

1831 832 2080 905 Supplici
2105 838 2441 908 confessione
2470 837 2723 905 dicentes,
2756 838 2867 894 hoc
2899 843 2989 894 est
3017 837 3229 895 humili
3264 840 3491 896 confes-

1832 922 2014 978 sione.
2048 923 2194 987 Quid
2225 925 2513 984 humilius
2554 927 2839 994 confiteri,
2870 944 3049 999 quam
3088 928 3489 1001 nosmetipsos

1832 1012 2031 1067 aeterni
2064 1012 2216 1069 Patri
2248 1032 2351 1087 per
2374 1016 2585 1072 Filium
2629 1021 2912 1072 internum
2961 1017 3394 1085 commendare,
3430 1022 3487 1074 et

1831 1100 1901 1155 de
1928 1104 2128 1157 nostra
2159 1103 2513 1161 conscientia
2543 1109 2600 1161 et
2629 1106 2890 1162 bonitate
2922 1104 3069 1161 nihil
3108 1122 3481 1178 praesumere,

1830 1192 1887 1244 et
1908 1191 2077 1261 juxta
2105 1209 2272 1248 voccs
2304 1193 2599 1266 angelicas
2632 1212 2765 1252 eum
2804 1212 3035 1267 sempir
3085 1199 3355 1251 sanctum
3387 1211 3484 1251 es-

1832 1279 2156 1336 sentialiter
2175 1282 2430 1351 credere,
2455 1287 2513 1338 et
2543 1284 2856 1356 praedicare
2885 1283 3144 1341 dicentes
3181 1300 3193 1337 :

2246 1371 2493 1440 Sanctus,
2525 1374 2775 1439 Sanctus,
2814 1372 3053 1429 Sanctus.

1899 1456 2199 1514 Johannes
2220 1459 2588 1532 Evangelista
2607 1460 2666 1515 in
2689 1460 3032 1533 Apocalypsi
3050 1459 3198 1516 libro
3222 1460 3480 1533 scripsit,

1832 1561 1892 1600 se
1933 1544 2149 1603 vidisse
2183 1551 2317 1604 ante
2350 1548 2627 1605 thronum
2659 1549 2784 1615 Dei,
2818 1552 2875 1605 et
2906 1549 3043 1622 agni
3091 1549 3293 1620 viginti
3346 1565 3486 1621 qua-

1830 1635 1964 1688 tuor
2012 1634 2291 1692 animalia
2338 1636 2654 1705 adstantia,
2691 1642 2748 1693 et
2791 1637 3154 1693 incessanter
3182 1637 3481 1693 dicentia:

1828 1720 2077 1789 Sanctus,
2126 1733 2365 1791 sanctus,
2397 1734 2619 1782 sanctus
2651 1728 2916 1783 Dominus
2961 1731 3106 1782 Deus
3147 1725 3404 1795 Sabaoth,
3436 1732 3490 1782 et

68 1828 164 1884 per
218 1827 397 1884 quem
444 1827 551 1867 nos
608 1810 829 1884 gratias
880 1810 1113 1884 agimus
1147 1810 1321 1912 Patri.
1351 1810 1717 1881 Majestatem
1750 1847 1798 1912 Β
1831 1808 2077 1909 reliqua.
2106 1812 2236 1869 Ideo
2283 1814 2438 1869 enim
2490 1815 2681 1870 tribus
2722 1814 2946 1870 vicibus
2975 1814 3191 1869 dicitur
3220 1818 3483 1883 sanctus,

67 1901 247 1956 Patris
280 1899 529 1956 laudant
558 1899 771 1973 angeli,
799 1899 898 1972 qui
931 1900 1055 1972 ipse
1080 1898 1323 1971 aequalis
1354 1902 1443 1956 est
1475 1899 1629 1955 Patri
1660 1899 1719 1955 in

66 1988 384 2045 divinitate.
418 1989 714 2061 Majestas,
748 1988 916 2060 quasi
951 1989 1139 2059 major
1167 1992 1255 2043 est
1286 1991 1565 2059 potestas,
1588 1987 1725 2059 quia

68 2080 251 2151 major
283 2082 375 2134 est
404 2081 662 2150 potestas
694 2078 793 2132 Dei
828 2094 1005 2149 quam
1042 2076 1374 2133 hominum.
1411 2077 1509 2133 Dei
1543 2078 1723 2148 maje-

71 2171 277 2223 statem
313 2183 415 2240 per
443 2166 739 2223 Christum
771 2165 1015 2222 laudant
1045 2165 1259 2239 angeli,
1284 2166 1424 2238 quia
1453 2165 1725 2222 Christus

70 2256 243 2312 simul
308 2273 443 2311 cum
504 2256 666 2312 Patre
714 2256 929 2311 creavit
982 2254 1243 2328 angelos.
1278 2254 1535 2327 Angelus
1567 2254 1723 2310 enim

72 2343 453 2418 grece,latine
478 2344 726 2401 nuntius
759 2344 1193 2416 interpretatur.
1228 2343 1486 2416 Angelus
1517 2360 1725 2400 nomen

79 2434 253 2491 ofﬁcii
285 2437 394 2499 est,
436 2450 550 2489 non
586 2433 973 2505 natura,quia
996 2432 1354 2500 nuntiat,sed
1386 2432 1731 2489 naturaliter

80 2524 326 2597 spiritus
400 2527 508 2579 est.
569 2523 809 2581 Aderant
880 2524 1301 2591 Dominationes,
1365 2522 1728 2591 Majcstatem

81 2612 176 2668 Dei
206 2612 399 2669 Patris
428 2628 531 2684 per
561 2612 773 2667 Filium
803 2611 1065 2678 laudant,
1099 2615 1154 2666 et
1186 2611 1432 2666 adorant
1462 2610 1732 2667 Domina-

80 2702 288 2757 tiones.
324 2700 778 2767 Dominationes,
813 2701 953 2755 ordo
984 2704 1073 2756 est
1121 2698 1484 2771 angelorum.
1520 2700 1727 2755 Decem

84 2790 320 2845 fuerunt
349 2788 582 2845 ordines
613 2789 975 2862 angelorum.
1010 2787 1282 2843 Decimus
1313 2789 1454 2844 ordo
1497 2789 1727 2857 cecidit,

81 2884 136 2933 et
160 2895 369 2935 versus
398 2882 488 2934 est
516 2895 619 2950 per
662 2877 998 2950 superbiam
1049 2877 1110 2933 in
1158 2876 1479 2933 diabolum.
1513 2878 1729 2934 Novem

82 2973 277 3023 autem
309 2972 757 3041 permanserunt
804 2966 865 3022 in
917 2967 1228 3022 sanctitate
1259 2984 1384 3022 sua.
1418 2967 1549 3023 Haec
1592 2971 1732 3024 sunt

82 3056 323 3112 nomina
351 3072 553 3112 eorum
581 3072 592 3111 :
616 3055 840 3129 Angeli,
860 3055 1227 3128 Archangeli,
1262 3055 1539 3121 Virtutes,
1574 3055 1733 3110 Prin-

80 3146 312 3219 cipatus
343 3148 399 3200 et
428 3144 768 3209 Potestates,
784 3143 869 3198 Th
880 3143 1001 3199 roni
1013 3188 1028 3212 ,
1044 3143 1503 3211 Dominationes,
1520 3143 1733 3198 Cheru-

1834 1899 1899 1951 ut
1930 1898 2312 1969 significetur,
2330 1901 2496 1958 Pater
2518 1907 2780 1971 sanctus,
2799 1902 2979 1958 Filius
3015 1906 3276 1970 sanctus,
3302 1901 3484 1974 Spiri-

1834 1990 1929 2041 tus
1962 1987 2168 2056 Patris,
2203 1995 2261 2045 et
2285 1990 2413 2045 Filii
2441 1994 2701 2046 sanctus.
2729 1991 2839 2045 Sed
2880 1990 3149 2062 quamvis
3178 1989 3485 2063 tripliciter

1833 2074 2064 2131 dicatur
2094 2081 2333 2133 sanctus
2354 2096 2367 2146 ;
2387 2096 2503 2134 non
2536 2083 2731 2134 tamen
2763 2078 2977 2134 dicitur
3008 2078 3217 2150 plurali
3239 2094 3483 2134 numero

1834 2164 2040 2233 sancti,
2076 2169 2133 2221 et
2163 2183 2281 2221 una
2310 2167 2590 2224 sanctitas
2628 2171 2693 2223 ut
2739 2166 2832 2224 his
2873 2168 3061 2224 tribus
3108 2168 3393 2240 personis,
3426 2171 3484 2223 et

1836 2269 1953 2307 una
1982 2254 2275 2311 aeternitas
2304 2254 2688 2329 intelligatur.
2709 2256 2991 2313 Dominus
3021 2257 3175 2313 Deus
3203 2256 3480 2314 Sabaoth.

1834 2341 1879 2395 A
1922 2341 2125 2398 multis
2175 2342 2542 2416 interpretari
2591 2344 2738 2401 solet
2784 2344 3172 2417 omnipotens.
3202 2348 3246 2400 A
3280 2344 3484 2402 multis

1836 2446 1970 2485 vero
2018 2432 2396 2498 exercituum,
2432 2437 2497 2487 ut
2542 2439 2599 2489 et
2632 2434 2754 2505 ipse
2788 2435 2861 2489 sit
2905 2434 3188 2491 Dominus
3219 2435 3393 2504 Deus,
3425 2438 3486 2490 et

1840 2518 1963 2589 ipse
1993 2536 2197 2576 omnes
2227 2522 2515 2577 exercitus
2563 2522 2906 2595 angelorum
2952 2528 3129 2596 atque
3175 2523 3485 2579 hominum

1838 2606 2114 2680 disponit.
2150 2611 2313 2666 Pleni
2337 2620 2467 2667 sunt
2483 2613 2606 2667 caeli
2633 2620 2685 2668 et
2711 2620 2857 2668 terra
2886 2614 3067 2682 gloria
3096 2622 3213 2677 tua,
3236 2612 3345 2669 hoc
3375 2616 3486 2681 est,

1840 2701 1905 2751 ut
1935 2697 2062 2769 ejus
2087 2697 2275 2770 gloria
2305 2699 2433 2754 coeli
2465 2719 2532 2756 ac
2558 2705 2710 2757 terra
2739 2702 3160 2774 gubernantur,
3194 2705 3251 2756 et
3279 2699 3380 2772 qui
3424 2700 3485 2754 in

1840 2785 1998 2841 caelis
2028 2791 2167 2842 sunt
2196 2792 2252 2842 et
2286 2793 2441 2844 terra
2469 2789 2814 2862 gloriﬁcent,
2850 2793 2907 2846 et
2937 2789 3226 2846 honorent
3272 2805 3487 2845 nomen

1840 2878 2111 2930 sanctum
2161 2877 2308 2947 ejus.
2336 2876 2552 2933 Osanna
2601 2880 2661 2933 in
2704 2879 2951 2934 excelsis.
2985 2878 3284 2942 Quomodo
3331 2893 3486 2932 nunc

1840 2962 2055 3018 dicitur
2082 2970 2352 3037 corrupte
2390 2966 2643 3035 Osanna,
2677 2971 2811 3023 ante
2860 2966 3161 3022 dicebatur
3207 2966 3485 3021 Osianna.

1839 3054 2004 3106 Anna
2030 3051 2352 3123 interjectio
2383 3059 2471 3109 est
2495 3054 2813 3122 laudantis,
2843 3055 2960 3111 sive
2992 3071 3172 3111 causa
3208 3053 3486 3126 magniﬁ-

1839 3139 2044 3196 cantis.
2077 3140 2194 3209 Osi,
2228 3142 2532 3198 sacriﬁcia.
2553 3143 2664 3199 Sed
2694 3147 2964 3216 corrupte
2993 3142 3211 3200 dicitur
3229 3143 3483 3210 Osanna,

81 3215 223 3301 bim,
253 3231 847 3305 Scraphim.lstarum
888 3233 1139 3289 duarum
1171 3231 1411 3288 nomina
1442 3249 1555 3288 non
1591 3235 1731 3287 sunt
1760 3215 1802 3281 C
1842 3233 1898 3284 et
1925 3227 2173 3301 intelligi
2205 3234 2396 3301 potest
2425 3231 2702 3299 salvifica,
2729 3231 2817 3289 vel
2840 3215 3066 3288 salvum
3089 3232 3178 3287 fac
3209 3230 3268 3287 in
3299 3230 3485 3287 excel-

82 3321 286 3377 latina.
322 3320 635 3378 Cherubim
670 3320 970 3393 plenitudo
1016 3320 1270 3376 scientia:
1320 3320 1736 3393 interpretatur

81 3409 389 3483 Seraphim
445 3409 784 3465 incendium
842 3408 1077 3465 dicitur.
1111 3408 1446 3464 Ceterarum
1496 3409 1735 3464 nomina

81 3500 375 3555 dictorum
409 3487 681 3555 crdinum
715 3497 902 3554 latina
930 3502 1086 3566 sunt,
1119 3496 1233 3553 nisi
1277 3497 1631 3571 Angelorum
1679 3501 1737 3553 et

79 3587 602 3662 Archangelorum.
638 3586 839 3658 Angeli
893 3585 1108 3651 nuntii,
1140 3584 1485 3659 Archangeli
1526 3585 1737 3642 excelsi

82 3675 277 3732 nuntii
300 3676 594 3731 dicuntur.
628 3674 939 3746 Gregorius
988 3679 1184 3730 autem
1236 3675 1390 3747 Papa
1438 3674 1738 3731 Romanus

80 3766 139 3821 in
175 3763 392 3820 omelia
420 3781 529 3820 sua
558 3780 735 3836 super
762 3762 1066 3819 lectionem
1097 3763 1488 3836 evangelicum
1514 3780 1527 3819 :
1563 3764 1740 3819 Erant

80 3853 627 3927 adpropinquantes
649 3853 721 3908 ad
752 3851 954 3909 Jesurn
978 3851 1363 3925 publicani,et
1384 3858 1736 3924 peccatores,

81 3949 147 3999 ut
178 3941 453 3998 audirent
472 3940 1009 4014 illum,plenissime
1029 3941 1099 3995 de
1122 3940 1411 4012 praedictis
1434 3941 1741 3999 ordinibus

79 4031 373 4106 exposuit.
409 4032 525 4088 Nos
558 4047 688 4087 vero
726 4031 796 4087 ad
830 4029 1196 4103 propositum
1248 4030 1576 4086 redeamus.
1613 4033 1741 4087 Tre-

78 4125 250 4178 munt
268 4122 559 4177 Potestates
592 4121 662 4176 de
691 4137 871 4192 supra
891 4119 1085 4175 dicitis
1113 4119 1419 4175 ordinibus
1435 4119 1594 4176 dicit.
1616 4119 1743 4176 Non

79 4212 218 4269 ideo
240 4210 569 4282 dixit,quod
594 4226 774 4281 supra
795 4208 931 4264 dicti
964 4207 1199 4264 ordines
1222 4208 1552 4280 corporales
1583 4212 1741 4275 sunt,

79 4301 188 4358 sed
217 4303 416 4356 nostro
440 4314 600 4354 more
640 4298 800 4365 dicit,
833 4295 970 4370 quia
999 4313 1107 4353 nos
1151 4300 1419 4366 tremere,
1444 4314 1510 4353 ac
1541 4298 1744 4354 timere

81 4393 226 4447 ante
265 4387 511 4444 Domino
544 4390 741 4444 nostro
773 4386 1065 4454 solemus;
1114 4386 1213 4442 sed
1266 4386 1393 4442 ideo
1445 4386 1587 4443 dicit
1629 4391 1745 4443 tre-

82 4494 276 4553 mere,
294 4480 359 4533 ut
381 4494 486 4534 nos
507 4476 906 4550 intelligamus
928 4476 1126 4532 omnia
1150 4475 1426 4546 ccnlestia,
1448 4475 1749 4532 terrestria

79 4573 140 4623 et
204 4564 516 4622 infernalia
559 4569 695 4622 ante
748 4567 1125 4636 conspectum
1175 4564 1379 4619 divina:
1423 4563 1747 4653 majestatis
1779 4588 1826 4653 D

80 4663 341 4713 tremere
397 4672 465 4712 ac
515 4655 740 4711 timere.
778 4655 909 4711 Cwli
955 4655 1318 4727 scelerumque
1350 4655 1599 4711 Virtutes.
1633 4651 1750 4725 Ipsi

80 4745 221 4802 caeli
266 4743 522 4817 jussioni
575 4745 782 4800 divinae
829 4744 1130 4811 obediunt,
1165 4743 1305 4815 quia
1333 4760 1396 4799 se
1442 4743 1747 4799 ostendere

82 4850 354 4904 serenos,
397 4833 486 4890 vel
544 4832 878 4902 nebulosos,
921 4841 1049 4889 non
1107 4832 1324 4888 habent
1374 4831 1745 4888 Potestatem.

79 4923 379 4980 Ccelorum
409 4922 654 4981 virtutes
686 4928 825 4980 sunt
854 4940 1032 4996 supra
1064 4922 1203 4979 dicti
1235 4921 1469 4978 ordines
1514 4922 1746 4994 angelo-

82 5031 229 5069 rum
261 5013 415 5070 sicut
444 5014 649 5069 beatus
689 5013 1005 5087 Gregorius
1054 5012 1112 5067 in
1157 5010 1367 5068 omelia
1417 5029 1525 5067 sua
1575 5027 1751 5084 super

82 5100 492 5176 evangelicum
522 5101 854 5174 lectionem,
889 5106 1060 5158 erunt
1090 5100 1261 5175 signa
1289 5100 1348 5156 in
1381 5100 1533 5170 Sole,
1555 5104 1612 5156 et
1642 5101 1751 5155 Lu-

82 5210 189 5258 na,
227 5195 289 5250 et
314 5191 815 5261 Stellis,testatur.
849 5192 921 5248 Ac
950 5192 1103 5247 beata
1132 5190 1440 5263 Seraphim.
1470 5190 1549 5246 De
1582 5189 1751 5246 Sera-

82 5281 261 5356 phim
292 5295 548 5355 namque
578 5297 759 5353 supra
797 5281 1021 5336 dictum
1074 5282 1181 5336 est.
1214 5279 1373 5335 Socia
1416 5279 1755 5334 exultatione

83 5370 496 5427 concelebrant.
526 5368 740 5427 Omnes
789 5367 1049 5442 praedicti
1098 5367 1333 5423 ordines
1382 5368 1751 5439 majestatem

88 5459 199 5516 Dei
234 5457 427 5514 Patris
459 5473 562 5530 per
594 5457 892 5516 Christum
916 5458 1126 5529 juncta
1175 5454 1527 5511 exultatione
1559 5469 1753 5526 aequa-

86 5548 233 5603 liter
263 5543 696 5602 concelebrant.
730 5547 864 5605 Cum
894 5544 1089 5618 quibus
1135 5553 1186 5599 et
1232 5547 1446 5600 nostras
1496 5558 1662 5609 vaces,
1697 5549 1759 5597 ut

86 5636 320 5696 admitti
357 5634 557 5711 jubeas
603 5634 972 5713 deprecamur.
1019 5633 1161 5695 Cum
1217 5631 1435 5710 quibus
1492 5630 1616 5689 hac
1698 5631 1756 5689 st

1843 3316 1942 3381 sis,
1979 3318 2034 3372 id
2065 3323 2154 3372 est
2185 3318 2241 3373 in
2275 3318 2428 3375 altis.
2465 3320 2949 3393 Benedictus,qui
2973 3321 3129 3377 venit
3158 3320 3217 3375 in
3250 3319 3487 3376 nomine

1844 3406 2095 3462 Domini.
2129 3407 2370 3473 Quando
2401 3408 2670 3465 Christus
2699 3411 2856 3466 venit
2904 3411 2975 3466 ad
3009 3408 3393 3476 Hierusalem,
3427 3412 3488 3464 et

1844 3495 2141 3550 descendit
2174 3496 2244 3552 de
2275 3501 2470 3553 monte
2500 3496 2723 3567 Oliveti,
2746 3503 2886 3554 tunc
2918 3499 3021 3554 filii
3052 3497 3229 3555 Israel
3268 3496 3483 3553 clama-

1845 3583 1987 3638 bant
2018 3583 2273 3641 dicentcs
2307 3601 2319 3639 :
2353 3586 2697 3654 Benedictus,
2733 3590 2828 3659 qui
2867 3590 3015 3644 venit
3046 3590 3106 3643 in
3148 3589 3368 3643 nomine
3398 3587 3499 3641 Do-

1845 3673 2006 3727 mini.
2041 3673 2150 3728 Sed
2185 3674 2328 3745 quid
2359 3674 2650 3748 signiﬁcat
2680 3675 2776 3732 ille
2807 3676 3021 3733 Christi
3052 3677 3334 3733 adventus
3364 3674 3496 3731 Hie-

1850 3761 2247 3829 rusalem,nisi
2279 3764 2537 3820 futuram
2570 3766 3328 3838 resurrectionem,quando
3360 3780 3498 3821 ven-

1850 3853 2019 3907 turus
2048 3856 2172 3907 erat
2190 3852 2460 3924 judicare
2489 3853 2648 3911 vivos
2679 3859 2735 3910 et
2771 3860 3055 3923 mortuos,
3079 3861 3136 3911 et
3164 3853 3503 3928 apparuerit

1851 3939 2019 3996 nobis
2049 3940 2108 3995 in
2139 3941 2341 3997 eadem
2374 3959 2547 3999 carne
2575 3960 2691 4017 qua
2719 3962 2823 4017 pro
2854 3944 3022 4002 nobis
3054 3961 3269 4018 passus
3299 3948 3407 4012 est,
3445 3946 3503 3998 et

1852 4032 1993 4085 tunc
2024 4028 2081 4084 in
2114 4030 2353 4088 nomine
2382 4032 2613 4089 Domini
2645 4034 2785 4090 Jesu
2827 4051 2999 4091 omne
3047 4051 3200 4108 genu
3250 4033 3505 4089 flectitur

1853 4118 2198 4187 caelestium,
2232 4122 2600 4178 terrestrium
2643 4127 2700 4179 et
2738 4124 3119 4180 infernorum.
3151 4124 3222 4179 Et
3263 4127 3455 4178 cetera
3484 4137 3499 4177 :

1854 4224 1980 4279 quae
2011 4208 2325 4280 Apostolus
2357 4209 2521 4266 dixit.

1930 4298 1996 4351 Te
2026 4298 2201 4365 igitur
2240 4299 2653 4357 clementissime
2700 4302 2881 4357 Pater.
2915 4301 2994 4356 Te
3042 4300 3241 4373 igitur,
3274 4299 3385 4354 hoc
3415 4300 3507 4355 est

1856 4388 2009 4440 certe
2039 4384 2495 4444 clementissime
2541 4390 2726 4444 Pater.
2760 4389 3026 4449 Clemens
3069 4389 3301 4453 dicitur,
3333 4384 3504 4459 quasi

1856 4473 2012 4529 clara
2042 4489 2230 4543 mens,
2264 4474 2382 4531 sive
2412 4476 2739 4546 abundans,
2763 4482 2821 4534 et
2850 4475 3304 4533 clementissime
3334 4473 3506 4547 quasi

1858 4561 2188 4618 clarissima
2219 4568 2435 4630 mente,
2471 4565 2590 4621 sive
2640 4565 3332 4637 abundantissime,quia
3381 4563 3505 4635 ipse

1860 4650 2224 4709 clarissimus
2256 4657 2347 4709 est
2366 4658 2580 4723 mente,
2615 4658 2672 4711 et
2719 4654 3307 4712 misericordissimus
3335 4651 3507 4708 corde

1858 4739 2182 4797 Pater.Non
2214 4742 2342 4799 ideo
2362 4743 2557 4817 ipsum
2592 4744 2842 4801 dicimus
2871 4743 3216 4800 clementem
3245 4746 3301 4797 et
3332 4740 3507 4797 mise-

1858 4830 2167 4899 ricordem,
2200 4833 2356 4905 quod
2390 4833 2672 4890 membris
2721 4832 3031 4906 corporeis,
3062 4831 3150 4888 vel
3182 4831 3374 4901 corde,
3408 4834 3511 4886 aut

1858 4923 2055 4976 mente
2086 4919 2162 4977 sit
2191 4923 2554 4995 compositus
2584 4922 2736 4979 sicut
2764 4922 2960 4987 homo,
2976 4922 3076 4977 sed
3108 4920 3236 4977 ideo
3256 4919 3512 4977 clemen-

1858 5012 1977 5064 tem
2009 5012 2066 5064 et
2097 5008 2533 5067 misericordem
2567 5010 2914 5079 clamamus,
2949 5015 3015 5066 ut
3059 5009 3223 5066 illam
3261 5009 3512 5066 clemen-

1860 5096 2002 5153 tiam
2026 5102 2081 5153 et
2103 5097 2566 5156 misericordiam
2590 5116 2768 5173 super
2788 5117 2895 5155 nos
2917 5100 2988 5156 ab
3010 5100 3138 5174 ipso
3159 5100 3505 5165 sentiamus,

1863 5191 1929 5241 ut
1958 5185 2360 5260 intelligamus
2390 5189 2545 5244 unde
2573 5188 2783 5245 salvari
2815 5190 3152 5246 debeamus.
3185 5194 3293 5246 Per
3317 5193 3511 5247 Iesum

1863 5274 2140 5330 Christum
2168 5277 2379 5332 Filium
2411 5277 2772 5336 tuum.Jesus
2793 5296 2993 5353 graece,
3018 5278 3197 5336 latine
3227 5278 3509 5344 Salvator,

1862 5379 1927 5418 eo
1957 5363 2110 5434 quod
2143 5363 2326 5419 salvet
2357 5364 2639 5438 populum
2687 5385 2863 5424 suum
2913 5385 2947 5425 a
2976 5367 3229 5441 peccatis
3282 5379 3506 5422 eorum.

1864 5451 1996 5507 Ideo
2028 5450 2211 5507 salvat
2241 5470 2274 5507 a
2303 5454 2574 5526 peccatis,
2592 5457 2732 5528 quia
2752 5460 3096 5530 potestatem
3119 5455 3294 5511 habet
3321 5451 3513 5508 dimit-

1862 5540 2020 5595 tendi
2052 5545 2311 5610 peccata.
2345 5542 2631 5600 Salutaris
2662 5546 2791 5602 ideo
2823 5546 3058 5613 dicitur,
3092 5542 3231 5615 quia
3260 5541 3512 5598 salutem

1862 5627 2031 5689 nobis
2060 5628 2240 5707 dedit,
2273 5636 2359 5707 ut,
2391 5632 2443 5691 si
2489 5639 2775 5712 praecepta
2815 5635 2943 5710 ejus
2982 5647 3303 5700 servemus,
3331 5628 3515 5710 vitam
