3868 6204
329 277 483 334 “6'1

1109 270 1445 330 APPEND.
1493 268 1594 327 AD
1642 266 1826 326 ΞᾸΞΟ.
1873 265 1946 324 Χ.
1980 299 2056 307 -
2088 263 2589 326 MUNUMENTA
2629 267 2636 324 ἶ

2236 263 2589 326 lUMENTA
2629 265 2949 327 LITURG.
3635 261 3719 320 ιιί
3741 284 3763 312 ρ

327 409 602 462 aeternam
634 419 838 476 capere
867 399 1416 458 valeamus.Filium
1451 403 1620 454 tuum
1661 397 1976 453 Dominum
2008 399 2059 472 Α
2091 396 2369 462 rentium,
2400 401 2456 452 et
2509 414 2622 452 non
2671 396 3044 453 offerentium
3093 395 3348 468 cognita
3400 396 3518 460 est,
3555 395 3616 447 et
3657 399 3766 448 nota

327 497 616 550 nostrum.
653 491 861 548 Filium
895 507 1073 548 suum
1121 489 1511 562 unigenitum,
1547 485 1685 559 quia
1728 485 1859 559 ipse
1890 489 1978 542 est

330 581 672 656 unigenitus
718 597 787 636 ex
833 578 1168 636 substantia
1215 577 1424 634 Patris.
1459 576 1575 631 Nos
1627 580 1824 630 autem
1875 573 1978 629 filii

330 655 583 744 adoptivi
613 686 824 726 sumus
855 686 958 742 per
982 665 1304 742 ipsum,qui
1332 665 1668 738 unigenitus
1695 668 1784 720 est
1805 681 1838 719 a
1868 663 1977 720 Pa-

328 763 417 816 tre
456 757 794 832 procedens.
831 758 983 814 Patri
1029 761 1370 813 coaeternus.
1404 755 1475 810 Et
1519 753 1650 808 ideo
1699 770 1804 825 per
1843 769 1977 808 eum

329 845 558 904 Patrem
607 846 901 920 postulare
969 845 1270 912 debemus,
1321 840 1625 898 humiliter
1671 842 1976 897 dicentes:

331 935 636 1010 Supplices
667 940 725 992 te
756 951 1054 1008 rogamus,
1081 950 1146 989 ac
1178 932 1457 1005 petimus.
1488 930 1863 1002 Supplices,id
1893 932 1982 984 est

329 1023 605 1082 humiles.
643 1025 730 1083 Uti
757 1031 977 1096 accepta
1005 1023 1203 1079 habeas
1233 1030 1284 1077 et
1313 1020 1613 1076 benedicas.
1650 1021 1775 1076 Hzec
1816 1018 1978 1084 dona,

330 1116 449 1172 haec
475 1131 726 1183 munera,
758 1121 810 1170 et
831 1120 1019 1169 sancta
1047 1111 1318 1183 sacriﬁcia
1347 1109 1604 1164 inlibata.
1637 1108 1800 1164 Dona
1821 1111 1980 1174 sunt,

331 1217 457 1274 quae
504 1198 829 1257 voluntarie
877 1199 1202 1267 donantur;
1238 1213 1482 1254 munera
1512 1200 1668 1263 sunt,
1712 1214 1837 1268 qua:
1879 1213 1980 1268 pro

332 1289 528 1362 aliquo
560 1306 800 1346 munere
847 1288 932 1345 vel
986 1287 1249 1344 mercede
1293 1288 1658 1343 offeruntur:
1693 1285 1847 1340 sicut
1875 1301 1981 1340 nos

331 1377 630 1435 offerimus
669 1379 808 1445 Deo,
841 1381 906 1433 ut
931 1381 1173 1450 peccata
1203 1380 1404 1432 nostra
1453 1373 1845 1430 dimittantur.
1878 1375 1978 1429 Sa-

332 1466 550 1523 crificia
580 1471 743 1536 sunt,
770 1485 896 1540 qua:
917 1467 1045 1538 jam
1077 1482 1211 1522 cum
1242 1463 1608 1520 orationibus
1645 1480 1984 1519 consecran-

331 1561 448 1612 tur.
480 1556 751 1624 Inlibata,
783 1555 841 1611 id
873 1561 962 1611 est
994 1555 1392 1622 immaculata,
1426 1559 1483 1608 et
1511 1553 1584 1608 ab
1616 1552 1773 1608 omni
1808 1551 1982 1608 livore

333 1644 570 1702 malitia:
600 1645 989 1700 aliena.Tunc
1021 1648 1160 1700 sunt
1189 1645 1342 1698 dona
1371 1647 1427 1698 et
1457 1642 1744 1698 sacrificia
1776 1641 1982 1696 inliba-

333 1731 662 1807 ta,quando
683 1733 904 1807 absque
935 1731 1344 1789 scandalorum
1377 1730 1625 1787 maculis
1652 1735 1790 1786 sunt
1821 1731 1984 1838 offer:
2013 1773 2060 1838 Β

333 1827 414 1895 ta,
445 1827 502 1878 et
534 1823 699 1894 justo
747 1826 885 1879 sunt
933 1821 1127 1878 labore
1174 1821 1488 1893 adquisita.
1523 1821 1646 1876 Non
1700 1825 1765 1875 ut
1815 1818 1981 1876 multi

332 1914 549 1979 errant,
583 1911 684 1984 qui
715 1909 918 1967 dicunt
948 1909 1194 1966 inlibata
1223 1927 1350 1966 esse
1383 1927 1496 1966 non
1529 1909 1811 1965 dedicata.
1835 1909 1983 1981 Lege

330 2003 556 2072 septem
589 1999 926 2056 collationes
948 2001 1204 2068 Patrum,
1230 2005 1288 2055 et
1310 1999 1368 2054 in
1404 2000 1660 2054 secunda
1680 1997 1984 2054 collatione

329 2089 552 2145 theonae
577 2088 634 2144 in
659 2107 812 2145 nono
830 2089 1286 2161 inveniens,qua2
1300 2088 1418 2145 sint
1437 2087 1981 2158 illibata.lmprimis,

330 2195 456 2251 qua?
485 2179 589 2235 tibi
617 2177 920 2252 oferimus.
947 2179 1064 2234 Hoc
1097 2196 1202 2256 pro
1233 2177 1450 2250 quibus
1482 2177 1809 2234 offeruntur
1840 2175 1985 2230 indi-

334 2272 446 2324 cat.
478 2267 778 2340 lmprimis
808 2267 999 2323 offerri
1031 2269 1245 2323 debent
1272 2285 1370 2340 pro
1401 2269 1629 2323 ecclesia
1660 2275 1756 2322 tua
1793 2275 1982 2321 saneta

332 2356 620 2412 catholica.
653 2354 907 2424 Ecclesia
937 2373 1124 2428 grcce,
1158 2355 1335 2410 latine
1384 2355 1716 2410 convocatio
1747 2354 1978 2409 dicitur.

335 2442 653 2510 Catholica,
676 2444 1022 2499 universalis
1053 2443 1284 2510 dicitur,
1312 2445 1449 2516 quia
1481 2443 1754 2509 universi,
1792 2443 1888 2516 qui
1923 2443 1981 2498 in

335 2533 521 2588 Deum
554 2531 820 2599 credunt,
854 2531 912 2586 in
947 2549 1063 2587 una
1092 2533 1305 2587 debent
1335 2548 1464 2588 esse
1511 2532 1980 2605 congregatione.

337 2624 522 2693 Quam
540 2621 1154 2692 paeiﬁeare,custodire,
1182 2621 1427 2676 adunare
1449 2620 1690 2690 digneris
1720 2629 1770 2676 et
1800 2637 1983 2691 regere

337 2716 442 2766 toto
471 2707 598 2766 orbe
625 2715 917 2766 terrarum.
949 2709 1054 2765 Pro
1085 2709 1193 2766 hoc
1223 2709 1522 2765 offerimus
1569 2709 1884 2782 imprimis,
1920 2713 1984 2765 ut

338 2815 519 2870 supra
547 2799 762 2854 dictam
803 2798 1313 2872 congregationem
1344 2802 1504 2854 tuam
1539 2815 1641 2871 per
1671 2803 1856 2854 totum
1889 2816 1982 2855 or-

336 2888 468 2944 bem
502 2892 791 2945 terrarum
825 2887 1185 2962 paciﬁcatum
1228 2891 1285 2944 et
1331 2888 1648 2944 adunatam
1688 2888 1983 2944 custodire

337 2975 616 3050 digneris.
655 2977 770 3035 Una
816 2993 939 3033 cum
987 2978 1198 3049 famulo
1247 2985 1338 3033 tuo
1387 2977 1504 3044 illo,
1537 2975 1645 3032 hoc
1685 2980 1773 3032 est
1803 2975 2004 3032 simul‘

338 3081 473 3122 cum
503 3063 626 3136 illo,
647 3066 748 3138 qui
780 3067 980 3122 sedem
1011 3065 1254 3138 apostoli
1283 3069 1456 3133 tenet,
1491 3065 1628 3138 quia
1649 3064 1980 3131 ecclesia,in

2088 485 2335 553 devotio,
2369 502 2572 541 omnes
2623 485 2875 542 redduut
2925 489 3060 542 vota
3107 501 3242 540 sua.
3276 481 3441 538 Vota
3481 481 3764 544 dicuntur,

2089 591 2214 646 quae
2244 573 2500 630 volenter
2529 575 2976 646 promittuntur,
3013 575 3157 647 quia
3185 572 3475 628 volenter
3508 575 3572 626 et.
3600 569 3770 626 liben-

2086 667 2176 718 ter
2203 663 2318 719 Deo
2350 679 2574 727 vovere,
2605 667 2662 718 et
2691 663 2933 719 reddere
2961 663 3278 719 debemus.

2163 753 2632 808 Communicantes
2661 760 2713 808 et
2743 753 3074 808 memoriam
3103 758 3447 807 venerantes
3506 751 3769 822 imprimis

2087 841 2322 910 gloriose
2349 857 2556 912 semper
2587 841 2828 911 Virginis
2851 841 3045 898 Maria:
3087 839 3399 897 Genitrieis
3436 840 3562 903 Dei,
3597 846 3653 893 et
3677 839 3768 893 De-

2087 931 2234 988 mini
2259 931 2433 986 nostri
2458 931 2589 987 Jesu
2621 929 2840 999 Christi,
2859 930 2952 986 sed
2979 934 3032 986 et
3063 930 3356 986 beatorum
3393 928 3771 1002 Apostolorum

2088 1036 2153 1074 ac
2182 1023 2499 1092 Martyrum
2529 1025 2770 1075 tuorum.
2803 1019 3280 1087 Communicare,
3304 1017 3426 1074 hoc
3453 1020 3575 1084 est,
3613 1017 3772 1091 parti-

2089 1107 2305 1180 cipare,
2343 1107 2692 1164 memoriam
2739 1107 3028 1174 venerari,
3061 1107 3170 1162 hoc
3219 1109 3338 1172 est,
3375 1105 3442 1160 in
3493 1105 3772 1161 memoria

2089 1195 2497 1253 venerabiliter
2525 1201 2742 1266 tenere,
2777 1196 2931 1269 quod
2964 1196 3023 1252 S.
3052 1194 3239 1252 Maria
3269 1195 3466 1267 Virgo
3521 1211 3632 1268 per
3676 1195 3772 1249 ad-

2089 1289 2325 1342 ventum
2359 1285 2613 1359 Spiritus
2646 1285 2833 1342 sancti
2865 1285 3120 1359 genitrix
3143 1285 3309 1340 facta
3362 1289 3461 1341 est
3518 1283 3652 1340 Filii
3685 1283 3772 1338 Dei

2092 1375 2321 1430 Domini
2357 1375 2540 1431 nostri
2569 1375 2708 1432 Jesu
2741 1373 2975 1442 Christi,
3011 1373 3110 1448 qui
3140 1374 3322 1440 Deus,
3359 1376 3424 1429 et
3456 1372 3645 1429 homo
3673 1379 3768 1438 est,

2093 1481 2196 1536 per
2222 1480 2392 1536 quem
2428 1465 2658 1519 Patrem
2691 1462 3116 1537 supplicamus,
3134 1467 3188 1518 et
3219 1463 3410 1518 fidem
3446 1462 3769 1518 communi-

2093 1570 2222 1608 care
2253 1553 2558 1623 debemus,
2592 1557 2646 1608 et
2674 1553 2932 1620 credere,
2965 1552 3118 1624 quod
3168 1551 3409 1624 Spiritu
3447 1557 3661 1606 sancto
3694 1567 3771 1604 ve-

2095 1641 2508 1708 niente,Filius
2531 1641 2629 1696 Dei
2665 1646 2838 1697 natus
2868 1659 2935 1697 ex
2965 1645 3116 1708 ea,et
3145 1640 3472 1712 virginitas
3505 1641 3641 1712 ejus
3666 1657 3765 1694 non

2093 1735 2181 1788 est
2210 1731 2440 1787 violata.
2459 1732 2565 1789 Sed
2592 1739 2643 1786 et
2672 1731 2945 1786 beatorum
2968 1731 3351 1802 Apostolorum
3379 1747 3453 1784 ae
3468 1731 3763 1802 Martyrum

2095 1826 2332 1876 tuorum.
2369 1819 2683 1892 Apostolus
2716 1819 3007 1876 diciturin
3038 1824 3242 1874 nostra
3275 1819 3496 1892 lingua
3530 1819 3763 1874 missus.

2093 1911 2314 1981 Martyr
2342 1909 2558 1964 dicitur
2587 1909 2773 1964 testis.
2797 1907 3056 1982 Apostoli
3091 1909 3220 1962 ideo
3255 1907 3559 1963 dicuntur
3580 1907 3712 1981 quia
3733 1925 3765 1960 ει

2093 1997 2320 2054 Christo
2354 1998 2518 2054 missi
2551 2003 2706 2054 sunt.
2742 1997 3023 2076 Martyres
3054 1998 3360 2062 dicuntur,
3400 1998 3550 2070 quia
3593 2000 3758 2052 testes

2093 2091 2250 2154 sunt,
2286 2089 2440 2160 quod
2473 2086 2738 2144 Christus
2787 2104 2998 2160 passus
3049 2089 3138 2142 est
3184 2103 3291 2159 pro
3331 2087 3539 2154 nobis,
3571 2089 3627 2141 et
3659 2085 3758 2158 ipsi

2094 2195 2196 2249 pro
2229 2176 2479 2232 Christo.
2498 2179 2648 2233 Hane
2668 2177 2839 2246 igitur
2867 2178 3199 2231 oblationem
3225 2177 3523 2232 servitutis
3547 2183 3758 2238 nostrz,

2089 2267 2183 2322 sed
2228 2275 2280 2322 et
2325 2271 2539 2324 cuncta?
2591 2267 2830 2338 familiee
2879 2271 3010 2335 tuae,
3045 2281 3370 2337 qua’sumus
3427 2267 3683 2332 Domine,
3711 2272 3762 2317 ut

2089 2357 2339 2428 placatus
2361 2358 2618 2428 accipias.
2655 2355 2936 2410 Sacerdos
2967 2353 3329 2410 oblationem
3362 2371 3571 2422 suam,
3597 2359 3760 2425 atque

2093 2447 2461 2509 cunc‘orum,
2495 2445 2593 2516 qui
2653 2444 2899 2500 Domino
2961 2443 3349 2513 famulantur,
3387 2443 3449 2498 id
3515 2449 3628 2510 est,
3664 2441 3757 2514 qui

2093 2534 2338 2589 Domino
2365 2535 2644 2602 serviunt,
2677 2534 3072 2598 commendat,
3107 2537 3173 2588 ut
3203 2531 3461 2590 Domino
3513 2531 3759 2605 placeat,

2091 2626 2147 2678 et
2179 2623 2301 2696 ipse
2355 2622 2522 2679 nobis
2568 2623 2855 2696 propitius
2907 2621 3006 2678 sit.
3035 2623 3267 2694 Diesque
3308 2631 3528 2677 nostras
3583 2623 3642 2676 in
3673 2630 3759 2674 tua

2085 2727 2220 2782 pace
2246 2711 2522 2782 disponas,
2554 2719 2713 2784 atque
2743 2713 2810 2767 ab
2841 2715 3052 2768 aeterna
3085 2709 3445 2766 damnatione
3469 2727 3573 2766 nos
3600 2711 3760 2782 eripi,

2090 2807 2140 2854 et
2172 2801 2230 2855 in
2259 2800 2547 2856 electorum
2599 2808 2816 2856 tuorum
2855 2800 3048 2872 jubeas
3093 2817 3255 2872 grege
3314 2802 3619 2856 numerari
3666 2815 3759 2872 per

2094 2889 2372 2944 Christum
2400 2891 2538 2944 Dnm
2569 2889 2961 2946 nostrum.Pro
2991 2890 3243 2962 eo,quod
3262 2890 3551 2946 Sacerdss
3574 2890 3754 2953 offert,

2091 2975 2343 3049 populus
2393 2977 2563 3034 debet
2616 2995 2798 3044 orare,
2847 2981 2913 3033 ut
2955 2978 3240 3035 Sacerdos
3289 2977 3665 3043 exaudiatur,
3695 2981 3756 3036 ut

2093 3065 2359 3121 omnium
2413 3066 2536 3121 dies
2584 3065 2644 3121 in
2692 3083 2832 3140 pace
2881 3066 3292 3140 disponantur,
3327 3069 3386 3122 et
3413 3067 3488 3122 ab
3537 3071 3752 3122 uatem:

337 3171 454 3228 qua
484 3155 687 3212 Petrus
713 3155 985 3228 princeps
1032 3154 1439 3228 Apostolorum
1472 3155 1642 3220 sedit,
1675 3157 1853 3226 caput
1895 3159 1984 3210 est
2014 3143 2056 3208 C
2095 3154 2470 3212 damnatione
2501 3155 2920 3228 eripiamur,de
2952 3172 3066 3228 qua
3097 3153 3384 3212 Dominus
3398 3155 3753 3212 Cbristusin

337 3245 602 3314 omnium
624 3243 1002 3312 ecclesiarum
1046 3243 1486 3300 catholicarum.
1523 3243 1769 3316 Ideoque
1819 3244 1984 3299 Petro

336 3330 482 3410 dixit
509 3331 780 3390 Christus
812 3351 824 3388 :
860 3335 926 3390 tu‘
955 3350 1018 3390 es
1047 3336 1272 3402 Petrus,
1291 3337 1349 3388 et
1380 3349 1557 3404 super
1577 3331 1728 3387 hanc
1760 3337 1983 3405 petram

335 3421 634 3479 aediﬁcabo
683 3422 990 3479 ecclesiam
1040 3438 1254 3490 meam,
1287 3427 1344 3477 et
1393 3428 1600 3478 cetera.
1634 3423 1704 3476 Et
1752 3425 1986 3494 prepter

332 3512 484 3568 hanc
514 3512 866 3570 sententiam
899 3513 1180 3568 debemus
1212 3528 1416 3567 omnes
1449 3528 1552 3584 pro
1583 3528 1650 3568 eo
1681 3528 1864 3578 orare,
1883 3510 1983 3584 qui

331 3600 392 3656 in
452 3601 656 3657 eadem
716 3605 924 3674 praeest
969 3601 1235 3658 ecclesia.
1268 3602 1332 3657 Et
1361 3603 1602 3657 antistite
1627 3609 1828 3666 nostra,
1865 3601 1980 3668 illo,

332 3689 442 3746 hoc
495 3694 584 3746 est
631 3707 734 3762 pro
783 3689 1076 3763 episcopo,
1110 3691 1168 3746 in
1221 3691 1392 3762 cujus
1443 3689 1720 3763 parochia
1751 3707 1980 3756 sumus,

330 3793 436 3850 pro
484 3777 610 3850 ipso
647 3795 810 3834 orare
855 3779 1156 3847 debemus,
1189 3779 1326 3851 quia
1383 3779 1508 3851 ipse
1551 3782 1640 3835 est
1679 3783 1894 3851 pastor,
1927 3783 1983 3834 et

330 3864 674 3938 praedicator
729 3871 949 3922 noster.
1009 3866 1268 3922 Memento
1324 3867 1550 3923 Domine
1621 3867 1978 3938 famulorum,

325 3954 774 4027 famularumque
814 3962 1055 4020 tuarum,
1087 3963 1139 4010 et
1188 3958 1435 4011 omnium
1483 3957 1977 4012 circumstantium.

327 4041 610 4098 Sacerdos
661 4045 795 4098 ante
845 4041 1032 4097 oravit
1078 4059 1183 4114 pro
1233 4043 1572 4114 apostolico,
1607 4047 1662 4098 et
1707 4042 1978 4116 episcopo

327 4145 455 4186 suo.
485 4129 541 4184 Si
571 4130 882 4204 episcopus
929 4129 1167 4186 Missam
1215 4130 1486 4199 celebrat,
1523 4130 1619 4187 ille
1649 4148 1766 4187 non
1810 4133 1980 4188 debet

325 4219 517 4276 dicere
563 4235 666 4294 pro
722 4221 966 4276 antistite
1018 4229 1223 4276 nostra.
1279 4219 1411 4276 Jam
1469 4223 1699 4276 oratum
1741 4228 1827 4276 est
1873 4238 1977 4293 pro

323 4308 900 4382 senioribus.Postea
929 4309 1216 4366 orandum
1241 4313 1330 4366 est
1363 4327 1464 4382 pro
1498 4309 1976 4382 populo,quando

324 4399 597 4472 sacerdos
627 4397 806 4454 dicit:
832 4397 1124 4455 Memento
1147 4399 1386 4455 Domine
1412 4398 1765 4454 famulorum
1793 4397 1978 4454 famu-
2002 4426 2004 4428 τ

2097 3244 2208 3298 fine
2239 3243 2443 3300 mundi
2477 3243 2738 3299 dicturus
2782 3244 2892 3300 erit
2931 3243 3130 3316 impiis
3162 3261 3176 3298 :
3211 3243 3297 3310 Ite
3343 3243 3648 3300 maledicti
3697 3243 3754 3298 in

2095 3335 2287 3408 ignem
2319 3338 2620 3401 aeternum,
2653 3339 2710 3390 et
2739 3338 2948 3390 cetera.
2973 3335 3042 3390 Et
3062 3333 3134 3390 ad
3165 3331 3338 3392 illum
3366 3349 3612 3406 gregem
3643 3334 3753 3390 ele-

2093 3428 2321 3479 ctorum
2356 3441 2596 3480 suorum
2629 3441 2730 3496 per
2761 3423 2998 3497 angelos
3024 3423 3596 3488 sanctosnumerari
3631 3439 3748 3480 me-

2094 3528 2348 3580 reamur,
2383 3512 2475 3568 cui
2509 3511 2775 3568 dicturus
2802 3511 2911 3568 erit
2946 3528 2959 3566 :
2990 3499 3198 3568 Venite
3225 3510 3521 3568 Benedicti
3565 3509 3752 3568 Patris

2094 3601 2206 3657 mei
2238 3600 2532 3674 possidete
2563 3617 2830 3674 regnum,
2861 3605 2919 3656 et
2949 3605 3160 3657 cetera.
3194 3601 3372 3669 Quam
3414 3601 3750 3657 oblationem

2092 3699 2151 3746 tu
2197 3691 2336 3746 Deus
2384 3691 2444 3744 in
2494 3691 2746 3746 omnibus
2793 3705 3104 3762 quaesumus
3155 3689 3512 3754 benedictam,
3538 3689 3756 3746 adscri-

2086 3787 2258 3851 ptam,
2315 3787 2513 3846 ratam,
2562 3779 2968 3844 rationabilem,
3017 3779 3510 3852 aeeeptabitemque
3578 3781 3753 3850 [nem

2090 3869 2357 3938 digneris.
2393 3867 2696 3940 Supplicat
2725 3867 3030 3934 Sacerdos,
3061 3872 3127 3924 ut
3165 3865 3548 3936 oblationem,
3574 3884 3748 3940 quam

2093 3957 2216 4028 ipse
2247 3974 2350 4029 pro
2383 3973 2444 4013 se
2477 3956 2666 4028 offert,
2689 3961 2744 4014 et
2775 3973 2879 4028 pro
2911 3954 3145 4030 populo,
3173 3955 3551 4028 omnipotens
3585 3956 3750 4014 Pater

2089 4045 2364 4118 dignetur
2380 4044 2641 4117 accipere
2661 4045 2768 4100 ben
2777 4044 3114 4114 edictam,et
3129 4044 3346 4100 habere
3361 4043 3744 4118 adscriptam,

2089 4133 2196 4190 hoc
2251 4138 2358 4200 est,
2385 4133 2774 4207 adsignatam,
2811 4138 2873 4188 ut
2923 4131 3037 4188 slbi
3083 4133 3327 4207 placeat.
3371 4132 3607 4200 Datam,
3639 4131 3742 4191 hoc

2087 4227 2196 4292 est,
2223 4223 2571 4296 judicatam,
2605 4228 2670 4278 ut
2699 4222 2936 4296 dignam
2972 4221 3133 4279 illam
3154 4221 3387 4296 judicet
3413 4221 3476 4278 in
3507 4239 3745 4295 conspe-

2086 4317 2184 4368 ctu
2215 4329 2322 4369 suo
2355 4311 2568 4369 offerri.
2603 4311 3052 4378 Rationabilem,
3087 4311 3142 4366 id
3177 4315 3286 4380 est,
3309 4310 3482 4382 justa
3520 4309 3740 4367 ratione

2085 4401 2319 4474 plenam
2346 4402 2533 4458 facere
2567 4401 2858 4474 dignetur.
2893 4399 3041 4464 Quia
3070 4405 3210 4457 tunc
3243 4399 3326 4456 illi
3357 4405 3447 4456 est
3478 4404 3742 4472 accepta-

325 4487 634 4561 larumque
664 4491 922 4558 tuarum.
956 4488 1310 4560 Deprecatur
1357 4487 1672 4544 Dominum
1719 4487 1970 4558 Patrem,
2007 4513 2052 4576 Β
2083 4489 2294 4559 bilis,si
2327 4494 2480 4546 recte
2505 4489 2805 4546 credentes
2836 4505 2940 4562 pro
2962 4489 3129 4562 justa
3159 4488 3384 4545 ratione
3413 4489 3735 4544 offerimus.

325 4581 390 4632 ut
419 4575 730 4634 memorari
763 4575 1034 4651 dignetur
1065 4577 1330 4634 omnium
1363 4578 1434 4632 ad
1475 4577 1735 4632 ofﬁcium
1783 4576 1974 4633 Missa:

324 4665 442 4722 sive
472 4665 874 4723 masculorum
906 4667 1027 4722 sive
1057 4665 1411 4722 feminarum
1435 4665 1864 4722 advenientium
1885 4683 1898 4734 ;
1917 4671 1974 4722 ct

322 4755 476 4821 quod
507 4755 648 4812 dicit
673 4755 1284 4824 circumadstantium,
1317 4753 1430 4827 ipsi
1463 4759 1602 4811 sunt
1633 4754 1880 4811 masculi
1917 4759 1974 4810 et

322 4842 572 4910 feminae,
597 4845 696 4916 qui
728 4845 1134 4901 circumstant.
1163 4845 1293 4900 Jam
1325 4845 1603 4900 Sacerdos
1655 4843 1839 4900 oravit
1868 4861 1971 4916 pro

323 4931 724 5003 omnibus,qui
748 4934 820 5006 ad
853 4933 1206 4990 audiendam
1238 4933 1480 4989 Missam
1511 4936 1816 5002 venerunt,
1831 4937 1971 4988 tunc

321 5021 563 5074 demum
595 5025 721 5076 orat
753 5039 854 5093 pro
888 5021 1108 5095 his,qui
1141 5022 1464 5091 oblationes
1514 5039 1654 5076 suas
1699 5022 1967 5078 offerunt.

322 5109 436 5180 Qui
463 5107 568 5164 tibi
594 5106 832 5182 aferunt
859 5111 958 5166 hoc
1002 5113 1335 5182 sacri/icium
1381 5096 1582 5166 laudis.
1615 5109 1786 5182 Dicit,
1812 5110 1967 5183 quod

319 5213 425 5270 pro
455 5195 628 5266 laude
658 5197 758 5252 Dei
789 5197 1082 5270 imprimis
1112 5201 1384 5266 oﬂ‘erunt,
1415 5203 1471 5255 et
1496 5204 1700 5273 postea
1727 5217 1834 5274 pro
1883 5217 1968 5269 se,

321 5285 564 5360 suisque
592 5284 888 5356 omnibus.
930 5288 1036 5342 Pro
1081 5288 1440 5360 redemptione
1489 5291 1806 5346 animarum
1832 5307 1966 5345 sua-

2085 4579 2321 4635 Justum
2373 4583 2463 4634 est
2511 4577 2826 4651 postulare,
2859 4581 2926 4634 ut
2970 4577 3071 4634 illa
3118 4576 3360 4646 oblatio,
3395 4594 3574 4650 quam
3636 4593 3740 4633 nos

2085 4666 2509 4724 rationabiliter
2537 4667 2856 4734 offerimus,
2886 4666 3054 4723 Pater
3081 4665 3456 4742 omnipotens
3488 4665 3742 4730 sanctiﬁ-

2083 4757 2268 4812 cando
2298 4757 2490 4824 faciat,
2515 4765 2574 4812 ut
2600 4758 2757 4812 nobis
2787 4757 2991 4828 Corpus
3019 4760 3073 4811 et
3101 4756 3344 4826 Sanguis
3373 4756 3477 4826 fiat
3506 4755 3742 4814 dilect-is.-

2081 4847 2215 4902 simi
2241 4847 2376 4901 Filii
2398 4847 2490 4900 sui
2519 4846 2745 4902 Domini
2769 4847 2950 4901 nostri
2975 4849 3105 4902 Jesu
3136 4844 3368 4900 Christi.
3403 4845 3562 4900 Patri
3591 4843 3742 4900 dile-

2083 4939 2213 4991 ctus
2243 4937 2332 4990 est
2363 4934 2543 4990 Filius
2575 4932 2727 4990 sicut
2755 4933 2879 5007 ipse
2906 4933 3076 4988 Pater
3101 4936 3352 4989 testatus
3381 4938 3476 4990 est
3505 4934 3577 4990 de
3597 4929 3740 5014 cado

2083 5023 2284 5078 dicens
2317 5039 2330 5078 :
2365 5023 2470 5078 Hic
2496 5027 2586 5078 est
2615 5021 2796 5078 Filius
2828 5038 2993 5078 meus
3023 5019 3296 5094 dilectus,
3327 5027 3388 5077 et
3431 5027 3644 5079 cetera.

2078 5129 2186 5168 nos
2215 5128 2350 5168 eum
2383 5111 2622 5184 diligere
2653 5111 2953 5182 debemus,
2988 5110 3127 5182 quia
3171 5109 3298 5182 ipse
3345 5109 3510 5184 prior
3540 5105 3738 5182 dilexit

2079 5218 2207 5267 nos,
2239 5205 2298 5256 et
2325 5217 2538 5273 passus
2567 5205 2656 5256 est
2676 5217 2778 5272 pro
2811 5199 3002 5256 nobis.

2149 5292 2264 5363 Qui
2286 5289 2488 5362 pridie,
2522 5306 2688 5362 quam
2710 5293 2998 5362 pateretur
3025 5291 3231 5362 accepit
3252 5305 3462 5363 panem
3493 5291 3572 5348 in
3607 5291 3732 5358 3'”.

319 5370 584 5451 rum,'pro
612 5391 705 5450 spe
729 5375 924 5432 salutis
954 5384 1005 5432 et
1033 5376 1428 5444 incolumitatis
1455 5394 1574 5435 sua?
1602 5379 1706 5434 tibi
1729 5379 1970 5435 reddunt
2075 5384 2190 5436 etas
2241 5395 2306 5434 ac
2358 5377 2694 5436 venerabiles
2750 5395 2946 5434 manus
3002 5395 3149 5446 suas,
3180 5379 3408 5435 elevatis
3455 5381 3631 5436 oculis
3675 5380 3733 5436 in

318 5473 439 5524 vota
467 5483 570 5525 sua
597 5472 803 5524 ,κίεν-ηρ
833 5465 937 5521 Deo
967 5466 1107 5533 vivo,
1129 5472 1181 5520 et
1209 5481 1351 5522 vero.
1387 5465 1518 5522 Ideo
1549 5467 1968 5542 otl‘erunt,quia
2075 5469 2275 5524 coetum
2303 5467 2373 5522 ad
2411 5475 2460 5524 te
2490 5471 2638 5523 Dnm
2689 5472 2903 5526 Patrem
2949 5483 3114 5524 suum
3157 5471 3604 5545 omnipotentem,
3635 5467 3735 5525 tibi

317 5555 444 5638 vivo
475 5561 532 5618 et
549 5571 684 5618 vero
701 5553 816 5641 Deo
847 5552 1112 5640 omnium
1143 5551 1288 5638 ﬁdes
1309 5553 1814 5637 circumstantium
1837 5556 1970 5618 olfe-

2076 5559 2283 5637 gratias
2332 5573 2497 5632 agens
2548 5556 2846 5635 benedixit,
2869 5557 3056 5635 fregit,
3087 5556 3236 5616 dedit
3282 5555 3576 5640 discipulis
3617 5555 3730 5620 ειιιὶι
