3868 6204
341 318 492 384 1171

1125 315 1461 381 ΑΡΡΕΝΙ).
1507 316 1610 380 AD
1655 316 1844 380 S/EC.
1888 314 1962 378 X.
1994 348 2073 360 —
2101 311 2595 380 MONUMENTA
2642 315 2652 374 1

1428 327 1461 378 ι.
1507 316 1610 380 AD
1655 316 1844 380 S/EC.
1888 314 1962 378 X.
1994 348 2073 360 —
2101 311 2595 380 MONUMENTA
2642 314 2955 379 LITUBG.

3627 309 3694 373 Η
3706 311 3770 371 73

338 457 629 513 nostrum.
660 452 825 511 Nobis
855 470 1062 527 quoque
1086 456 1475 527 pecca'oribus,
1505 453 1736 524 famulis
1788 452 1897 507 tuis
1925 450 1989 507 de
2017 450 2070 518 Α
2098 466 2164 506 eo
2195 450 2349 523 quod
2382 450 2631 523 pedibus
2670 450 2896 505 teritur.
2943 451 3161 505 Panem
3212 455 3483 504 nostrum
3530 446 3770 503 cottidia—

295 588 304 596 .
336 544 700 600 multitudine
726 546 1145 599 miserationum
1166 551 1385 598 tuarum
1404 543 1751 615 sperantibus
1776 550 1988 613 partem

337 635 585 705 aliquam
612 634 695 688 vel
723 636 1031 689 societatem
1061 633 1265 689 donare
1293 632 1538 701 digneris
1568 648 1691 685 cum
1722 633 1829 686 tuis
1858 647 1985 685 san-

337 724 433 778 ctis
464 722 748 794 Apostolis,
781 730 830 777 et
876 721 1228 793 Martyribus,
1278 720 1366 776 vel
1416 719 1690 774 omnibus
1739 718 1982 774 Sanctis.

337 811 467 867 Haec
500 811 697 866 omnia
727 810 1010 865 sacriﬁcia
1040 809 1168 865 ideo
1200 814 1340 865 sunt
1369 810 1571 864 otl‘erta
1596 812 1714 864 tam
1739 826 1772 863 a
1795 809 1989 863 Sacer-

337 900 490 967 dote,
524 916 698 971 quam
733 916 765 953 a
796 897 1030 971 populo,
1065 902 1131 953 ut
1159 897 1531 969 omnipotens
1562 897 1713 952 Deus
1752 900 1989 969 peccata

338 982 538 1045 nostra
568 1006 684 1043 non
711 991 956 1060 reputet,
991 988 1089 1042 sed
1123 1004 1257 1043 cum
1288 986 1506 1042 sanctis
1526 986 1651 1041 suis
1671 987 1839 1042 nobis
1860 1003 1988 1058 por-

336 1072 555 1133 tionem
604 1076 840 1132 tribuat.
882 1076 1035 1131 lntra
1083 1094 1313 1148 quorum
1360 1092 1457 1132 nos
1502 1078 1833 1132 consortium
1878 1092 1987 1130 non

337 1169 641 1224 aestimator
679 1167 884 1234 meriti,
916 1165 1009 1220 sed
1040 1168 1233 1231 veniae,
1266 1182 1593 1237 quar'sumus,
1623 1166 1861 1239 largitor
1890 1164 1992 1219 ad-

338 1258 509 1311 mitte.
542 1256 660 1311 Hoc
689 1271 987 1328 rogamus,
1021 1259 1085 1309 ut
1124 1255 1249 1325 ipse
1297 1254 1441 1309 dixit
1471 1271 1484 1309 :
1523 1257 1584 1309 In
1636 1270 1987 1326 quacunque

339 1344 431 1401 die
462 1347 729 1417 peccator
757 1337 1070 1400 coni'ersus
1090 1338 1345 1408 t‘uerit,et
1364 1343 1763 1415 paenitentiam
1783 1343 1984 1415 egerit,

339 1433 537 1490 omnia
566 1437 805 1505 peccata
833 1433 961 1503 ejus
992 1432 1050 1487 in
1082 1431 1369 1487 oblivione
1414 1438 1587 1487 erunt
1634 1450 1827 1488 coram
1870 1450 1982 1487 me.

336 1522 465 1578 Non
496 1522 936 1578 retributionem
967 1526 1336 1592 peccatorum
1368 1521 1739 1588 :estimet,scd
1765 1523 1888 1594 ipse
1911 1522 1989 1578 sit

334 1612 515 1667 venias
546 1610 807 1683 largitor,
838 1614 895 1665 et
922 1610 1077 1665 intra
1125 1614 1460 1666 sanctorum
1510 1611 1847 1667 societatem
1879 1629 1985 1667 nos

339 1699 535 1755 mittat
560 1716 660 1771 per
696 1700 973 1754 Christum
1021 1699 1313 1754 Dominum
1358 1708 1622 1755 nostrum.
1656 1705 1762 1756 Per
1810 1717 1984 1773 quem

338 1788 536 1846 omnia
563 1788 685 1843 haec
716 1788 869 1843 dona
893 1786 989 1843 ille
1028 1788 1263 1886 creavit,
1293 1786 1389 1843 ille
1437 1788 1759 1845 sanctificat
1801 1793 1857 1844 et
1886 1791 1983 1844 be-
2016 1822 2063 1886 Β

339 1878 654 1944 nedicat,et
684 1881 917 1949 praestet
945 1876 1206 1946 nobis,ut
1234 1893 1337 1948 per
1366 1877 1792 1949 Christum,per
1811 1895 1984 1950 quem

341 1967 493 2023 facta
516 1970 653 2021 sunt
684 1966 901 2036 omnia,
934 1970 991 2021 et
1018 1966 1077 2020 in
1109 1964 1361 2032 Christo,
1393 1965 1453 2021 in
1483 1982 1599 2038 quo
1649 1968 1800 2022 facta
1849 1971 1988 2022 sunt

340 2055 559 2123 omnia,
592 2058 650 2110 et
680 2072 814 2110 cum
849 2071 963 2127 quo
996 2055 1149 2110 facta
1174 2059 1313 2109 sunt
1342 2055 1558 2124 omnia,
1594 2055 1732 2129 quia
1762 2060 1988 2111 coaeter-

340 2162 453 2200 nus
482 2148 571 2200 est
593 2143 770 2210 Patri,
804 2160 1036 2216 semper
1082 2143 1301 2216 gratias
1351 2143 1673 2199 referamus
1705 2144 1859 2199 Patri
1888 2162 1988 2217 per

342 2236 529 2289 omnia
554 2234 760 2291 arcula
783 2233 1132 2289 saeculorum.
1166 2233 1353 2287 Amen.

410 2324 707 2393 Praeceptis
760 2322 1099 2377 salutaribus
1150 2323 1365 2377 mon-ili.
1395 2321 1609 2377 Christi
1660 2322 1984 2395 przeceptis,

340 2427 469 2483 qua
498 2409 684 2466 salute
714 2413 853 2464 sunt
882 2409 1072 2481 plena,
1106 2409 1245 2481 quia
1276 2409 1400 2481 ipse
1431 2416 1519 2466 est
1566 2411 1727 2467 salus
1775 2416 1989 2467 aeterna

340 2515 550 2555 sumus
578 2497 902 2564 ammoniti,
940 2501 996 2552 et
1016 2498 1194 2568 jussi,
1225 2507 1274 2553 et
1296 2499 1484 2554 divina
1512 2500 1855 2557 institutione
1880 2504 1989 2573 for-

338 2589 500 2655 mati,
525 2586 580 2640 id
609 2590 698 2641 est
729 2586 975 2641 formam
1000 2590 1057 2641 et
1078 2587 1406 2659 exemplum
1439 2605 1473 2642 a
1492 2588 1718 2644 Christo
1742 2590 1987 2646 Domino

340 2678 540 2731 nostro
573 2673 926 2746 accepimus,
956 2678 1013 2731 et
1042 2675 1169 2731 ausi
1214 2693 1422 2731 sumus
1469 2693 1653 2745 orare,
1689 2678 1841 2733 sicut
1891 2678 1988 2735 ille

338 2763 536 2820 docuit
557 2761 876 2836 discipulos
908 2768 1133 2831 suos,et
1156 2764 1380 2820 Patrem
1404 2769 1670 2822 nostrum
1692 2767 1987 2823 credimus

337 2851 399 2909 in
432 2851 593 2908 caelis
638 2868 785 2921 esse,
811 2852 913 2924 qui
964 2870 1070 2908 nos
1120 2854 1353 2921 creavit,
1387 2858 1446 2910 et
1494 2854 1745 2912 dicimus
1779 2872 1791 2910 :
1824 2858 1991 2914 Pater

337 2949 540 3013 noster,
572 2943 669 3013 qui
695 2958 749 2997 es
780 2942 839 2997 in
865 2942 1034 2997 caelis.
1067 2942 1337 2998 Christus
1367 2942 1511 2998 dixit
1536 2948 1667 3016 post
1697 2961 1988 3001 resurrec-

336 3029 558 3086 tionem
590 3046 760 3085 suam
791 3031 1043 3087 ascendo
1074 3032 1143 3087 ad
1178 3031 1403 3087 Patrem
1443 3049 1640 3089 meum
1672 3037 1728 3089 et
1758 3034 1987 3091 Patrem

336 3122 621 3176 vestrum.
652 3118 833 3175 Aliter
864 3119 1009 3175 dixit
1053 3121 1281 3177 Patrem
1335 3139 1532 3189 suum,
1565 3121 1732 3178 aliter
1760 3122 1987 3180 Patrem

2093 556 2229 593 num
2257 539 2327 594 da
2356 540 2511 594 nobis
2536 539 2712 595 hodie.
2747 538 2920 595 Panis
2968 538 3130 611 apud
3180 537 3415 594 Grecos
3468 537 3528 590 in
3577 544 3771 593 nostra

2093 627 2296 700 lingua
2324 626 2517 683 omnis
2548 628 2983 699 interpretatur,
3018 631 3075 681 et
3107 644 3221 682 nos
3255 643 3532 693 oramus,
3564 630 3637 680 ut
3668 644 3775 680 on}

2094 716 2366 788 nipotens
2394 716 2561 771 Pater
2585 732 2820 771 omnem
2850 718 3070 771 victum
3104 714 3451 787 spiritalem
3488 731 3553 769 ac
3577 732 3773 769 carna-

2094 804 2206 859 lem
2240 805 2409 860 nobis
2434 804 2634 877 largiri
2666 805 2940 877 dignetur
2967 806 3127 859 omni
3161 804 3541 876 tempore.Et
3559 804 3775 859 dimitte

2093 896 2251 949 nobis
2279 895 2455 949 debita
2486 902 2692 961 nostra,
2723 897 2863 949 sicut
2891 901 2943 949 et
2970 911 3068 949 nos
3110 893 3463 949 dimittimus
3514 892 3774 949 debitori-

2097 983 2194 1038 bus
2224 982 2602 1039 nostris.Nihil
2636 982 2792 1040 enim
2824 982 3043 1054 injuste
3073 981 3350 1054 facit,qui
3386 982 3507 1037 sibi
3540 982 3771 1037 debenti

2095 1071 2355 1127 debitum
2389 1072 2648 1142 requirit.
2683 1071 2889 1127 Nullus
2914 1071 3041 1127 sine
3071 1072 3272 1127 debito
3304 1072 3682 1127 invenietur.
3717 1072 3772 1126 Et

2096 1158 2224 1217 ideo
2256 1162 2539 1217 debemus
2569 1161 2931 1216 debitoribus
2964 1159 3184 1217 nostris
3215 1161 3424 1216 debita
3447 1161 3770 1219 dimittere.

2096 1254 2163 1305 ut
2194 1248 2360 1305 nobis
2418 1250 2790 1322 omnipotens
2844 1254 3046 1305 nostra
3106 1249 3395 1316 dimittat,
3450 1251 3606 1322 quia
3657 1250 3772 1322 ipse

2094 1338 2241 1393 dixit
2272 1355 2285 1393 :
2320 1338 2381 1394 Si
2406 1356 2513 1394 non.
2545 1340 2864 1394 remiserilis
2902 1341 3283 1411 unusquisque
3328 1342 3523 1410 fratri
3571 1357 3673 1394 suo
3718 1342 3772 1395 de

2093 1428 2343 1485 cordibus
2374 1430 2691 1492 vestris,nec
2715 1430 2879 1483 Pater
2908 1436 3079 1482 uester
3114 1429 3351 1483 cazlestis
3403 1432 3661 1484 remittet
3687 1447 3771 1483 no-

2094 1519 2177 1573 bis
2202 1522 2421 1589 peccata
2452 1526 2646 1585 vestra,
2680 1519 2735 1570 et
2766 1516 2902 1571 alibi
2929 1530 2944 1570 :
2977 1518 3329 1589 Auferentur
3358 1518 3431 1571 de
3462 1535 3641 1588 regno
3665 1520 3771 1590 ejus

2093 1609 2281 1673 omnia
2309 1606 2587 1662 scandala.
2618 1606 2689 1661 Et
2720 1606 2933 1660 iterum
2966 1623 2979 1660 :
3012 1606 3390 1662 Sacriﬁcium
3445 1623 3573 1663 non
3634 1610 3771 1663 reci-

2094 1698 2271 1768 pitur,
2300 1695 2347 1750 si
2408 1713 2541 1751 cum
2601 1694 2878 1750 seandalo
2926 1696 3184 1761 offertur,
3238 1695 3346 1752 sed
3400 1702 3547 1751 ante
3597 1698 3769 1753 altam

2094 1784 2308 1840 dimitti
2332 1785 2787 1855 jubetur,usque
2817 1783 2960 1839 dum
2992 1784 3416 1840 reconcilietur
3448 1786 3620 1841 fratri
3644 1805 3766 1853 suo,

2093 1878 2150 1929 et
2179 1877 2319 1927 tunc
2349 1872 2540 1928 oii‘erri
2574 1873 2795 1928 mundo
2833 1873 3024 1928 corde.
3057 1876 3121 1928 Et
3169 1890 3242 1929 ne
3288 1891 3395 1930 nos
3450 1877 3683 1931 inducas
3714 1879 3765 1931 is

2094 1964 2520 2034 temptationem,
2540 1962 2650 2017 hoc
2681 1964 2868 2025 est,ne
2889 1961 3175 2018 intremus
3216 1962 3277 2017 in
3310 1960 3761 2036 temptationem

2093 2051 2344 2117 illam,in
2375 2067 2494 2122 qua
2524 2050 2792 2105 diabolus
2826 2067 2930 2107 nos
2963 2054 3226 2131 temptat,
3261 2056 3320 2107 et
3352 2053 3410 2107 ei
3437 2055 3761 2111 consentia-

2095 2141 2357 2207 mus,sed
2391 2139 2673 2195 Dominus
2704 2157 2812 2195 nos
2841 2140 2967 2212 ipse
2998 2141 3383 2209 defendat,ne
3413 2143 3763 2199 inducamur

2094 2229 2153 2284 in
2185 2230 2628 2302 temptationem
2661 2228 3030 2285 diabolicam.
3064 2229 3211 2293 Quia
3236 2230 3287 2286 si
3322 2231 3490 2287 Deus
3547 2251 3653 2289 nos
3683 2234 3759 2287 di-

2096 2318 2298 2386 mittit,
2332 2318 2531 2374 statim
2561 2317 2994 2374 introducimur
3021 2318 3083 2373 in
3110 2318 3402 2391 laqueum
3436 2321 3684 2389 diaboli,
3714 2328 3761 2377 et

2095 2408 2224 2463 ideo
2250 2406 2641 2479 postulamus,
2673 2411 2739 2462 ut
2768 2406 2893 2479 ipse
2925 2425 3030 2463 nos
3060 2406 3267 2463 liberet
3291 2426 3326 2464 a
3353 2412 3665 2475 malo,hoc
3683 2417 3761 2466 est

2096 2497 2168 2552 ab
2200 2496 2355 2552 omni
2389 2495 2831 2568 impugnatione
2879 2495 3185 2552 diabolica.
3223 2498 3427 2554 Libera
3471 2517 3593 2567 nos,
3624 2517 3764 2572 qum-

2094 2602 2299 2651 sumus,
2334 2586 2402 2640 ab
2442 2586 2691 2641 omnibus
2738 2586 2901 2641 malis
2943 2589 3265 2658 praeteritis,
3295 2592 3693 2659 prwsentibus,
3720 2599 3763 2646 et

2094 2673 2441 2747 futuris,hoc
2465 2678 2572 2741 est,
2592 2674 3055 2746 postulamus,ut
3076 2675 3203 2747 ipse
3232 2693 3343 2731 nos
3376 2678 3453 2732 ab
3485 2680 3761 2735 omnibus

2096 2762 2269 2819 malis
2298 2762 2521 2830 liberet,
2556 2762 2654 2834 qui
2689 2780 2795 2818 nos
2825 2764 3010 2844 bonos
3041 2770 3099 2819 et
3129 2766 3390 2820 mundos
3425 2768 3673 2833 creavit,
3706 2768 3758 2821 in

2098 2869 2213 2923 quo
2248 2849 2477 2907 nullum
2509 2857 2598 2907 est
2638 2851 2881 2907 malum.
2916 2852 3211 2908 Prseterita
3259 2860 3426 2923 sunt,
3462 2873 3595 2927 qua:
3638 2859 3756 2928 jam

2097 2942 2230 2995 ante
2260 2941 2566 3010 peccantes
2596 2939 3025 3006 commisimus,
3058 2943 3116 2995 et
3146 2939 3277 2995 ideo
3324 2941 3565 3014 ﬂagella
3591 2945 3757 2999 susti-

2098 3044 2327 3083 nemus.
2362 3027 2674 3082 Praasentia
2705 3032 2861 3094 sunt,
2888 3045 3013 3100 qua:
3036 3028 3271 3084 cottidie
3302 3032 3753 3088 committimus.

2101 3118 2317 3171 Futura
2347 3119 2507 3182 sunt,
2540 3133 2663 3187 qua:
2690 3116 2879 3171 adhuc
2901 3116 3135 3173 diabolo
3167 3119 3457 3175 suadente
3486 3121 3757 3177 advenire

339 3212 629 3264 nostrum.
664 3207 892 3264 Patrem
923 3226 1118 3277 suum,
1152 3210 1293 3281 quia
1330 3210 1602 3284 prOprius
1650 3211 1862 3280 Filius;
1898 3212 1989 3267 Fi-
2020 3186 2062 3254 Ο
2100 3209 2366 3277 possunt.
2398 3206 2467 3260 Et
2497 3204 2625 3260 ideo
2655 3209 2984 3270 oramus,ut
3004 3206 3075 3261 ab
3099 3207 3380 3264 omnibus
3413 3208 3751 3276 liberemur,

342 3295 458 3353 lius
507 3288 595 3352 est
643 3296 829 3353 Patris
876 3314 945 3353 ex
991 3298 1320 3355 substantia
1368 3299 1554 3354 Patris
1603 3303 1735 3355 ante
1790 3300 1989 3357 omnia

343 3388 612 3458 tempora
640 3385 872 3459 genitus
904 3387 1057 3443 Patri
1087 3392 1428 3444 cozeternus.
1462 3389 1629 3445 Pater
1675 3394 1872 3445 noster
1898 3394 1988 3446 est

343 3472 493 3542 ideo,
530 3473 668 3546 quia
693 3491 798 3530 nos
829 3475 1042 3530 creavit
1070 3474 1129 3529 in
1160 3480 1440 3548 tempore,
1473 3480 1529 3531 ct
1577 3492 1684 3532 nos
1730 3476 1859 3531 Filii
1887 3494 1985 3532 su-

342 3578 477 3617 mus
509 3563 598 3616 sui
635 3562 907 3636 adoptivi,
941 3568 997 3619 et
1027 3563 1411 3620 hereditatem
1462 3563 1752 3627 ccelestem
1798 3566 1985 3621 Patris

340 3651 525 3706 nostri
557 3650 809 3708 ccelestis
838 3652 1135 3725 possidere
1165 3654 1469 3721 debemus,
1500 3653 1549 3709 si
1578 3653 1851 3727 operibus
1883 3655 1986 3710 im-

338 3738 591 3810 plemus,
625 3756 750 3810 quae
796 3741 1163 3812 perceptione
1210 3743 1343 3797 fidei
1394 3743 1836 3814 spopondimus.
1871 3746 1987 3799 Cm-

336 3824 460 3880 lum
493 3844 527 3879 a
557 3826 796 3882 celando
827 3829 1131 3895 dicitur,co
1164 3832 1314 3902 quod
1350 3831 1498 3886 celat
1519 3832 1717 3886 divina
1737 3837 1980 3888 secreta.

331 3912 517 3968 Aliter
546 3913 756 3969 ccelum
778 3933 812 3969 a
833 3915 1180 3972 celsitudine
1200 3918 1507 3986 dicitur,eo
1528 3920 1683 3991 quod
1706 3920 1883 3976 altius
1904 3921 1983 3977 sit

333 4001 509 4057 rebus
540 4002 805 4059 terrenis.
839 4004 955 4060 Nos
987 4010 1183 4061 autem
1225 4006 1352 4061 ideo
1401 4007 1653 4063 dicimus
1684 4010 1851 4065 Pater
1879 4027 1980 4066 no-

330 4092 452 4145 ster
480 4089 581 4162 qui
613 4107 674 4145 es
719 4089 779 4146 in
833 4092 1013 4159 cmlis,
1050 4098 1116 4148 ut
1162 4096 1395 4151 credere
1445 4112 1552 4151 nos
1599 4099 1980 4155 ostendamus

327 4181 559 4234 Patrem
591 4178 917 4247 caelestem;
953 4183 1022 4237 Et
1070 4182 1221 4238 sicut
1274 4183 1399 4240 Filii
1454 4190 1741 4257 prmcepta
1791 4188 1979 4244 Patris

328 4267 421 4323 sui
452 4266 713 4340 implere,
738 4274 797 4326 et
817 4271 889 4325 ad
921 4270 1130 4326 coelum
1163 4288 1394 4346 semper
1424 4274 1659 4329 tendere
1688 4274 1975 4331 desidere—

327 4372 481 4412 mus.
514 4360 896 4431 Sanctiﬁcetur
924 4376 1119 4416 nomen
1157 4368 1331 4426 tuum,
1364 4361 1471 4417 hoc
1518 4366 1625 4427 est,
1654 4367 1719 4418 ut
1752 4380 1856 4418 nos
1887 4363 1976 4418 di-

325 4444 426 4517 gni
458 4445 644 4501 simus
676 4465 889 4503 nomen
921 4453 1191 4504 sanctum
1223 4451 1350 4521 ejus
1384 4454 1579 4506 tenere
1610 4451 1669 4506 in
1700 4451 1974 4507 cordibus

2098 3294 2237 3366 quia
2270 3298 2405 3350 ante
2436 3297 2813 3366 conspectum
2838 3294 2937 3350 Dei
2962 3294 3125 3350 nulla
3154 3300 3298 3352 sunt
3326 3300 3753 3370 praeteritamec

2096 3384 2316 3452 futura,
2350 3384 2448 3439 sed
2478 3382 2677 3438 omnia
2715 3388 2856 3439 sunt
2901 3384 3227 3455 prazsentia.
3264 3388 3638 3445 Inter-cedente.
3662 3407 3756 3462 pro

2093 3474 2253 3528 nobis
2285 3473 2436 3528 beata
2463 3480 2515 3528 et
2538 3472 2773 3541 gloriosa
2811 3489 3022 3545 semper
3073 3476 3294 3543 Virgine
3344 3477 3446 3532 Dei
3490 3481 3755 3546 genitrire

2094 3561 2286 3629 Maria,
2314 3565 2365 3616 et
2415 3561 2586 3617 beatis
2634 3561 2899 3633 Apostolis
2956 3564 3067 3618 tuis
3117 3568 3298 3628 Petro,
3350 3574 3401 3620 et
3444 3568 3648 3633 Paulo,
3676 3576 3749 3622 at-

2094 3666 2196 3722 que
2224 3650 2458 3705 Andrea.
2490 3650 2835 3706 Invocamus
2867 3651 3036 3707 nobis
3072 3652 3130 3706 in
3165 3653 3530 3724 adjutorium
3580 3673 3745 3728 gene-

2091 3738 2294 3794 tricem
2326 3739 2448 3805 Dei,
2482 3757 2609 3811 qua:
2648 3740 2812 3812 virgo
2861 3739 2988 3803 fuit,
3021 3745 3155 3795 ante
3204 3748 3463 3813 partum,
3494 3745 3666 3817 virgo
3694 3744 3748 3798 in

2092 3832 2283 3898 partu,
2318 3828 2478 3899 virgo
2508 3832 2640 3900 post
2680 3833 2935 3901 partum,
2967 3834 3024 3884 et
3054 3830 3254 3885 beatos
3282 3830 3623 3903 Apostolos,
3656 3834 3746 3905 qui

2091 3916 2261 3971 nobis
2290 3916 2411 3971 hazc
2443 3918 2720 3990 mysteria
2750 3916 3096 3974 celebranda
3140 3919 3534 3986 tradiderunt,
3568 3927 3636 3976 ut
3664 3922 3745 3976 in-

2088 4006 2386 4061 tercedant
2417 4021 2520 4077 pro
2553 4005 2743 4072 nobis,
2770 4005 2909 4078 quia
2930 4024 3036 4062 nos
3058 4007 3171 4079 ipsi
3194 4007 3355 4081 digni
3387 4026 3509 4064 non
3541 4026 3747 4065 sumus

2090 4095 2160 4150 de
2188 4094 2495 4166 praeteritis
2526 4111 2592 4149 ac
2623 4096 3009 4166 praesentibus
3032 4097 3263 4152 veniam
3289 4100 3743 4168 promereri,ner:

2088 4183 2159 4237 de
2193 4182 2409 4237 futuris
2434 4182 2741 4250 cautelam,
2777 4182 2889 4237 nisi
2922 4184 3092 4239 nobis
3120 4201 3324 4240 eorum
3377 4186 3742 4242 orationibus

2087 4270 2491 4326 donetur.Jam
2525 4272 2914 4337 oravimus,ut
2944 4271 3264 4328 liberemur
3290 4291 3324 4328 a
3357 4273 3553 4337 malis,
3590 4294 3741 4331 nunc

2091 4376 2352 4423 oramus,
2384 4364 2448 4414 ut
2480 4360 2773 4432 praedictis
2804 4360 3025 4416 sanctis
3065 4360 3592 4419 intervenientibus
3626 4365 3742 4437 ipse

2085 4448 2262 4503 donet
2291 4464 2491 4520 pacem
2525 4447 2813 4520 propitius
2846 4448 2904 4503 in
2931 4449 3137 4505 diebus
3161 4452 3511 4524 nostris,qui
3535 4461 3738 4525 potens

326 4535 563 4602 nostris,
599 4539 663 4617 ut
693 4536 844 4592 sicut
890 4537 1081 4610 angeli
1131 4540 1338 4605 sancti,
1368 4540 1467 4612 qui
1516 4541 1575 4595 in
1625 4540 1766 4595 caelo
1814 4544 1971 4607 sunt,
2007 4556 2053 4620 Ι)
2085 4540 2173 4590 est
2202 4553 2235 4591 a
2261 4536 2415 4591 malo
2447 4534 2925 4594 liberare.Pacem
2954 4555 2989 4593 a
3017 4538 3400 4611 temptatione
3430 4542 3648 4597 diaboli
3673 4560 3735 4596 ne

326 4624 519 4679 sciunt
549 4628 605 4679 et
635 4612 973 4699 intelligunt
994 4626 1364 4683 sanctitatem
1389 4629 1642 4684 nominis
1663 4628 1899 4700 ejus,ita
1919 4635 1976 4684 et

324 4729 452 4780 nos,
475 4712 575 4784 qui
599 4712 658 4768 in
690 4718 842 4770 terra
871 4732 1078 4771 sumus
1108 4716 1235 4787 ipso
1266 4717 1578 4788 adjuvante
1600 4716 1968 4773 sanctitatem

323 4801 451 4870 ejus
483 4818 815 4858 mereamur
836 4806 1177 4877 agnoscere,
1215 4809 1280 4859 ut
1312 4804 1464 4860 sicut
1498 4804 1555 4860 in
1606 4805 1770 4872 cmlo,
1806 4804 1887 4861 ita
1916 4809 1972 4861 ct

326 4885 384 4941 in
411 4892 565 4944 terra
595 4891 672 4946 sit
701 4910 912 4949 nomen
944 4894 1071 4966 ejus
1104 4893 1556 4949 sanctificatum.
1592 4894 1854 4950 Adveniet
1894 4910 1971 4950 re-

320 4992 493 5044 gnum
521 4985 692 5047 tuum,
725 4980 833 5037 hoc
863 4986 970 5050 est,
1005 4986 1067 5037 ut
1099 5000 1205 5038 nos
1231 4999 1476 5055 regnum
1526 4984 1653 5054 ejus
1682 4987 1739 5037 et
1765 4988 1967 5056 poten-

320 5061 462 5118 tiam
489 5065 618 5135 ejus
649 5083 980 5126 mereamur
1007 5088 1372 5145 cognoscere,
1404 5077 1461 5127 et
1492 5075 1557 5127 ut
1574 5072 1698 5143 jam
1733 5076 1970 5144 propter

320 5156 521 5207 nostra
549 5162 785 5224 peccata
813 5159 1081 5215 diabolus
1111 5179 1223 5216 non
1258 5165 1460 5235 regnet
1501 5177 1678 5233 super
1706 5178 1833 5228 nos,
1867 5161 1968 5217 sed

319 5240 508 5313 ipsius
534 5257 776 5314 regnum
802 5247 1245 5315 adveniat,sicut
1265 5250 1323 5305 in
1353 5249 1661 5322 Evangelio
1684 5249 1966 5321 scriptum

318 5334 408 5387 est
441 5348 454 5399 ;
490 5346 735 5402 regnum
763 5332 864 5387 Dei
899 5334 1052 5388 intra
1076 5353 1178 5390 vos
1210 5342 1315 5392 est.
1349 5341 1473 5394 Fiat
1495 5340 1742 5394 voluntas
1775 5342 1871 5393 tua
1899 5341 1971 5393 si-

317 5424 408 5475 cut
441 5421 501 5475 in
530 5420 662 5475 coelo
691 5427 741 5474 et
770 5422 827 5475 in
862 5430 1027 5491 terra,
1062 5424 1170 5479 hoc
1201 5431 1307 5493 est,
1341 5432 1405 5482 ut
1435 5429 1562 5499 ejus
1610 5427 1965 5483 voluntatem

319 5507 470 5563 sicut
501 5508 606 5574 illi,
643 5508 741 5580 qui
778 5509 835 5564 in
868 5511 1010 5566 cmlo
1048 5517 1204 5580 sunt,
1240 5514 1480 5581 faciunt,
1516 5517 1595 5571 ita
1626 5520 1681 5571 ct
1714 5534 1839 5579 nos,
1869 5516 1967 5588 qui

315 5595 373 5651 in
425 5602 577 5653 terra
627 5614 835 5655 sumus
864 5600 1169 5657 faciamus.
1194 5603 1370 5658 Terra
1402 5622 1433 5658 a
1464 5606 1701 5661 terendo
1732 5605 1965 5671 dicitur,

2084 4625 2437 4680 inducamur
2464 4625 2523 4679 in
2556 4642 2705 4680 eam.
2740 4625 2944 4681 Pacem
2978 4644 3011 4680 a
3042 4625 3214 4682 malis
3267 4627 3638 4694 hominibus,
3670 4648 3738 4686 ne

2081 4712 2376 4785 patiamur
2406 4712 2635 4786 ﬂagella
2671 4731 2897 4779 eorum,
2929 4719 3128 4787 utpote
3178 4715 3601 4773 misericordiae
3633 4712 3737 4775 tua

2081 4801 2401 4873 adjuti,hoc
2429 4806 2605 4867 cst,ut
2634 4801 2736 4858 Dei
2768 4803 3058 4874 adjutorio
3090 4805 3313 4876 adjuti;
3341 4822 3377 4860 a
3406 4814 3650 4878 peccato
3671 4809 3739 4863 si-

2080 4908 2213 4946 mus
2243 4908 2475 4963 semper
2504 4890 2757 4957 liberi,et
2777 4892 2848 4947 ab
2870 4892 3029 4948 omni
3053 4894 3494 4965 perturbatione
3528 4897 3733 4959 securi,

2079 4978 2188 5035 hoc
2220 4984 2326 5046 est,
2361 4984 2425 5034 ut
2465 4980 2717 5052 peccatis
2768 4981 2982 5037 nostris
3033 4982 3318 5047 dimissis,
3352 4982 3415 5038 in
3464 4985 3732 5056 praesenti

2078 5066 2288 5123 saeculo
2319 5084 2390 5123 ne
2421 5068 2832 5140 perturbemur
2861 5068 3072 5126 iterum
3106 5073 3627 5143 precantes,necin
3647 5075 3732 5129 die

2069 5155 2278 5227 judicii
2310 5162 2583 5212 aeternam
2603 5158 2896 5229 patiamur
2919 5159 3423 5231 perturbationem
3447 5179 3557 5233 per
3576 5163 3731 5219 Chri-

2078 5249 2235 5301 stum
2268 5244 2577 5301 Dominum
2612 5252 3031 5304 nostrum.Pa.r
3056 5250 3277 5303 Domini
3300 5252 3375 5305 sit
3406 5267 3621 5322 semper
3650 5268 3728 5307 ro-

2080 5332 2579 5390 biscum.Christus
2609 5340 2697 5389 est
2726 5352 2833 5407 pax
2863 5341 3094 5403 aeterna,
3120 5337 3217 5407 qui
3252 5355 3360 5393 nos
3392 5340 3729 5396 reconcilia-

2076 5422 2159 5478 vit
2188 5422 2340 5478 Patri
2377 5440 2478 5494 per
2508 5423 2837 5495 passionem
2871 5441 3141 5491 suam,ne
3164 5429 3406 5498 propter
3427 5434 3724 5501 peccatum

2080 5511 2253 5584 primi
2295 5512 2554 5569 hominis
2606 5512 2663 5566 in
2712 5513 2937 5569 inferno
2986 5514 3407 5571 detineremur.
3444 5517 3565 5574 Hoc
3612 5520 3727 5574 orat

2078 5600 2381 5670 Sacerdos,
2414 5605 2477 5656 ut
2511 5600 2609 5657 illa
2659 5619 2769 5674 pax
2817 5617 2951 5658 cum
3010 5603 3225 5675 populo
3284 5613 3650 5678 permaneat,
3677 5610 3725 5663 et
