3868 6204
86 331 233 398 1481

1238 332 1654 396 EXPOSITIO
1676 326 1956 394 ’ΞΠΡΕῆ
2008 331 2328 398 MISSAM.

3333 340 3486 404 “82

85 466 251 542 panis
282 483 350 524 ex
372 464 576 525 multis
596 465 903 524 conﬁcitur
921 466 1424 541 granis,etvinum
1444 485 1511 524 ex
1526 452 1730 523 multis
1756 463 1814 532 Α
1844 485 2134 526 memores
2168 468 2328 527 illius
2360 487 2421 527 se
2446 484 2573 527 esse
2604 470 2966 545 profitentur,
2992 471 3291 546 quiaipsis
3339 472 3488 531 cele-

87 573 331 615 uvarum
387 557 635 613 racemis
683 557 1045 629 exprimitur,
1079 557 1162 613 sic
1206 561 1263 612 et
1298 556 1572 623 Ecclesia,
1604 574 1732 628 quia

87 652 171 704 est
199 647 422 719 Corpus
449 644 662 702 Christi
693 663 762 701 ex
805 646 1011 702 multis
1042 646 1322 719 gradibus
1353 651 1411 701 et
1439 647 1729 714 aetatibus,

87 740 141 791 et
169 734 455 807 personis,
489 739 545 789 et
574 734 791 807 linguis
820 740 1206 807 congregatur
1232 735 1290 790 in
1322 751 1499 790 unam
1534 735 1729 789 fidem.

87 823 314 881 Eisdem
345 823 560 896 quippe
588 824 850 879 materiis
876 825 1160 880 Dominus
1182 841 1242 880 se
1265 824 1458 895 ipsum
1480 822 1735 878 ostendit

87 912 281 969 dicens
316 930 328 967 :
363 913 482 985 Ego
528 929 661 968 sum
706 912 876 984 panis
908 913 1090 968 vivus.
1126 914 1192 967 Et
1222 912 1375 967 infra
1408 928 1421 966 :
1456 912 1572 984 Ego
1601 929 1733 967 sum

85 1001 215 1057 vitis
243 1018 396 1056 vera.
432 1002 501 1056 Et
545 1000 674 1057 ideo
725 1001 784 1056 in
835 1002 1071 1057 easdem
1122 1000 1418 1071 materias,
1450 1000 1606 1056 unde
1638 1017 1734 1055 cor

88 1088 340 1145 hominis
371 1090 771 1156 conﬁrmatur,
801 1094 859 1146 et
886 1090 1212 1146 laetiﬁcatur
1241 1090 1467 1145 dicente
1489 1088 1733 1146 Psalmi-

89 1184 175 1235 sta
207 1195 219 1234 :
254 1177 426 1251 panis
458 1195 556 1233 cor
581 1177 839 1234 hominis
872 1180 1199 1243 conﬁrmat.
1234 1183 1290 1234 et
1319 1178 1517 1234 vinum
1550 1178 1733 1233 laetiﬁ-

90 1271 194 1322 cat.
218 1266 442 1338 Corpus
463 1283 638 1322 suum
661 1266 945 1321 Dominus
967 1266 1421 1338 transtiguravit,
1440 1271 1503 1322 ut
1523 1284 1734 1339 quam-

89 1356 184 1410 diu
218 1354 360 1409 illud
390 1354 898 1426 adsumpserimus
931 1354 1065 1420 laeti,
1099 1360 1155 1410 et
1187 1355 1338 1410 ﬁrmi
1370 1373 1733 1423 maneamus,

90 1449 144 1499 et
167 1443 289 1516 ipse
323 1443 382 1498 in
417 1444 607 1511 nobis,
640 1443 767 1515 ipso
817 1444 1191 1515 promittente
1223 1461 1236 1499 :
1273 1445 1373 1517 qui
1421 1446 1739 1500 manducat

90 1548 320 1588 carnem
355 1548 566 1601 meam,
600 1537 657 1587 et
684 1532 832 1587 bibit
885 1534 1234 1605 sanguinem
1285 1551 1481 1589 meum
1532 1534 1590 1589 in
1643 1552 1736 1591 me

89 1624 303 1692 manet,
337 1625 396 1676 et
426 1638 531 1692 ego
563 1621 622 1675 in
673 1637 758 1676 eo.
791 1619 1224 1678 Dilectissimus
1270 1623 1449 1679 Filius
1499 1622 1733 1689 dicitur,

89 1709 240 1781 quia,
275 1709 548 1781 quamvis
577 1707 748 1765 multi
788 1714 927 1765 sunt
976 1710 1123 1777 Filii,
1154 1712 1341 1783 gratia
1372 1717 1586 1780 tamen,
1620 1730 1736 1768 non

89 1803 314 1854 natura.
352 1798 466 1853 Iste
496 1797 657 1897 solus
690 1798 1034 1900 naturaliter
1062 1804 1152 1855 est
1186 1800 1367 1856 Filius
1400 1801 1566 1856 Patre
1596 1806 1738 1858 atte-
1766 1836 1814 1900 B
1844 1797 2009 1899 ἀξιείε,

91 1889 294 1952 stante,
328 1886 430 1958 qui
463 1884 605 1941 dicit
636 1903 650 1941 :
689 1886 785 1941 llic
811 1891 900 1941 est
932 1885 1111 1942 Filius
1161 1906 1327 1944 meus
1373 1888 1641 1957 dilectus,
1675 1890 1734 1946 in

91 1991 201 2046 quo
258 1974 409 2029 mihi
467 1975 614 2031 bene
671 1974 1016 2048 complacui.
1051 1976 1335 2033 Dominus
1388 1980 1561 2048 Deus,
1598 1981 1738 2052 quia

94 2063 247 2122 solus
267 2080 406 2119 cum
430 2064 614 2131 Patre,
640 2069 696 2119 et
718 2064 941 2137 Spiritu
969 2082 1074 2122 san
1115 2071 1171 2123 to
1193 2067 1549 2135 dominatur,
1575 2075 1630 2124 et
1656 2069 1739 2124 di-

91 2153 219 2208 vino
248 2153 414 2207 cultu
445 2152 675 2208 colitur.
709 2152 935 2209 Christe
981 2154 1144 2219 Jesu,
1176 2159 1297 2212 haec
1328 2158 1568 2213 nomina
1598 2163 1738 2214 sunt

28 2295 41 2301 ,
94 2241 291 2304 divinae
323 2241 523 2315 gratim
556 2258 674 2296 suae
704 2259 717 2309 ;
751 2260 935 2297 unum
978 2246 1173 2299 tamen
1222 2244 1526 2313 hebreum,
1560 2248 1617 2303 id
1650 2252 1739 2303 est

92 2332 280 2395 Jesus,
313 2331 469 2402 quod
506 2331 921 2404 interpretatur
951 2332 1231 2389 Salvator.
1268 2334 1428 2390 Unde
1477 2336 1692 2393 dicitur
1721 2354 1732 2391 :

94 2418 321 2477 Salvum
347 2419 519 2475 faciet
542 2419 823 2492 populum
876 2438 1050 2476 suum
1074 2439 1107 2476 a
1128 2422 1379 2493 peccatis
1402 2427 1740 2482 eorum.Al-

94 2513 275 2564 terum
309 2524 572 2581 grecum,
607 2507 665 2563 id
694 2512 801 2575 est,
832 2508 1078 2576 Christe,
1114 2511 1266 2566 unde
1288 2512 1417 2583 jam
1467 2516 1739 2586 superius

96 2597 306 2652 dictum
357 2601 467 2652 est.
494 2596 599 2665 Qui
619 2597 821 2669 pridie,
854 2615 1017 2669 quam
1043 2607 1343 2671 pateretur.
1377 2602 1566 2658 Pridie
1597 2603 1737 2661 dici-

95 2690 206 2750 tur,
237 2685 410 2758 quasi
442 2703 558 2758 prae
592 2684 703 2752 die,
739 2686 798 2740 id
828 2691 936 2754 est,
970 2692 1102 2743 ante
1133 2689 1310 2759 diem,
1336 2707 1451 2762 qua
1482 2708 1584 2763 per
1616 2710 1742 2765 pas-

96 2774 308 2831 sionem
371 2774 751 2830 occideretur.
801 2776 1015 2848 Acccpit
1064 2794 1264 2848 panem
1315 2781 1374 2835 in
1419 2790 1637 2837 sanctas
1678 2800 1741 2838 ac

97 2865 424 2921 venerabiles
451 2880 648 2919 manus
677 2880 824 2919 suas.
853 2866 914 2919 In
938 2864 1046 2920 hoc
1078 2883 1225 2937 pane
1257 2867 1391 2939 quis
1423 2868 1594 2937 alius,
1625 2871 1739 2927 nisi

95 2951 185 3007 ille
214 2952 387 3024 panis
414 2952 580 3007 vivus
612 2952 973 3025 designatur,
1011 2954 1110 3027 qui
1143 2956 1214 3010 de
1244 2955 1386 3012 cmlo
1419 2958 1736 3016 descendit.

96 3041 157 3096 Et
208 3042 431 3096 elevatis
478 3042 646 3095 oculis
693 3042 753 3096 in
809 3043 1024 3109 caelum,
1056 3043 1127 3098 ad
1178 3051 1227 3099 te
1284 3046 1465 3101 Dnum
1526 3053 1742 3104 Patrem

96 3146 248 3185 suum
277 3131 716 3202 omnipotentem.
750 3130 963 3186 Oculos
1014 3130 1255 3187 elevavit
1304 3134 1360 3188 in
1412 3134 1643 3204 coelum,
1677 3142 1742 3193 ut

98 3219 424 3275 ostenderet
480 3219 651 3275 nobis
710 3220 767 3274 in
808 3220 1113 3293 omnibus,
1149 3239 1276 3294 quae
1307 3223 1561 3295 agimus,
1592 3225 1736 3281 nihil

99 3325 348 3379 querere
384 3312 677 3364 terrenum
706 3327 718 3376 ;
747 3313 889 3364 etut
922 3308 1180 3365 sciamus
1205 3310 1340 3367 inde
1371 3312 1541 3370 nobis
1570 3332 1743 3371 omne

96 3396 283 3453 venire
314 3397 559 3452 bonum.
599 3398 717 3453 Tibi
743 3400 953 3466 gratias
995 3415 1159 3470 agens
1203 3401 1499 3458 benedixit.
1534 3404 1741 3460 Exem-

98 3484 253 3557 plum
288 3485 460 3542 nobis
490 3486 737 3555 donans,
771 3490 837 3542 ut
868 3487 927 3542 in
959 3488 1397 3561 omnibus,qua2
1425 3491 1570 3547 bene
1601 3492 1745 3565 geri-

97 3592 246 3645 mus,
309 3576 428 3631 Deo
479 3574 698 3647 gratias
765 3592 997 3648 semper
1050 3594 1315 3649 agamus.
1348 3583 1554 3649 Fregit,
1596 3582 1745 3638 dedit

94 3664 379 3735 discipulis
405 3664 705 3729 suis.Quid
728 3663 887 3720 aliud
920 3665 1214 3737 signiﬁcat
1242 3666 1300 3721 in
1335 3668 1611 3725 fractione
1640 3670 1743 3726 hu-

86 3753 184 3823 jus
203 3752 397 3827 panis,
426 3752 537 3808 nisi
561 3753 700 3825 quia
721 3770 933 3826 corpus
964 3772 1137 3810 suum
1164 3758 1575 3815 manducabile
1596 3778 1741 3832 prm-

93 3841 217 3897 buit
244 3842 438 3898 nobis.
471 3842 659 3897 Simili
714 3844 878 3899 modo
920 3852 1203 3916 postquam
1246 3854 1516 3902 caenatum
1552 3858 1649 3916 est,
1683 3849 1738 3904 id

92 3933 193 3997 est,
220 3932 535 4002 postquam
560 3928 656 3984 ille
675 3931 1230 3987 veteristestamenti
1247 3951 1433 4007 agnus
1447 3942 1741 3993 comestus

91 4022 193 4072 est.
217 4017 385 4081 Quod
410 4017 553 4073 dicit
573 4016 754 4074 simili
779 4020 970 4087 modo,
998 4038 1111 4076 non
1138 4020 1297 4077 aliud
1320 4027 1426 4088 est,
1453 4025 1565 4079 nisi
1591 4026 1743 4082 sicut

90 4104 222 4163 fecit
269 4104 529 4179 primum
578 4107 649 4163 de
696 4124 868 4179 pane,
902 4108 986 4164 sic
1034 4126 1137 4181 per
1176 4111 1373 4168 omnia
1403 4113 1557 4181 fecit,
1590 4119 1647 4171 et
1670 4116 1741 4171 de

89 4193 283 4250 calice.
318 4194 478 4250 Sicut
508 4194 675 4250 illum
707 4197 928 4268 gratias
957 4199 1182 4270 agendo
1233 4200 1529 4257 benedixit
1576 4208 1740 4259 fran-

89 4299 229 4356 gens
256 4284 329 4340 ad
360 4285 860 4353 manducandum,
896 4287 981 4341 sic
1030 4292 1087 4343 et
1136 4288 1292 4344 hunc
1346 4291 1740 4349 benedicendo

87 4371 326 4428 tradidit
356 4372 664 4446 discipulis
695 4375 768 4429 ad
798 4374 1115 4432 bibendum
1149 4378 1387 4435 dicens:
1421 4382 1675 4455 Accipite,
1690 4392 1741 4438 et

92 4459 252 4516 bibite
281 4477 353 4516 ea:
377 4477 437 4517 eo
477 4463 818 4529 onmes;hic
872 4465 1021 4519 enim
1074 4466 1226 4521 calix
1276 4470 1582 4537 Sanguinis
1634 4473 1743 4525 mei

88 4549 232 4603 novi.
266 4558 318 4605 et
347 4552 543 4605 aeterni
580 4553 905 4607 testamenti.
941 4554 1102 4618 Quod
1155 4560 1352 4611 autem
1404 4557 1619 4613 dicitur
1648 4558 1742 4614 hic
1771 4570 1818 4634 D

89 4635 236 4692 calix
265 4638 399 4694 novi
431 4639 766 4696 testamenti
785 4658 797 4708 ;
815 4641 887 4696 ad
916 4640 1325 4700 discretionem
1355 4646 1566 4702 veteris
1595 4646 1742 4719 legis

89 4723 305 4782 dicitur
334 4725 561 4783 dicente
589 4728 784 4801 Moyse
816 4746 829 4784 :
862 4732 961 4785 Hic
989 4739 1064 4786 est
1111 4735 1358 4804 sanguis,
1392 4750 1550 4805 quem
1578 4753 1738 4791 man-

87 4813 236 4870 davit
284 4814 358 4870 ad
388 4831 483 4872 nos
514 4819 801 4873 Dominus.
834 4819 1130 4875 Misterium
1161 4821 1309 4892 ﬁdei,
1343 4824 1439 4893 qui
1464 4840 1564 4894 pro
1592 4825 1740 4880 vobis

88 4901 422 4974 effundetur.
454 4903 599 4970 Quia
644 4899 875 4973 dicitur,
910 4906 1023 4962 nisi
1073 4910 1566 4967 manducaveritis
1614 4929 1737 4968 car-

88 5005 218 5045 nem
249 4989 382 5046 Filii
414 4991 690 5060 hominis,
717 4998 773 5049 et
793 4994 1060 5051 biberitis
1081 4997 1208 5068 ejus
1230 4999 1599 5072 sanguinem,
1623 5018 1738 5056 non

86 5076 382 5135 habebitis
431 5080 608 5136 vitam
653 5086 950 5138 aeternam.
982 5089 1111 5140 Haec
1154 5088 1574 5159 quotiescunque
1599 5091 1738 5161 fece-

85 5168 225 5234 ritis,
258 5170 319 5224 in
350 5171 462 5225 mei
514 5172 847 5227 memoriam
899 5174 1136 5243 facietis.
1170 5173 1333 5230 Unde
1378 5175 1690 5247 Apostolus
1724 5193 1736 5230 :

89 5254 541 5329 Quotiescunque,
592 5258 801 5332 inquit,
852 5260 1199 5317 manducetis
1244 5279 1446 5333 panem
1493 5266 1657 5332 hunc,
1690 5272 1741 5320 et

85 5344 315 5400 culicem
347 5345 551 5412 bibitis,
583 5354 812 5401 mortem
851 5348 1076 5403 Domini
1125 5350 1527 5407 adnuntiabitis
1576 5353 1743 5408 donec

88 5434 288 5487 veniat.
329 5432 477 5489 Unde
504 5441 555 5489 et
583 5450 844 5491 memores
871 5452 1061 5491 sumus
1085 5439 1316 5493 Dom-ine
1336 5455 1431 5493 nos
1459 5443 1603 5495 servi
1633 5443 1737 5504 tui,

83 5521 175 5576 sed
202 5528 254 5576 et
279 5521 462 5592 plebes
491 5529 589 5577 tua
617 5531 806 5578 sancta
834 5523 1043 5581 Christi
1086 5526 1219 5580 Filii
1264 5528 1347 5580 tui
1394 5529 1617 5582 Domini
1644 5529 1741 5583 Dei
1768 5548 1777 5553 α

87 5611 278 5665 nostri.
315 5608 417 5665 Hic
447 5608 788 5667 Sacerdotes
820 5611 1218 5669 admonitione
1260 5612 1472 5669 Christi
1505 5613 1737 5680 imbuti,

1840 559 2027 614 bratio
2060 559 2331 615 sacrificii
2364 559 2542 630 hujus
2574 559 2891 617 commissa
2919 565 3009 616 est
3039 562 3108 616 ad
3141 578 3487 619 consecran-

1839 646 2235 705 dum.Deinde
2263 649 2555 716 subditur,
2572 650 2671 705 sed
2703 648 2952 721 et'plebs
2976 653 3173 716 tua,ut
3196 649 3486 723 intelliga-

1840 763 1975 802 mus
2006 763 2119 801 non
2162 746 2352 801 solum
2385 747 2799 802 Sacerdotibus
2829 746 3073 819 dignum
3108 764 3237 804 esse
3266 765 3488 804 memo-

1840 834 1986 890 riam
2019 835 2233 891 Christi
2265 836 2546 902 venerari,
2578 837 2679 891 sed
2712 839 2766 892 et
2795 835 3144 908 generaliter
3190 836 3487 905 omnibus,

1842 924 2006 996 plebs
2051 922 2265 980 Christi
2307 925 2547 991 vocatis,
2581 926 2722 997 quia
2779 942 2883 997 pro
2941 926 3169 983 cunctis
3225 925 3490 984 Christus

1842 1016 2243 1080 mortuus'est,
2270 1018 2326 1068 et
2356 1014 2689 1080 resurrexit,
2716 1019 2773 1069 et
2793 1014 2865 1069 ad
2887 1013 3064 1070 cmlos
3085 1015 3268 1070 victor
3297 1033 3493 1071 ascen-

1842 1102 1946 1158 dit.
1974 1103 2104 1174 lpsa
2124 1101 2338 1159 etenim
2370 1106 2572 1158 sancta
2602 1103 2834 1170 dicitur,
2860 1102 3000 1175 quia
3022 1121 3126 1176 per
3146 1104 3487 1178 mysterium

1842 1201 1991 1256 sacri
2023 1200 2395 1272 baptismatis
2425 1204 2515 1255 est
2546 1199 2762 1256 abluta.
2788 1202 2858 1256 Et
2880 1202 3041 1273 juste
3071 1201 3346 1273 adjicitur
3367 1207 3487 1259 tua.

1843 1290 1982 1361 quia
2012 1288 2135 1344 Filii
2169 1289 2259 1344 sui
2295 1289 2523 1344 Domini
2572 1290 2755 1345 nostri
2806 1291 2946 1345 Jesu
2993 1290 3206 1346 Christi
3256 1292 3490 1363 proprio

1844 1394 2048 1434 cruore
2079 1381 2169 1432 est
2200 1378 2516 1449 redempta.
2561 1380 2688 1432 Tam
2719 1380 2893 1435 beatae
2927 1381 3223 1450 passionis,
3258 1397 3354 1436 nec
3381 1398 3491 1436 non

1842 1475 1892 1523 et
1922 1468 1991 1521 ab
2016 1468 2213 1538 inferis
2264 1468 2696 1533 resurrectionis,
2729 1467 2820 1522 sed
2866 1475 2917 1522 et
2965 1470 3024 1522 in
3052 1469 3207 1523 cazlos
3236 1470 3493 1537 gloriosae

1840 1562 2199 1620 aSccnsionis.
2233 1564 2447 1618 Horum
2482 1580 2619 1636 ergo
2651 1565 2915 1619 omnium
2949 1582 3155 1619 sumus
3183 1583 3490 1633 memores,

1844 1653 1983 1726 quia
2014 1670 2116 1725 per
2145 1653 2266 1707 haec
2297 1669 2401 1707 nos
2432 1653 2723 1707 credimus
2754 1669 2880 1708 esse
2903 1653 3493 1712 salvatos.Etidcirco

1843 1744 2124 1814 o/ferimus
2161 1743 2452 1814 praeclara?
2496 1743 2770 1814 majestati
2813 1748 2924 1798 tua?
2971 1743 3038 1797 de
3084 1745 3193 1798 tuis
3240 1743 3396 1799 donis
3433 1762 3498 1800 ac

2069 1833 2307 1887 Hostiam
2351 1847 2570 1903 puram,
2622 1832 2865 1886 Hostiam
2927 1840 3193 1898 sanctam,
3254 1835 3495 1889 Hostiam

1846 1921 2282 1987 immaculatum,
2316 1921 2523 1974 Panem
2560 1928 2811 1974 sanctam
2855 1922 2987 1976 vita:
3012 1929 3235 1978 (sternar
3256 1930 3307 1977 et
3340 1923 3496 1978 Cali-

1844 2026 1957 2065 cem
1979 2010 2175 2064 salutis
2207 2015 2496 2080 verpetum.
2530 2006 2739 2062 Hostiae
2770 2008 2925 2080 apud
2957 2012 3177 2065 veteres
3220 2010 3494 2066 diceban-

1846 2102 1943 2155 tur
1963 2097 2269 2163 sacrificia,
2298 2114 2421 2169 quae
2445 2096 3005 2168 ﬁebant,antequam
3029 2098 3101 2153 ad
3124 2097 3349 2153 hostem
3370 2116 3495 2171 per-

1848 2200 2069 2270 gerent.
2092 2195 2257 2250 Nunc
2279 2199 2472 2250 autem
2498 2193 2741 2251 Domine
2771 2196 3012 2249 Hostiam
3038 2211 3257 2267 puram,
3291 2193 3347 2250 id
3383 2200 3491 2263 est,

1848 2284 2007 2340 omni
2037 2285 2319 2339 fermento
2350 2282 2583 2338 malitiae
2612 2287 2669 2339 ct
2700 2281 2966 2354 nequitia:
2999 2288 3291 2339 carentem
3322 2285 3497 2355 maje-

1849 2373 1983 2428 stati
2016 2377 2126 2427 tute
2159 2372 2330 2428 corde
2361 2389 2506 2444 puro
2538 2370 3012 2442 oﬂ‘erimus,quia
3042 2371 3194 2426 sicut
3226 2370 3307 2427 illi
3340 2371 3496 2428 auxi-

1846 2460 1990 2516 lium
2034 2480 2066 2517 a
2098 2466 2152 2516 te
2181 2461 2494 2517 credebant
2544 2461 2855 2532 impetrare
2893 2460 3161 2527 victoriae,
3194 2459 3274 2515 ita
3304 2464 3356 2517 et
3391 2478 3497 2517 nos

1848 2567 1952 2623 per
1980 2551 2202 2622 Corpus
2234 2548 2357 2604 Filii
2394 2547 2496 2615 tui,
2531 2547 2631 2620 qui
2678 2552 2764 2603 est
2811 2565 2945 2603 vera
3003 2548 3194 2603 hostia
3247 2547 3494 2605 salutem

1849 2643 2185 2694 nostrarum
2219 2637 2386 2693 nobis
2434 2635 2727 2692 credimus
2776 2635 3092 2709 promereri
3141 2637 3495 2694 animarum.

1849 2729 2091 2784 Hostiam
2110 2736 2374 2793 sanctam,
2394 2725 2450 2781 id
2476 2729 2582 2792 est,
2607 2725 2827 2781 cmlesti
2851 2726 3003 2781 dono
3029 2743 3130 2798 per
3150 2727 3501 2799 assumptio-

1850 2842 1985 2881 nem
2016 2823 2284 2897 Corporis
2306 2822 2536 2879 Domini
2561 2818 2744 2878 nostri
2769 2822 2907 2878 Jesu
2929 2821 3140 2878 Christi
3173 2823 3498 2881 sanctifica-

1850 2918 1993 2987 tam.
2027 2914 2265 2968 Hostiam
2299 2910 2725 2975 immaculatam,
2761 2910 2898 2982 quia
2948 2910 3072 2981 ipse
3112 2911 3237 2967 sine
3264 2913 3500 2969 macula

1849 3000 2069 3075 peccati
2096 3018 2164 3056 ex
2196 3000 2380 3055 Maria
2407 2997 2641 3071 Virgine
2674 3002 2939 3065 natus,ct
2960 3014 3128 3053 cruce
3152 3015 3498 3071 suspensus,

1850 3089 2147 3146 redeundo
2187 3089 2259 3144 ad
2312 3086 2488 3143 caelos
2537 3086 2817 3142 ascendit.
2852 3091 3059 3141 Panem
3089 3095 3339 3142 sanctum
3370 3091 3501 3145 vitae

1770 3202 1813 3269 ρ
1850 3195 2078 3244 aeternae
2107 3183 2581 3256 ofl‘erimus,quia
2601 3181 3153 3256 vitam,quicunque
3181 3200 3314 3240 eum
3346 3202 3498 3241 acce-

1852 3279 2083 3347 perunt,
2117 3273 2435 3346 percipient
2466 3271 2915 3337 indeﬁcieutem,
2947 3270 3071 3343 ipse
3100 3276 3189 3327 est
3217 3272 3371 3329 enim
3404 3291 3500 3345 pa-

1853 3366 1945 3419 nis
1998 3363 2184 3419 vivus.
2244 3365 2309 3418 Et
2363 3363 2597 3418 Calicem
2653 3361 2851 3416 salutis
2913 3368 3208 3432 perpetrate.
3260 3361 3318 3417 Si
3367 3379 3499 3418 vero

1851 3453 2091 3508 calicem
2146 3451 2374 3508 Domini
2424 3448 2708 3522 condigne
2760 3447 3211 3520 sumpserimus,
3248 3449 3497 3507 salutem

1851 3541 2059 3598 anima:
2090 3557 2321 3612 semper
2350 3542 2682 3594 manentem
2724 3536 3090 3594 habebimus.
3124 3538 3304 3610 Supra
3332 3556 3497 3611 quae;

1851 3639 2202 3695 subauditur
2232 3653 2494 3702 munera,
2524 3637 2762 3708 propitio
2788 3652 2853 3689 ac
2880 3652 3067 3691 sereno
3123 3638 3274 3692 vultu
3328 3640 3496 3709 respi-

1849 3745 1969 3783 cere
1997 3728 2269 3797 digneris,
2303 3726 2409 3781 hoc
2441 3729 2549 3794 est,
2584 3723 2942 3780 misericordi
2976 3728 3032 3779 et
3062 3723 3216 3779 claro
3246 3725 3499 3798 percipe-

1851 3833 1930 3872 re.
1960 3818 2023 3871 Et
2049 3823 2261 3887 accepta
2294 3814 2508 3881 habere,
2540 3814 2705 3868 sicuti
2742 3819 2957 3883 accepta
3003 3814 3199 3870 habere
3241 3814 3497 3884 dignatus

1849 3921 1904 3961 es
1936 3922 2165 3961 munera
2190 3904 2352 3975 pueri
2379 3904 2463 3957 tui
2483 3902 2625 3973 justi
2657 3901 2880 3966 Abel,et
2896 3902 3231 3971 sacriﬁcium
3251 3905 3499 3958 Patriar-

1848 3994 1968 4049 chae
1997 3994 2171 4049 nostri
2199 3992 2449 4059 Abrahae,
2482 3998 2533 4046 et
2562 3989 2703 4062 quod
2733 3989 2837 4044 tibi
2874 3988 3069 4045 obtulit
3114 4006 3362 4047 summus
3390 3991 3494 4047 Sa-

1849 4082 2034 4139 cerdos
2089 4089 2214 4137 tuus
2269 4079 2666 4145 Melchisedech,
2708 4086 2957 4134 sanctum
3001 4079 3337 4148 sacriﬁcium
3392 4081 3497 4135 im-

1847 4172 2177 4227 maculatum
2208 4171 2458 4225 hostiam.
2490 4168 2631 4223 Abel
2681 4184 2934 4238 namque
2980 4167 3051 4220 de
3094 4164 3497 4238 primogenitis

1849 4267 2129 4340 quicquid
2161 4266 2448 4339 optimum
2481 4266 2665 4332 duxit,
2682 4282 2748 4320 ac
2770 4265 2840 4319 de
2872 4263 3143 4334 adipibus
3173 4263 3366 4335 gregis
3384 4263 3494 4328 sui,

1847 4359 2088 4429 etjusto
2129 4355 2326 4411 labore
2374 4353 2702 4425 adquisitis.
2738 4353 2855 4407 Hoc
2908 4351 3025 4406 Deo
3082 4367 3215 4405 cum
3273 4351 3499 4407 intimis

1848 4446 2042 4501 cordis
2085 4460 2302 4511 amore,
2337 4460 2403 4498 ac
2453 4447 2574 4497 tota
2631 4440 2845 4497 mentis
2902 4438 3205 4495 devotione
3263 4438 3494 4511 optulit.

1850 4534 2101 4605 Ideoque
2120 4533 2273 4588 Deus
2291 4532 2360 4587 ad
2383 4547 2627 4586 munera
2648 4531 2775 4601 ejus
2799 4545 3001 4584 sereno
3023 4526 3187 4582 vultu
3222 4527 3494 4600 respexit.

1850 4622 2143 4678 Abraham
2172 4639 2306 4677 vero
2337 4620 2459 4677 voci
2505 4619 2736 4675 Domini
2785 4617 3061 4673 obediens
3093 4616 3210 4672 filio
3242 4634 3348 4672 suo
3381 4634 3497 4673 non

1850 4712 2110 4785 pepercit
2139 4715 2375 4784 propter
2418 4727 2573 4777 eum,
2610 4708 2710 4764 sed
2760 4705 3064 4763 immolare
3109 4723 3243 4761 eum
3293 4705 3494 4775 voluit,

1850 4800 2099 4873 ideoque
2121 4803 2454 4872 reputatum
2474 4803 2561 4855 est
2577 4798 2626 4853 ei
2648 4798 2720 4852 ad
2733 4795 3046 4869 justitiam.
3072 4794 3496 4852 Melchisedech

1851 4906 2123 4945 summus
2153 4889 2435 4944 Sacerdos
2465 4886 2720 4960 primum
2755 4900 2964 4957 panem
2992 4888 3047 4939 et
3078 4883 3279 4939 vinum
3310 4885 3500 4958 typicc

1848 4976 2095 5033 Domino
2128 4977 2557 5043 obtulit.Quam
2590 4976 2837 5048 figuram
2865 4977 3066 5045 postea
3096 4971 3497 5047 Cbristus,qui

1849 5078 1938 5132 est
1956 5091 2127 5130 verus
2148 5074 2428 5130 Sacerdos
2454 5073 2510 5127 in
2544 5076 2825 5127 aeternum
2857 5086 3070 5142 corpus
3099 5086 3273 5126 suum
3297 5076 3353 5127 et
3370 5089 3505 5128 san-

1849 5163 2087 5236 guinem
2121 5162 2412 5219 offerendo
2444 5162 2558 5217 Deo
2590 5160 2743 5215 Patri
2776 5158 3133 5232 adimplevit.
3160 5159 3312 5216 Dixit
3343 5162 3499 5217 enim

1848 5250 2155 5323 discipulis
2185 5250 2330 5314 suis,
2360 5252 2508 5306 dans
2537 5250 2622 5306 eis
2651 5267 2862 5321 panem
2895 5254 2950 5305 et
2981 5248 3251 5305 calicem:
3286 5249 3393 5304 hoc
3413 5253 3502 5305 est

1849 5341 2072 5413 Corpus
2106 5355 2301 5394 meum
2329 5358 2342 5407 ;
2373 5343 2430 5394 et
2459 5338 2553 5395 hic
2584 5343 2675 5394 est
2705 5338 2865 5394 Calix
2892 5337 3210 5411 Sanguinis
3242 5337 3378 5402 mei,
3398 5336 3496 5407 qui

1848 5446 1952 5501 pro
1986 5426 2308 5482 multorum
2344 5428 2742 5500 redemptione
2780 5428 3126 5483 etfundetur.
3163 5427 3305 5481 Cum
3337 5423 3494 5477 omni

1848 5542 1985 5597 ergo
2007 5524 2260 5595 puritate
2274 5525 2490 5580 mentis
2505 5525 2819 5597 implorare
2840 5523 3295 5594 omnipotentem
3312 5519 3495 5573 Deum

1849 5614 2151 5677 debemus,
2187 5616 2247 5667 ut
2281 5612 2452 5684 sicut,
2487 5614 2697 5670 horum
2728 5613 2907 5669 trium
2940 5624 3180 5665 munere
3209 5604 3492 5677 placatus,
