3868 6204
396 314 551 378 Mss
1181 314 1517 377 APPEND.
1563 314 1664 377 AD
1710 298 1896 377 ssc.
1945 314 2016 375 Χ.
2053 348 2129 361 -
2160 294 2660 380 MoNUMENTA
2700 318 3015 384 mune.
3642 298 3739 381 nu

392 450 663 523 respexit,
696 449 777 506 ita
815 448 990 506 etiam
1024 454 1129 522 per
1158 464 1326 504 suam
1359 446 1820 505 misericordiam
1855 450 2039 523 respi-
2152 448 2425 521 perfecta.
2449 448 2645 507 Honor
2665 454 2720 507 et
2741 449 2927 525 gloria
2957 455 3045 509 est
3078 442 3263 519 Patri,
3291 454 3350 507 et
3366 449 3529 517 Filio,
3549 450 3632 508 sed
3655 469 3741 510 cum

390 558 519 599 cere
550 541 823 615 dignetur
851 544 909 595 et
947 542 1166 595 nostra.
2150 538 2369 611 Spiritu
2402 544 2623 607 sancto,
2649 558 2751 613 per
2781 557 2955 613 quem
2983 541 3346 609 viviﬁcatur,
3390 545 3445 596 et
3493 542 3741 597 sanctiﬁca-

458 632 765 707 Supplices
792 637 849 686 te
878 646 1160 704 rogamus
1187 631 1553 697 omnipotens
1578 630 1901 699 De‘us,jube
1921 631 2040 687 haec

384 724 637 801 petferri
642 737 751 796 per
772 736 975 775 manus
991 719 1189 791 angeli
1198 720 1291 773 tui
1305 719 1368 773 in
1378 717 1630 774 sublime
1654 718 1858 774 altare
1874 725 2041 774 tuum

388 818 453 874 in
473 817 773 885 conspectu
788 810 1011 866 divinae
1033 825 1123 862 ma
1120 808 1350 877 jestatis
1363 817 1383 863 t
1392 807 1870 864 uaelncessanter
1883 808 2037 864 enim

390 904 580 969 nobis,
613 906 669 957 et
697 916 831 955 cum
861 914 1096 953 summa
1124 896 1454 952 humilitate
1485 896 1905 968 postulandum
1929 902 2037 964 est,

389 998 454 1049 ut
479 989 783 1051 sacriﬁcia,
820 1005 946 1059 quze
978 1005 1011 1041 a
1044 985 1211 1040 nobis
1262 987 1318 1039 in
1362 985 1470 1041 hoc
1519 986 1803 1057 corporali
1856 987 2037 1043 altare

387 1082 730 1143 offeruntur,
755 1082 811 1132 et
834 1094 934 1148 per
958 1093 1167 1130 manus
1190 1076 1568 1130 Sacerdotum
1602 1081 2035 1148 consecrantur,

386 1171 460 1225 ab
482 1168 685 1240 angelo
711 1167 767 1221 in
795 1164 1046 1237 presenti
1062 1163 1378 1219 adsistente
1392 1168 1593 1218 sancto
1616 1164 2035 1237 suscipiantur,

387 1276 489 1330 per
519 1272 847 1326 manusque
878 1254 1037 1308 illius
1061 1258 1293 1308 sanctas
1328 1253 1384 1307 in
1417 1253 1671 1308 sublime
1701 1254 1881 1309 altare
1913 1254 2034 1309 Dei.

387 1347 543 1402 Idem
576 1344 633 1399 in
669 1342 1035 1416 praesentiam
1071 1346 1323 1413 paterna:
1357 1342 1703 1411 majestatis,
1731 1359 1907 1413 quam
1931 1360 2037 1398 nec

384 1434 589 1491 oculus
620 1432 781 1497 vidit,
816 1450 917 1485 nec
959 1430 1118 1485 auris
1150 1430 1391 1499 audivit,
1429 1447 1530 1485 nec
1564 1431 1621 1485 in
1653 1447 1750 1487 cor
1780 1431 2036 1487 hominis

385 1521 1146 1593 ascondit,porferantur.Ut
1168 1524 1438 1592 quotquot
1461 1536 1535 1574 ex
1556 1520 1778 1575 altaris
1793 1522 2039 1592 partici-

2148 911 2223 948 na
2254 894 2485 951 saecula.
2523 896 2626 952 Per
2657 913 2829 968 quem
2860 894 3016 961 vivit,
3041 901 3097 951 et
3117 901 3340 967 regnat
3363 896 3544 964 Pater,
3566 897 3742 963 vivitur

2150 989 2350 1056 regnat
2412 980 2612 1051 Filius,
2660 984 2814 1050 vivit,
2858 990 2915 1040 et
2975 993 3184 1057 regnat
3243 985 3503 1057 Spiritus
3553 992 3742 1040 sanctus.

2148 1250 2255 1304 bus
2290 1248 2708 1322 interpretibus
2737 1250 3157 1323 interpretatur
3188 1267 3328 1307 vere
3360 1255 3418 1306 et
3448 1252 3677 1316 ﬁdeliter,
3698 1255 3744 1306 ab

2146 1340 2299 1406 aliis,
2330 1357 2459 1395 vere
2492 1340 2612 1395 fiat.

2216 1432 2476 1495 Oremus,
2501 1422 2802 1499 marcentis
2828 1428 3211 1485 salutaribus
3244 1431 3477 1486 moniti.
3504 1431 3740 1503 Praceptis

2146 1517 2301 1573 cnim
2352 1517 2728 1583 salutaribus,
2763 1519 2821 1573 id
2868 1522 2978 1585 est,
3016 1519 3124 1573 Dni
3184 1518 3530 1583 Salvatoris,
3558 1520 3641 1590 qui
3672 1538 3743 1574 nos

2146 1073 2344 1138 Amen,
2372 1073 2427 1128 id
2452 1078 2540 1129 est
2560 1091 2667 1128 vox
2691 1073 2977 1145 ﬁdelium,
2999 1079 3053 1129 et
3085 1073 3465 1130 credentium
3497 1074 3550 1129 in
3579 1073 3745 1128 trinita-

2146 1165 2262 1217 tem
2286 1168 2341 1217 et
2365 1162 2666 1217 unitatem.
2686 1164 2869 1217 Amen
2894 1163 3175 1218 hebreum
3205 1168 3323 1229 est,
3344 1163 3497 1234 quod
3516 1163 3580 1217 ab
3599 1161 3748 1235 aliqui-

382 1614 622 1682 potione
649 1613 1085 1666 sacrosanctum
1106 1608 1254 1663 Filii
1267 1610 1362 1661 tui
1380 1609 1599 1677 Corpus
1613 1618 1667 1663 et
1681 1610 2039 1679 Sanguinem

379 1698 986 1773 sumpserimus.omni
1003 1696 1406 1752 benedictione
1432 1696 1651 1753 ealesti
1664 1704 1719 1753 et
1730 1699 1939 1770 gratia
1953 1715 2038 1755 re-

376 1789 669 1865 pleamur,
698 1802 806 1859 per
828 1784 932 1841 Clu
952 1785 1127 1839 istum
1163 1788 1352 1838 Dnum
1382 1784 2036 1857 nostrum.Semperque

380 1880 566 1935 Deum
591 1878 819 1931 Patrem
842 1890 1077 1929 exorare
1100 1873 1404 1938 debemus,
1430 1876 1491 1927 ut
1510 1876 1797 1945 quotquot
1813 1874 2038 1946 Corpus

380 1971 438 2023 et
460 1964 819 2037 Sanguinem
856 1962 1156 2035 proprium
1183 1961 1242 2016 in
1272 1963 1885 2018 commemorationem
1909 1962 2037 2018 Filii

381 2055 473 2111 sui
506 2053 737 2111 Domini
768 2051 950 2108 nostri
1000 2051 1141 2107 Jesu
1194 2050 1409 2106 Christi
1440 2050 1690 2107 ﬁdeliter
1719 2051 2034 2118 sumimus,

378 2144 540 2200 illius
560 2140 961 2199 benedictione
984 2137 1261 2213 acgratia
1284 2139 1509 2211 repleti,
1533 2139 1749 2196 cmlesti
1778 2144 1906 2213 ejus
1928 2158 2035 2197 nos

378 2232 652 2306 largiﬁua
680 2231 893 2305 pietate
923 2247 1039 2287 non
1091 2229 1308 2285 nostris
1360 2228 1585 2284 meritis
1643 2246 2034 2301 agnoscamus

379 2338 509 2378 esse
538 2320 870 2377 salvandos.
1950 2366 1957 2374 ,

450 2411 623 2467 Nobis
633 2424 849 2483 quoque
859 2408 1280 2478 peccatoribus,
1286 2412 1455 2481 ['amu
1465 2407 1672 2464 listuis
1684 2409 1757 2464 de
1769 2410 2033 2464 multitu-

380 2501 519 2556 dine
552 2498 993 2554 miserationum
1019 2502 1257 2551 tuarum
1287 2499 1662 2567 sperantibus
1677 2504 1911 2569 partem
1928 2498 2038 2552 ali-

380 2604 552 2660 quam
579 2592 633 2641 et
666 2587 1007 2640 societatem
1038 2585 1254 2640 donare
1284 2585 1572 2658 digneris.
1594 2586 1696 2640 Hic
1717 2586 2037 2658 petitur,ut

382 2661 551 2732 nobis
583 2673 840 2747 indignis
870 2691 1003 2728 cum
1036 2673 1255 2729 sanctis
1285 2674 1430 2742 suis,
1459 2678 1517 2730 et
1541 2674 1739 2730 electis
1784 2674 2032 2747 gloriam

381 2758 619 2822 tribuat.
651 2762 1054 2819 Miserationes
1085 2763 1381 2828 dicuntur,
1410 2762 1548 2836 quia
1585 2764 1744 2820 novit
1780 2764 2033 2837 compati

382 2852 725 2910 vulneribus
769 2852 1008 2919 nostris,
1042 2855 1100 2907 et
1131 2852 1628 2908 medicamentum
1659 2853 1777 2908 dat.
1811 2854 1882 2909 Et
1911 2853 2035 2909 haec

382 2947 580 2997 tamen
610 2941 1020 2997 tantummodo
1050 2940 1425 3013 sperantibus
1446 2940 2036 3015 promittuntur,quia

382 3029 527 3087 nihil
550 3029 742 3086 valent
763 3029 887 3085 sine
909 3046 1032 3102 spe,
1057 3029 1207 3085 sicut
1227 3046 1481 3101 namque
1504 3048 1607 3105 per
1628 3032 1805 3103 pedes
1821 3048 2032 3103 corpus

380 3117 665 3186 ambulat,
691 3118 773 3173 sic
794 3122 851 3174 et
870 3122 1096 3173 mentes
1127 3118 1414 3173 bonorum
1446 3135 1550 3190 per
1579 3136 1742 3191 spem
1776 3120 1842 3174 ad
1869 3118 2032 3174 cocle-

2146 1607 2273 1663 sine
2297 1607 2511 1662 nostris
2536 1607 2762 1663 meritis
2783 1606 3044 1673 salvavit,
3070 1606 3286 1662 πιοηὶΐί
3313 1624 3544 1673 sumus;
3567 1608 3668 1681 ipso
3682 1613 3738 1663 at-

2145 1700 2396 1751 testante
2453 1695 2759 1768 discipulis
2792 1695 2915 1750 suis
2950 1712 2962 1751 :
2996 1695 3080 1750 sic
3110 1696 3274 1751 enim
3310 1697 3547 1751 orabitis
3575 1702 3655 1750 :et
3675 1698 3740 1751 di-

2146 1785 2278 1841 vina
2305 1786 2672 1841 institutione
2713 1785 2966 1859 formari
3005 1786 3294 1862 audemus
3343 1785 3550 1841 dicere.
3575 1785 3625 1841 Si
3647 1804 3735 1841 vam

2146 1875 2274 1946 ejus
2294 1874 2533 1930 monitis
2553 1880 2610 1929 et
2631 1874 2828 1929 divina
2849 1873 3218 1930 institutione
3242 1874 3478 1930 formati
3499 1875 3734 1941 fuerimus,

2147 1968 2299 2018 recte
2345 1962 2536 2018 dicere
2585 1962 2935 2017 audebimus
2987 1962 3155 2018 nobis
3207 1964 3286 2018 ab
3316 1962 3444 2036 ipso
3472 1963 3730 2036 pradictam

2146 2051 2468 2107 orationem
2523 2051 3000 2123 subsequentem.
3032 2052 3215 2106 Pater
3263 2060 3481 2119 noster,
3507 2052 3593 2125 qui
3626 2052 3732 2105 esis

2144 2142 2314 2195 cretis.
2336 2139 2465 2194 Hmc
2496 2156 2603 2194 vox
2621 2138 2909 2194 libertatis
2940 2143 3047 2194 es‘t.
3068 2139 3303 2195 Patrem
3329 2138 3729 2210 invocamus,qui

2145 2245 2252 2285 nos
2283 2228 2515 2296 creavit,
2551 2227 2691 2300 quia
2720 2242 2924 2283 omnes
2955 2228 3026 2283 ab
3064 2241 3181 2284 uno
3212 2229 3394 2284 creati
3427 2246 3609 2284 sumus
3633 2228 3729 2283 Deo.

2142 2316 2563 2389 Sanctz'ﬁcetur
2589 2333 2796 2372 nomen
2828 2323 3013 2372 tuum.
3047 2317 3200 2372 Num
3240 2318 3400 2389 quod
3430 2335 3535 2372 non
3562 2333 3729 2388 semper

2144 2407 2572 2462 sanctiﬁcatum
2606 2406 2713 2461 fuit
2742 2423 2955 2461 nomen
2988 2405 3117 2474 Dni,
3150 2423 3419 2473 oramus,
3446 2411 3503 2461 ut
3530 2407 3578 2460 in
3609 2404 3725 2458 nobis

2144 2495 2660 2552 sitsanctiﬁcatum
2678 2510 2885 2550 nomen
2901 2495 3349 2565 ejus.Adreniat
3362 2503 3724 2568 regnumtuun.

2145 2585 2410 2658 Regnum
2443 2584 2541 2640 Dei
2573 2600 2803 2656 semper
2835 2582 2963 2637 fuit.
2996 2583 3272 2651 Oramus,
3298 2588 3363 2639 ut
3393 2583 3448 2639 in
3480 2582 3620 2638 nobis
3642 2598 3722 2635 non

2144 2678 2345 2747 regnet
2374 2674 2667 2755 diabolus,
2704 2692 2891 2748 neque
2922 2674 3082 2742 vitia,
3115 2677 3221 2731 sed
3253 2692 3491 2749 regnum
3516 2674 3594 2728 Dei
3612 2671 3669 2727 sit
3683 2671 3721 2724 in

2144 2764 2334 2819 nobis.
2360 2766 2494 2820 Fiat
2519 2765 2795 2821 voluntas
2813 2774 2914 2819 tua
2936 2765 3084 2820 sicut
3108 2767 3329 2820 in'earlo
3341 2771 3395 2821 et
3411 2766 3469 2820 in
3494 2773 3654 2823 terra;
3678 2763 3719 2814 ut

2141 2852 2432 2908 efﬁciatur
2452 2852 2721 2908 voluntas
2735 2853 2835 2909 Dei
2851 2854 2909 2909 in
2927 2852 3095 2909 nobis
3116 2854 3176 2908 in
3202 2854 3412 2910 timore
3432 2865 3721 2909 consumme-

2143 2958 2277 2996 mur
2296 2941 2662 3014 angelorum,
2684 2946 2751 2997 ut
2773 2941 2960 2996 simus
2994 2941 3053 2996 in
3085 2941 3386 3010 societate,
3420 2959 3515 2996 nos
3542 2936 3715 2999 terreni,

2142 3046 2531 3101 supernorum
2553 3031 3017 3086 civium.Panem
3030 3041 3291 3105 nostrum
3317 3028 3719 3088 cottidianumda

2139 3119 2310 3175 nobis
2337 3120 2532 3186 hodie,
2565 3118 2623 3174 id
2656 3123 2744 3175 est
2787 3135 2998 3192 panem
3046 3116 3646 3190 supersubstantialem,
3667 3114 3713 3168 de

380 3209 491 3265 stia
522 3206 991 3280 proﬁciscuntur.
1029 3209 1174 3263 Cum
1224 3209 1340 3263 tuis
1387 3187 1941 3279 sanctis—.rlpostolis,
1973 3218 2027 3264 et
2060 3187 2102 3253 (1
2142 3224 2256 3279 quo
2288 3223 2436 3280 pane
2466 3207 2587 3263 Dns
2631 3187 2820 3262 dixit-z
2856 3206 2973 3280 Ego
3007 3187 3138 3263 sum
3171 3211 3345 3281 panis
3372 3208 3539 3275 vivus,
3564 3204 3640 3276 qui
3663 3203 3712 3255 de

381 3289 733 3368 Martyribus
753 3313 880 3352 cum
896 3296 1451 3369 Joanne,Stephano,
1463 3296 1720 3365 Illathia,
1734 3297 2031 3365 Barnaba,

381 3386 641 3460 [gnatio,
674 3384 1033 3453 Alexandro,
1077 3384 1444 3456 Marcellino,
1490 3387 1686 3453 Petro,
1722 3386 2034 3441 Felicitate

382 3474 956 3548 Perpetua,Agatha,
975 3475 1177 3540 Lueia,
1191 3476 1363 3545 Agne,
1387 3476 1419 3531 (
1432 3474 1681 3544 ecilia,A
1696 3477 2035 3543 nastasia,et

381 3579 511 3620 eum
534 3564 801 3619 omnibus
823 3566 1057 3621 Sanctis
1077 3566 1215 3635 tuis,
1240 3564 1397 3619 intra
1419 3582 1657 3637 quorum
1682 3582 1784 3619 nos
1802 3581 2034 3620 consor-

383 3653 534 3708 tium
564 3668 675 3707 non
703 3655 1035 3708 aestimator
1083 3655 1304 3719 meriti,
1336 3655 1442 3710 sed
1485 3656 1672 3711 venia?
1712 3671 2038 3727 quxesumus

385 3742 636 3812 largitor
665 3741 935 3804 admitte,
955 3758 1060 3810 per
1086 3743 1372 3798 Christum
1406 3747 1591 3799 Dnum
1624 3743 2035 3799 nostrumldeo

386 3828 692 3901 praesumit
722 3845 925 3901 rogare
955 3830 1139 3884 Deum
1171 3832 1443 3886 sacerdos
1473 3832 1642 3887 nobis
1664 3832 1789 3886 dari
1813 3837 2036 3904 partem

388 3934 524 3972 cum
568 3916 820 3983 Sanctis,
851 3917 991 3986 quia
1020 3917 1167 3972 nihil
1199 3918 1421 3973 resistit
1449 3920 1729 3974 voluntati
1761 3921 1877 3975 Dei.
1912 3922 2037 3975 Non

390 4004 546 4061 enim
580 4003 807 4059 meritis
835 4020 1112 4059 vocamur
1144 4006 1214 4060 ad
1248 4022 1493 4078 regnum
1535 4009 1903 4078 Sanctorum,
1937 4009 2038 4064 sed

390 4093 515 4151 sola
543 4091 802 4149 bonitate
831 4092 955 4159 Dei,
983 4108 1085 4165 per
1130 4094 1272 4166 Spm
1318 4095 1465 4149 Dnm
1500 4099 1787 4166 nostrum,
1823 4098 1919 4168 qui
1956 4098 2040 4152 fa-

390 4187 519 4239 ctus
550 4186 641 4238 est
672 4181 974 4249 mediator,
1001 4199 1175 4255 quem
1200 4183 1545 4239 advocatum
1576 4184 1863 4241 habemus
1885 4187 2038 4258 apud

392 4273 642 4329 Patrem.
675 4272 855 4344 Cujus
887 4271 1096 4344 pietate
1130 4289 1194 4329 ac
1243 4273 1413 4329 beata
1468 4274 1738 4347 passione
1787 4276 2040 4331 reconci-

392 4361 515 4417 liati
549 4377 759 4417 sumus
787 4359 962 4417 Patri.
997 4365 1108 4416 Per
1142 4374 1308 4434 quem
1350 4363 1470 4419 haec
1514 4364 1709 4418 omnia
1741 4363 1889 4419 bona
1920 4369 2044 4421 Dne

390 4466 619 4521 semper
633 4465 823 4506 creas.
843 4450 1012 4505 Creat
1032 4468 1098 4505 ac
1120 4450 1317 4506 condit
1340 4450 1508 4506 Pater
1527 4470 1629 4525 per
1650 4452 1883 4524 Filium,
1900 4458 1963 4508 ut
1982 4453 2042 4509 in

2143 3296 2286 3352 ccelo
2307 3296 2602 3367 descendi,
2632 3299 2697 3350 ut
2717 3296 2788 3352 de
2809 3300 3010 3352 sancto
3033 3295 3199 3351 altari
3234 3298 3547 3357 reﬁciamur
3567 3308 3710 3362 corpo-

2143 3402 2203 3441 re
2224 3384 2347 3457 Xpi.
2378 3390 2445 3441 Et
2468 3386 2707 3441 dimitte
2734 3385 2901 3440 nobis
2930 3386 3131 3441 debita
3178 3395 3406 3455 nostra,
3431 3385 3558 3441 sicut
3580 3391 3621 3436 et
3643 3394 3711 3433 nos

2143 3474 2497 3530 dimittimus
2514 3474 2873 3530 debitoribus
2888 3474 3272 3531 nostris.Ecce
3291 3472 3639 3531 remissionem
3657 3466 3712 3520 di-

2144 3562 2356 3629 cimus,
2392 3564 2545 3635 quod
2570 3562 2630 3617 in
2654 3562 2962 3636 Evangelio
2985 3568 3100 3618 Dns
3123 3562 3268 3619 dicit
3294 3582 3307 3618 :
3335 3564 3509 3621 Sinon
3539 3556 3712 3615 remisso

2146 3651 2273 3707 ritis
2305 3655 2540 3724 peccata
2570 3651 2903 3717 hominum,
2928 3669 3034 3708 nec
3064 3655 3233 3707 Pater
3261 3650 3502 3708 caelestis
3528 3646 3713 3703 dimittet

2147 3746 2385 3814 peccata
2407 3745 2617 3796 vestra.
2647 3745 2711 3796 Et
2745 3756 2814 3796 ne
2844 3756 2945 3796 nos
2974 3742 3221 3797 inducas
3251 3744 3316 3797 in
3346 3737 3710 3810 temptationem,

2148 3846 2219 3886 ne
2251 3846 2358 3886 nos
2389 3829 2657 3885 dimittas
2704 3828 2962 3885 incidere
2992 3830 3049 3885 in
3084 3826 3513 3902 temptationem
3540 3816 3709 3880 diaboli.

2147 3922 2262 3977 Sed
2292 3920 2473 3975 libera
2504 3935 2607 3975 nos
2637 3936 2675 3974 a
2718 3918 2904 3986 malo,
2938 3936 2972 3974 a
3001 3918 3253 3986 diabolo,
3290 3926 3349 3975 et
3398 3916 3545 3973 malis
3587 3906 3712 3967 homi-

2151 4009 2343 4065 nibus.

2221 4098 2426 4155 Libera
2440 4113 2542 4154 nos
2571 4108 2900 4170 quaesumus
2934 4101 3053 4151 Dne
3083 4098 3158 4152 ab
3187 4099 3447 4154 omnibus
3465 4089 3711 4156 ’κρηήνατ’

2148 4187 2359 4255 teritis,
2385 4186 2796 4261 praesentibus,
2830 4191 2887 4241 et
2913 4187 3160 4256 futuris.
3196 4186 3261 4241 Et
3289 4186 3398 4242 hoc
3422 4183 3569 4241 etiam
3597 4172 3711 4231 nobis

2150 4275 2591 4349 postulandum,
2624 4279 2681 4331 et
2709 4273 2960 4348 supplici
2995 4290 3164 4346 prece
3193 4275 3538 4348 omnipotens
3563 4268 3710 4323 Densa

2154 4365 2322 4422 nobis
2364 4365 2694 4420 exorandus
2743 4369 2852 4429 est,
2888 4370 2951 4418 ut
2983 4380 3088 4419 nos
3120 4380 3154 4418 a
3184 4362 3562 4436 praesentibus,
3588 4353 3631 4409 id
3653 4353 3712 4405 est

2154 4470 2311 4511 nunc
2343 4452 2703 4510 instantibus
2734 4452 2907 4508 malis
2934 4452 3166 4524 eripiat,
3194 4457 3252 4508 et
3281 4451 3573 4509 secundum
3593 4454 3708 4499 suam

393 4540 670 4613 mysterio
692 4540 892 4612 gratia:
914 4539 1120 4594 divinae
1150 4540 1317 4596 nobis
1335 4540 1583 4596 traditur
1598 4558 1810 4614 corpus
1832 4548 1888 4598 et
1911 4560 2043 4598 san-
2078 4550 2122 4613 υ
2152 4542 2483 4616 largiﬁuam
2534 4541 2997 4598 misericordiam
3047 4558 3081 4597 a
3134 4542 3456 4612 praeteritis,
3487 4553 3546 4593 ne
3570 4530 3624 4588 ad
3644 4524 3711 4581 illa

394 4629 546 4701 guis.
561 4627 929 4701 Sanctiﬁcas,
946 4631 1194 4684 utetnos
1207 4629 1642 4684 sanctiﬁcemur
1661 4647 1763 4701 per
1775 4636 2044 4686 sanctum

394 4717 768 4773 sacriﬁcium.
790 4716 1071 4786 Viviﬁcas.
1094 4716 1432 4771 Viviﬁcatur
1461 4722 1663 4773 sancta
1693 4718 1908 4774 oblatio
1942 4737 2043 4792 pa-

395 4804 487 4860 nis
518 4810 575 4859 et
604 4806 744 4867 vini,
770 4806 1049 4877 quatinus
1071 4805 1284 4861 divinis
1305 4806 1598 4878 mysteriis
1629 4808 1901 4880 acceptis,
1925 4809 2045 4864 vita

396 4897 611 4947 mterna
642 4894 937 4949 tribuatur
967 4894 1258 4950 ﬁdelibus.
1293 4899 1448 4950 Bona
1495 4894 1717 4950 scilicet
1745 4896 1854 4951 Dni
1886 4914 2043 4953 crea-

393 4987 558 5045 turaz,
591 4997 716 5051 quae
748 4983 918 5039 nobis
945 4983 1293 5056 largiuntur,
1319 4984 1685 5039 sanctiﬁcata
1715 4990 1871 5055 sunt,
1907 4986 2045 5058 quia

395 5084 503 5125 nos
533 5068 919 5125 sanctiﬁcant.
948 5070 1243 5127 Viviﬁcata
1267 5087 1281 5126 :
1315 5090 1419 5144 per
1443 5090 1569 5145 qum
1603 5078 1899 5145 prestatur
1927 5074 2044 5129 vita

394 5158 582 5213 beata.
620 5157 928 5213 Benedicta
962 5177 974 5214 :
1008 5177 1110 5231 per
1156 5178 1283 5232 quae
1335 5162 1659 5218 benedictio
1698 5162 1957 5235 corporis
1987 5168 2044 5220 et

396 5245 706 5319 sanguinis
732 5246 906 5301 datur
957 5248 1147 5303 nobis.
1177 5254 1290 5304 Per
1318 5252 1531 5322 ipsum,
1562 5256 1620 5305 et
1649 5268 1775 5306 cum
1811 5254 1956 5324 ipso,
1986 5259 2043 5310 et

396 5339 459 5393 in
476 5337 705 5406 ipso,est
728 5335 847 5391 tibi
862 5340 977 5391 Deo
997 5339 1169 5392 Patri
1189 5341 1573 5407 omnipotenti
1592 5342 1654 5395 in
1676 5344 1905 5396 unitate
1920 5341 2044 5411 Spi—

394 5429 547 5482 ritus
572 5426 760 5481 sancti
788 5426 976 5480 omnis
1006 5425 1189 5480 honor
1201 5436 1256 5480 et
1272 5426 1609 5497 gloria.Est
1638 5429 1825 5484 honor
1844 5436 1899 5485 et
1919 5431 2041 5504 glo-

397 5516 483 5571 ria
515 5515 688 5579 Patri,
724 5515 824 5571 sed
857 5531 987 5570 cum
1022 5514 1184 5581 Filio,
1236 5530 1339 5585 per
1369 5533 1540 5587 quem
1578 5518 1778 5573 omnia
1807 5520 2040 5590 creavit,

400 5616 532 5659 cum
567 5622 680 5675 quo
712 5610 921 5661 cuncta
954 5604 1126 5676 ccepit
1155 5604 1364 5670 facere,
1383 5608 1439 5660 et
1460 5605 1520 5660 in
1551 5622 1665 5676 quo
1688 5611 1825 5663 sunt
1846 5609 2043 5666 omnia

549 5761 591 5793 1.:
602 5761 665 5789 Δάν

2156 4633 2497 4699 referamur,
2531 4630 2779 4688 liberet:
2828 4634 2886 4685 et
2944 4647 2980 4686 a
3038 4629 3248 4686 futuris
3306 4632 3430 4703 ipso
3476 4619 3709 4682 auxiliante

2152 4724 2434 4787 secernat,
2452 4718 2551 4793 qui
2575 4724 2664 4776 est
2685 4719 2916 4792 agnitor
2940 4719 3337 4792 praesentium,
3357 4713 3710 4793 praeteritarum.

2153 4811 2601 4881 futurarumque
2626 4824 2843 4865 rerum.
2867 4809 2933 4863 Et
2958 4811 3348 4866 intercedente
3362 4826 3462 4883 pro
3480 4802 3610 4861 nobis
3626 4796 3711 4850 ὑαι-

2152 4908 2216 4955 ια
2238 4907 2291 4953 et
2320 4898 2586 4971 gloriosa
2604 4911 2833 4967 semper
2850 4899 3091 4966 Virgine
3101 4898 3202 4954 Dei
3219 4899 3498 4971 genitrite
3515 4884 3713 4949 Marias!

2149 4989 2379 5044 sanctis
2401 4985 2677 5059 apostolis
2706 4987 2831 5041 tuis
2854 4990 3029 5042 Petro
3058 4992 3113 5040 et
3133 4972 3706 5068 Ραιιιοβιᾳαεζίπᾴιτς-

2153 5082 2245 5134 Da
2260 5077 2552 5150 propitius
2571 5090 2771 5145 pacem
2792 5076 2857 5130 in
2877 5068 3072 5131 diebus
3101 5072 3333 5147 nostris,
3354 5086 3415 5132 ut
3441 5087 3530 5143 ape
3544 5064 3709 5157 miscri-

2149 5165 2376 5223 cordiae
2397 5174 2513 5221 tuae
2532 5165 2644 5237 ατί]
2651 5163 2755 5231 uti,
2778 5170 2833 5219 et
2860 5180 2897 5219 a
2909 5172 3152 5236 peccato
3168 5182 3364 5221 sumus
3374 5152 3707 5244 semperlibm',

2148 5264 2202 5311 et
2225 5257 2300 5311 ab
2322 5256 2485 5310 omni
2502 5254 2943 5323 perturbatione
2961 5255 3175 5310 securi.
3186 5255 3359 5310 Beata
3377 5269 3499 5326 ergo
3520 5243 3595 5302 Dei
3606 5251 3711 5315 gem.

2152 5343 2282 5409 trix,
2317 5360 2442 5415 quae
2501 5342 2714 5396 meruit
2759 5341 2919 5413 virgo
2978 5357 3106 5397 esse
3156 5341 3214 5396 in
3255 5349 3442 5416 partu,
3470 5338 3599 5409 virgo
3616 5328 3702 5416 poti

2150 5414 2667 5504 partum,primum
2687 5428 3021 5485 humillima
3034 5414 3703 5502 postulationeimplorandt

2151 5526 2259 5589 cst,
2286 5525 2350 5576 ut
2370 5520 2500 5592 ipsa
2521 5519 2843 5574 intercedat
2872 5536 2973 5592 pro
3010 5519 3180 5575 nobis
3208 5521 3281 5576 ad
3309 5507 3708 5583 Patrem,Filium-

2153 5624 2286 5681 que,
2321 5627 2388 5665 ex
2419 5626 2480 5665 se
2509 5608 2834 5664 secundum
2879 5624 3117 5663 carnem
3167 5613 3398 5665 natum.
3431 5608 3624 5671 Postque
3647 5592 3704 5653 Dei

2148 631 2265 692 tur,
2299 644 2427 699 quae
2458 644 2525 683 ex
2557 628 2704 700 ipso,
2738 633 2794 683 et
2841 645 2944 700 per
2995 628 3213 684 Filium
3275 628 3435 684 facta
3476 634 3741 685 noscuntur.
3800 630 3801 633 “

2152 721 2260 771 Per
2282 719 2483 772 omnia
2503 719 2717 777 saecula
2736 720 3095 775 saeculorum.
3115 717 3357 773 Saecula
3383 718 3745 773 saeculorumdio

2148 809 2382 870 cuntur,
2418 805 2568 862 sicut
2600 811 2803 862 sancta
2832 811 3174 862 sanctorum
3201 825 3216 873 ;
3252 807 3370 862 hoc
3401 810 3507 873 est,
3532 824 3619 879 per
3639 813 3745 863 eler-

3799 5356 3801 5437 l
