3868 6204
303 335 461 394 “95

297 465 395 519 XII
431 464 553 520 Καὶ.
594 466 849 535 l'cs/burg
875 481 1027 519 soror
1060 473 1243 518 nostra
1276 463 1429 518 obiit.

298 555 373 610 XI
406 554 525 609 Kal.
560 554 747 610 Godila
774 554 1037 609 diaconus
1067 555 1222 608 obiit.

300 642 347 698 X
376 639 502 699 Kal.
538 642 597 697 8.
631 642 902 698 Eucharii
932 641 1189 714 episcopi
1223 644 1279 696 et
1309 638 1683 696 confessoris.

302 732 375 787 IX
407 731 529 787 Kal.
565 732 625 786 S.
663 730 863 787 Felicis
895 730 1268 787 confessoris.

302 820 430 876 VIII
464 820 587 875 Kal.
620 820 682 876 In
728 819 1035 879 Antiochia
1089 818 1365 875 cathedra
1414 818 1472 874 8.
1524 815 1698 884 Petri,
1750 814 1956 882 Teclas,

1083 329 1413 391 APPEND.
1458 330 1561 389 AD
1609 327 1798 389 S/EC.
1845 327 1924 386 X.
1956 358 2033 369 -—-
2062 321 2568 386 MONUMENTA
2613 324 2927 387 LI'I‘URG.

3576 323 3718 383 “96

1983 462 2031 525 Α
2070 458 2140 512 III
2174 458 2389 513 Nonas.
2416 456 2613 513 Passio
2644 458 2702 512 8.
2726 457 3062 512 Theodosia:
3093 458 3364 531 virginis.

2064 547 2113 601 II
2144 547 2357 601 Nonas.
2393 545 2704 602 Mediolani
2736 545 3023 619 depositio
3051 547 3112 602 S.
3135 547 3435 604 Ambrosii
3469 548 3719 621 episc0pi

2137 637 2195 689 et
2224 633 2595 690 confessoris.

2066 722 2195 779 VIII
2227 723 2364 779 Idus
2397 724 2589 780 Roma:
2622 724 2680 779 8.
2713 723 3007 780 Caelestini
3038 741 3202 798 papa
3230 742 3383 782 κων.

2066 812 2169 868 VII
2197 812 2334 868 Idus
2367 813 2655 885 Luidul/‘us
2685 813 3141 886 archiepiscopus.

376 909 727 965 Concordiae.
761 912 915 965 Anno
946 927 1107 976 mvm,
1139 908 1227 963 die
1274 908 1561 963 Dominica
1608 906 1855 961 dedicata
1885 911 1964 960 est
2070 900 2119 954 V
2149 900 2308 956 ldus.
2359 905 2415 955 S.
2447 900 2723 957 Antonini
2771 901 3144 959 confessoris.
3165 905 3225 958 et
3272 902 3333 959 in
3383 902 3602 960 Sirmia
3631 919 3723 961 nn

377 1007 566 1071 crypta
596 1007 800 1056 nostra:
831 999 1096 1055 basilicae.

306 1085 408 1141 VII
444 1084 563 1142 Kal.
596 1085 984 1141 Husuenardus
1028 1085 1329 1157 presbyter,
1358 1084 1502 1141 Docto
1550 1084 1825 1154 confratcr
1869 1097 1968 1136 no—

380 1182 492 1230 ster
526 1174 681 1230 obiit.

310 1263 383 1318 VI
414 1262 539 1318 Kal.
573 1263 632 1318 8.
668 1263 901 1319 Mathize
933 1262 1206 1335 apostoli.

314 1352 360 1406 V
391 1351 516 1408 Kal.
556 1353 854 1421 Walburge
882 1354 1120 1421 virginis
1150 1352 1408 1407 adventus
1449 1350 1505 1405 S.
1541 1348 1794 1404 Mauricii
1820 1363 1972 1402 mar-

387 1442 545 1513 tyris.

317 1529 391 1586 IV
424 1530 548 1586 Kal.
596 1530 657 1585 In
716 1530 1064 1585 Alexandria
1119 1530 1178 1584 S.
1244 1528 1539 1584 Fortunati
1599 1525 1971 1583 confessoris-

392 1622 594 1675 Amuco
621 1619 901 1690 presbyter
930 1620 1085 1673 obiit.

326 1708 403 1764 III
436 1707 562 1762 Kal.
598 1708 845 1763 Hazacho
871 1708 1157 1779 presbyter
1183 1708 1340 1762 obiit.

979 1804 1324 1860 MAR'I‘IUS.

329 1886 567 1943 Kalend.
601 1886 816 1953 Martii,
849 1885 1143 1958 Depositio
1176 1886 1233 1940 S.
1267 1883 1495 1951 Albani,
1519 1881 1727 1939 Donati
1759 1885 1976 1954 marty-

401 1975 502 2047 ris,
535 1979 593 2031 et
624 1975 851 2031 Leonis.

326 2066 399 2121 VI
442 2066 658 2121 Nonas.
712 2065 905 2119 Romae
958 2065 1017 2119 S.
1052 2062 1347 2136 Simplicis
1397 2079 1556 2134 papae
1606 2078 1799 2117 xnvm.
1850 2061 1978 2117 Wit-

399 2155 654 2210 lihelmus
684 2154 1118 2225 archiepiscopus
1147 2155 1302 2208 obiit.

321 2244 369 2298 V
414 2244 630 2300 Nonas.
685 2243 908 2299 domina
967 2242 1318 2312 Chinigumla
1370 2243 1503 2313 imp.
1550 2248 1783 2313 augusta
1842 2239 1980 2295 obiit

397 2333 588 2402 digna:
614 2340 664 2388 et
690 2333 805 2404 pia’
831 2334 1134 2388 memoriae.

325 2422 398 2478 IV
427 2422 643 2478 Nonas.
669 2422 728 2477 8.
754 2420 993 2476 Adriani
1026 2420 1299 2493 martyris
1331 2435 1463 2474 cum
1491 2419 1667 2475 sociis
1700 2417 1848 2486 suis,
1876 2418 1987 2473 Lu-

398 2510 468 2565 cii
502 2528 663 2583 papae
694 2514 750 2564 et
780 2509 1073 2581 martyris.
1110 2509 1256 2563 Ende
1288 2508 1453 2563 abbas
1485 2509 1641 2563 obiit.

331 2600 401 2655 llI
432 2599 647 2654 Nonas.
684 2597 882 2653 Passio
914 2599 971 2652 S.
1006 2598 1164 2652 Focae
1195 2596 1473 2668 episcopi.
1784 2664 1793 2669 _

332 2688 381 2744 Il
411 2688 623 2742 Nonas.
660 2687 718 2741 S.
752 2686 980 2752 Quiraci
1033 2685 1377 2757 presbyteri.
1412 2684 1767 2741 Thicdericus
1816 2701 1987 2741 comes

404 2776 559 2831 obiit.

335 2862 549 2919 Nonas.
584 2864 781 2920 Passio
830 2864 931 2919 SS.
965 2864 1259 2935 Perpetua:
1317 2866 1375 2918 et
1434 2862 1763 2918 Felicitatis.
1815 2864 1990 2934 Alferi

405 2954 712 3026 presbyteri
740 2953 940 3009 obitus.

337 3041 438 3096 VII
479 3041 613 3098 Idus
657 3046 721 3097 In
773 3041 1011 3098 Sehaste
1055 3041 1328 3098 Armenia
1377 3041 1602 3098 minore
1633 3059 1705 3097 χι.
1731 3040 1987 3097 militum

410 3132 596 3188 Bruno
621 3133 1057 3204 archiepiscopus
1087 3133 1239 3187 obiit.

2142 989 2460 1062 virginum.

2075 1078 2150 1134 IV
2182 1078 2340 1133 Idus.
2375 1078 2434 1134 8.
2466 1078 2697 1134 Antonii
2731 1079 3027 1152 martyris.
3664 1118 3669 1121 -

2077 1167 2155 1223 III
2187 1167 2344 1222 Idus.
2370 1167 2562 1222 Roma:
2604 1168 2662 1223 S.
2688 1168 2898 1224 Leonis
2942 1185 3102 1240 papa:
3141 1185 3273 1226 XLVI
3302 1173 3363 1226 et
3392 1170 3451 1225 S.
3483 1171 3727 1226 Zenonis

2149 1255 2445 1328 martyris.
2479 1260 2645 1323 Item,
2680 1256 2874 1312 Romae
2903 1260 2959 1312 8.
2990 1256 3133 1314 Julii
3164 1275 3327 1331 papa
3358 1277 3523 1315 xxxv.
3644 1276 3649 1283 ‘

2080 1345 2237 1401 Idus.
2273 1345 2334 1400 In
2366 1344 2597 1401 civitate
2617 1345 2939 1401 Calcedona
2966 1346 3165 1418 passio
3183 1348 3245 1403 S.
3269 1348 3608 1421 Euphemie
3629 1351 3728 1405 vir-

2150 1432 2325 1507 ginis.
2365 1434 2599 1505 Wilping
2626 1434 2889 1490 diaconus
2919 1437 3079 1491 obiit.

2082 1523 2255 1579 XVIII
2286 1522 2409 1577 Kal.
2444 1522 2599 1579 Maii.
2662 1523 2857 1579 Romae
2913 1524 3017 1580 SS.
3068 1529 3395 1599 martyrum
3440 1528 3723 1595 'Tibnrtii,

2152 1610 2443 1667 Valeriani
2502 1611 2739 1667 Maximi
2798 1616 2857 1668 et
2912 1613 3211 1669 Frontoni.
3242 1615 3453 1672 Eristin
3506 1618 3723 1673 subdia-

2153 1715 2319 1755 conus
2327 1743 2340 1755 .

2083 1788 2230 1843 XVII
2262 1788 2386 1844 Kal.
2421 1789 2551 1845 Nat.
2584 1789 2642 1845 8.
2677 1789 2905 1846 Helenae
2936 1791 3144 1849 matris
3172 1791 3563 1850 Constantini.

2088 1878 2207 1933 XVI
2238 1877 2362 1933 Kal.
2411 1880 2527 1933 Era
2579 1880 2755 1934 laicus
2810 1881 2969 1948 obiit,
3014 1882 3409 1953 Merquuardus
3462 1887 3733 1958 presbyter

2194 1967 2275 2021 b'i
2300 2008 2313 2021 .

2088 1983 2209 2111 X121
2228 1974 2365 2112 thal.
2401 2055 2717 2115 Eleutherii
2763 2058 3021 2131 episcopi
3051 2062 3109 2115 et
3136 2062 3437 2134 martyris,
3460 2067 3521 2119 et
3561 2065 3733 2120 Antia.-

2163 2143 2371 2201 matris
2402 2146 2552 2216 ejus.

2090 2234 2189 2290 XII
2221 2233 2339 2289 Kal.
2376 2234 2476 2290 SS.
2507 2234 2757 2291 Victoris
2787 2234 3043 2309 episcopi
3074 2235 3308 2307 Felicis,
3341 2239 3670 2297 Alexandri.

2165 2322 2351 2395 Papize
2382 2322 2605 2380 Senesii
2638 2324 2933 2398 martyris.
2970 2324 3116 2382 Obiit
3156 2328 3423 2384 Thiezuca
3457 2333 3738 2387 sanctimo-

2094 2413 2414 2557 Χιηιξαέῖἶςέ.
2441 2502 2677 2557 Maximi
2708 2504 3002 2577 martyris.
3031 2504 3461 2564 Thoacuuardus
3478 2509 3745 2580 presbyter

2095 2680 2143 2736 X
2166 2593 2526 2737 ῖέἴᾟοωω
2557 2682 2615 2736 8.
2651 2682 2914 2739 Sotheris
2944 2699 3108 2756 papa:
3138 2702 3240 2740 xu.

2097 2769 2167 2825 IX
2199 2768 2322 2825 Kal.
2358 2770 2415 2825 8.
2451 2770 2681 2843 Georgii
2714 2772 3008 2845 martyris.
3040 2772 3098 2829 S.
3135 2774 3414 2832 Adatberti
3439 2778 3673 2851 episcopi
3695 2785 3741 2833 et

2164 2860 2451 2932 martyris.
2490 2859 2642 2915 Tuba:
2669 2863 2875 2917 sororis
2905 2869 3132 2920 nostra.

2106 2948 2196 3003 VII
2227 2948 2352 3004 Kal.
2387 2949 2450 3004 In
2481 2948 2830 3007 Alexandria
2858 2951 2915 3007 8.
2952 2951 3131 3008 Marci
3160 2954 3550 3028 evangelista.

2095 3038 2143 3091 V
2176 3037 2294 3094 Kal.
2324 3038 2516 3094 Romae
2544 3038 2601 3094 S.
2635 3040 2928 3097 Anastasii
2961 3053 3128 3114 papae
3156 3046 3216 3099 et
3244 3045 3593 3101 confessoris
3619 3062 3705 3100 ιι..

2097 3127 2169 3183 IV
2199 3126 2321 3183 Kal.
2369 3128 2467 3183 SS.
2510 3132 2834 3202 martyrum
2885 3129 3112 3198 Vitalis,
3163 3132 3431 3206 Torpetis
3481 3133 3737 3207 Panphili

338 3220 410 3276 IV
445 3220 601 3276 Idus.
636 3203 830 3276 Romae
872 3220 930 3276 8.
959 3203 1242 3293 Gregorii
1300 3237 1481 3293 papae.
1536 3219 1791 3276 Amulred
1849 3221 1995 3276 laica
2023 3203 2065 3270 C
2168 3216 2425 3290 episcopi
2455 3220 2511 3272 et
2536 3217 2907 3275 confessoris.
2939 3203 3741 3295 Athetdagus—arehiepiscopus.

445 3312 567 3365 biit.

339 3327 495 3455 Idiis.
530 3398 864 3471 Sigiefriaus
892 3414 1066 3454 comes
1093 3399 1248 3454 obiit.

337 3488 484 3543 XVII
520 3485 807 3543 Kalendas
838 3487 1021 3560 April.
1056 3487 1115 3542 S.
1148 3488 1368 3560 Cyriaci
1404 3487 1675 3561 martyris
1702 3490 1759 3543 et
1788 3488 1846 3543 S.
1877 3488 1993 3543 Eu-

410 3576 889 3650 sebizevirginis.
925 3577 1288 3633 Reinwardus
1332 3578 1613 3650 presbyter
1660 3579 1817 3633 obiit.
1848 3576 1995 3632 Obiit
2060 3642 2065 3647 _

340 3668 631 3721 Frithcrun
658 3667 1120 3722 sanctimonialis.

342 3754 465 3810 XVI
523 3753 648 3809 Kal.
700 3754 764 3809 In
830 3754 1023 3810 Scotia
1070 3757 1127 3809 S.
1176 3755 1487 3822 Pancratii,
1546 3761 1603 3810 et
1662 3756 1720 3810 in
1778 3754 1999 3810 Nivella

419 3843 477 3898 S.
509 3842 813 3897 Gertrudis
843 3842 1105 3914 virginis.

348 3930 443 3986 XV
476 3929 600 3984 Kal.
634 3929 826 3984 Romm
859 3931 917 3985 S.
951 3930 1195 3985 Pimenii
1226 3932 1521 4005 martyris.

350 4017 471 4075 XIV
504 4016 811 4073 Kalendas.
855 4018 917 4072 In
969 4018 1264 4073 Bethleem
1313 4020 1370 4075 S.
1423 4020 1640 4093 Joseph
1693 4021 2029 4083 nutritoris.

423 4102 676 4164 Domini.
711 4108 1045 4163 Frithericus
1071 4109 1354 4180 presbyter
1383 4110 1535 4165 obiit.

349 4197 471 4253 XIII
504 4196 626 4252 Kal.
671 4195 997 4253 Fontinella
1046 4196 1330 4269 depositio
1360 4197 1675 4254 Wilfranni
1724 4199 2000 4272 episcopi,

421 4286 721 4343 Cuthberti
764 4303 898 4359 app.
931 4290 987 4342 et
1035 4286 1313 4359 episcopi.
1351 4289 1697 4345 Bernhardus
1742 4289 2004 4346 diaconus

422 4377 582 4433 obiit.

346 4466 443 4522 XII
476 4464 597 4521 Kal.
634 4466 930 4538 Depositio
963 4466 1023 4521 S.
1060 4466 1355 4523 Benedicti
1388 4467 1637 4524 abbatis.

349 4555 418 4611 IX
451 4554 574 4610 Kal.
617 4555 956 4611 II’ihberhtus
987 4556 1267 4628 episcopus
1296 4564 1347 4612 et
1374 4558 1548 4626 frater
1576 4565 1759 4612 noster
1784 4557 1939 4612 obiit.

346 4644 471 4699 Vlll
505 4642 627 4698 Kal.
662 4644 1063 4711 Adnuntiatio,
1098 4645 1399 4716 conceptio
1431 4648 1487 4700 et
1527 4645 1722 4718 passio
1754 4644 2008 4720 Domini.

420 4733 618 4789 Passio
647 4732 847 4788 Jacobi
883 4732 1078 4789 fratris
1104 4733 1359 4788 Domini.

421 4822 523 4877 VII
555 4822 678 4878 Kal.
713 4822 772 4879 8.
805 4823 1027 4879 Castuli
1061 4822 1379 4895 presbyteri
1412 4826 1469 4877 et
1502 4823 1715 4879 Acacii.
1749 4823 2008 4895 Liudgeri

420 4913 657 4983 episcopi
684 4920 734 4967 et
763 4913 1105 4985 confessoris.
1144 4912 1456 4968 Thiedricus
1480 4912 1736 4969 decanus.
1761 4912 2006 4982 Badegoz.

420 5002 700 5072 presbyter
731 5003 885 5058 obiit.

348 5088 422 5144 VI
456 5087 581 5143 Kal.
618 5088 982 5146 Resurrectio
1015 5090 1265 5146 Domini.

349 5178 397 5231 V
431 5176 554 5233 Kal.
590 5177 883 5249 Liudulfus
914 5180 1088 5235 laicus
1119 5180 1275 5236 obiit:

348 5268 424 5325 III
456 5265 579 5323 Kal.
621 5270 680 5320 In
711 5265 1126 5322 Thessalonica
1158 5269 1214 5323 8.
1248 5269 1496 5325 Victoris
1530 5268 1822 5343 martyris.

346 5361 399 5413 II
433 5356 556 5413 Kal.
591 5354 932 5412 Silvanectis
956 5356 1014 5411 S.
1042 5356 1245 5427 Reguli
1273 5358 1525 5431 episcopi
1549 5363 1606 5414 et
1628 5359 2000 5415 confessoris.

1022 5453 1333 5510 APRILIS.

346 5538 621 5596 Kalendis
676 5533 910 5610 Aprilis.
961 5533 1024 5589 In
1084 5532 1498 5591 Thessalonica
1555 5538 1657 5592 SS.
1683 5537 2001 5610 Quintiani,

416 5627 621 5704 Agapi,
644 5631 702 5686 et
730 5623 1004 5684 Chioniaa.

2102 3306 2179 3361 III
2212 3304 2338 3361 Kal.
2374 3305 2567 3361 Romae
2590 3307 2650 3362 S.
2674 3306 2816 3362 Cleti
2847 3324 3010 3381 papae
3042 3313 3100 3364 et
3128 3313 3406 3384 martyris
3427 3330 3488 3381 ιι,
3512 3317 3567 3368 et
3595 3315 3744 3367 tran-

2174 3392 2345 3450 slatio
2376 3394 2433 3449 8.
2471 3393 2705 3450 Richari
2738 3396 3080 3453 sacerdotis.

2104 3482 2151 3538 II
2187 3482 2312 3538 Kal.
2347 3482 2542 3539 Romae
2573 3483 2797 3548 Quirini
2828 3484 3085 3559 episcopi
3115 3490 3174 3543 et
3201 3489 3496 3562 martyris.

2810 3583 3054 3640 MAIUS.

2105 3662 2382 3718 Kalendis
2416 3662 2574 3718 Maii.
2609 3662 2831 3719 Natalis
2866 3663 3264 3735 apostolorum
3299 3665 3549 3740 Philippi
3578 3671 3632 3723 et
3656 3666 3742 3722 Ja-

2178 3751 2327 3807 cobi.
2371 3750 2569 3808 Passio
2615 3751 2675 3807 8.
2705 3751 2928 3825 Cyriaci
2978 3754 3262 3827 episcOpi,
3292 3759 3351 3811 et
3399 3756 3744 3829 Sigismundi

2180 3839 2352 3912 regis,
2385 3844 2443 3897 et
2468 3838 2803 3913 Walburgaz
2833 3839 3099 3915 virginis.

2107 3928 2181 3982 VI
2213 3928 2406 3985 Nonas
2466 3928 2621 3985 Maii.
2668 3930 2725 3984 8.
2753 3930 3048 3987 Anastasii
3104 3931 3364 4007 episcopi
3423 3940 3483 3990 et
3538 3933 3745 3991 confes-

2111 4034 2281 4074 SOI‘IS.

2110 4106 2157 4160 V
2188 4106 2401 4165 Nonas.
2453 4106 2648 4163 Romae
2708 4107 2768 4164 S.
2821 4108 3195 4165 Alexandrini
3255 4127 3419 4184 papas
3465 4128 3547 4181 VI,
3575 4116 3631 4169 et
3655 4110 3744 4166 88.

2181 4194 2405 4252 Eventii
2447 4199 2503 4251 et
2546 4195 2847 4266 Thoodoli,
2873 4200 2931 4253 et
2959 4198 3221 4255 Iuventio
3268 4199 3331 4255 S.
3364 4200 3588 4257 Crucis.
3620 4200 3747 4266 Biso,

2184 4287 2358 4355 Egico
2384 4287 2586 4357 fratres
2615 4288 2812 4342 nostri.

2115 4376 2191 4431 IV
2219 4375 2435 4430 Nonas.
2469 4374 2527 4430 8.
2557 4374 2809 4430 Floriani
2841 4376 3115 4448 martyris
3144 4393 3281 4433 cum
3311 4395 3387 4435 xx.
3414 4377 3611 4435 sociis.
3637 4378 3750 4434 Her-

2185 4464 2384 4535 dingus
2414 4462 2578 4518 abbas
2608 4464 2760 4519 obiit.

2040 4577 2085 4642 Β
2116 4554 2332 4609 Nonas.
2354 4551 2556 4642 .Obitus
2586 4551 2791 4609 Ottonis
2820 4552 3003 4626 Magni
3030 4555 3400 4627 imperatoris.
3423 4556 3756 4613 Szlodorinus

2191 4627 2471 4715 presbyter
2502 4641 2656 4698 obiit.

2112 4732 2241 4788 VIII
2272 4731 2429 4787 Idus.
2464 4729 2776 4788 Mediolani
2797 4732 2856 4788 8.
2881 4732 3133 4790 Victoris
3161 4736 3441 4809 martyris
3469 4746 3526 4793 et
3555 4737 3758 4793 Coron:

2186 4836 2440 4891 virginis.

2112 4910 2215 4966 VII
2246 4910 2406 4965 Idus.
2440 4909 2499 4965 8.
2534 4908 2691 4967 Beati
2723 4910 3047 4985 presbyteri
3076 4915 3134 4968 et
3163 4912 3547 4984 confessoris,
3578 4914 3755 4970 Geron-

2185 5000 2254 5055 tii
2281 5000 2566 5071 martyris.

2112 5088 2187 5144 VI
2219 5088 2376 5143 ldus.
2413 5088 2607 5144 Romae
2647 5088 2860 5146 natalis
2910 5091 3009 5146 SS.
3044 5095 3373 5165 martyrum
3405 5092 3680 5149 Gordiani
3706 5094 3757 5147 et

2182 5176 2504 5251 Epimachi.
2539 5178 2995 5236 Commemoratio
3023 5184 3207 5239 sancti
3236 5182 3488 5253 Remagti
3513 5182 3754 5255 episcopi.

2111 5266 2159 5321 V
2190 5267 2345 5323 Idus.
2379 5266 2606 5323 Vienna
2634 5267 2920 5341 depositio
2960 5269 3150 5326 sancti
3195 5269 3467 5327 Mamerti
3496 5268 3759 5344 episc0pi.

2113 5356 2189 5414 IV
2218 5358 2378 5413 Idus.
2425 5357 2622 5414 Roma:
2671 5358 2771 5415 SS.
2822 5362 3149 5432 martyrum
3201 5358 3390 5427 Nerei,
3432 5358 3675 5416 Achillei
3715 5360 3763 5411 et

2194 5444 2508 5502 Pancratii.

2113 5534 2191 5592 III
2224 5535 2381 5591 Idus.
2412 5534 2677 5607 Trajecto
2708 5536 2769 5595 8.
2800 5535 3046 5594 Servatii
3084 5537 3367 5613 episcopi,
3396 5534 3761 5608 Araci,Probi

2187 5627 2243 5682 et
2273 5623 2611 5684 Andronici.
