3868 6204
163 336 324 419 1191

1296 352 1870 424 KALENDARIUM
1915 361 2324 424 STABULEN
2330 365 2448 426 SE.

3420 371 3579 437 “98

162 491 212 547 II
245 491 406 547 Idus.
443 489 637 546 Roma:
673 491 731 546 8.
757 490 1041 547 Theodori
1076 509 1237 565 papa:
1271 510 1497 548 [χχχιιι.
1525 494 1816 551 Richarius
1844 495 1897 562 Α
1928 494 1999 550 ΧΙ
2034 494 2161 551 Kal.
2186 497 2249 552 In
2281 496 2624 553 Alamannis
2652 474 2847 570 passio
2872 500 2925 556 S.
2958 499 3152 558 Albini
3185 504 3476 578 martyris,
3511 506 3573 563 S.

233 581 404 637 abbas
433 581 591 636 abiit.
649 597 654 601 '

162 668 291 726 XIV
323 668 454 725 Kal.
485 667 665 725 Junii.
699 668 894 725 Romae
927 670 985 727 S.
1019 670 1368 727 Potentianae
1399 670 1660 745 virginis.

160 759 292 815 XIII
326 757 455 814 Kal.
489 759 548 814 S.
582 757 832 815 Cononis
862 764 918 815 et
948 760 1011 817 S.
1052 758 1273 816 Basilla
1302 759 1566 831 virginis.

159 847 264 904 XII
299 847 423 904 Kal.
455 847 519 903 In
559 848 827 905 'coinobio
857 851 1125 922 Augense
1174 850 1233 904 8.
1267 848 1477 905 Vitalis
1517 850 1812 928 martyris.

156 936 228 993 XI
260 936 389 994 Kal.
423 937 481 994 S.
518 935 779 993 Faustini
809 938 1160 995 confessoris
1192 943 1247 994 ct
1294 938 1352 994 S.
1388 937 1611 994 Helenae
1642 938 1816 1011 virgi-

230 1044 348 1083 n18.

157 1117 203 1172 X
234 1114 362 1171 Kal.
398 1115 498 1172 SS.
546 1120 870 1190 martyrum
924 1116 1210 1173 Desiderii
1258 1116 1534 1189 episcopi,
1584 1115 1816 1188 Sulpitii

188 1254 191 1257 .
230 1209 288 1260 et
317 1204 644 1261 Serviliani.

159 1294 229 1350 IX
259 1294 388 1350 Kal.
419 1298 486 1349 In
534 1294 759 1351 civitate
806 1293 1088 1351 Nannetis
1135 1295 1330 1367 passio
1375 1295 1475 1352 SS.
1509 1294 1816 1351 Donatiani

231 1388 290 1440 et
319 1382 649 1456 Rogatiani.

162 1471 297 1528 VIII
324 1471 453 1527 Kal.
487 1472 680 1529 Romae
728 1472 787 1528 8.
820 1471 1037 1528 Urbani
1085 1490 1249 1545 papae
1298 1477 1353 1528 et
1400 1471 1674 1545 martyris
1701 1489 1813 1542 xv1,

175 1584 181 1587 ·
228 1566 287 1616 et
314 1561 377 1617 S.
408 1560 687 1617 Desiderii
715 1561 1011 1634 martyris.
1046 1562 1193 1618 Obiit
1224 1562 1513 1618 Guntherii
1555 1561 1818 1617 diaconus

230 1652 416 1722 frater
441 1657 644 1706 noster.

152 1739 252 1794 VII
284 1738 416 1795 Kal.
454 1738 514 1794 in
544 1737 854 1795 Britannia
884 1738 1259 1811 S.Augustini
1292 1739 1465 1811 primi
1496 1739 1816 1812 Anglorum

1998 586 2234 642 Eusebii
2268 586 2755 662 hystoriographi.

1924 674 1970 729 X
1999 664 2192 731 Kal.In
2225 675 2449 733 civitate
2480 676 2623 734 Nola
2653 678 2938 752 depositio
2969 679 3263 737 S.Paulini
3293 683 3575 757 episcopi.

1924 763 2056 820 VIII
2086 763 2209 820 Kal.
2244 765 2464 821 Natalis
2496 767 2553 822 S.
2578 765 2862 825 Johannis
2894 768 3184 842 Baptistae.

1925 852 2026 907 VII
2059 851 2182 908 Kal.
2221 854 2523 910 Translatio
2554 856 2609 911 S.
2647 857 2907 928 Remagli.

1924 939 1998 996 VI
2029 940 2152 996 Kal.
2201 942 2395 998 Romae
2443 943 2543 999 SS.
2604 949 2925 1019 martyrum
2976 946 3264 1004 Johannis
3307 951 3364 1004 et
3415 948 3578 1006 Pauli

1996 1029 2265 1099 fratrum,
2298 1034 2354 1086 et
2380 1030 2740 1099 Valentianis
2772 1034 2829 1090 8.
2864 1034 3018 1111 Salvi
3048 1037 3342 1109 martyris.

1924 1118 1973 1171 V
2006 1116 2127 1173 Kal.
2162 1119 2225 1174 In
2256 1118 2481 1191 Epheso
2512 1120 2784 1177 revelatio
2816 1122 2916 1180 SS.
2948 1142 3050 1180 vn.
3082 1124 3527 1183 dormientium.

1925 1207 1997 1263 IV
2028 1208 2221 1264 Romae
2253 1208 2310 1264 8.
2345 1208 2554 1266 Leonis
2582 1227 2744 1283 papae
2775 1215 2833 1267 et
2861 1212 3062 1286 vigilia
3090 1212 3509 1286 apostolorum.

1930 1297 2005 1354 III
2036 1297 2158 1353 Kal.
2192 1298 2292 1354 SS.
2320 1296 2912 1371 apostolorum'Petri
2955 1306 3012 1358 et
3057 1302 3242 1359 Pauli.
3276 1303 3576 1359 Fortunati

2000 1386 2255 1459 episcopi
2287 1391 2343 1442 et
2370 1386 2739 1445 confessoris.
2793 1390 2924 1447 Gero
2976 1390 3314 1449 Coloniensis
3356 1392 3577 1449 archie-

1997 1491 2267 1547 piscopus.

1927 1564 1976 1619 II
2007 1563 2132 1619 Kal.
2165 1563 2479 1620 Celebritas
2510 1566 2567 1620 S.
2602 1564 2784 1633 Pauli,
2817 1566 2877 1624 S.
2933 1566 3286 1625 Marcelliani
3316 1568 3575 1642 episcopi

1998 1656 2055 1708 et
2083 1652 2455 1710 confessoris.

2614 1744 2882 1801 JULIUS.

225 1827 507 1930 episcopi,
527 1832 596 1928 et
623 1827 960 1901 Symmetrii
1011 1826 1287 1901 episcopi.
1322 1828 1617 1927 Thiatsvith
1663 1846 1818 1885 soror
1848 1866 1894 1930 Β
1926 1830 2225 1930 Kalendas
2245 1830 2406 1888 Julii.
2442 1833 2633 1889 Romae
2665 1834 2722 1890 S.
2756 1834 2882 1890 Gaii
2912 1833 3251 1907 episcopi,et
3280 1834 3572 1906 SS.Fidei,

224 1926 423 1974 nostra
444 1916 602 1973 obiit.

152 2005 218 2061 V.
252 2005 380 2061 Kal.
416 2004 670 2062 Parisius
698 2004 980 2077 depositio
1015 2004 1072 2061 S.
1110 2004 1381 2061 German.
1416 2005 1700 2078 episcopi.

155 2094 230 2150 ιν
259 2093 650 2152 Kal.'l‘reviris
680 2093 961 2166 depositio
993 2094 1177 2150 sancti
1212 2094 1510 2150 Maximini
1533 2094 1810 2168 episcopi.

157 2185 230 2240 III
264 2183 392 2240 Kal.
426 2184 619 2239 Roma
648 2184 703 2238 S.
738 2182 941 2239 Felicis
971 2201 1130 2256 papae
1161 2188 1217 2239 et
1246 2188 1415 2239 mart.
1446 2201 1597 2240 XXVI.

158 2278 210 2329 II
238 2273 368 2330 Kal.
402 2274 594 2329 Romae
625 2273 684 2329 8.
716 2272 1039 2328 Petronilla:
1069 2272 1319 2345 virginis
1367 2277 1424 2329 et
1470 2274 1570 2330 SS.
1606 2277 1815 2346 marty-

227 2380 365 2420 rum
395 2362 581 2428 Canti,
613 2359 878 2417 Cantiani
907 2365 963 2418 et
994 2360 1375 2417 Cantianillae.

847 2458 1122 2515 JUNIUS.

161 2541 437 2599 Kalendis
464 2539 648 2598 Junii.
682 2541 741 2597 S.
774 2539 1064 2612 Pamphili
1096 2540 1391 2614 martyris,
1416 2542 1516 2597 SS.
1552 2541 1812 2597 Faustini

230 2631 490 2705 episcopi
521 2634 578 2686 et
606 2628 1198 2702 martyris,sociorum
1230 2630 1359 2701 ejus
1386 2630 1810 2697 Abundii,Gra-

227 2719 397 2787 tiani,
455 2718 709 2776 Secundi
779 2721 1126 2790 martyrum,
1183 2717 1379 2773 Juvini
1436 2720 1808 2776 confessoris.

191 2809 525 2880 .Adetgerus
569 2807 830 2864 diaconus
885 2807 1051 2863 obiit.
1120 2808 1303 2863 Hecil.
1366 2808 1811 2866 Commemoratio

226 2901 387 2956 Ηίυέε
412 2898 721 2955 abbatissa}.

160 2988 229 3044 IV
258 2989 474 3045 Nonas.
509 2986 701 3043 Romae
733 2984 941 3042 natalis
990 2986 1090 3041 SS.
1124 2989 1445 3058 martyrum
1491 2985 1809 3043 Marcellini

229 3083 287 3133 et
332 3076 487 3134 Pctri
530 3080 587 3132 et
631 3076 690 3131 S.
739 3075 997 3131 Martinaa
1046 3092 1180 3131 cum
1229 3074 1358 3131 aliis
1403 3093 1574 3131 XLVII.
1607 3077 1812 3132 Prebor

227 3169 405 3238 frater
425 3173 608 3222 noster
634 3166 793 3221 obiit.

164 3256 237 3312 III
265 3255 482 3311 Nonas.
518 3251 848 3327 Pergentini
877 3258 933 3310 et
962 3252 1296 3309 Laurentini
1328 3258 1566 3327 martyr.

162 3343 208 3400 II
237 3344 457 3400 Nonas.
492 3343 549 3398 8.
583 3341 807 3407 Quirini
839 3342 1097 3416 episcopi
1127 3348 1184 3398 et
1213 3343 1504 3415 martyris.

162 3432 375 3489 Nonas.
405 3430 682 3487 Fuldensi
715 3430 772 3486 in
804 3431 1067 3487 coanobio
1100 3429 1379 3486 Bonifacii
1411 3432 1681 3505 martyris
1712 3449 1810 3487 na-

230 3520 346 3577 tale
374 3519 700 3578 celebratur
729 3524 786 3575 et
813 3519 1030 3592 passio.
1078 3521 1142 3575 Et
1189 3519 1454 3577 dedicatio
1503 3522 1563 3575 in
1612 3521 1806 3577 Stabu-

226 3612 369 3668 laus.

155 3700 281 3757 VIII
314 3700 452 3756 Idus
484 3698 586 3755 SS.
619 3703 941 3772 martyrum
972 3697 1259 3755 Vincentii
1299 3703 1354 3755 et
1403 3697 1662 3771 Benigni.
1698 3701 1803 3755 Ra-

224 3791 414 3862 rlul/‘us
434 3791 608 3845 laicus
635 3790 912 3860 confrater
937 3796 1143 3844 noster.

155 3880 257 3936 VII
289 3880 448 3936 Idus.
482 3877 787 3934 Ordinatio
817 3876 1047 3933 Henrici
1078 3875 1233 3949 regis
1264 3875 1527 3932 secundi.

142 3968 228 4024 VVI
260 3968 416 4024 Idus.
450 3966 579 4023 Nat.
613 3967 716 4023 SS.
750 3966 1009 4023 Medardi
1037 3970 1093 4023 et
1121 3964 1400 4021 Gildardi.

153 4056 202 4110 V
231 4058 391 4114 Idus.
424 4055 620 4112 Romae
651 4056 752 4112 SS.
787 4055 965 4112 Primi
997 4060 1054 4110 et
1087 4053 1384 4111 Feliciani.

156 4146 226 4202 IV
252 4148 414 4203 Idus.
446 4146 505 4201 8.
539 4143 816 4201 Gethullii
848 4143 1144 4217 martyris.

155 4236 235 4294 III
262 4236 423 4292 Idus.
454 4238 511 4291 S.
545 4234 820 4291 Barnabas
850 4232 1135 4305 adjutoris
1157 4231 1501 4288 Pauli.Sicco
1525 4232 1805 4289 subdiaco-

223 4342 331 4381 nus
360 4325 516 4381 obiit.
548 4323 823 4396 Alfkerius
854 4331 904 4378 et
930 4322 1175 4395 Ricol/us
1203 4322 1501 4378 monachus
1531 4324 1686 4378 obiit.

158 4413 208 4469 II
266 4413 408 4470 Idus
462 4413 559 4470 SS.
610 4410 905 4481 Basilidis,
952 4410 1168 4485 Cyrini,
1228 4411 1494 4478 Naboris,
1555 4409 1801 4481 Nazarii,

227 4495 500 4574 Tripodis
528 4504 585 4557 et
603 4499 913 4557 Mandalis.

134 4590 318 4647 .ldus.
353 4590 410 4647 S.
443 4588 710 4647 Feliculze
738 4588 1003 4662 virginis.

156 4678 332 4735 XVIII
362 4678 651 4735 Kalendas
679 4677 841 4734 Julii.
877 4677 1077 4734 Passio
1108 4678 1210 4734 SS.
1242 4675 1455 4733 Valerii
1487 4681 1543 4733 et
1589 4678 1804 4757 Rufini.

126 4767 305 4825 XVII
339 4768 696 4824 Kal..Passio
725 4768 828 4846 SS_.
852 4767 989 4835 Viti,
1023 4767 1269 4823 Modesti
1297 4771 1353 4822 et
1382 4768 1739 4824 Crescentis.

154 4856 298 4913 XVI.
331 4856 454 4912 Kal.
487 4857 589 4914 SS.
640 4854 897 4924 Ferrioli,
930 4855 1305 4924 Ferrutionis,
1339 4854 1513 4911 Aurei
1563 4860 1619 4911 et
1664 4857 1804 4913 Jus-

222 4945 354 5003 tini.

155 5034 251 5089 XV
282 5033 404 5097 Kal.
438 5034 730 5108 Depositio
762 5034 821 5091 8.
853 5031 1000 5090 Aviti
1051 5032 1395 5106 presbyteri.
1429 5037 1485 5089 et
1530 5032 1804 5108 Diogenis

226 5123 523 5196 martyris.

156 5211 279 5268 XlV
312 5212 436 5269 Kal.
480 5214 675 5276 Rom
718 5213 820 5269 SS.
867 5216 1193 5286 martyrum
1242 5210 1420 5267 Marci
1467 5216 1523 5268 et
1566 5211 1806 5269 Marcel-

229 5300 390 5357 liani.
1528 5332 1533 5339 ο

158 5389 282 5447 XIII
312 5390 432 5447 Kal.
465 5390 791 5447 Mediolano
831 5390 1028 5465 passio
1075 5390 1135 5447 S.
1166 5388 1420 5446 Gervasii
1470 5394 1527 5446 et
1567 5390 1806 5446 Protha-

230 5496 300 5535 Sll
308 5522 321 5535 .

160 5567 289 5625 ΧΗ..
308 5568 434 5625 Kal.
465 5568 845 5626 AEdelberhtus
874 5568 1311 5642 archiepiscopus
1350 5567 1804 5641 Magadeburgen-

229 5660 303 5720 sis
329 5659 573 5722 ea:st
594 5659 831 5734 primus.

1996 1919 2151 1991 Spei,
2185 1919 2473 1989 Caritatis,
2506 1939 2639 1978 cum
2672 1922 2891 1994 Sophia
2922 1927 3105 1979 matre
3136 1939 3357 1980 earum.

1922 2008 1997 2063 VI
2029 2009 2243 2065 Nonas.
2278 2010 2470 2065 Romae
2503 2011 2602 2066 SS.
2652 2011 2911 2068 Processi
2956 2015 3013 2067 et
3040 2012 3394 2083 Martiniani,
3426 2018 3483 2070 et
3510 2014 3571 2071 S.

1995 2098 2398 2171 Monegundis.
2435 2097 2623 2155 Obitus
2652 2102 2893 2156 militum
2920 2101 2979 2155 S.
3010 2101 3392 2175 Mauricii,qui
3409 2104 3577 2159 occisi

1992 2194 2123 2242 sunt
2151 2188 2211 2241 in
2230 2188 2541 2257 Amaburg.

1922 2276 1971 2328 V
1999 2276 2214 2331 Nonas.
2247 2275 2573 2332 Translatio
2605 2277 2662 2333 S.
2696 2276 2933 2333 Thomas
2965 2277 3231 2351 apostoli.

1925 2365 1999 2420 IV
2028 2364 2243 2420 Nonas.
2274 2366 2556 2421 Festivitas
2586 2366 2642 2423 S.
2676 2365 2922 2423 Odalrici
2957 2368 3209 2440 episcopi.
3250 2367 3573 2425 Benedictus

1991 2471 2135 2526 papa
2161 2453 2314 2510 obiit.
2348 2442 2359 2452 ’

1924 2543 1972 2599 ΙΙ
2003 2542 2219 2599 Nonas.
2247 2543 2489 2599 Octavas
2518 2543 2950 2617 Apostolorum,
2985 2550 3041 2601 et
3085 2546 3144 2602 8.
3179 2545 3382 2603 Goaris
3430 2562 3574 2604 con-

1994 2632 2250 2689 fessoris.

1920 2723 2134 2778 Nonas.
2168 2722 2421 2779 Gerlacus
2448 2722 2764 2779 monachus.

1917 2812 2048 2867 VIII
2078 2810 2307 2867 Idus.In
2339 2811 2651 2867 Germania
2680 2813 2738 2868 S.
2771 2810 2990 2885 Cyliani
3021 2817 3077 2868 et
3104 2813 3398 2870 sociorum
3420 2814 3568 2886 ejus.

1918 2901 2021 2955 VII
2050 2900 2208 2955 Idus.
2241 2899 2303 2954 In
2338 2900 2579 2973 [Egypto
2610 2901 2807 2972 passio
2838 2901 3037 2973 Cyrilli
3068 2901 3344 2975 episcopi,
3368 2903 3573 2960 Proco-

1990 2990 2094 3062 pii,
2126 2992 2182 3043 et
2210 2989 2268 3043 8.
2304 2989 2513 3044 EtI'rem
2542 2989 2837 3056 monachi,
2871 2993 2927 3045 et
2957 2989 3163 3046 Briccii
3195 2991 3566 3049 confessoris.

1917 3078 1993 3133 VI
2023 3078 2184 3132 Idus.
2218 3076 2422 3154 Romae,
2443 3075 2636 3147 passio
2667 3076 2767 3141 SS,
2798 3094 2877 3131 vn
2909 3077 3153 3132 fratrum
3184 3077 3439 3135 ﬁliorum
3472 3080 3571 3137 Fe-

1992 3164 2251 3233 licitatis,
2280 3164 2339 3219 id
2389 3168 2478 3219 est
2526 3163 2799 3237 Philippi,
2831 3164 3061 3233 Vitalis,
3094 3166 3395 3235 Martialis,
3434 3168 3569 3225 Ale-

1839 3233 1883 3300 C
1989 3253 2218 3321 xandri,
2250 3253 2489 3321 Silvani,
2520 3254 2806 3323 Januarii,
2841 3253 3069 3311 Felicis.

1916 3346 1965 3399 V
1996 3345 2154 3401 Idus.
2187 3340 2516 3399 Translatio
2547 3343 2605 3397 S.
2630 3343 2924 3401 Benedicti
2949 3344 3197 3400 abbatis.

1916 3434 2009 3489 1V.
2039 3433 2198 3489 ldus.
2233 3432 2334 3488 SS.
2370 3433 2690 3504 Martyrum
2722 3431 2928 3488 Felicis
2957 3436 3016 3489 et
3045 3432 3348 3490 Primitivi.

1917 3522 2013 3579 III.
2050 3522 2207 3579 Idus.
2241 3522 2300 3577 8.
2325 3522 2661 3594 Margarette
2689 3521 2955 3594 virginis.

1917 3611 1966 3668 II
1997 3610 2158 3667 Idus.
2191 3609 2498 3666 Fridericus
2526 3609 2807 3666 diaconus.
2842 3610 2995 3667 Adiel
3018 3611 3306 3684 presbyter
3334 3610 3490 3669 obiit.

1916 3701 2071 3756 Idus.
2104 3699 2445 3756 Ekkihardus
2473 3698 2737 3755 diaconus
2763 3701 2920 3756 obiit.

1913 3790 2060 3846 XVII
2090 3788 2215 3844 Kal.
2257 3788 2527 3861 Augusti.
2588 3787 2793 3844 Hilarii
2850 3789 3143 3862 martyris.
3196 3789 3564 3847 Adelmannus

1982 3878 2263 3951 presbyter
2290 3878 2443 3934 obiit.

1912 3968 2035 4025 XVI
2065 3966 2189 4024 Kal.
2222 3967 2286 4023 In
2318 3967 2625 4041 Cartagine
2655 3966 2867 4025 natalis
2897 3969 2998 4025 SS.
3024 3968 3256 4042 Sperati
3285 3966 3563 4043 episcopi,

1985 4056 2289 4126 Martialis,
2319 4056 2601 4125 Januarii,
2636 4056 2847 4130 Cythii.

1912 4147 2008 4203 XV
2038 4146 2159 4203 Kal.
2191 4145 2463 4213 Vestarii,
2497 4144 2721 4213 Felicis,
2754 4145 3034 4218 Aquilini,
3066 4144 3564 4214 Jactantii,Gen8-

1983 4236 2126 4304 rosi,
2156 4235 2368 4302 Vestae,
2401 4235 2634 4290 Donata:
2666 4238 2722 4290 et
2752 4234 3031 4291 Secundae
3082 4239 3429 4307 martyrum.
3461 4231 3564 4287 Ar-

1906 4324 1925 4339 '
1985 4326 2128 4395 nulﬁ
2157 4325 2413 4395 episcopi.

1912 4413 2035 4470 XIV
2065 4410 2192 4467 Kal.
2225 4412 2280 4467 S.
2313 4410 2539 4467 Arsenii
2572 4410 2867 4480 monachi,

1910 4502 2037 4558 XIII
2066 4499 2192 4555 Kal.
2226 4498 2546 4556 Gemmetic
2570 4498 2632 4555 in
2664 4498 2868 4556 Galliis
2898 4500 2958 4555 S.
2994 4497 3294 4555 Philiberti
3309 4498 3557 4558 abbatis.

1833 4607 1879 4671 Β
1915 4591 2014 4647 XII
2046 4589 2171 4645 Kal.
2209 4589 2268 4645 S.
2316 4587 2589 4644 Praxedis
2636 4588 2901 4662 virginis,
2934 4587 3128 4661 passio
3177 4589 3236 4643 S.
3270 4587 3562 4661 Sympho-

1988 4697 2132 4737 rosae
2162 4695 2298 4735 cum
2326 4696 2427 4735 vn.
2463 4676 2619 4735 ﬁliis.
2654 4678 2801 4734 Obiit
2830 4678 2982 4734 Gisia
3010 4677 3135 4750 ﬁlia
3166 4676 3444 4733 Cuonradi
3472 4692 3559 4735 re-

1984 4786 2087 4841 gis.
3546 4828 3553 4835 .

1914 4858 1985 4914 XI
2017 4858 2139 4914 Kal.
2170 4858 2270 4914 SS.
2304 4860 2628 4930 martyrum
2680 4855 2923 4913 Sisinnii
2952 4859 3010 4912 et
3040 4854 3334 4928 Florentii,
3367 4854 3564 4913 Maria

1987 4944 2363 5022 Magdalenen.
2400 4944 2745 5002 Burchardus
2771 4945 3051 5018 presbyter
3079 4947 3262 5002 obiist.

1910 5036 1976 5091 X.
2010 5035 2138 5092 Kal.
2172 5036 2446 5091 Ravenna
2475 5034 2533 5089 8.
2564 5032 2959 5105 Appollinaris
2986 5034 3285 5108 martyris.

1911 5126 1984 5181 1X
2014 5124 2238 5180 Kal.-S.
2273 5122 2540 5178 Cristinaa
2568 5121 2834 5194 virginis,
2868 5126 2926 5179 et
2954 5124 3013 5180 8.
3046 5122 3365 5196 Simplicis.

1912 5214 2046 5269 VIII
2074 5211 2201 5267 Kal.
2235 5209 2498 5268 S.Jacobi
2528 5209 2725 5266 fratris
2755 5210 3370 5281 Domini,S.Johaunis
3391 5226 3562 5268 evan-

1987 5300 2229 5374 gelistae,
2260 5304 2317 5355 et
2346 5299 2442 5354 SS.
2474 5298 2726 5370 Georgii,
2755 5299 2994 5369 Aurelii,
3015 5300 3255 5356 Natalia
3285 5304 3342 5357 et
3370 5297 3563 5356 Chris-

1986 5389 2157 5445 tofori
2188 5390 2534 5459 martyrum.
2565 5387 2863 5461 Liudulfus
2889 5392 3168 5464 episcopus
3195 5390 3354 5447 obiit.

1914 5477 2019 5533 Vll
2046 5475 2174 5531 Kal.
2208 5476 2402 5532 Romae
2433 5476 2493 5531 S.
2526 5476 2825 5548 Eutyciani
2856 5494 3018 5550 papae
3064 5495 3240 5536 xxvn.
3269 5476 3372 5534 SS.
3406 5490 3564 5532 mar-

1987 5570 2184 5640 tyrum
2217 5563 2440 5622 Rustici
2469 5568 2524 5624 et
2554 5564 3073 5628 Florentii.Eodem
3104 5568 3198 5633 die
3225 5564 3567 5644 S.Fronymi

1989 5651 2265 5733 episcopi.
3266 5700 3273 5703 .
