3868 6204
279 315 434 383 “99

1064 313 1398 373 APPEND.
1442 311 1546 374 AD
1591 309 1774 370 SEC.
1821 308 1899 370 X.
1932 341 2007 353 —-
2037 306 2544 372 MONUMENTA
2586 309 2901 373 LITURG.

3537 307 3695 396 ἔξω

277 447 348 500 VI
380 446 503 501 Ιιῑτιι.
540 446 600 501 In
634 446 797 517 Syria
829 445 1118 502 Simeonis
1153 445 1449 514 monachi,
1484 446 1675 499 Romae
1707 442 1921 497 Aconei
1954 446 2005 509 Α
2036 440 2080 492 V
2115 440 2240 495 Kal.
2276 442 2469 496 Itomze
2502 442 2559 496 S.
2595 442 2960 511 Hermeticis,
3013 447 3071 498 S.
3104 441 3441 516 Augustini,
3477 441 3538 497 S.
3590 441 3697 498 Ju-

348 540 404 589 et
434 535 620 589 Emori
632 536 671 589 ti
704 540 1049 607 martyrum.

274 622 324 676 V
353 622 480 679 Kal.
514 624 711 683 Romae
741 622 1060 681 Innocentii
1090 639 1251 695 papa:
1283 640 1393 679 xm.
1427 622 1532 677 Asc
1557 621 1843 694 presbyter
1869 623 1925 675 et

348 716 695 785 praepositus.
1746 732 1749 735 ·

280 801 352 856 IV
382 802 510 857 Kal.
560 806 625 857 In
674 802 867 857 Africa
909 801 1137 868 Felicis,
1189 799 1496 871 Simplicii,
1551 796 1812 853 Faustini
1869 800 1927 851 et

349 888 646 959 Beatricis,
680 889 822 945 Lubi
856 889 1225 946 confessoris.
1264 890 1395 944 Βίοή
1436 889 1719 959 presbyter
1749 886 1927 939 laicus

346 977 502 1033 obiit.

276 1065 349 1120 III
380 1065 507 1125 Kal.
542 1066 736 1123 Romae
768 1068 966 1123 Abdon
1015 1070 1072 1122 et
1119 1066 1363 1134 Sennes,
1396 1069 1451 1121 et
1497 1064 1555 1121 S.
1588 1063 1718 1121 Ursi
1769 1062 1927 1135 epis.-

382 1171 499 1211 ODI.

275 1170 893 1304 11:51..Antissiodori
924 1243 1210 1317 depositio
1243 1243 1303 1298 S.
1346 1240 1619 1297 Germani
1669 1236 1927 1312 episcopi

347 1334 405 1387 et
436 1333 808 1391 confessoris.

898 1473 1297 1529 AUGUSTUS.

278 1596 403 1652 Kal.
436 1598 703 1670 Augusti.
740 1599 933 1652 Romae
966 1596 1179 1653 S.Petri
1210 1597 1280 1650 ad
1313 1594 1565 1661 vincula,
1598 1594 1788 1666 passio
1811 1594 1925 1649 Ma-

348 1686 715 1740 chabasorum
750 1704 848 1740 v11.
885 1686 1130 1741 fratrum
1163 1701 1297 1740 cum
1329 1689 1512 1739 matre
1542 1701 1669 1738 sua.

279 1774 350 1829 IV
382 1773 597 1828 Nonas.
633 1775 826 1829 Romae
862 1777 918 1830 S.
954 1773 1233 1846 Stephani
1266 1790 1425 1847 papa)
1457 1790 1617 1828 xxm.

277 1863 374 1917 III.
410 1862 622 1918 Nonas.
657 1862 1072 1935 Hierosolymis
1119 1862 1374 1918 inventio
1422 1862 1682 1933 corporis
1731 1863 1922 1932 proto-

349 1951 622 2024 martyris
653 1951 953 2025 Stephani.
989 1953 1331 2007 Thiatmarus
1360 1954 1512 2007 obiit.

275 2040 326 2095 ll
359 2040 571 2096 Nonas.
606 2041 799 2095 Romae
843 2042 900 2096 8.
933 2041 1083 2097 Justi
1137 2040 1477 2114 presbyteri,
1533 2039 1633 2112 qui
1682 2054 1925 2111 corpora

345 2133 681 2184 sanctorum
713 2129 963 2202 collegit.

271 2217 483 2273 Nonas.
520 2217 787 2273 Cassiani
811 2218 1089 2291 epiSCOpi,
1123 2217 1391 2274 Memmei
1425 2214 1764 2289 episcopi,et
1793 2214 1924 2271 Hol-

343 2305 521 2361 waldi
555 2306 729 2377 regis.

274 2394 402 2448 VIII
432 2394 589 2450 Idus.
623 2395 724 2450 SS.
760 2398 1080 2467 martyrum
1125 2396 1267 2451 Sixti
1317 2394 1595 2466 episcopi,
1631 2392 1922 2449 Felicissi-

346 2482 423 2535 mi
460 2487 515 2535 et
542 2482 792 2553 Agapiti,
827 2483 1044 2553 Magni,
1075 2483 1364 2543 Januarii.
1398 2483 1574 2545 Justi,
1610 2482 1883 2536 Pastoris.

272 2569 373 2623 VII
406 2570 564 2624 Idus.
600 2570 799 2624 Passio
830 2571 932 2625 SS.
968 2572 1172 2625 Donati
1218 2570 1498 2642 episcopi,
1529 2569 1745 2624 Elarini
1797 2587 1925 2624 mo-

344 2656 538 2721 nachi,
571 2661 626 2712 et
656 2658 714 2711 S.
744 2659 910 2712 Afra}.

273 2744 347 2799 VI
379 2744 534 2799 Idus.
568 2745 625 2799 S.
659 2745 880 2817 Cyriaci
914 2745 1139 2801 diaconi
1190 2751 1245 2801 et
1297 2746 1589 2819 martyris,
1623 2762 1755 2799 cum
1790 2743 1921 2800 aliis

340 2831 568 2904 viginti.
598 2832 943 2889 Hadamarus
969 2836 1257 2907 presbyter
1285 2834 1437 2889 obiit.

271 2921 321 2975 V
349 2920 502 2977 ldus.
538 2921 731 2977 Romae
762 2923 821 2977 S.
858 2923 1123 2993 Romani,
1159 2922 1333 2978 Firmi
1366 2926 1421 2979 et
1452 2923 1668 2978 Rustici
1704 2926 1919 2994 marty-

344 3026 445 3064 I‘IS.

271 3097 345 3155 IV
378 3098 531 3155 ldus.
553 3099 751 3155 Passio
783 3100 1142 3157 S.Laurentii
1177 3100 1537 3174 martyrisiet
1565 3098 1923 3156 levitas.0bitt

341 3187 665 3243 Thiadricus
691 3190 993 3262 presbyter.

274 3275 349 3333 III
411 3277 548 3332 Idus
606 3278 706 3332 SS.
785 3283 1107 3351 martyrum
1176 3277 1427 3334 Tiburtii
1493 3280 1549 3332 et
1612 3278 1917 3343 Susannaa,

340 3366 399 3420 8.
432 3365 733 3438 Gaugerici
768 3366 1021 3439 episcopi
1056 3372 1113 3424 et
1142 3367 1586 3435 confessoris,et
1618 3366 1919 3438 Radegun-

340 3453 452 3509 dis.
489 3457 620 3511 (iero
649 3463 702 3510 et
742 3456 967 3521 Waldo.,

266 3542 316 3597 II
344 3542 500 3599 Idus.
535 3543 598 3598 In
648 3543 880 3599 civitate
925 3546 1360 3610 Catanensium,
1409 3545 1604 3618 passio
1654 3545 1711 3600 S.
1748 3544 1915 3616 Eupli

338 3622 585 3686 diaconi.
646 3632 702 3687 S.
739 3633 998 3688 Cassiani
1046 3636 1330 3706 martyris.
1366 3635 1514 3689 Obiit
1564 3633 1917 3690 Walthardus

334 3722 637 3791 episcopus.

263 3808 419 3863 Idus.
453 3809 671 3874 Romae,
711 3808 813 3864 SS.
865 3815 1187 3883 martyrum
1248 3811 1463 3882 Ypoliti
1520 3816 1576 3866 et
1631 3812 1915 3881 Cassiani,

333 3896 619 3966 Wigherti
651 3897 1023 3953 confessoris.

261 3982 381 4038 XIX
410 3982 536 4038 Kal.
571 3984 951 4054 Septembris,
986 3986 1044 4041 S.
1079 3987 1311 4042 Eusebii
1348 3987 1685 4043 sacerdotis.

258 4072 433 4128 XVIII
466 4071 592 4128 Kal.
626 4073 964 4145 Assumptio
997 4075 1056 4130 S.
1093 4062 1200 4129 Dei.
1220 4074 1544 4147 genitricis.

258 4160 409 4216 XVII
440 4160 567 4217 Kal.
602 4161 659 4216 S.
691 4160 914 4215 Arnulfi
947 4162 1204 4234 episcopi
1235 4167 1292 4218 et
1319 4164 1698 4219 confessoris.

253 4249 375 4305 XVI
405 4248 534 4304 Kal.
567 4248 781 4305 Octava
810 4249 868 4305 S.
904 4250 1198 4305 Laurentii
1232 4254 1288 4306 et
1314 4252 1372 4305 S.
1416 4251 1751 4307 Mammetis
1794 4268 1914 4308 mo-
1955 4311 1974 4331 ο

328 4338 501 4393 nachi
536 4344 594 4393 et
623 4338 921 4410 martyris.

254 4426 351 4482 XV
384 4426 514 4481 Kal.
551 4427 751 4482 Passio
783 4428 840 4483 S.
874 4427 1101 4500 Agapiti
1136 4428 1430 4501 martyris.

2107 529 2247 584 liani
2283 531 2570 603 martyris.
2606 531 2923 587 Cuonradus
2948 533 3237 603 presbyter
3262 533 3419 588 obiit.

2034 616 2111 671 1V
2140 616 2269 673 Kal.
2318 618 2512 673 Roma
2565 620 2624 673 S.
2657 618 2884 676 Sabinae
2932 619 3231 692 martyris,
3276 623 3339 680 ,ει
3382 617 3697 681 ἀθροιιδίὲο

2107 706 2165 760 8.
2198 704 2444 762 Joannis
2476 706 2768 778 Baptistae.
3206 696 3212 702 ’

2035 793 2112 849 ΙΙΙ
2141 794 2267 850 Kal.
2304 794 2367 849 In
2396 795 2642 867 Apuleio
2671 795 2867 868 passio
2896 796 2950 852 S.
2984 794 3190 853 Felicis
3218 799 3276 859 et
3302 792 3572 859 Audacti.

2039 882 2085 937 Il
2119 882 2245 938 Kal.
2296 882 2547 939 Treviris
2596 883 2879 957 depositio
2928 884 2988 941 S.
3050 883 3275 947 Paulini
3320 882 3587 959 episcopi
3636 888 3694 945 et

2108 972 2462 1028 confessoris
2489 973 2635 1028 Justi
2663 980 2714 1028 et
2736 973 3064 1029 Clementis.

2624 1061 3094 1120 SEPTEMBRIS.

2036 1148 2279 1204 Kalend.
2313 1149 2693 1220 Septembris,
2724 1150 2785 1204 in
2813 1153 3009 1223 Capua
3034 1148 3290 1223 Aquaria
3339 1151 3443 1207 SS.
3477 1154 3695 1222 marty-

2108 1254 2240 1293 rum
2274 1237 2475 1308 Prisci,
2509 1238 2677 1306 Petri,
2712 1238 2939 1306 Felicis,
2974 1239 3200 1307 Donati,
3224 1238 3479 1303 Victoris
3510 1256 3524 1295 :
3556 1243 3693 1294 Sena

2110 1327 2228 1394 nis,
2262 1325 2435 1394 Lubi,
2468 1326 2609 1381 Sixti
2642 1332 2699 1381 et
2726 1326 2973 1383 Sinnicii
3004 1328 3440 1400 episcoporum.

2035 1416 2112 1470 IV
2159 1416 2375 1471 Nonas.
2439 1415 2541 1472 SS.
2600 1420 2924 1489 martyrum
2970 1415 3192 1479 Aniceti
3240 1421 3298 1479 et
3356 1415 3570 1480 Foniti,
3626 1421 3687 1479 et

2107 1505 2165 1560 8.
2196 1503 2347 1559 Justi
2379 1504 2791 1578 Lugdunensis
2818 1505 3093 1578 episcopi.
3114 1504 3418 1565 Helmricus
3444 1505 3684 1565 decenas

2104 1593 2263 1648 obiit.

2033 1682 2109 1737 ΙΙΙ
2140 1682 2353 1741 Nonas.
2388 1686 2443 1737 8.
2475 1681 2753 1738 Antonini
2786 1682 3083 1759 martyris.
3110 1684 3384 1756 Depositio
3411 1682 3470 1738 S.
3500 1684 3685 1741 Rm

2106 1771 2189 1840 gli
2214 1773 2453 1842 episcopi
2479 1778 2530 1829 et
2555 1773 2897 1842 confessoris.

2035 1859 2081 1914 II
2112 1858 2325 1914 Nonas.
2358 1862 2452 1915 SS.
2485 1864 2805 1933 martyrum
2839 1859 3091 1916 Marcelli
3114 1864 3180 1916 'et
3206 1860 3388 1917 Justi.
3423 1860 3683 1932 Eggihm

2102 1948 2204 2002 dus
2230 1948 2511 2020 presbyter
2538 1949 2678 2004 obiit
2702 1956 2754 2004 et
2777 1948 3149 2022 philosophus.

2033 2036 2246 2092 Nonas.
2280 2037 2504 2091 Vienna
2531 2041 2585 2091 8.
2620 2036 2856 2093 Ferrioli
2889 2037 3168 2112 episcopi,
3200 2037 3470 2115 Ferrutii,
3502 2038 3678 2107 Quin.

2105 2124 2233 2192 tini,
2268 2124 2528 2198 Ingenui.
2566 2125 2829 2195 Taurini,
2862 2126 3090 2195 Acensi,
3139 2124 3440 2185 Erculani.
3488 2128 3544 2183 S.
3590 2126 3679 2184 ι’ἰς-

2035 2215 2235 2269 ctorini
2259 2216 2524 2287 martyris
2551 2222 2603 2270 et
2627 2215 2884 2287 episcopi.

2034 2303 2136 2357 VII
2166 2302 2305 2358 Idus
2334 2307 2487 2375 Sept.
2522 2303 2742 2358 Evurtii
2772 2301 3053 2376 episcopi,
3082 2302 3381 2360 Clodoaldi
3422 2303 3592 2378 regis,
3624 2307 3681 2359 et

2106 2390 2335 2463 Reginae
2366 2391 2631 2464 virginis.
2665 2392 2720 2447 S.
2756 2391 3143 2455 Madalbertha,’
3168 2393 3431 2461 virginis.

2034 2481 2129 2535 \‘I.
2164 2480 2320 2535 Idus.
2355 2480 2684 2536 Nativitatis
2714 2480 2815 2536 Dei
2841 2477 3234 2553 igenitricis,8.
3265 2481 3508 2537 Adriani
3537 2498 3680 2545 mar-

2102 2567 2267 2640 tyris,
2300 2572 2356 2623 et
2386 2568 2697 2625 Corbiliani
2731 2568 3102 2624 confessoris.

2030 2658 2099 2711 V.
2134 2658 2295 2712 ldus.
2354 2661 2409 2713 8.
2469 2657 2743 2730 Gorgonii
2800 2658 3094 2731 martyris,
3152 2662 3212 2717 et
3263 2663 3321 2713 S.
3366 2658 3676 2715 Andomari

2102 2745 2382 2819 episcopi.
2683 2740 2687 2744 ’

2032 2834 2105 2889 IV
2136 2834 2294 2890 Idus.
2327 2837 2383 2888 S.
2416 2832 2590 2889 Salvii
2623 2834 2919 2908 martyris.

2031 2923 2107 2981 III
2138 2923 2295 2979 Idus.
2330 2923 2524 2981 Romae
2553 2926 2647 2977 SS.
2682 2914 3005 2996 martyrum
3054 2923 3251 2983 Prothi
3298 2928 3360 2981 et
3404 2924 3674 2994 Jacinthi,

2101 3011 2307 3069 Felicis
2336 3015 2393 3066 et
2423 3010 2673 3086 Regulae.
2707 3013 2871 3069 Adiel
2897 3014 3205 3085 presbyter
3231 3016 3408 3072 obiit.
3455 3015 3675 3074 W'aldo

2100 3101 2406 3173 episcopus
2436 3100 2602 3156 obiit.

1950 3175 1994 3243 C
2035 3189 2081 3245 II
2115 3189 2272 3245 ldus.
2305 3191 2597 3247 Heinricus
2625 3189 2991 3246 subdiaconus
3019 3190 3174 3247 obiit.

2028 3278 2184 3334 Idus.
2220 3277 2514 3350 Depositio
2538 3282 2595 3333 S.
2630 3277 2840 3333 Lidorii
2863 3278 3146 3354 episcopi.

2026 3366 2198 3422 XVIII
2228 3364 2955 3434 Kal.Octobris,Exaltatio
2984 3370 3039 3422 8.
3067 3367 3292 3437 Crucis,
3328 3372 3387 3429 et
3414 3369 3511 3423 88.
3541 3367 3667 3423 Cor-

2100 3454 2237 3513 nelii
2266 3459 2322 3510 et
2350 3453 2643 3529 Cypriani.

2026 3543 2175 3599 XVII
2206 3544 2331 3600 Kal.
2364 3549 2420 3599 8.
2454 3543 2808 3600 Nicomedis.

2024 3633 2148 3688 XVI
2180 3632 2303 3691 Kal.
2336 3632 2534 3690 Passio
2591 3636 2647 3688 8.
2708 3633 3063 3706 Euphemiaa,
3114 3639 3173 3689 et
3229 3638 3329 3691 88.
3385 3635 3566 3696 Lucie
3618 3639 3674 3695 et

2096 3721 2471 3778 Germiniani.
3584 3757 3595 3761 -

2025 3811 2141 3867 XV.
2178 3809 2307 3865 Kal.
2342 3811 2544 3869 Passio
2576 3810 2890 3868 Landberti
2921 3811 3201 3885 episcopi.

2024 3901 2149 3956 XIII
2179 3899 2306 3956 Kal.
2340 3904 2404 3955 In
2435 3899 2756 3972 Campania
2802 3900 3000 3973 passio
3045 3903 3103 3956 S.
3152 3901 3444 3969 Januarii,
3496 3902 3671 3963 Theo-

2097 3988 2222 4043 dori
2253 3987 2531 4061 episcopi,
2564 3994 2659 4044 88.
2693 3994 3014 4067 martyrum
3050 3989 3275 4053 Fausta:
3322 3995 3384 4045 et
3425 3988 3669 4058 Evilasii,

2096 4081 2152 4133 et
2179 4081 2237 4132 8.
2272 4076 2617 4132 Eustochiae.
2650 4076 2707 4132 S.
2764 4078 3031 4133 Florentii
3072 4079 3318 4151 episcopi
3365 4086 3417 4139 et
3469 4086 3668 4151 marty-

2096 4182 2176 4221 ris
2185 4207 2197 4219 .

2022 4254 2117 4311 XII
2149 4254 2274 4310 Kal.
2309 4253 2524 4329 Vigilia
2570 4259 2627 4309 8.
2677 4254 2932 4315 Mattheei
2981 4255 3227 4327 apostoli
3276 4260 3336 4311 et
3388 4254 3665 4333 evangeli-

2095 4348 2212 4405 stas.

2021 4433 2091 4488 XI
2123 4431 2243 4487 Kal.
2280 4432 2409 4487 Nat.
2467 4437 2525 4487 8.
2577 4431 2833 4487 Matthaei
2881 4432 3128 4504 apostoli
3170 4436 3230 4488 et
3285 4431 3663 4513 evangelista.

252 4516 377 4571 XIV
412 4515 537 4610 Kal.
572 4520 635 4569 In
666 4515 971 4610 alexandri
1027 4517 1085 4571 S.
1111 4517 1318 4610 Magni
1364 4517 1656 4592 martyris,
1702 4517 1907 4574 Felicis
1937 4542 1987 4610 Β
2090 4521 2431 4610 Egyihardus
2447 4523 2726 4594 presbyter
2753 4522 2909 4577 obiit.
3602 4543 3615 4549 ο

324 4608 380 4659 et
409 4603 729 4659 Fortunati.
764 4604 1058 4676 Liudulfzts
1087 4606 1369 4661 diaconus.

252 4692 378 4748 XIII
408 4692 533 4748 Kal.
568 4694 626 4747 S.
664 4693 896 4748 Maximi
930 4694 1300 4749 confessoris.

249 4781 345 4835 XII
378 4780 503 4855 Kal.
554 4782 612 4837 8.
661 4781 951 4837 Timothei
1010 4785 1069 4836 et
1127 4782 1185 4837 S.
1237 4781 1646 4854 Symphoriani
1680 4786 1896 4855 marty-

322 4886 475 4923 rum.

248 4958 293 5013 X
327 4956 451 5010 Kal.
488 4962 546 5009 In
582 4958 810 5014 civitate
860 4962 1012 5029 Agea
1050 4961 1148 5015 SS.
1182 4959 1492 5025 Timothei,
1530 4958 1895 5031 Apollinarii,

317 5044 562 5111 Claudii,
595 5048 864 5112 Austerii,
898 5054 951 5101 et
982 5048 1214 5102 Neonis.

242 5135 367 5189 VIII
408 5132 600 5187 Kal.ln
636 5134 798 5187 India
830 5136 1022 5206 passio
1059 5137 1457 5191 Bartholomaei
1491 5132 1758 5208 apostoli,
1793 5137 1897 5193 Ge-

313 5222 460 5279 nesii
492 5223 787 5294 martyris,
911 5225 1167 5279 Audoeni
1203 5224 1734 5297 episcopi.Arelato
1766 5243 1895 5299 pas-

312 5314 397 5370 sio
430 5314 487 5368 S.
522 5310 749 5367 Genesii
784 5311 1073 5383 martyris.
1110 5314 1256 5368 Obiit
1286 5315 1583 5369 Lundoltus
1609 5330 1802 5370 comes.

2016 4611 2061 4665 X
2091 4609 2216 4667 Kal.
2249 4610 2449 4667 Passio
2505 4615 2600 4665 88.
2662 4615 2989 4685 martyrum
3047 4611 3339 4680 Mauricii,
3382 4609 3667 4686 Exuperii.

2080 4698 2345 4767 Candidi,
2364 4699 2636 4764 Victoris,
2660 4699 3005 4767 Innocentii,
3028 4698 3237 4763 Vitalis
3267 4705 3326 4755 et
3352 4716 3690 4763 VLMDCLVI-

2079 4788 2396 4843 sociorum.
2432 4788 2643 4843 Eodem
2675 4788 2765 4843 die
2798 4788 3155 4848 Radesbonaa
3206 4791 3265 4847 8.
3306 4788 3667 4849 Em‘meram—

2079 4875 2160 4930 mi
2217 4875 2517 4948 martyris,
2575 4876 2917 4932 Luitdrudis
2971 4877 3242 4949 virginis.
3298 4870 3669 4950 Wuifhardus

2086 4980 2342 5036 epscopus
2373 4964 2533 5026 obiit.

2013 5055 2083 5111 IX
2112 5054 2238 5110 Kal.
2285 5055 2479 5111 Romae
2534 5059 2593 5110 8.
2656 5055 2780 5110 Lini
2840 5072 3051 5128 papae:
3108 5059 3245 5128 post
3301 5056 3563 5127 Petrum,
3605 5059 3657 5112 et

2075 5147 2133 5198 S.
2168 5141 2351 5197 Decim
2382 5143 2652 5216 virginis.

2002 5231 2133 5287 VIII
2163 5230 2291 5288 Kal.
2325 5231 2638 5304 Conceptio
2668 5237 2724 5289 8.
2756 5232 3002 5288 Joannis
3043 5233 3341 5307 Baptista.
3371 5238 3429 5291 8.
3465 5233 3656 5295 Ruod-

2074 5321 2223 5376 herti
2254 5319 2537 5394 episcopi,
2570 5326 2625 5377 et.
2654 5326 2709 5377 S.
2744 5322 2930 5385 Eonii.

242 5402 345 5458 VII
374 5401 499 5458 Kal.
535 5401 731 5457 Romae
776 5399 880 5455 SS.
932 5401 1136 5455 Erenei
1186 5407 1241 5456 et
1296 5403 1540 5458 Abundi.
1577 5404 1895 5460 Liutharius
2005 5410 2108 5465 VII
2137 5408 2266 5466 Kal.
2302 5409 2499 5466 Passio
2531 5411 2590 5467 S.
2627 5409 2888 5467 Firmini.

311 5493 595 5565 presbyter
621 5490 777 5547 obiit.

241 5578 334 5643 Vl.
366 5581 493 5640 Kal.
532 5583 596 5639 I‘n
625 5581 823 5656 Capua
852 5580 910 5640 S.
946 5580 1078 5638 Rufi
1114 5579 1410 5655 martyris.

2003 5499 2079 5554 VI
2110 5498 2236 5554 Kal.
2270 5499 2359 5554 SS.
2398 5503 2720 5573 martyrum
2752 5499 3023 5573 Cypriani
3054 5504 3113 5557 et
3141 5501 3410 5565 Justinie.

2001 5587 2051 5648 V
2082 5586 2207 5645 Kal.
2242 5586 2446 5645 Passio
2490 5587 2712 5645 Cosme
2761 5593 2818 5647 et
2866 5589 3158 5662 Damiani,
3192 5596 3251 5652 et
3299 5595 3357 5647 8.
3392 5591 3658 5663 Timothe
