3868 6204
3306 367 3463 433 1210

1735 496 1788 567 Α
1814 498 1964 555 XVII
1996 499 2120 556 Kal.
2154 501 2213 556 S.
2247 499 2545 556 Valentini
2578 500 2833 574 episcopi
2864 506 2921 558 et
2952 503 3321 562 confessoris.

1811 588 1934 644 XVI
1966 587 2085 644 Kal.
2119 590 2176 644 8.
2212 589 2420 663 Ignatii
2452 590 2708 663 episcOpi
2737 595 2794 648 et
2825 593 3117 666 martyris.

1812 676 1907 732 XV
1955 676 2079 732 Kal.
2129 678 2187 733 S.
2239 677 2522 750 Simplicii
2572 678 2851 753 episcopi.
2907 682 3005 737 Sol
3061 683 3119 736 in
3180 682 3461 757 Capricor-

1226 348 1796 429 MAaTYaotoc:
1842 363 2277 430 ANTISSIOD.

245 502 554 560 December
579 502 740 559 habet
767 500 901 573 dies,
932 518 1084 568 χχχι,
1120 499 1310 556 lunam
1337 516 1489 556 χχιχ.

3 591 141 648 Kal.
213 592 595 650 Decembris.
648 593 991 648 Sanctorum
1054 593 1378 663 martyrum
1432 588 1701 656 Crisanti,

82 681 329 750 Mauri,
358 680 546 737 Datim
577 680 872 752 martyris,
903 678 1074 752 Eligii
1104 677 1379 751 episcopi.

3 770 84 825 IV
114 770 371 827 Nonas.
402 770 460 826 8.
496 768 741 841 Longini
775 766 979 824 militis
1008 771 1065 823 et
1094 766 1389 839 martyris.

3 860 87 915 III
119 859 375 915 Nonas.
406 859 466 915 8.
501 857 662 914 Lucii
696 856 849 930 regis
880 862 938 913 et
966 856 1340 912 confessoris.

4 950 57 1005 II
86 950 339 1005 Nonas.
376 948 432 1003 S.
472 948 738 1004 Barbarie
767 945 1013 1019 virginis
1042 950 1099 1001 et
1129 945 1424 1017 martyris.

4 1037 251 1093 Nonas.
288 1038 361 1093 S.
393 1035 665 1092 Talmatii
687 1035 985 1108 martyris.

10 1126 152 1183 VIII
185 1126 372 1183 Idus.
406 1126 465 1181 8.
496 1124 717 1182 Nicolai
745 1123 1001 1198 episcopi
1028 1127 1086 1179 et
1110 1121 1507 1194 Hermogenis.

8 1215 120 1273 VII
186 1215 372 1272 ldus.
430 1215 644 1271 Octava
696 1218 753 1269 8.
802 1214 1044 1269 Andreas
1100 1209 1368 1284 apostoli,
1428 1210 1705 1267 Mauturii

90 1304 424 1378 martyris.

14 1394 94 1451 VI
128 1394 313 1450 Idus.
350 1393 700 1450 Sanctorum
746 1392 1151 1448 confessorum
1198 1389 1509 1457 Eutioiani,
1535 1389 1710 1445 Euse-

92 1483 185 1538 bii
229 1487 298 1539 et
327 1482 765 1555 episcoporum.

20 1572 70 1625 V
97 1572 276 1629 Idus.
316 1572 423 1629 88.
452 1574 780 1643 martyrum
810 1568 987 1636 Petri,
1018 1568 1305 1624 Successi.

3 366 178 432 {m9

1883 783 2043 821 mum
2050 809 2062 821 .

1813 854 1955 910 XIV.
1990 854 2116 910 Kal.
2150 856 2208 911 8.
2242 856 2514 923 Secundi,
2546 857 2758 912 Zozimi
2793 859 3086 931 martyris.

1885 944 2012 1000 XIII
2047 944 2171 1000 Kal.
2203 944 2261 999 S.
2295 945 2588 1001 Anastasii
2622 946 2880 1020 episcopi
2910 952 2967 1003 et
2996 949 3345 1009 confessoris
3370 951 3463 1008 Vi-

1885 1032 2046 1105 gilia.

1814 1121 1914 1177 XII
1944 1121 2066 1178 Kal.
2121 1122 2177 1178 S.
2233 1122 2447 1181 Thom
2487 1125 2717 1198 apostoli
2760 1126 2821 1183 in
2873 1125 3046 1181 India.
3080 1126 3469 1187 HILDIGRIMUS

1885 1226 2197 1268 EPISCOPUS
2207 1255 2219 1269 .

1815 1300 1889 1356 XI
1918 1299 2046 1356 Kal.
2079 1301 2137 1355 S.
2173 1301 2511 1358 Theodosia
2541 1303 2805 1375 virginis.

1815 1388 1861 1444 X
1890 1388 2018 1444 Kal.
2052 1390 2110 1444 8.
2144 1388 2412 1446 Victoriae
2440 1390 2684 1464 virginis
2714 1396 2772 1448 et
2801 1393 3099 1466 martyris.

1819 1477 1889 1532 IX
1920 1477 2043 1533 Kal.
2080 1476 2288 1550 Vigilia
2318 1477 2539 1535 Natalis
2571 1479 2822 1537 Domini.

1816 1565 1943 1621 VIII
1976 1566 2099 1622 Kal.
2132 1566 2433 1624 NATIVITAS
2472 1568 2688 1625 DOMINI
2727 1587 2924 1628 nosrm
2960 1570 3101 1630 Jssu
3139 1572 3395 1631 CHRISTI.

21 1661 100 1716 1V
128 1661 312 1718 Idus.
350 1660 409 1716 S.
442 1657 680 1715 Eulalia»
706 1657 952 1731 virginis
979 1661 1038 1713 et
1065 1657 1359 1729 martyris.
1816 1654 1920 1711 VII
1950 1655 2074 1711 Kal.
2107 1656 2322 1713 Natalis
2350 1658 2409 1712 S.
2441 1657 2710 1730 Stephani
2730 1667 3170 1733 protomartyris.

24 1751 104 1807 III
137 1751 319 1807 Idus.
356 1750 415 1806 8.
449 1748 686 1805 Damasi
716 1763 901 1821 papas.
1616 1764 1621 1769 τ
1817 1743 1892 1799 VI
1924 1744 2046 1800 Kal.
2079 1747 2134 1802 S.
2165 1747 2438 1802 Johannis
2467 1749 2699 1819 apostoli
2725 1757 2777 1806 et
2804 1750 3176 1821 evangelista.

26 1840 82 1897 II
138 1840 320 1896 Idus.
386 1839 445 1893 S.
505 1836 731 1935 Piniani
797 1834 1054 1908 episcopi
1120 1838 1178 1890 et
1233 1834 1525 1907 martyris.
1585 1835 1710 1890 Dies
1740 1832 2149 1940 Diligat}?
2182 1835 2591 1940 inaccenti'nm
2623 1841 2970 1938 martyrum.

102 1929 345 2000 £gypt.
510 1928 521 1935 ’
1740 1920 1788 1940 ³³
1823 1920 1898 1977 [ν
1926 1921 2053 1978 Kal.
2088 1924 2148 1979 S.
2182 1922 2386 1979 Felicis
2418 1940 2580 1996 papas
2608 1929 2665 1981 et
2694 1926 2987 1999 martyris.

32 2017 198 2075 ldus.
235 2018 306 2073 S.
345 2014 535 2072 Lucim
564 2013 809 2087 virginis
831 2017 891 2069 et
917 2012 1213 2086 martyris.
1823 2014 1901 2066 III
1929 2011 2050 2067 Kal.
2084 2012 2142 2068 8.
2178 2012 2445 2083 Perpetui
2477 2012 2737 2085 episcopi
2771 2015 3148 2072 Turonensis.

36 2106 161 2162 XIX
194 2105 337 2161 Kal.
371 2104 569 2161 Jan.S.
592 2102 808 2159 Nicasii
838 2102 1094 2175 episcopi
1124 2105 1182 2158 et
1210 2101 1590 2158 confessoris.
1824 2105 1874 2156 ll
1901 2100 1962 2157 S.
1995 2099 2257 2157 Silvestri
2288 2117 2471 2174 papas,
2507 2101 2801 2161 Columba:
2830 2103 3091 2179 virginis.

38 2194 246 2253 XVIII.
284 2193 489 2251 Kal.S.
522 2191 819 2249 Aureliani
844 2190 1099 2264 episcopi
1132 2194 1191 2247 et
1216 2190 1718 2247 confessoris.Dies

115 2285 354 2357 ευριπ.

304 2615 1173 2707 MARTYROLOGlUM
1242 2613 1670 2704 lNSlGNlS
1727 2613 2225 2709 ECCLESUE
2283 2616 3236 2711 ANTISSIODOREN‘SIS

1561 2830 1934 2845 -ᾐ

682 2991 1102 3050 JANUARIUS.

277 3084 421 3141 Jani
442 3083 628 3155 prima
658 3081 775 3139 dies
800 3089 853 3140 et
878 3083 1102 3154 septimo
1130 3081 1240 3151 ﬁne
1267 3081 1508 3137 timetur.

66 3169 352 3228 Kalendis
380 3169 1026 3228 Januari.Circumcisio
1054 3174 1112 3226 et
1141 3173 1344 3226 octava
1372 3168 1605 3225 Domini
1624 3185 1725 3225 no-

138 3259 243 3315 stri
277 3261 423 3317 Iesu
454 3260 708 3316 CHRISTI.
734 3260 928 3315 Romae
959 3258 1312 3314 S.Almachii
1343 3257 1641 3331 martyris,
1665 3263 1724 3314 et
1782 3328 1787 3337 .

139 3345 1581 3422 S.Martinaavirginisetmartyris.ApudSpoletum
1594 3345 1727 3401 civi-

139 3440 327 3495 tatem
340 3438 537 3512 passio
547 3436 914 3494 S.Concordii
925 3436 1391 3509 martyrishpud
1404 3439 1722 3491 Caesaream

1750 2992 1793 3059 α
1824 2990 2004 3047 Nonis
2034 2991 2476 3049 Januar.Romaa
2510 2993 2721 3055 natalis
2751 2995 2937 3051 sancti
2958 2994 3292 3068 Telesphori
3318 3014 3482 3071 papa

1902 3084 1961 3135 et
1988 3081 2282 3154 martyris.
2313 3081 2687 3155 Jerosolymaa
2734 3084 2794 3143 B.
2830 3084 3118 3141 Simeonis
3166 3085 3482 3159 propheta,

1902 3168 2002 3240 qui
2036 3169 2348 3225 Dominum
2380 3174 2646 3226 nostrum
2675 3171 2865 3227 JESUM
2905 3172 3206 3231 Cumarum
3227 3172 3293 3233 in
3311 3173 3484 3233 ulnas

1905 3259 2315 3330 accepit.Apnd
2347 3258 2713 3315 Antiochiam
2737 3259 2796 3316 in
2817 3260 3063 3320 ecclesia
3090 3278 3219 3334 quae
3244 3266 3485 3323 vocatur

1904 3348 2268 3414 Pmnitentia,
2302 3348 2588 3421 depositio
2640 3349 2929 3405 Simeonis
2973 3350 3246 3407 monachi
3290 3350 3391 3425 qui
3422 3352 3482 3408 in

1904 3436 2179 3492 columna
2204 3438 2381 3492 stetit.

141 3526 522 3601 Cappadocia:
554 3526 767 3583 natalis
795 3527 855 3582 8.
888 3524 1088 3582 Basilii
1118 3523 1374 3597 episcopi
1406 3528 1463 3579 et
1493 3523 1724 3580 confes—

141 3617 392 3674 soris.ln
442 3615 630 3672 Africa
675 3613 888 3671 natalis
936 3615 995 3670 8.
1042 3611 1331 3686 Fulgentii
1380 3612 1637 3685 episcopi
1669 3616 1727 3668 et

141 3705 518 3761 confessoris.
542 3704 712 3776 Apud
742 3702 1152 3759 Alexandriam
1178 3702 1237 3758 8.
1260 3700 1581 3758 Eufrosinae
1609 3701 1725 3756 vir-

141 3792 318 3867 ginis.
355 3795 421 3850 ln
476 3793 770 3848 territorio
821 3789 1201 3865 Lugdunensi
1248 3789 1483 3845 natalis.
1519 3790 1577 3845 8.
1612 3790 1724 3845 Eu-

142 3884 319 3955 gendi
354 3881 583 3939 abbatis
616 3882 899 3937 Ravennae
931 3879 1189 3937 S.Severi
1221 3877 1476 3951 episcopi
1498 3882 1556 3934 et
1576 3895 1727 3935 mar-

139 3972 307 4044 tyris.
344 3973 489 4029 Item
515 3971 788 4027 Romanis
821 3974 1142 4042 martyrum
1163 3985 1294 4023 xxx.

213 4061 367 4117 Obiit
415 4062 669 4117 Robertus
720 4061 909 4115 Levita.
945 4065 996 4114 et
1039 4059 1354 4114 canonicus.
1387 4057 1513 4129 Ipsa
1549 4056 1638 4113 die
1666 4060 1728 4113 in

140 4151 419 4206 territorio
445 4150 797 4214 Arvernensi,
829 4147 1069 4204 coenobio
1094 4146 1418 4213 Silviniaco,
1467 4145 1728 4218 depositio

140 4236 331 4294 damni
362 4237 639 4294 Ordilonis
671 4237 1055 4293 Cluniacensis
1085 4236 1316 4291 abbatis.

77 4322 145 4378 IV
398 4325 756 4428 ‘Januar'i‘iJn
779 4324 1074 4428 T'lieb‘aide
1103 4322 1391 4428 depostt'io
1416 4322 1571 4428 beati
1605 4324 1725 4423 ψι-
1753 4362 1803 4428 D

143 4412 329 4470 cbarii
362 4414 687 4471 abbatis.Et
715 4413 775 4470 in
806 4413 988 4469 Ponto
1019 4412 1251 4469 civitate
1282 4411 1524 4468 Thomis
1545 4404 1725 4469 trium

145 4500 393 4560 fratrum
441 4503 632 4576 Argei,
673 4500 955 4569 Narcissi,
984 4505 1043 4558 et
1090 4499 1408 4557 Marcellini
1459 4500 1626 4574 pueri
1673 4506 1730 4558 et

147 4598 322 4648 mart.
359 4594 422 4647 in
453 4591 640 4648 Frisia
667 4591 864 4665 passio
896 4590 956 4646 8.
990 4589 1307 4665 Theaginis
1338 4591 1632 4664 martyris.

86 4675 158 4731 III
189 4680 389 4738 Nonas
418 4680 658 4738 Januar.
692 4680 890 4737 Roman
922 4678 1136 4735 natalis
1167 4679 1225 4734 8.
1257 4678 1545 4735 Antheros
1565 4695 1728 4757 papae

147 4771 204 4823 et
233 4769 529 4842 martyris.
563 4769 826 4825 Parisius
864 4767 1149 4840 depositio
1181 4771 1395 4823 sanctae
1428 4768 1727 4825 Genovefae

146 4856 412 4932 virginis.
443 4859 506 4914 In
533 4858 765 4914 civitate
790 4857 1018 4913 Aulana
1064 4856 1261 4929 passio
1309 4857 1368 4912 S.
1399 4856 1573 4923 Petri,
1626 4857 1729 4931 qui

148 4947 349 5004 crucis
370 4946 659 5019 supplicio
700 4949 791 5003 est
836 4945 1242 5017 interemptus.
1275 4945 1511 5001 Viennae
1542 4943 1729 5002 sancti

149 5033 433 5092 Fiorentii'
449 5035 731 5108 episcopi.
799 5104 803 5108 _

218 5123 368 5181 Obiit
396 5124 723 5182 Gislebertus
752 5125 1031 5196 episcopis
1060 5130 1111 5180 et
1140 5122 1378 5180 Abienus
1397 5121 1731 5179 archidiaco-

147 5225 269 5269 nus.

88 5293 266 5357 Pridie
298 5318 486 5359 nonas
513 5302 754 5359 Januar.
786 5301 955 5373 Apud
1003 5302 1231 5357 Cretam
1282 5298 1495 5355 natalis
1526 5300 1581 5355 8.
1616 5298 1728 5355 Titi

153 5389 547 5460 apostolorum
599 5388 898 5461 discipuli.
950 5389 1146 5444 Romae
1185 5388 1287 5444 88.
1323 5391 1493 5444 mart.
1546 5386 1728 5443 Prisci

155 5480 471 5553 presbyteri
501 5484 562 5535 et
590 5477 939 5534 Priscilliani
971 5482 1028 5534 et
1058 5476 1381 5533 Benedicta;
1411 5475 1727 5549 religiosis-

155 5564 310 5624 sima
340 5567 570 5625 feminae
600 5571 658 5623 et
687 5568 871 5623 beatae
901 5566 1154 5645 Dafrosaa
1185 5564 1480 5638 martyris,
1504 5569 1561 5621 et
1589 5564 1729 5621 alio-

160 5666 278 5710 rum
307 5672 383 5711 vu
415 5659 590 5712 mart.

1978 3525 2128 3581 Obiit
2180 3526 2457 3581 Ebrardus
2513 3527 2671 3582 subd.
2713 3534 2764 3582 et
2816 3543 3035 3594 canon.,
3086 3530 3182 3602 qui
3226 3528 3368 3593 datis
3424 3532 3485 3587 in

1904 3614 2208 3671 claustrum
2236 3615 2547 3687 faciendum
2579 3633 2611 3670 c
2639 3616 2848 3683 solidis,
2887 3616 3034 3675 dedit
3061 3620 3227 3675 ctiam
3266 3617 3487 3675 domum

1902 3719 2060 3759 suam
2086 3706 2366 3759 canonicis
2393 3713 2446 3760 et
2473 3707 2682 3773 vineas,
2715 3707 2813 3762 hoc
2855 3712 3011 3778 pacto
3052 3713 3113 3765 ut
3153 3709 3353 3779 fratres
3394 3711 3486 3765 sui

1904 3795 2354 3849 anniversarium
2375 3794 2493 3865 ejus
2521 3793 2665 3850 diem
2697 3795 2825 3851 inde
2850 3797 3115 3867 facerent,
3143 3803 3195 3855 et
3233 3798 3487 3854 canonici

1904 3884 2184 3938 canonicis
2210 3884 2558 3955 refectionem
2601 3885 2985 3955 persolverent.
3016 3885 3181 3956 Quod
3214 3887 3266 3941 si
3306 3888 3497 3959 facere.

1904 3980 2236 4037 recusarent,
2276 3975 2533 4031 canonici
2574 3972 2795 4031 domum
2840 3981 2891 4030 et
2931 3976 3118 4035 vineas
3145 3975 3253 4031 sibi
3278 3977 3485 4048 accipe-

1906 4068 2044 4127 rent,
2077 4068 2128 4116 et
2155 4064 2604 4118 anniversarium
2632 4063 2775 4119 idem
2802 4079 2927 4119 eum
2955 4064 3309 4137 elemosynis
3327 4071 3380 4121 et
3404 4081 3486 4121 re-

1904 4152 2134 4221 fectione
2159 4151 2511 4207 celebrarent.

1833 4239 1958 4295 Vm
1994 4240 2128 4295 ldus
2156 4238 2773 4313 Januarii.Epiphania
2802 4240 3033 4296 Domini
3064 4239 3268 4296 nostri.
3299 4243 3360 4294 In
3403 4240 3484 4296 ci-

1902 4327 2078 4383 vitate
2107 4328 2422 4384 Antioch‘iaa
2444 4328 2656 4385 natalis
2678 4328 2865 4385 sancti
2892 4327 3105 4384 Iuliani
3136 4325 3408 4400 martyris
3429 4331 3488 4383 et

1908 4415 2195 4471 Basilissae
2227 4420 2283 4470 et
2312 4416 2461 4471 Celsi
2488 4416 2649 4488 pueri
2681 4421 2739 4472 et
2767 4415 3159 4483 Marcianillm,
3179 4419 3235 4470 et
3251 4413 3486 4471 Antonii

1909 4504 2228 4576 presbyteri
2279 4509 2335 4559 et
2390 4503 2681 4560 Anastasii
2712 4509 3054 4577 martyrum.
3089 4508 3153 4559 In
3196 4502 3484 4560 territorio

1910 4591 2180 4649 Rcmensi
2215 4594 2410 4665 passio
2441 4597 2652 4649 sancte
2685 4594 2910 4667 Magna:
2939 4591 3486 4665 virginis.Antissio-

1909 4682 2046 4738 dero
2078 4681 2385 4738 translatio
2412 4683 2599 4737 sancti
2627 4682 2899 4739 Germani
2931 4680 3304 4736 confessoris.

1980 4770 2129 4827 Obiit
2155 4771 2409 4828 dominus
2447 4772 2523 4828 W.
2556 4773 2716 4846 hujus
2760 4778 2963 4828 sancta
3001 4770 3239 4829 ecclesia:
3282 4770 3486 4841 episco-

1884 4876 2029 4932 pus.
2062 4862 2180 4933 Ipso
2206 4861 2293 4917 die
2328 4861 2609 4917 Wadricus
2634 4862 2793 4916 miles
2816 4860 2881 4917 de
2914 4859 3190 4915 Warziaco
3216 4857 3369 4916 obiit.

1835 4947 1937 5004 VII
1967 4950 2103 5005 Idus
2131 4949 2371 5005 Januar.
2408 4948 2630 5006 Relatio
2659 4950 2801 5005 Jssu
2833 4965 2902 5005 ex
2926 4946 3265 5022 Egyptoln
3292 4947 3489 5010 Antio-

1909 5038 2040 5093 chia
2070 5038 2282 5095 natalis
2304 5039 2490 5095 sancti
2510 5037 2750 5095 Luciani
2772 5035 3094 5111 presbyteri
3112 5041 3170 5094 et
3191 5037 3486 5112 martyris,

1909 5126 2009 5197 qui
2038 5128 2099 5181 in
2131 5132 2386 5198 quatuor
2415 5126 2680 5199 partibus
2711 5130 2800 5182 est
2830 5125 3076 5192 divisus,
3106 5129 3162 5182 ct
3193 5126 3251 5181 in
3283 5126 3484 5200 singu-

1908 5214 1982 5271 lis
2010 5214 2304 5286 lapidibus
2335 5215 2550 5289 ligatus
2582 5220 2639 5270 et
2669 5216 2728 5271 in
2755 5230 2916 5272 mare
2947 5231 3201 5272 mersus.

1834 5303 1909 5358 VI
1943 5304 2081 5358 ldus
2110 5303 2374 5358 Januarii
2386 5303 2642 5376 .Neapoli
2662 5303 2722 5360 in
2749 5304 3068 5379 Campania
3090 5305 3273 5361 sancti
3295 5302 3487 5360 Severi

1908 5391 2278 5459 confessoris,
2313 5390 2592 5449 Belvacus
2623 5395 2810 5449 sancti
2862 5393 3099 5449 Luciani
3142 5387 3485 5465 presbyteri,

1909 5478 2245 5534 Maximiani
2279 5484 2337 5535 et
2364 5480 2586 5539 Juliani
2608 5488 2952 5556 martyrum.

2027 5566 2175 5621 Obiit
2205 5568 2526 5626 Anastasius
2555 5571 2829 5628 Senonum
2852 5570 3306 5641 archiepiscopus.

1834 5654 1883 5708 V
1914 5655 2050 5711 ldus
2081 5654 2324 5711 Januar.
2358 5659 2527 5729 Apud
2557 5664 2865 5731 Smyrnam
2895 5655 3106 5714 natalis
3139 5652 3486 5724 SS.Vitalis,

3464 5834 3609 5855 νμ-
