3868 6204
386 289 534 352 1211

456 423 723 485 Revocati
752 428 809 481 et
840 419 1171 488 Fortunati;
1220 423 1277 476 et
1324 419 1383 475 in
1430 420 1793 477 Mauritania:
1839 420 2024 479 Casa—
2053 419 2111 491 Α

454 516 634 575 riensi
663 513 878 572 natalis
909 515 1124 568 sancta:
1155 510 1415 566 Martinas
1444 508 1709 583 virginis.

386 608 454 663 IV
484 607 622 664 ldus
653 606 895 663 Januar.
932 605 994 656 In
1026 599 1322 656 Thebaide
1350 598 1636 671 depositio
1658 599 1844 655 sancti
1869 599 2031 657 Pauli

454 695 629 769 primi
659 692 935 761 eremitte,
956 689 1069 762 ’qui
1097 706 1132 745 a
1158 706 1253 744 xvx
1284 686 1471 744 aetatis
1500 705 1619 743 suae
1650 705 1803 745 anno
1843 705 2031 761 usque

454 787 528 842 ad
558 802 690 841 cxm
720 782 880 840 solus
930 780 988 834 in
1038 794 1233 835 eremo
1265 776 1607 850 permansit,
1631 778 1877 850 ejusque
1898 779 2030 834 ani-

453 892 612 932 mam
641 873 792 931 inter
816 873 1151 927 sanctorum
1175 866 1387 923 chorus
1417 866 1488 922 ad
1511 866 1720 923 coelum
1753 867 1930 923 fuerri
1955 868 2029 924 ab

453 964 679 1038 angelis
711 958 1066 1017 B.Antonius
1095 955 1336 1011 vidit.Et
1356 954 1415 1011 in
1440 954 1623 1028 Cypro
1653 956 2029 1013 B.Nicanoris

453 1054 552 1129 qui
584 1053 695 1109 fuit
723 1066 878 1107 unus
910 1048 981 1103 de
1010 1064 1088 1102 v11
1119 1044 1483 1101 diaconibus.

522 1145 644 1215 Ipsa
693 1142 781 1197 die
840 1135 1129 1194 Leotardus
1183 1133 1428 1191 sacerdos
1483 1142 1534 1190 et
1579 1132 1814 1190 decanus
1857 1135 2029 1192 Seno-

451 1250 586 1289 num
632 1232 785 1288 obiit.
844 1228 977 1285 Item
1030 1224 1406 1283 Frotmundus
1453 1224 1609 1280 miles
1658 1223 2030 1296 S.'Stephani-

449 1323 605 1378 obiit.

379 1417 452 1469 III
486 1412 623 1467 Idus
652 1409 964 1464 Januar.lu
989 1402 1182 1459 Africa
1212 1400 1424 1458 natalis
1457 1401 1643 1457 sancti
1675 1401 1850 1458 Salvii
1870 1419 2027 1459 mar-

448 1499 613 1573 tyris.
632 1496 799 1570 Apud
830 1491 1240 1551 Alexandriam
1272 1489 1485 1546 natalis
1516 1491 2026 1548 SS.confessorum

449 1587 624 1655 Petri,
658 1582 850 1642 Severi
880 1587 938 1638 et
966 1580 1210 1639 Leutici.

376 1684 423 1737 ll
456 1678 594 1734 Idus
639 1676 771 1733 Jan.
820 1670 988 1744 Apud
1015 1668 1304 1741 .‘Achaiam
1358 1668 1569 1725 natalis
1599 1669 1784 1725 sancti
1832 1670 2025 1727 Saturi

447 1763 742 1839 martyris.
776 1761 991 1817 Eodem
1039 1757 1142 1857 die.
1179 1758 1367 1858 sancti
1397 1757 1685 1858 .Arch'adii
1718 1759 2023 1858 martyris.
2054 1792 2103 1858 Β

443 1854 612 1927 Apud
645 1853 929 1924 Lingones
960 1847 1145 1905 sancti
1177 1845 1437 1920 Gregorii
1475 1847 1732 1920 episcoPi
1781 1852 1837 1904 et
1884 1864 2022 1905 con-

446 1941 705 2000 fessoris.

372 2033 574 2090 Idibus
600 2030 935 2100 Jan.Rom,a°.
964 2025 1057 2083 via
1086 2025 1372 2081 Lavicana
1396 2041 1618 2081 coronae
1651 2024 1906 2082 militum
1928 2043 2017 2082 xc.

443 2121 691 2180 Pictavis
719 2116 1006 2191 depositio
1045 2116 1103 2172 S.
1137 2113 1339 2171 Hilarii
1386 2114 1643 2186 episcopi
1689 2118 1749 2171 et
1794 2115 2020 2172 confes-

444 2211 615 2270 soris.
651 2208 849 2266 Remis
897 2203 1109 2263 natalis
1140 2205 1197 2261 S.
1231 2202 1480 2276 Remigii
1510 2203 1766 2276 episcopi
1797 2208 1853 2260 et
1881 2220 2018 2260 con-

444 2298 703 2359 fossoris.
726 2298 950 2355 Octava:
979 2291 1304 2367 epipbaniaa
1335 2291 1588 2348 Domini.

511 2391 637 2462 Ipsa
680 2387 769 2444 die
816 2382 1110 2441 Reinaldus
1158 2381 1445 2438 Eduensis
1487 2382 1767 2454 episcopus
1807 2381 1876 2437 ab
1923 2381 2023 2438 hoc

440 2479 643 2537 saeculo
665 2483 746 2533 est
767 2474 1087 2531 translatus.

372 2568 493 2625 XIX
524 2564 831 2624 Kal.Febr.
868 2566 931 2616 In
961 2557 1273 2615 Antiochia
1304 2556 1535 2613 Glicerii
1564 2557 1793 2615 diaconi
1817 2558 2019 2616 multis

442 2653 756 2712 tormentis
776 2648 936 2724 passi
964 2653 1022 2704 et
1050 2647 1109 2702 in
1140 2664 1303 2703 mare
1323 2645 1670 2703 mersi.Nola
1688 2646 2021 2719 Campaniae

444 2742 641 2820 passio
667 2738 854 2798 sancti
884 2736 1089 2795 Felicis
1118 2735 1438 2808 presbyteri
1469 2734 1681 2807 sepulti
1714 2736 1773 2791 in
1805 2735 2018 2793 Pincis.

441 2835 512 2891 Et
540 2830 681 2890 alibi
710 2825 998 2903 depositio
1030 2822 1218 2882 sancti
1243 2823 1491 2880 Eufrarii
1520 2823 1777 2897 episcOpi
1801 2828 1858 2881 et
1876 2842 2019 2881 con-

441 2924 703 2981 fessoris.

512 3010 796 3068 Ordinatio
848 3005 1087 3064 Geranni
1134 3004 1391 3077 episcopi,
1440 3004 1539 3076 qui
1577 3003 1725 3060 dedit
1748 3005 2019 3076 fratribus

438 3102 495 3158 in
540 3102 803 3158 comitatu
849 3095 1117 3153 Laticensi
1161 3093 1423 3150 Gaiacum
1469 3109 1595 3148 cum
1635 3094 1887 3149 omnibus
1916 3109 2020 3164 ap-

431 3190 694 3266 penditiis
720 3188 858 3244 suis.
894 3187 1133 3242 Vineam
1160 3198 1370 3257 quoque
1401 3197 1527 3256 qua:
1561 3190 1639 3239 est
1666 3182 1729 3238 in
1756 3181 2020 3238 suburbio
2049 3164 2093 3232 C

434 3280 673 3337 civitatis
698 3291 824 3350 quae
852 3274 1056 3331 dicitur
1085 3271 1423 3336 Cerseredus,
1454 3287 1621 3343 quam
1642 3273 1740 3342 qui
1767 3270 2022 3327 habuerit

435 3386 533 3442 per
560 3369 809 3425 chartam
852 3364 940 3421 det
985 3362 1257 3436 fratribus
1302 3362 1422 3417 vini
1467 3360 1710 3417 modium
1748 3376 1921 3416 unum
1946 3359 2018 3415 ad

434 3460 705 3515 minorem
733 3470 1069 3511 mensuram.

506 3546 706 3603 Eodem
733 3543 824 3602 die
855 3542 1190 3614 Roldulphus
1218 3556 1315 3596 rex
1332 3540 1617 3611 obiithsa
1637 3538 1726 3595 die
1763 3539 2018 3595 Tetardus

434 3637 593 3693 miles
639 3636 707 3691 ab
757 3633 1003 3688 inimicis
1052 3630 1369 3701 interfectus
1418 3635 1517 3695 est,
1558 3635 1611 3685 et
1653 3627 2016 3685 Frotniundus

432 3724 701 3782 sacerdos.
747 3723 881 3777 Item
924 3722 1045 3791 ipsa
1087 3717 1179 3774 die
1217 3718 1354 3774 obiit
1396 3715 1691 3773 Heldricus
1739 3718 1907 3774 abbas
1954 3718 2012 3773 S.

434 3813 719 3870 Germani.

364 3900 536 3957 XVIII
569 3896 722 3953 Karl.
752 3895 917 3951 Febr.
951 3898 1014 3949 In
1045 3894 1286 3967 Egypto
1322 3894 1385 3949 B.
1421 3892 1733 3948 Marcharii
1783 3893 2015 3951 abbatis

435 3984 709 4059 discipuli
738 3985 798 4041 S.
830 3981 1084 4038 Antonii.
1112 3982 1184 4036 Et
1212 3980 1349 4037 alibi
1381 3982 1440 4038 S.
1475 3981 1763 4037 Hisiodori
1795 3982 2016 4040 confes-

436 4075 608 4134 soris.
633 4072 959 4146 Andegavis
990 4072 1053 4127 Β.
1079 4069 1267 4126 Mauri
1300 4068 1572 4126 monachi
1602 4074 1660 4125 et
1686 4070 2015 4129 abbatis.Et

434 4163 573 4222 alibi
602 4160 887 4236 depositio
915 4161 1146 4217 Abacuc
1174 4162 1231 4214 et
1258 4157 1508 4214 Michaaes
1540 4158 1975 4231 prophetarum.

362 4256 508 4313 XVII
567 4251 694 4309 Kal.
761 4251 925 4307 Febr.
979 4249 1178 4306 Romae
1224 4247 1315 4304 via
1355 4246 1579 4305 Salaria
1625 4248 1686 4304 in
1732 4248 2014 4305 cimiteris

434 4340 732 4408 Priscillae,
766 4338 1053 4413 depositio
1084 4336 1343 4395 Marcelli
1401 4353 1564 4410 papa:
1614 4340 1671 4393 et
1716 4337 2010 4411 martyris.

371 4422 377 4429 ’
432 4431 662 4489 Arelate
715 4428 903 4485 sancti
934 4426 1213 4484 Honorati
1243 4425 1498 4499 episcopi
1536 4430 1595 4481 et
1638 4425 2011 4482 confessoris.

435 4522 689 4577 Parrona
765 4516 1023 4573 cmnobio
1093 4515 1280 4572 sancti
1364 4513 1564 4571 Fursei
1639 4513 2008 4571 confessoris.
2042 4535 2090 4600 D

431 4608 707 4667 Arvernis
737 4605 950 4663 natalis
998 4604 1188 4662 sancti
1232 4602 1423 4660 Boniti
1470 4603 1728 4676 episcopi
1771 4608 1829 4661 et
1876 4621 2009 4661 con-

435 4696 696 4755 fessoris.

506 4786 653 4843 Obiit
716 4785 1040 4841 Heribertus
1102 4784 1265 4855 episc.
1338 4789 1392 4839 et
1446 4788 1633 4853 postea
1699 4783 2014 4851 monachus,

437 4875 584 4931 Obiit
629 4872 902 4939 Arualdus
955 4872 1218 4928 diaconus
1271 4877 1321 4926 et
1376 4877 1656 4939 magister.
1703 4871 1835 4926 Item
1882 4873 2019 4928 obiit

437 4963 575 5036 Gyla
602 4962 760 5019 bonae
786 4962 1070 5018 memoria;
1095 4960 1305 5032 femina
1327 4963 1542 5030 Deoque
1568 4966 1803 5015 sacrata.
1818 4960 2017 5016 Eodem

436 5051 524 5108 die
552 5050 688 5107 obiit
712 5050 1012 5121 Gaufridus
1053 5048 1217 5121 hujus
1263 5048 1505 5105 ecclesiae
1551 5063 1745 5104 canon.
1777 5055 1829 5103 et
1857 5048 2014 5105 deca-

435 5156 560 5196 mus
567 5182 580 5194 .

366 5229 486 5286 XVI
513 5226 642 5284 Kal.
669 5226 803 5282 Feb.
839 5226 899 5281 in
929 5226 1170 5299 (Egypto
1218 5225 1375 5299 apud
1418 5225 1774 5282 Thebaidam
1807 5225 2019 5283 natalis

439 5320 502 5376 B.
532 5315 765 5374 Antonii
797 5314 1089 5371 monachi.
1136 5315 1417 5371 Bituricae
1446 5313 1732 5388 depositio
1774 5314 2018 5388 Sulpicii

439 5407 620 5481 episc.
654 5408 710 5462 et
737 5401 1110 5460 confessoris.
1155 5402 1449 5475 Lingonas
1476 5403 1803 5476 passio.SS.
1832 5405 2017 5477 gemi-

439 5513 649 5553 norum
681 5491 1015 5567 Speusippi,
1045 5489 1342 5563 Eleusippi
1390 5495 1449 5547 et
1497 5491 1844 5566 Meleusippi
1878 5493 2016 5551 Leo-

442 5585 615 5656 nillze,
647 5582 866 5641 Jovillze
892 5584 949 5643 et
979 5579 1213 5638 Neonis.

1167 281 1498 348 APPEND.
1545 286 1649 348 AD
1691 285 1881 351 SE6.
1925 287 2002 352 X.
2030 284 2640 357 —MONUMENTA
2684 294 3000 361 LITURG.

3640 298 3789 363 12B

2278 424 2481 482 Eodem
2527 426 2619 483 die
2673 427 2955 486 Guvardus
2983 430 3123 488 obiit
3169 429 3339 503 hujus
3368 431 3612 490 ecclesiis
3634 448 3800 491 αμυ-
3846 426 3849 499 1

2209 516 2367 572 uicus
2423 524 2475 572 et
2519 520 2844 589 prmpositus
2905 527 3116 579 sanctae
3179 520 3396 579 Marias.
3468 523 3606 579 Item
3659 524 3794 579 aulaeis?

2215 604 2497 661 Vauterius
2528 607 2692 662 levita
2712 615 2766 664 et
2783 610 3097 676 canonicus,
3129 611 3233 682 qui
3260 609 3415 667 dedit
3440 611 3515 665 ad
3564 612 3795 682 ofﬂam

2208 694 2405 750 altaris
2446 694 2504 750 S.
2534 697 2806 767 Stephani
2850 700 3169 755 vestimenta
3213 698 3598 755 sacerdotalia
3641 708 3691 756 et
3736 702 3795 754 ἐξ»

2211 782 2369 838 brum
2397 787 2765 842 necessarium
2790 786 2861 842 ad
2886 788 3116 844 missam
3157 788 3582 855 celebrandam,
3607 797 3659 844 et
3682 793 3797 858 [ηε

2209 873 2387 928 tribus
2415 872 2565 930 dedit
2602 873 2736 931 duos
2781 877 3123 934 molendinos
3169 877 3321 949 apud
3373 877 3799 941 Vitam,

2209 961 2456 1029 domum,
2486 962 2841 1031 viridarium,
2872 967 3068 1022 vinum
3113 965 3187 1021 ad
3219 967 3315 1022 sui
3355 968 3689 1023 mortem
3716 970 3801 1038 [a-

2208 1051 2476 1107 ciendam.

2136 1138 2229 1194 XV
2258 1137 2381 1195 Kal.
2416 1140 2582 1199 Febr.
2614 1142 2906 1199 Cathedra
2951 1144 3135 1201 sancti
3190 1143 3347 1200 Petri
3396 1142 3661 1215 apostoli
3687 1162 3799 1217 qua

2207 1228 2467 1300 primum
2497 1230 2693 1286 Romae
2724 1230 2893 1287 sedit.
2934 1231 3151 1287 Eodem
3176 1231 3273 1288 die
3313 1229 3537 1287 natalis
3586 1237 3795 1289 sancta

2206 1316 2413 1374 Priscae
2444 1316 2685 1391 virginis
2715 1322 2775 1376 et
2805 1318 3101 1391 martyris.
3135 1320 3204 1377 Et
3249 1320 3313 1375 in
3364 1320 3555 1377 Ponto
3589 1321 3795 1376 natalis

2206 1405 2308 1461 SS.
2343 1411 2667 1481 martyrum
2718 1407 2899 1464 Mosei
2946 1412 3005 1464 et
3050 1407 3380 1477 Ammonis.
3434 1406 3793 1465 Alexandri:

2206 1494 2392 1551 sancti
2425 1495 2659 1553 Maximi
2680 1496 2939 1568 episcopi
2967 1501 3028 1553 et
3054 1497 3435 1553 confessoris.
3472 1502 3539 1553 In
3570 1497 3797 1559 civitate
3824 1552 3829 1553 ,

2204 1583 2506 1655 Apollonis
2553 1584 2749 1657 passio
2795 1590 2883 1642 SS.
2935 1586 3112 1652 Tirsi,
3144 1586 3320 1643 Leuci
3374 1589 3439 1642 et
3494 1585 3793 1643 Gallenia'.

2205 1672 2604 1730 Antissiodero
2635 1674 2924 1731 dedicatio
2956 1675 3137 1732 beatae
3165 1678 3223 1731 et
3240 1675 3517 1748 gloriosae
3544 1675 3793 1750 Virginis

2206 1762 2433 1819 Manu-1.

2275 1851 2423 1908 Obiit
2470 1852 2762 1909 Gislaudus
2804 1854 3111 1926 presbyter,
3167 1854 3265 1926 qui
3305 1861 3439 1909 cum
3493 1855 3792 1924 fratrem

2199 1941 2513 1998 Fredeberto
2537 1941 2765 2000 diacono
2792 1951 2846 1999 et
2879 1943 3126 2000 Vinberto
3173 1942 3316 1998 laico
3362 1942 3639 1999 dederunt
3670 1945 3787 2013 fra-

2201 2030 2374 2087 tribus
2403 2048 2658 2087 mansum
2683 2048 2846 2088 suum
2871 2048 2998 2087 cum
3015 2033 3272 2088 omnibus
3293 2031 3642 2104 appenditiis
3658 2034 3785 2093 suis,

2198 2119 2263 2176 de
2292 2122 2466 2177 vineis
2494 2136 2760 2193 arpennes
2784 2138 2903 2189 VIII,
2933 2120 3001 2177 de
3030 2122 3193 2176 terris
3222 2122 3499 2190 ancinqas
3547 2137 3671 2190 sex,

2197 2217 2274 2265 est
2301 2210 2439 2266 citus
2469 2211 2529 2265 in
2551 2227 2693 2282 pago
2719 2210 2985 2267 Senonico
3017 2212 3079 2265 in
3105 2210 3241 2265 villa
3269 2210 3504 2266 Caciaco
3523 2209 3600 2266 ad
3628 2212 3777 2281 refec-

2200 2299 2402 2355 tionem
2424 2301 2706 2355 canonicis
2734 2298 3137 2356 crlebrandam.

2273 2388 2718 2445 Commemorotio
2748 2388 3010 2460 Gaufredi
3054 2396 3107 2444 et
3150 2391 3345 2445 uxoris
3388 2388 3512 2460 ejus
3559 2388 3777 2444 Heldra-

2199 2475 2312 2544 dae,
2337 2492 2439 2549 pro
2468 2494 2703 2548 quorum
2724 2477 3063 2534 absolutione
3090 2485 3145 2534 et
3168 2485 3382 2534 sancta?
3410 2480 3623 2535 Maria
3642 2493 3782 2533 vene-

2199 2566 2412 2622 ratione
2455 2566 2611 2622 Ricco
2654 2566 2808 2637 ﬁlius
2852 2581 3044 2623 eorum
3091 2567 3313 2621 vineam
3357 2564 3531 2635 dedit,
3570 2566 3639 2621 de
3682 2582 3779 2637 qua

2196 2652 2466 2725 fratribus
2510 2654 2870 2711 dedicationis
2917 2656 3094 2727 ipsius
3144 2654 3391 2723 Virginis
3419 2655 3511 2711 die
3564 2656 3781 2712 daretur

2192 2759 2296 2815 pro
2325 2752 2563 2816 tempore
2591 2745 2830 2816 refectio.

2126 2831 2250 2887 XIV
2278 2831 2405 2888 Kal.
2436 2832 2603 2889 Febr.
2633 2831 3010 2905 Jerosolyma»
3042 2831 3254 2888 natalis
3286 2830 3532 2888 Marthae
3561 2835 3621 2887 et
3675 2832 3779 2887 Ma-

2199 2919 2317 2987 rias,
2350 2937 2617 2977 sororum
2652 2920 2874 2979 Lazari.
2910 2925 2978 2976 In
3023 2924 3273 2993 Smyrna
3317 2919 3539 2977 natalis
3564 2925 3619 2976 5.
3649 2921 3779 2977 Ger-

2197 3008 2411 3066 manici
2442 3015 2687 3066 mart.ac
2706 3009 2910 3066 bestiis
2937 3009 3224 3066 damnati.
3253 3008 3566 3065 Corbionis
3586 3026 3777 3065 mona-

2197 3098 2376 3155 sterio
2407 3098 2620 3155 natalis
2650 3098 2838 3155 sancti
2872 3098 3226 3154 Launomari
3259 3098 3639 3155 confessoris.

2270 3187 2417 3244 Obiit
2443 3189 2691 3244 Airricus
2721 3188 2901 3244 levita.
2933 3187 3160 3243 Eeodem
3196 3186 3289 3243 die
3316 3187 3491 3244 Frodo
3543 3188 3708 3243 levita
3732 3192 3778 3240 et

2194 3279 2493 3334 canonicus
2535 3278 2694 3346 obiit,
2722 3279 2822 3349 qui
2859 3292 2961 3348 pro
3018 3277 3198 3332 salute
3222 3330 3227 3333 _
3251 3278 3459 3333 anima
3493 3286 3618 3334 sua
3658 3276 3779 3346 fecit

2196 3366 2326 3423 huic
2358 3366 2602 3424 ecclesiae
2640 3365 2951 3422 columbam
2976 3367 3197 3437 argenti
3222 3382 3364 3422 auro
3392 3406 3407 3419 .
3445 3407 3460 3421 .
3498 3408 3513 3420 .
3545 3364 3776 3421 deaura-

2195 3453 2309 3502 tam
2330 3461 2450 3502 cum
2478 3461 2677 3502 corona
2704 3453 2756 3501 et
2784 3446 2991 3501 catenis
3020 3447 3299 3517 argenteis
3344 3444 3581 3517 desuper
3613 3446 3775 3500 olm

2192 3534 2515 3608 pendentem
2539 3534 2611 3590 ad
2635 3551 2830 3607 corpus
2858 3535 3083 3591 Domini
3127 3536 3309 3590 nostri
3346 3533 3490 3591 Ju
3552 3534 3773 3591 Carum

2194 3623 2646 3682 conservandum.

2264 3713 2463 3770 Eodem
2490 3712 2580 3770 die
2615 3711 2922 3769 Willelmus
2968 3714 3265 3769 canonicus
3312 3721 3366 3770 et
3416 3714 3581 3770 levita
3626 3712 3769 3777 obiit,

2194 3805 2293 3876 qui
2331 3819 2433 3875 pro
2478 3801 2720 3860 remedio
2766 3804 2975 3860 animas
3009 3818 3123 3857 suae
3171 3801 3245 3859 ad
3280 3801 3674 3859 bibliothecam
3697 3805 3771 3873 fa-

2192 3891 2445 3948 ciendam
2472 3890 2537 3947 dc
2558 3892 2799 3948 nummis
2826 3892 2944 3947 suis
2973 3891 3144 3947 libras
3173 3897 3410 3963 quatuor
3455 3890 3627 3948 dedit.
3654 3892 3772 3948 Item

2193 3981 2329 4037 obiit
2379 3979 2693 4053 Rodulphus
2734 3979 2982 4037 sacerdos
3030 3988 3082 4036 et
3121 3983 3445 4052 canonicus,
3472 3982 3577 4053 qui
3608 3980 3672 4037 ob
3697 3995 3771 4034 re—

2193 4071 2506 4126 missionem
2539 4077 2885 4142 peccatorum
2930 4069 3078 4126 dedit
3123 4069 3369 4127 ecclesise
3411 4071 3647 4126 calicem
3690 4087 3770 4124 ar-

2191 4166 2462 4229 genteum,
2492 4158 2716 4215 missale
2744 4158 2951 4227 librum
2967 4159 3235 4231 optimum
3258 4165 3311 4215 et
3336 4157 3679 4215 sawrdotate
3696 4161 3772 4215 in-

2192 4247 2533 4303 dumentum.

2121 4336 2246 4393 XIII
2279 4335 2405 4392 Kal.
2438 4334 2809 4393 Febr.Romai
2840 4335 3054 4392 natalis
3084 4335 3326 4392 Fabiani
3359 4353 3527 4409 papa
3556 4341 3773 4393 etmar

2191 4426 2359 4498 tyris,
2390 4429 2448 4481 et
2475 4423 2663 4481 sancti
2710 4423 3036 4481 Sebastiani
3085 4425 3385 4497 martyris,
3423 4426 3489 4481 in
3536 4425 3774 4499 vestigia

2191 4513 2590 4588 apostolorum
2648 4512 2883 4585 sepulti.
2942 4518 3006 4569 In
3076 4513 3363 4571 cimiterio
3418 4513 3644 4571 Callisti
3691 4513 3774 4570 via

2190 4604 2379 4677 Appia
2408 4602 2576 4659 Marii
2606 4606 2665 4660 et
2692 4601 2902 4659 Mathea
2935 4618 3070 4659 cum
3099 4601 3236 4659 filiis
3274 4603 3405 4659 suis
3446 4603 3701 4660 Audita:
3724 4609 3775 4658 et

2194 4691 2743 4765 Ahacuc.Lugduno
2769 4690 2967 4748 Gallia
2998 4690 3314 4749 Clementis
3344 4691 3695 4765 presbyteri.

2121 4782 2218 4839 XII
2252 4779 2373 4838 Kal.
2399 4781 2561 4838 Febr.
2594 4780 2791 4837 Romae
2818 4779 3016 4852 passio
3038 4783 3253 4837 sancta
3274 4780 3523 4853 Agnetis
3542 4779 3772 4854 virginis

2191 4870 2450 4927 Athenas
2475 4869 2539 4926 B.
2569 4868 2758 4926 Publii
2786 4868 3064 4943 episcopi,
3099 4869 3199 4942 qui
3250 4884 3288 4925 a
3331 4869 3393 4924 Β.
3425 4869 3617 4926 Paulo
3647 4886 3773 4942 apo-

2194 4958 2344 5016 stulo
2374 4974 2686 5031 episcopus
2713 4956 3018 5014 ordinatus
3048 4961 3374 5014 est.Trecas
3404 4957 3630 5015 natalis
3648 4975 3772 5016 san-

2193 5046 2269 5105 cti
2292 5045 2538 5103 Patrocli
2555 5045 2851 5120 martyris.
2873 5050 2938 5101 In
2968 5044 3268 5118 Hispaniis
3288 5045 3511 5103 natalis
3528 5046 3774 5105 SS.mar-

2196 5144 2389 5210 tyrum
2448 5134 2756 5192 Fructuosi
2808 5134 3087 5208 episcopi,
3137 5134 3381 5208 Augurii
3438 5139 3500 5193 et
3555 5134 3773 5209 Eulogii

2203 5225 2605 5281 diaconorum.

2266 5314 2389 5389 Ipso
2412 5313 2502 5370 die
2526 5314 2807 5385 Iohannes
2836 5313 3064 5381 humilis
3092 5312 3377 5385 episcopus
3406 5314 3676 5385 migravit
3713 5311 3774 5369 ad

2196 5405 2513 5472 Dominum,
2564 5403 2811 5475 vixitque
2859 5403 2920 5457 in
2962 5402 3275 5474 episcopatu
3324 5418 3461 5458 ann.
3506 5420 3547 5471 ι,
3580 5417 3773 5461 menses

2196 5509 2276 5562 ιι,
2307 5492 2421 5549 dies
2445 5491 2689 5548 tetidem.

2125 5582 2197 5639 XI
2227 5580 2351 5640 Kal.
2387 5581 2551 5638 Febr.
2590 5584 2652 5636 In
2680 5578 2975 5652 Hispaniis
3004 5578 3193 5636 sancti
3226 5578 3523 5637 Vincentii
3554 5579 3772 5636 diaconi
