3868 6204
15 326 80 387 [Ἰ
1154 324 1621 392 MARTYROM

1815 331 2206 395 ,NTlSSlOD.
3226 337 3388 402 1218

15 460 310 515 universae
364 462 553 519 carnis
577 470 655 517 est
687 462 978 530 ingressus.
1014 460 1241 516 Guadilo
1267 462 1632 517 subdiaconus
1658 465 1713 530 Α
1812 464 1993 521 divini
2011 467 2207 522 altaris
2228 469 2472 525 ecclesia?
2489 468 2545 524 S.
2569 468 2832 541 Stephani
2851 472 2911 525 in
2938 471 3230 527 Piscasiolo
3250 473 3387 529 villa

15 548 141 602 obiit
203 549 420 606 eodem
472 550 580 616 die,
614 552 711 623 qui
757 550 905 605 dedit
955 550 1222 621 fratribus
1250 552 1370 606 suis
1405 550 1624 606 atodum

1805 570 2063 609 mansum
2092 573 2281 611 unum.

15 651 168 695 num
198 638 278 695 in
312 637 441 697 loco
468 639 568 711 qui
592 636 800 695 dicitur
832 638 1015 694 ναιιις
1034 652 1168 695 cum
1194 639 1373 695 vineis
1400 646 1452 695 ct
1469 639 1628 695 silvis
1733 640 1809 696 Vl
1838 641 1978 698 Ldus
1998 643 2460 717 Martii.Apamia
2480 645 2672 702 natale
2693 648 3030 703 sanctorum
3061 652 3384 720 martyrum

15 742 91 781 eu
539 730 662 799 Ipso
690 726 779 785 die
802 727 1036 784 om
1058 727 1424 785 subdiaconus

15 820 180 872 actus
215 817 477 875 cstJtem
515 815 827 874 Watdricus
856 817 1186 887 praepositus
1214 831 1409 887 corpus
1436 823 1624 882 terrae,

13 910 240 963 rerum
262 905 500 964 Christo
526 903 760 961 tradidit
785 905 1065 977 spiritum.

25 1009 257 1066 Nonas
270 1009 704 1069 Martilﬁomas
720 1009 935 1070 natalis
947 1015 1283 1068 sanctorum
1305 1015 1625 1085 martyrum

13 1099 215 1155 Iovini
251 1103 324 1156 et
356 1099 587 1167 Basilei,
619 1104 678 1156 et
705 1100 953 1157 aliorum
984 1100 1375 1174 plurimorum
1409 1104 1626 1175 marty-

13 1205 140 1244 ~um
176 1188 312 1244 sub
349 1188 675 1246 Alexandro
701 1188 939 1262 capitali
983 1191 1274 1246 sententia
1320 1191 1627 1247 damnato-

13 1295 169 1335 °um.
207 1278 379 1335 Item
412 1278 609 1334 Romae
640 1278 940 1352 Simplicis
969 1295 1131 1352 papa
1154 1284 1215 1335 et
1246 1278 1539 1353 martyris.

13 1386 222 1441 \lonas
256 1384 488 1451 Martii.
523 1386 585 1441 In
617 1385 901 1459 Hispania
931 1390 1267 1442 sanctorum
1299 1385 1628 1442 Emittenrii

13 1480 57 1529 :t
82 1473 465 1530 Cbeledonii
487 1474 767 1548 martyrio
790 1473 1627 1541 coronatorum.Antissiodero

13 1564 217 1619 natale
252 1567 482 1620 sanctae
508 1562 769 1620 Camillae
818 1563 1082 1637 virginis.
1118 1562 1388 1622 Caesarea:
1439 1563 1629 1619 natale

13 1657 384 1709 sanctorum
416 1656 739 1727 martyrum
769 1652 976 1709 Marini
1000 1652 1207 1709 militis
1225 1657 1280 1709 et
1294 1652 1447 1709 Aerii
1467 1669 1630 1709 sena-

13 1757 184 1797 LOI‘IS.

1805 728 2112 787 Alexandri
2141 736 2198 788 et
2226 732 2351 789 Gaii
2378 734 2451 789 de
2475 734 2777 792 Eumenis.
2808 735 2869 790 In
2905 732 3143 791 Persida
3163 742 3388 794 sancto-

1806 836 1939 875 rum
1970 824 2293 894 martyrum
2323 822 2532 878 men
2555 823 2862 879 Antiochia
2882 827 3091 896 Agapze
3121 821 3385 898 virginis.

1805 908 2063 964 Parisios
2095 910 2279 966 sancti
2311 910 2648 968 Drothoveri
2672 912 3207 985 abbatis,discipuli
3228 912 3387 969 beati

1807 997 2082 1053 Germani
2114 999 2679 1072 episcopi-Laxavit:
2709 1002 3066 1058 monasterio
3095 1001 3253 1058 sanci
3286 1004 3389 1056 At-

1805 1085 1910 1143 tali
1939 1088 2191 1144 abbatis.

1733 1175 1783 1229 V
1815 1175 1955 1232 Idus
1984 1177 2374 1251 Martii.Apnd
2394 1177 2804 1237 Alexandriam
2826 1178 3020 1238 natale
3050 1183 3389 1236 sanctorum

1809 1264 2035 1321 Philoni
2054 1264 2825 1339 episcOpi,Candidl,Valerii
2851 1283 2986 1323 cum
3008 1266 3142 1324 aliis
3155 1267 3385 1341 viginti.

1806 1355 1973 1426 Apud
2000 1355 2281 1413 Sebasten
2312 1356 2602 1414 Armenia:
2634 1356 2880 1413 minoris
2909 1356 3105 1412 natale
3153 1361 3391 1413 sancto-

1808 1459 1939 1498 rum
1956 1461 2029 1498 xr.
2043 1444 2498 1517 martyrum.qui
2522 1444 2868 1517 crurifragio
2891 1444 3239 1517 martyrium
3260 1461 3393 1501 oon~

1807 1536 2205 1588 summarunt.
2243 1531 2597 1605 Carthagine
2646 1530 2842 1588 natale
2896 1532 3085 1589 amoti
3142 1531 3388 1588 Heracli.

1809 1619 2212 1677 Antissiodero
2241 1622 2429 1677 sancti
2456 1620 2654 1695 Vigilii
2688 1620 2946 1694 episcOpi
2973 1626 3030 1676 et
3057 1622 3355 1694 martyris.

1862 1726 1984 1799 Ipso
2013 1726 2104 1783 die
2132 1729 2321 1797 Αθαπο
2348 1725 2585 1783 decanus
2613 1728 2794 1783 sancti
2822 1725 3087 1798 Stephani
3109 1726 3263 1782 obiit.

40 1830 265 1887 Nonas
301 1830 523 1887 Martii.
551 1829 751 1886 Natale
784 1830 970 1887 sancti
1005 1830 1164 1887 Lucii
1194 1846 1355 1904 papae
1387 1832 1443 1886 et
1474 1847 1625 1887 mar-
1653 1832 1703 1899 B
1735 1832 1807 1888 IV
1836 1833 1973 1888 Idus
2005 1832 2218 1889 Martii.
2252 1831 2451 1890 Natale
2483 1837 2821 1891 sanctorum
2859 1832 3187 1889 Innocentii
3232 1849 3394 1907 papa:

11 1920 189 1991 tyris.
215 1920 402 1992 Item,
426 1919 619 1975 Romae
651 1924 987 1976 sanctorum
1017 1923 1341 1994 martyrum
1373 1935 1629 1994 nongen-

12 2016 252 2077 torum,
291 2008 400 2083 qui
425 2014 564 2066 sunt
592 2008 768 2082 positi
802 2009 861 2065 in
907 2009 1189 2065 cimiterio
1240 2010 1309 2064 ad
1361 2014 1623 2065 sanctam

13 2098 566 2155 Ceciliam.Eodem
601 2097 692 2154 die
725 2096 918 2154 natale
951 2097 1134 2154 sancti
1156 2096 1281 2153 Gali
1304 2096 1544 2170 palatini
1568 2097 1626 2153 in

12 2203 188 2243 mare
249 2185 461 2244 mersi.
512 2185 849 2242 Nicomedia
898 2186 1097 2259 passio
1155 2186 1343 2243 sancti
1389 2185 1628 2243 Adriani

11 2292 156 2333 cum
193 2274 343 2333 aliis
374 2292 619 2332 numero
647 2274 850 2349 viginti
880 2274 1092 2330 tribus.

11 2385 266 2440 .Nonos
328 2381 541 2439 Martii.
599 2380 905 2438 Antiochia
971 2381 1166 2454 passio
1223 2381 1409 2437 sancti
1470 2382 1627 2437 Fuere

20 2472 342 2547 martyris,
374 2472 546 2543 cujus
573 2469 837 2527 ecclesia:
854 2471 1105 2541 januam
1136 2470 1185 2525 si
1217 2470 1475 2544 attigerit
1506 2486 1626 2527 cre-

18 2560 173 2617 dens
208 2559 468 2632 quilibet
493 2559 794 2617 colubrino
825 2576 1025 2615 morsu
1058 2576 1393 2632 percussus,
1428 2559 1628 2615 statim

1809 1923 1867 1974 et
1892 1919 2219 1975 beatissimi
2248 1920 2505 1993 Gregorii
2540 1937 2699 1993 papa:
2731 1924 2786 1975 et
2815 1919 3091 1995 praecipui
3114 1919 3390 1977 doctoris.

1810 2007 1975 2081 Apud
2009 2006 2405 2065 Nicomediam
2439 2007 2629 2065 natale
2660 2009 2813 2065 beati
2843 2006 2995 2065 Petri
3025 2007 3391 2065 excellentis-

1810 2097 1945 2152 simi
1976 2101 2033 2153 et
2062 2098 2357 2172 martyris,
2391 2097 2489 2171 qui
2522 2097 2633 2153 fide
2661 2100 2717 2154 et
2748 2097 2985 2155 nomine
3032 2097 3218 2154 haeres
3254 2095 3392 2153 almi

1811 2185 1963 2241 Petri
1992 2184 2240 2258 apostoli
2274 2185 2496 2241 exstitit
2526 2185 2774 2242 aliorum
2807 2189 2954 2242 octo.

1883 2292 2033 2351 Obiit
2057 2292 2387 2366 Adalgarius
2417 2293 2699 2365 diaconus,
2732 2294 2828 2366 qui
2856 2292 3002 2350 dedit
3032 2294 3303 2365 fratribus
3327 2293 3397 2350 de

1808 2383 1984 2438 vincis
2014 2397 2283 2454 cn'pcnnos
2313 2399 2368 2438 v1
2402 2383 2457 2437 in
2509 2383 2745 2438 circuitu
2796 2381 3035 2437 (ἰν-αιὶαοί
3070 2381 3139 2437 ad
3168 2382 3259 2437 sui
3282 2397 3397 2437 me-

1809 2473 2043 2527 moriam
2073 2470 2473 2527 celebrandam.
2506 2471 2703 2529 Eodem
2747 2470 2835 2527 die
2882 2471 3164 2529 ordinatio
3213 2469 3400 2527 damni

1810 2561 2052 2617 Bettonz’s
2079 2561 2338 2633 episcopi.

27 2656 312 2707 sanatur.
348 2648 478 2722 Ipso
510 2649 603 2704 die
632 2647 818 2709 sancti
850 2648 1081 2704 Eusebii
1132 2647 1375 2720 palatini
1405 2654 1461 2703 et
1487 2648 1630 2703 alio-

30 2756 170 2793 rum
202 2755 418 2795 novem
452 2741 799 2809 martyrum.

1742 2672 1820 2722 lll
1856 2667 1996 2722 ldus
2025 2666 2586 2723 Martii.Nicomedia
2607 2665 2799 2724 natale
2826 2670 3163 2723 sanctorum
3188 2670 3403 2738 marty-

1813 2774 1944 2812 rum
1979 2754 2302 2813 Macedonii
2327 2755 2647 2828 presbyteri
2668 2761 2726 2810 et
2748 2754 3005 2813 Patricia
3030 2755 3227 2811 uxoris
3246 2757 3396 2826 ejus,

1814 2853 1870 2900 et
1901 2845 2171 2900 Modesta:
2204 2843 2334 2897 ﬁliae
2366 2844 2513 2914 ejus.
2548 2843 2737 2898 Nicaaa
2783 2843 3013 2900 civitate
3060 2848 3399 2901 sanctorum

1812 2937 2136 3004 martyrum
2166 2930 2490 2997 Thcusetze,
2525 2928 2715 2995 Horis,
2739 2929 3401 3002 Theodore,Nimpodo-

1813 3038 1909 3091 τω,
1945 3018 2164 3087 Marcii,
2197 3017 2445 3084 Arabiae,
2479 3014 2580 3089 qui
2612 3033 2816 3073 omnes
2851 3015 2973 3089 igni
3004 3016 3208 3073 traditi
3236 3021 3398 3075 sunt.

1812 3110 1876 3165 In
1901 3107 2202 3164 Thebaida
2228 3109 2441 3163 sancte
2472 3104 2811 3177 Euphrasio:
2840 3103 3104 3177 virginis.
3137 3105 3202 3160 In
3234 3104 3402 3162 terri-

1813 3196 1963 3255 torio
1993 3193 2345 3252 Nevernensi
2376 3193 2565 3249 sancti
2596 3191 2846 3248 Viventii
2878 3192 3227 3266 presbyteri.

1748 3303 1939 3359 Pridie
1970 3301 2107 3358 Idus
2138 3299 2552 3357 Martii.Romaa
2584 3297 2775 3354 natale
2804 3302 3141 3355 sanctorum
3180 3302 3401 3368 marty-

1821 3408 1953 3449 rum
1981 3406 2153 3459 mu,
2186 3389 2286 3461 qui
2318 3386 2593 3460 bapﬁzati
2622 3390 2764 3445 sunt
2791 3403 2829 3442 a
2852 3386 3023 3443 beato
3062 3386 3231 3445 Petro
3261 3402 3396 3444 sum

1818 3483 2118 3536 teneretur
2146 3477 2206 3533 in
2234 3476 2523 3540 custodia,
2548 3475 2648 3547 qui
2680 3491 2886 3532 omnes
2915 3474 3243 3532 Neroniana
3270 3474 3400 3549 gla-

1820 3569 1917 3625 dio
1948 3564 2280 3638 consumpti
2313 3564 2646 3635 sunt.Apud
2680 3562 3011 3620 Laodiciam
3044 3561 3237 3619 natale
3266 3580 3401 3621 ssu-

1822 3658 1896 3713 cti
1925 3655 2158 3729 Sagaris
2188 3652 2443 3726 episcOpi
2476 3657 2534 3707 et
2565 3651 2851 3726 martyris.
2884 3651 3218 3709 Nicomedia
3252 3650 3403 3709 Foli-

1823 3745 2067 3811 cissimi,
2117 3741 2303 3799 Dativi
2360 3746 2417 3798 et
2474 3740 2785 3797 Frontine.
2836 3740 3031 3797 Romae.
3078 3739 3402 3799 Innocentii

1821 3832 2172 3908 episcopi.1n
2193 3831 2389 3887 Africa
2417 3830 2603 3886 sancti
2635 3829 2789 3885 Petri
2822 3829 3096 3902 martyris
3126 3832 3186 3885 et
3215 3828 3403 3886 sancti

1822 3921 2092 3981 Eufrosii.

1750 4015 1889 4087 Idus
1918 4009 2126 4069 Martii.
2161 4011 2226 4068 In
2258 4008 2519 4069 Cmsarea
2545 4008 2921 4080 Cappadociae
2969 4007 3166 4080 passio
3219 4005 3407 4064 sanati

1822 4099 2090 4174 Longini.
2118 4098 2221 4171 qui
2252 4096 2410 4157 latus
2440 4097 2672 4155 Domini
2698 4096 2900 4155 lancea
2920 4096 3325 4168 perforavit,ut
3343 4095 3403 4153 in

1821 4190 2003 4265 gestis
2032 4189 2159 4259 ejus
2188 4185 2932 4245 invenitur.'l‘hessalonica
2956 4184 3188 4242 civitate
3212 4184 3404 4243 natale

1821 4277 2343 4350 sanetaayMatrona:
2375 4274 2671 4345 martyris,
2708 4290 2835 4345 qua
2858 4271 3103 4327 viriliter
3121 4287 3309 4343 usque
3329 4271 3403 4327 ad

1821 4371 2070 4426 mortem
2101 4366 2161 4423 in
2187 4362 2551 4422 confessione
2581 4361 2794 4418 Christi
2833 4359 3173 4432 permansit.
3208 4359 3403 4417 Romae

1820 4454 2106 4515 Zacharias
2140 4467 2322 4523 papae.

107 2829 281 2884 Obiit
317 2826 466 2887 Walo
521 2826 851 2885 Trecassinse
899 2827 1153 2883 Ecclesia:
1198 2828 1494 2899 episcopus.
1530 2827 1629 2882 Eo-

33 2915 157 2972 dem
186 2914 286 2973 die
315 2914 593 2972 ordinatio
623 2912 813 2970 domui
838 2915 1079 2985 [lagonis
1107 2916 1462 2986 ceiscopi,qui
1487 2914 1635 2971 dedit

35 3006 320 3075 fratribus
352 3006 409 3063 in
438 3003 526 3059 die
555 3003 919 3061 ordinationis
948 3018 1062 3058 sua:
1085 3003 1260 3060 altare
1284 3003 1634 3061 Billiacensis

38 3094 316 3152 ecclesiae.

14 3181 162 3239 ridie
192 3181 396 3238 Nonas
428 3180 640 3237 Martii.
672 3178 1007 3237 Nicomedia
1053 3178 1245 3238 natale
1295 3185 1629 3237 sanctorum
1661 3199 1709 3267 α

38 3270 300 3327 Victoris
328 3273 387 3327 et
410 3269 819 3345 Victorini,qui
841 3268 1147 3328 tormentis
1177 3268 1381 3325 multis
1411 3267 1635 3335 afflicti,

42 3364 98 3414 et
129 3359 350 3418 retrusi
383 3357 442 3414 in
474 3376 786 3426 carcerem,
822 3359 1038 3417 ibidem
1069 3358 1197 3416 vitae
1223 3375 1343 3417 sua:
1394 3373 1637 3414 cursum

39 3448 457 3521 impleverunt.
490 3448 732 3505 Civitate
760 3447 958 3505 Toleto
991 3447 1278 3523 depositio
1310 3445 1500 3503 sancti
1530 3446 1635 3502 Ju-

39 3535 179 3592 liani
215 3536 524 3597 antistitis.

9 3625 168 3680 Ionas
201 3626 421 3682 Martii.
460 3624 810 3683 Mauritania
859 3622 1090 3679 civitate
1140 3622 1638 3679 Tuburbitauensi

43 3714 244 3786 passio
274 3719 614 3775 sanctorum
648 3718 971 3785 martyrum
1022 3712 1218 3778 Satiri,
1251 3713 1551 3785 Perpetuos
1584 3716 1641 3768 et

46 3802 392 3872 Felicitatis,
424 3807 480 3858 et
510 3818 646 3859 cum
678 3800 762 3859 eis
794 3801 1083 3868 Revocati,
1117 3801 1420 3859 Saturnini
1450 3806 1507 3856 et
1537 3800 1640 3858 Se-

46 3891 309 3949 cundoli.
1506 3929 1515 3937 -

10 3980 100 4035 7111
131 3980 274 4037 ldus
305 3978 521 4047 Martii,
554 3977 903 4053 Carthagine
937 3974 1128 4035 natale
1160 3975 1345 4035 sancti
1373 3973 1642 4037 Pontiani

48 4069 280 4126 diaconi
314 4074 371 4124 et
399 4067 553 4123 beati
584 4063 854 4143 Cypriani
886 4066 1164 4141 episcopi.
1191 4066 1254 4122 In
1278 4065 1510 4122 civitate
1530 4067 1645 4129 An-

28 4150 277 4215 tinoum
313 4155 505 4213 natale
537 4161 875 4213 sanctorum
902 4154 1638 4225 martyrum,Philemonis,

46 4245 362 4318 Apollonii,
394 4242 643 4313 Arriani,
671 4244 932 4302 Theotici
968 4247 1024 4299 et
1055 4243 1303 4301 aliorum
1335 4260 1398 4299 ιιι
1430 4243 1489 4298 in
1521 4261 1641 4299 ma.

50 4350 110 4390 1'6
142 4349 496 4399 mersorum.

119 4425 325 4481 Eodem
350 4424 440 4480 die
467 4422 849 4495 defunctorum
876 4420 1313 4479 commemoratio
1342 4419 1606 4478 monacho
1623 4450 1640 4461 -

52 4529 176 4569 rum
204 4514 529 4571 monasterii
554 4512 619 4570 de
651 4512 890 4600 Caritate
916 4511 1254 4577 solemniter,
1284 4508 1423 4582 quod
1452 4517 1503 4566 et
1534 4511 1642 4583 ipsi
1669 4567 1713 4600 Π
2061 4508 2244 4599 θαίεῶ
2272 4539 2360 4596 die
2391 4537 2738 4596 Αάευιειηιαε
2783 4536 3031 4594 ward“
3078 4543 3131 4591 ει
3174 4548 3401 4593 eam-

48 4619 144 4674 pro
174 4601 463 4679 defunctis
489 4602 689 4658 nostris
717 4599 1011 4656 celebrant.

1818 4599 1921 4694 tor.
1954 4599 2151 4689 m
2190 4629 2283 4686 die
2327 4628 2464 4685 obiit
2510 4626 2619 4684 Odo
2664 4626 2855 4701 unus,
2874 4627 2973 4697 qui
3016 4624 3164 4697 apud
3211 4624 3402 4681 orm—

9 4708 79 4765 r’ll
113 4710 254 4768 ldus
282 4707 492 4773 Martii.
519 4707 734 4765 Nicena
755 4706 985 4765 civitate
1007 4704 1199 4765 natale
1220 4705 1405 4765 sancti
1428 4705 1638 4779 Grego-
1812 4741 1952 4780 mm.
1978 4721 2173 4779 viuum
2199 4717 2421 4777 modum
2445 4732 2608 4773 suum
2636 4716 2923 4771 canonicis
2947 4713 3114 4770 dedit.

53 4798 120 4853 rii
150 4796 413 4871 episcopi
444 4796 641 4853 fratris
668 4796 823 4852 beati
847 4793 1380 4851 Basilii.Barzilona
1402 4794 1635 4851 Paoiani
1743 4814 1897 4871 xv”
1928 4809 2216 4870 Κιιθηάοε
2245 4805 2483 4880 Aprilis,
2515 4802 2782 4876 Aquileia
2827 4803 2981 4861 beati
3033 4800 3234 4858 Ηίιαι-ίί
3278 4800 3399 4871 cpi-

55 4886 311 4968 episcopi
338 4890 395 4945 et
424 4884 797 4945 confessoris.
828 4883 999 4972 Apud
1028 4883 1317 4972 Sebasten
1347 4883 1621 4941 Armenia

1815 4900 1974 4972 scopi
2008 4904 2066 4954 et
2094 4894 2333 4952 'l‘aoiani
2367 4892 2619 4960 diaconi,
2653 4891 2755 4964 qui
2804 4908 2924 4947 una
2969 4906 3104 4949 cum
3140 4888 3262 4945 ﬁlio
3290 4906 3400 4947 suo

55 4975 297 5035 minoris
318 4973 510 5035 natale
531 4978 872 5033 sanctorum
893 4970 1287 5049 gloriosorum
1308 4974 1632 5046 martyrum
1816 4970 2215 5057 Felice,Largo
2243 4987 2303 5040 et
2332 4981 2611 5053 Dionysio
2643 4979 2990 5053 martyrium
3023 4994 3400 5039 consumma-

55 5080 123 5122 χι,
149 5064 404 5133 militum
437 5067 697 5141 tempore
728 5060 937 5121 Licinii
966 5059 1294 5143 regis.Nam
1319 5064 1375 5115 et
1395 5057 1636 5117 nomine
1813 5081 1969 5136 ωηι,
2004 5074 2200 5132 Roma
2247 5069 2471 5143 ογιιίηοί
2520 5067 2815 5140 martyris.
2848 5072 2906 5124 et
2935 5083 3072 5125 cum
3116 5083 3186 5123 θο
3231 5071 3397 5127 8η)...

56 5158 111 5208 et
134 5156 303 5233 gesta
325 5169 533 5213 eorum
563 5151 875 5211 habentur.
910 5149 972 5209 In
987 5149 1197 5239 Africa
1238 5146 1453 5239 Cyrilli,
1485 5146 1621 5205 Feli-

1815 5164 1981 5239 ινδεάὶ
2010 5167 2067 5219 et
2091 5157 2506 5224 Crescentiani,
2539 5160 2597 5212 et
2624 5155 2874 5213 aliorum
2922 5156 3130 5229 viginti
3178 5159 3398 5228 marty-

60 5242 158 5311 cis,
190 5241 463 5314 Philippi,
494 5239 759 5307 Marianl,
794 5238 1023 5311 Rogati,
1056 5236 1346 5294 Concessi.

1815 5236 2243 5311 rum.Arvernis
2273 5246 2462 5307 sancti
2494 5244 2723 5307 Patricii
2752 5244 3009 5318 episcopi
3033 5248 3091 5301 et
3111 5244 3401 5302 confesso-

127 5350 271 5407 Obiit
322 5348 487 5419 Walq
538 5349 840 5419 episcopis,
881 5360 984 5419 pro
1030 5345 1187 5414 cujus
1231 5344 1497 5400 memoria
1542 5345 1630 5414 fa-
1813 5344 1915 5400 ris.
1946 5336 2283 5397 Nicomedia
2311 5333 2555 5393 Castorii
2589 5334 2883 5407 martyris.

58 5438 244 5501 cicada
628 5416 928 5506 persuasus
962 5434 1083 5507 ejus
1126 5433 1628 5505 archiepiscopus...
1738 5430 1865 5486 XVI
1894 5424 2181 5484 Kalendas
2208 5419 2389 5493 April.
2423 5420 2487 5476 In
2515 5420 2708 5478 Scotia
2735 5421 2928 5478 natale
2958 5420 3145 5481 sancti
3166 5416 3398 5507 Patricii

54 5524 188 5589 duo:
615 5505 794 5594 regali
819 5531 872 5583 et
897 5505 1194 5596 episcopali
1220 5536 1491 5580 consensu
1508 5521 1629 5591 [ναι
1808 5513 2065 5591 episcopi
2096 5514 2153 5576 et
2183 5508 2555 5576 confessoris,
2587 5510 2689 5578 qui
2718 5510 2945 5583 primus
2970 5508 3189 5565 ibidem
3231 5505 3398 5596 Chrif

60 5618 229 5681 tribus
247 5617 552 5695 dilargitus
580 5593 692 5687 est,
712 5621 765 5675 et
793 5614 856 5672 in
883 5593 1362 5682 administratione
1400 5610 1630 5669 luminis
1808 5610 1968 5668 stum
2022 5596 2459 5675 evangelizavit.
2518 5598 2871 5660 Alexandria
2934 5596 3130 5659 natale
3205 5593 3400 5661 sancti
