3868 6204
447 285 604 348 1219

1226 283 1562 346 APPEND.
1608 284 1711 348 AD
1758 284 1949 347 SEC.
1996 283 2074 345 X.
2105 314 2183 329 —
2210 282 2713 347 MONUMENTA
2754 281 3071 347 LITURG.
3720 279 3807 339 us

515 416 805 475 Ambrosii
856 415 1107 472 diaconi.
1153 416 1436 489 Nivigella
1478 418 1832 474 monasterio
1878 421 2090 473 sanctas
2120 418 2175 484 Α
2281 417 2445 490 Syria
2485 416 2674 473 sancti
2718 415 2985 484 Seleucii,
3018 414 3284 486 itemque
3335 413 3397 468 in
3447 412 3643 485 Frigia
3691 430 3819 465 sas:

514 508 817 563 (tertrudis
847 505 1111 579 virginis.

441 598 538 655 XV
570 596 810 654 Kalend.
853 594 1033 668 April.
1084 595 1251 667 Apud
1301 596 1619 652 Caesaream
1666 595 1857 651 natale
1907 594 2093 652 sancti

512 684 820 743 Alexandri
849 683 1105 756 episcopi
1139 687 1197 739 et
1226 683 1625 756 martyris,qui
1655 700 1789 741 cum
1820 684 2093 740 Narcisso

512 773 1045 847 Hierosolymitanie
1077 771 1343 828 Ecclesiae
1373 773 1770 845 gubernacula
1813 773 2089 846 suscepit.

512 865 711 921 Romae
739 861 936 935 Cyrilli
969 861 1225 934 episcopi
1253 866 1310 917 et
1339 862 1711 918 confessoris.

675 953 823 1009 Obiit
856 952 1226 1008 Walaharius
1253 950 1500 1008 sacerdos
1527 960 1580 1008 et
1606 951 1877 1008 decumus.

438 1044 561 1101 XIV
591 1041 826 1099 Kalend.
857 1039 1038 1113 April.
1071 1040 1137 1095 In
1180 1039 1439 1097 Caesarea
1486 1039 1859 1113 Cappadocis:
1903 1038 2089 1095 sancti

510 1129 798 1189 Theodori
834 1128 1178 1203 presbyteri.
1229 1129 1398 1201 Apud
1448 1129 1835 1185 Penarensem
1886 1129 2090 1184 urbem

507 1220 660 1278 beati
685 1218 971 1275 Johannis
1000 1234 1227 1291 magnae
1259 1217 1588 1274 sanctitatis
1609 1218 2089 1273 viri.Surrentum

509 1313 845 1368 sanctorum
877 1311 1203 1380 martyrum
1232 1305 1450 1377 Quinti,
1482 1305 2086 1375 Quintilli,0uartillze,

507 1399 684 1456 Marci
715 1414 848 1453 cum
881 1396 1011 1452 aliis
1042 1411 1270 1451 novem.

436 1486 562 1542 XIII
592 1482 1030 1555 Kalend.April.
1051 1483 1109 1538 In
1145 1482 1464 1539 Britanniis
1486 1482 1678 1538 natale
1697 1482 1882 1538 sancti
1904 1482 2089 1537 Chud-

509 1573 731 1631 brehcti
781 1572 1033 1645 episcopi
1087 1576 1144 1627 et
1193 1571 1443 1627 confess.
1490 1571 1708 1627 Eodem
1758 1572 1850 1627 die
1898 1570 2091 1627 natale

508 1661 696 1735 sancti
740 1658 1016 1732 Archippi
1064 1657 1479 1715 commilitonis
1511 1658 1674 1715 Pauli
1722 1658 1990 1731 apostoli.
2024 1660 2087 1715 In

510 1751 678 1850 Syria
705 1753 1042 1850 sanctorum
1070 1746 1497 1850 Pauli‘LCyriluli,
1522 1748 1763 1821 Eugenii
1788 1764 1921 1805 cum
1955 1747 2087 1805 aliis
2118 1785 2183 1850 Β,

509 1858 587 1897 1v.
625 1840 755 1913 Ipso
783 1838 878 1893 die
908 1837 1095 1893 sancti
1126 1836 1462 1893 Wilfranni.

579 1912 729 1985 Obiit
757 1926 1033 1984 Adoardus
1060 1927 1342 1999 presbyter
1368 1934 1421 1981 et
1445 1926 1683 1982 Aroildis
1727 1912 1841 1982 Deo
1877 1926 2083 1993 devota,

506 2022 604 2092 qui
631 2018 776 2075 dedit
803 2016 1071 2090 fratribus
1101 2018 1159 2071 in
1192 2016 1385 2071 villari
1419 2016 1767 2072 Tometrense
1811 2024 1864 2071 et
1911 2015 2085 2072 Maro-

506 2108 581 2163 lio
610 2107 875 2178 optimum
905 2103 1128 2160 alodum
1156 2118 1282 2158 cum
1308 2103 1517 2175 capella
1540 2120 1643 2175 pro
1685 2106 1777 2161 sui
1822 2104 2085 2159 memoria

502 2195 775 2268 facienda.

430 2285 531 2342 XII
557 2283 801 2341 Kalend.
835 2282 1013 2355 April.
1045 2282 1213 2355 Apud
1242 2281 1552 2338 Cassinum
1592 2286 1852 2338 castrum
1896 2281 2083 2338 sancti

503 2374 688 2448 patris
729 2372 915 2429 nostri
965 2370 1258 2427 Benedicti
1307 2372 1555 2439 abbatis,
1586 2370 1685 2443 qui
1731 2370 1839 2426 fuit
1873 2371 2081 2444 spiritu

494 2464 795 2534 justorum
828 2460 1095 2517 omnium
1128 2458 1357 2531 plenus.
1389 2459 1461 2516 Et
1498 2459 1555 2514 in
1607 2458 1932 2516 Flaviniaco
1979 2461 2080 2516 ad-

500 2555 709 2607 ventus
739 2554 797 2605 et
820 2548 1080 2620 exceptio
1108 2547 1369 2620 corporis
1398 2551 1610 2603 sanctae
1640 2547 1872 2620 Regina
1904 2548 2079 2622 virgi-

502 2639 594 2694 nis
626 2643 683 2694 et
726 2637 1020 2710 martyris.
1056 2637 1120 2692 ln
1162 2636 1454 2692 territorio
1498 2636 1875 2709 Lugdunensi
1923 2638 2079 2693 beati

500 2726 769 2800 Lupicini
795 2724 1045 2782 abbatis.
1077 2725 1147 2780 Et
1175 2724 1235 2779 in
1262 2723 1609 2781 Alexandria
1640 2725 1793 2781 beati
1821 2726 2080 2799 Serapio-

498 2816 593 2872 nis
622 2814 991 2872 anachoritae.
1586 2872 1591 2879 ,

425 2905 498 2962 Xl
529 2904 765 2965 Kalend.
792 2902 972 2976 April.
1007 2903 1071 2959 In
1102 2902 1305 2959 Galliis
1333 2902 1560 2959 civitate
1580 2902 1861 2959 Narbona:
1884 2903 2079 2961 natale

498 2995 684 3052 sancti
717 2992 879 3050 Pauli
911 2992 1167 3066 episcopi
1193 2996 1251 3048 et
1273 2992 1625 3049 confessoris
1651 2993 1923 3066 discipuli
1947 3011 2079 3067 apo-

496 3082 802 3140 stolorum.
834 3082 1001 3155 Apud
1033 3081 1376 3139 Corinthum
1415 3081 1569 3136 beati
1616 3082 1875 3155 Dionysii
1923 3082 2075 3155 epis-

2278 506 2529 579 Agapiti.
3380 540 3385 542 τ

2200 594 2333 651 VIII
2362 594 2604 651 Kalend.
2636 593 2817 667 April.
2835 593 3000 666 Apud
3024 592 3325 648 civitatem
3337 590 3823 648 GdileeNazarzi

2271 683 2654 739 Annuntiatio
2686 686 2902 739 sanctae
2933 698 2999 738 ac
3029 683 3330 755 perpetuae
3370 680 3625 754 virginis
3656 679 3815 734 Maris

2272 777 2329 827 et
2358 772 2418 827 in
2449 771 2864 845 Hierosolymis
2892 770 3191 826 cruciﬁxio
3221 769 3469 826 Domini
3507 769 3699 825 nostri
3728 769 3823 823 δεῖ

2270 860 2680 932 Christi.Apud
2711 859 3004 930 Syrmium
3037 857 3232 914 natale
3262 859 3457 914 sancti
3478 858 3725 914 Herenei
3746 862 3827 929 ep?

2271 950 2431 1023 scopi
2462 953 2519 1005 et
2540 948 3035 1022 martyrisBomaa
3054 948 3254 1021 passio
3277 948 3474 1003 sancti
3495 947 3693 1019 Cyrini
3715 963 3832 1001 ms:-

2270 1038 2435 1112 tyris.
2469 1037 2809 1095 Nicomedia
2836 1036 3031 1093 natale
3056 1040 3273 1093 sanctas
3302 1034 3544 1091 Sedulm
3575 1035 3817 1107 martyris

2272 1128 2335 1184 In
2363 1129 2542 1184 Antro
2574 1126 2771 1184 insula
2798 1125 2989 1182 natale
3019 1125 3206 1182 sancti
3236 1124 3585 1182 Ermelandi
3615 1125 3829 1180 abbatis.

2344 1216 2491 1273 Obiit
2533 1214 2790 1272 Ilduinus
2835 1216 3160 1271 Senonensis
3211 1214 3647 1271 archidiaconus
3704 1214 3830 1285 ἡδέι

2268 1306 2509 1363 ecclesiae
2535 1306 2848 1361 canonicus.

2213 1396 2317 1453 VII
2348 1394 2593 1452 Kalend.
2625 1393 2804 1467 April.
2838 1393 3032 1449 Rome
3063 1392 3252 1449 sancti
3283 1390 3514 1448 Castuli
3538 1392 3829 1465 presbywi

2269 1489 2328 1541 et
2358 1481 3019 1557 martyris.Pentapolim
3046 1481 3234 1556 Lybiae
3255 1482 3560 1538 Theodori
3582 1482 3831 1553 episezpé,

2266 1572 2475 1630 Yrenei
2501 1573 2752 1639 diaconi,
2784 1571 3117 1644 Serapionis
3138 1575 3195 1627 et
3221 1571 3525 1628 Ammonii
3554 1569 3833 1626 lectorum.

2266 1662 2434 1735 Apud
2464 1662 2757 1735 Syrmium
2789 1659 2981 1717 natale
3011 1658 3198 1717 sancti
3231 1659 3503 1715 Montani
3533 1660 3831 1732 presbyx:

2269 1757 2327 1808 et
2354 1750 2617 1807 Maximis
2643 1749 2840 1806 uxoris
2867 1750 2996 1820 ejus
3025 1748 3085 1804 in
3115 1764 3277 1804 mare
3305 1765 3667 1805 mersurum.

2346 1841 2502 1898 Obiit
2556 1844 2677 1913 Aya
2723 1847 2931 1895 sanctae
2982 1839 3176 1895 Maria:
3227 1839 3465 1894 ancilla.
3519 1837 3715 1894 Eodem
3765 1839 3829 1891 die

2266 1931 2402 1986 obiit
2429 1931 2633 1985 Anasia
2654 1936 2833 1983 mater
2871 1927 3105 1983 domini
3130 1927 3332 1982 Αθανάί
3369 1928 3700 1999 presbyteri,
3730 1942 3829 1998 qs:

2265 2018 2411 2075 dedit
2483 2018 2765 2075 canonicis
2836 2018 3017 2071 sancti
3087 2015 3355 2088 Stephani
3433 2020 3825 2088 protomartyris

2265 2108 2559 2180 quamdam
2586 2109 2805 2161 vineam
2830 2107 3112 2178 optimam,
3144 2105 3241 2160 hoc
3266 2112 3433 2176 pacto
3463 2112 3527 2162 ut
3551 2106 3655 2176 qui
3678 2114 3826 2159 meta-

2265 2198 2400 2254 tinis
2427 2197 2577 2253 horis
2610 2197 2920 2262 institetint,
2948 2195 3141 2249 vinum
3168 2193 3301 2248 dum
3330 2193 3569 2250 duraret
3600 2195 3824 2248 biberent

2262 2287 2529 2345 Canonici
2554 2292 2740 2341 autem
2769 2285 2865 2357 qui
2891 2291 3049 2339 erant
3078 2285 3139 2338 in
3166 2282 3407 2356 capitulo
3432 2283 3541 2338 hoc
3588 2299 3826 2339 conoesse-

2263 2384 2410 2433 rant.
2684 2414 2691 2417 -

2190 2465 2266 2522 VI
2299 2463 2418 2522 Kal.
2450 2463 2631 2538 April.
2655 2463 2822 2536 Apud
2842 2462 3153 2536 Egyptum
3176 2460 3550 2517 B.Johannis
3573 2462 3818 2517 exemita.

2262 2554 2620 2611 admirandae
2651 2551 3065 2620 sanctitatis,et
3085 2550 3399 2624 prophetia
3430 2550 3689 2623 spiritus
3715 2552 3815 2603 vin.

2261 2641 2677 2716 Hierosolymis
2736 2641 3103 2697 Resurrectio
3163 2638 3399 2695 Domini
3457 2639 3655 2703 nostri
3706 2640 3815 2695 less

2260 2732 2494 2789 Christi.
2526 2732 2694 2804 Apud
2726 2734 3035 2800 Smyrnam
3066 2730 3217 2784 beati
3250 2729 3484 2784 Traseae
3507 2730 3815 2801 episcopis:

2259 2820 2552 2895 martyris.
2589 2818 2651 2876 In
2677 2818 2978 2875 Pannonia
3024 2817 3209 2875 sancti
3256 2815 3575 2898 Alexandri
3626 2824 3815 2889 many.

2258 2928 2358 2967 1‘18.

2184 2999 2234 3057 V
2264 2997 2694 3072 Kalend.April.
2727 3001 2993 3054 Caesares:
3026 2994 3328 3053 Palestina
3372 2996 3570 3052 natale
3612 3000 3817 3053 sancto-

2256 3106 2388 3146 rum
2412 3094 2735 3161 martyrum
2760 3084 3817 3153 Prisci,Malchi,Alexandri.Cavillom

494 3173 642 3245 copi.
675 3172 912 3228 Civitate
944 3170 1182 3227 Biterris
1212 3170 1705 3227 sancti-Afrodisii
1735 3171 1991 3244 episcOpi
2021 3177 2079 3229 et
2106 3156 2150 3223 C
2256 3177 2541 3252 depositio
2567 3156 2795 3233 vdomni
2856 3175 3179 3232 Gontranni
3235 3175 3414 3248 regis.
3448 3176 3652 3231 Romae
3701 3175 3814 3229 Sixti

492 3261 868 3318 confessoris.
1389 3327 1397 3337 .

567 3352 727 3408 Obiit
758 3349 1044 3407 Conradus
1073 3365 1246 3406 comes
1273 3357 1324 3405 et
1352 3349 1726 3421 Maginfridus
1751 3349 1910 3405 miles
1934 3366 2071 3406 san-

489 3441 564 3497 cti
590 3440 868 3512 Stephani.
902 3439 1100 3495 Eodem
1134 3440 1223 3494 die
1267 3439 1405 3495 obiit
1448 3439 1798 3494 Theodericus
1843 3441 2070 3496 canoni-

488 3546 587 3585 cus
617 3535 668 3585 et
695 3528 964 3598 sacerdos,
997 3530 1097 3600 qui
1135 3528 1283 3584 dedit
1327 3526 1547 3583 domum
1595 3544 1754 3583 suam
1782 3536 1834 3583 et
1862 3530 2067 3593 vineas,

489 3606 755 3691 quidquid
807 3619 974 3672 etiam
1028 3618 1378 3688 proprietatis
1424 3617 1619 3672 habere
1668 3616 1966 3684 videbatur,
2000 3616 2071 3672 ad

488 3707 756 3777 hospitale
781 3721 1087 3777 pauperum
1113 3722 1213 3777 pro
1240 3704 1531 3760 obtinenda
1560 3706 1721 3760 venia
1750 3705 2071 3761 delictorum

417 3882 464 3938 Χ
487 3810 1139 3953 ἵεᾘιἜῖΑρι-ἰιΝαιαιθ
1162 3886 1499 3937 sanctorum
1524 3886 1851 3954 martyrum
1874 3882 2067 3940 Victo-

489 3968 965 4037 riani,Frumenti
988 3974 1047 4026 et
1076 3969 1317 4025 alterius
1350 3970 2068 4045 Frumentii,duorumque

485 4073 901 4131 germanorum
932 4057 1165 4132 egregio
1192 4062 1485 4114 tormento
1514 4064 1923 4116 coronatorum
1956 4062 2066 4118 sub

486 4146 772 4204 Horonico
802 4163 956 4221 rege.
990 4148 1158 4221 Apud
1186 4147 1442 4204 Africam
1470 4147 1626 4205 beati
1653 4150 1864 4207 Fidelis
1906 4165 2067 4207 mar-

485 4236 649 4294 tvris.

510 4255 808 4383 yrlliiilarus
838 4326 1257 4384 archidiaconus
1286 4327 1441 4397 obiit,
1477 4329 1574 4400 qui
1600 4326 1747 4384 dedit
1794 4327 2066 4403 fratribus

482 4417 599 4473 suis
627 4432 785 4473 omne
807 4416 1083 4489 praedium
1117 4433 1281 4472 suum
1329 4416 1469 4489 quod
1516 4419 1578 4472 in
1619 4417 1895 4475 Melundis
1923 4427 1976 4474 et
2002 4420 2061 4475 in

2252 3285 2439 3341 papas.
2472 3266 2695 3325 Tharso
2724 3264 2933 3321 Cilicia:
2962 3264 3219 3321 Castoris
3248 3269 3307 3320 et
3336 3264 3635 3321 Dorothei.

2320 3355 2518 3412 Eodem
2554 3355 2643 3431 die
2688 3355 2824 3410 obiit
2862 3353 3118 3410 Ansellus
3163 3355 3391 3426 juvenis
3436 3354 3599 3409 miles
3629 3355 3687 3411 S.
3716 3358 3809 3411 Ste-

2244 3445 2437 3517 phani.
2471 3447 2624 3512 Item,
2653 3444 2791 3502 obiit
2819 3441 3105 3499 Condrada
3128 3443 3233 3498 Deo
3260 3450 3496 3498 saerata.

2178 3534 2254 3589 IV
2284 3532 2527 3589 Kalend.
2555 3531 2737 3605 April.
2769 3530 2970 3587 Natale
2999 3534 3095 3586 SS.
3121 3535 3448 3603 martyrum
3474 3531 3805 3605 Armogasti,

2247 3622 2593 3689 Archinimi,
2625 3624 2683 3676 et
2710 3620 2896 3694 Satyri
2926 3624 3189 3692 tempore
3232 3617 3594 3675 Wandalicaa
3643 3636 3807 3693 perse-

2249 3710 2523 3768 cutionis.
2559 3709 2911 3767 Monasterio
2956 3707 3302 3764 Luxoviensi
3339 3708 3632 3781 depositio
3680 3707 3805 3764 beati

2248 3798 2504 3856 Eustasii
2536 3797 2764 3854 abbatis
2795 3796 3066 3871 discipuli
3095 3801 3152 3853 8.
3184 3796 3557 3853 Columbani.

2316 3884 2611 3948 Ordinatio
2638 3887 2829 3944 damni
2863 3886 3126 3943 Waldrici
3153 3887 3410 3961 episcopi.
3442 3887 3573 3958 Ipsa
3592 3887 3684 3943 die
3701 3889 3807 3942 obiit

2248 3977 2397 4034 Dodo
2426 3978 2584 4033 miles
2613 3978 2789 4033 sancti
2815 3975 3097 4049 Stephani.

2175 4070 2256 4122 III
2289 4066 2529 4123 Kalend.
2554 4063 2737 4138 April.
2774 4065 2968 4121 Romae
3000 4063 3192 4120 natale
3221 4068 3321 4121 SS.
3348 4069 3682 4137 martyrum
3706 4065 3807 4131 Qui-

2246 4154 2380 4221 rini,
2411 4153 2853 4226 Tribuni.Apud
2883 4156 3143 4209 castrum
3172 4153 3703 4219 Silvanectensium
3731 4156 3806 4209 de-

2245 4244 2455 4318 positio
2500 4244 2559 4300 S.
2595 4242 2799 4316 Reguli
2849 4242 3199 4299 confessoris
3249 4246 3308 4299 et
3351 4243 3532 4316 primi
3586 4244 3807 4303 civitatis

2246 4333 2433 4405 ipsius
2462 4330 2738 4406 episcopi.
2770 4331 3199 4388 Thessalonice
3232 4330 3811 4389 natalis'sanctom

2244 4421 2473 4479 Domini
2506 4426 2564 4478 et
2590 4420 2866 4476 Victoris.

481 4507 718 4563 circuitu
748 4507 923 4579 ipsius
951 4505 1149 4562 habere
1193 4507 1345 4561 visus
1387 4514 1477 4562 est
1512 4506 1583 4562 ad
1629 4508 1951 4563 memoriam
1977 4509 2068 4563 sui
2100 4524 2143 4588 ι)
2173 4510 2365 4567 Pridie
2394 4509 2638 4567 Kalend.
2668 4508 3052 4582 April.Romaa
3083 4507 3402 4565 S.Balbinze
3433 4509 3806 4584 virginis,qns

481 4593 815 4667 faciendam.
846 4595 1042 4651 Eodem
1070 4594 1159 4650 die
1192 4594 1516 4651 Willelmus
1563 4595 1738 4650 laicus
1785 4597 1921 4652 obiit
1965 4598 2065 4668 qui

486 4682 634 4740 dedit
660 4685 805 4741 inter
829 4685 1028 4754 fratres
1057 4692 1107 4740 et
1133 4684 1310 4740 altare
1348 4685 1747 4756 patrimonium
1790 4701 1955 4741 suum
1999 4687 2062 4740 in

479 4775 774 4842 Senonico,
805 4774 866 4828 in
892 4774 1028 4830 villa
1053 4772 1384 4844 Conﬂuente.
1415 4772 1613 4830 Eodem
1656 4772 1746 4829 die
1790 4773 1926 4831 obiit
1950 4774 2059 4830 An-

482 4861 642 4917 dreas
664 4863 843 4918 miles.

410 4948 485 5004 1X
516 4949 1021 5024 Kalend.April.In
1052 4951 1214 5025 Syria
1242 4951 1436 5012 natale
1465 4952 1653 5007 sancti
1682 4952 2061 5025 Seleuci.lpso

482 5037 576 5093 die
593 5043 932 5094 sanctorum
951 5039 1183 5096 Romuli
1201 5044 1259 5096 et
1273 5040 1713 5114 Secundoli,qui
1731 5042 1887 5114 apud
1907 5042 2064 5098 Mau-

416 5131 434 5139 '
480 5124 756 5182 ritaniam
775 5144 879 5199 pro
897 5127 1127 5185 Christo
1148 5128 1305 5203 passi
1329 5130 1690 5186 sunt.Roma3
1712 5130 1908 5202 passio
1930 5147 2061 5187 san-

479 5215 555 5271 cti
588 5214 870 5288 Pigmenii
900 5216 1365 5290 presbyteri.Hic
1396 5217 1700 5275 Julianum
1731 5223 2059 5292 apostatam

479 5320 514 5361 a
541 5320 577 5376 p
605 5319 723 5360 :ero
753 5304 995 5360 nutrivit
1023 5310 1079 5362 et
1108 5305 1292 5364 sacris
1321 5305 1531 5363 litteris
1581 5307 1849 5377 erudivit,
1879 5325 1913 5364 a
1943 5325 2058 5381 quo

476 5397 680 5467 postea
709 5392 769 5448 in
803 5393 1062 5450 Tiberim
1094 5412 1199 5467 pro
1229 5394 1442 5451 Christi
1491 5396 1605 5451 ﬁde
1653 5401 1892 5453 necatus
1935 5401 2054 5467 est;

478 5481 806 5556 dehincque
837 5482 1191 5552 abstractus,
1223 5482 1489 5555 sepultus
1537 5487 1628 5540 est
1672 5485 1734 5541 in
1773 5485 2057 5542 cimiterio

478 5571 748 5634 Pontiani
780 5589 894 5634 non
927 5570 1099 5649 longe
1127 5589 1162 5635 a
1192 5570 1409 5632 sanctis
1437 5569 1641 5631 Abdon
1662 5576 1720 5631 et
1736 5575 2057 5634 Sennen.ln

2236 4601 2395 4671 jacet
2405 4600 2576 4672 juxta
2599 4602 2825 4672 patrem
2846 4615 3023 4654 suum
3044 4596 3355 4663 Quirinum
3377 4602 3808 4672 martyremEs

2241 4689 2500 4759 dem_die
2536 4690 2753 4746 Amoos
2802 4688 3117 4761 propheta.
3152 4687 3219 4743 In
3245 4687 3447 4745 Africa
3475 4692 3580 4759 SS,
3615 4688 3805 4745 Diodoli

2241 4783 2299 4834 et
2325 4776 2543 4834 Anesii.

2312 4871 2437 4939 Ipsa
2481 4866 2570 4923 die
2602 4866 2756 4947 .obiit
2815 4867 3037 4923 Belinus
3090 4866 3254 4922 levita
3294 4871 3350 4923 et
3397 4870 3718 4936 canonicus,
3746 4870 3807 4922 rir

2242 4955 2482 5013 honestae
2524 4958 2675 5024 vita,
2724 4957 2821 5028 qui
2874 4956 3154 5011 canonicis
3205 4957 3386 5012 sancti
3440 4957 3716 5031 Stephani
3754 4955 3806 5012 ei

2241 5045 2489 5101 emendos
2549 5044 2759 5101 reditus
2810 5044 2968 5100 mille
3019 5044 3222 5100 solidos
3274 5044 3445 5115 dedit,
3513 5046 3583 5103 de
3636 5049 3805 5120 quibus

2238 5136 2477 5204 singulis
2506 5136 2672 5191 annis
2718 5135 3024 5191 communis
3070 5136 3289 5207 refectio
3336 5138 3634 5192 canonicis
3676 5136 3803 5193 ethi-

2241 5223 2451 5280 beatur.
2520 5234 2525 5241 ‘

2838 5312 3141 5370 APRlLIS.

2166 5400 2459 5458 Kalendas
2507 5399 2690 5473 April.
2723 5404 2788 5456 In
2816 5402 3094 5458 Armenia
3141 5403 3239 5459 SS.
3272 5407 3612 5477 martyrum
3658 5404 3805 5471 Quin-

2239 5490 2402 5559 tiani,
2432 5490 2904 5547 Victorileomte
2933 5490 3231 5563 Depositio
3263 5492 3632 5550 beatissima
3654 5496 3805 5552 Theo-

2238 5580 2390 5638 dorsa
2418 5579 2716 5658 martyris.
2742 5577 3253 5641 In'Thessalonica
3294 5580 3492 5643 natale
3522 5583 3633 5646 SS.
3656 5583 3803 5663 virgi~
