3868 6204
23 350 184 409 221

1144 346 1715 422 MARTYROLOG.
1754 348 2200 421 ANTISSIOD.

3300 356 3460 418 1222

84 499 255 537 num
305 484 522 556 Agapis
568 487 627 538 et
676 482 899 557 Cyoniaa
949 487 1295 556 martyrum.
1330 484 1392 538 In
1425 483 1695 539 Sardinia
1721 485 1778 552 Α
1878 481 1953 537 lis
1979 482 2294 554 prophetae.
2327 482 2732 543 Antissiodero
2762 486 3048 559 depositio
3070 489 3254 544 sancti
3280 488 3461 544 Palla-

86 571 172 625 B.
210 571 505 628 Meritoris
553 572 809 646 episc0pi
859 577 916 629 et
953 572 1322 629 confessoris.
1360 577 1487 645 Ipso
1514 574 1605 629 die
1635 577 1691 627 8.

79 657 380 716 Venantii
412 660 669 734 episcopi
700 665 756 717 et
786 661 1076 735 martyris.
1160 661 1167 667 ’

182 747 333 804 Obiit
419 749 591 805 Guido
666 751 962 807 canonicus
1018 755 1071 806 et
1140 750 1346 809 Edisse:
1417 750 1696 806 archidia-

89 852 300 893 conus.

12 924 97 979 ,ν
145 926 350 983 Nonas
382 926 615 1000 Aprilis.
642 928 929 1003 Lugduno
950 928 1106 985 beati
1128 928 1331 985 Nicetii
1365 928 1618 1002 episcopi
1643 932 1700 986 et

94 1014 489 1072 confessoris.
504 1017 671 1089 Apud
694 1016 1059 1073 Paimstinam
1084 1017 1373 1089 depositio
1390 1017 1569 1074 beatae
1584 1016 1698 1072 Ma-

102 1102 214 1159 riae
242 1103 611 1176 Egyptiacaa,
645 1120 773 1177 quae
803 1105 1098 1161 Peccatrix
1127 1104 1474 1178 appellatur.

9 1190 107 1247 III
153 1191 356 1248 Nonas
376 1191 557 1265 April.
580 1195 836 1250 Czesarea
864 1194 1238 1269 Cappadocia:
1268 1194 1463 1268 passio
1486 1198 1699 1250 sanctis

96 1280 457 1337 Theodosia
504 1282 771 1355 virginis.
820 1268 1176 1349 Nicomedia,
1208 1283 1265 1339 8.
1304 1284 1506 1338 Donati
1552 1288 1609 1339 et
1637 1284 1696 1339 S.

92 1370 447 1442 Amphiani.
473 1370 536 1426 In
560 1371 784 1427 Scitbia
805 1370 1035 1427 civitate
1061 1371 1325 1442 Thomis,
1349 1371 1543 1429 natale
1565 1389 1700 1430 san-

96 1464 346 1514 ctorum
377 1458 604 1532 Evagrii
639 1463 697 1515 et
726 1459 985 1532 benigni.

185 1547 340 1603 Obiit
370 1549 523 1605 Abbo
553 1549 716 1620 hujus
745 1549 990 1606 ecclesia:
1015 1551 1194 1605 miles.

7 1637 61 1693 tl
115 1637 329 1693 Nonas
358 1635 931 1709 Aprilis.Mediolano
954 1638 1106 1694 beati
1134 1638 1425 1695 Ambrosii
1448 1639 1702 1712 episcopi

100 1730 169 1781 et
194 1726 552 1783 confessoris
572 1727 824 1782 doctoris
838 1727 1141 1800 praecipui.
1156 1728 1321 1800 Apud
1345 1727 1582 1802 Ispalim
1605 1730 1703 1784 de-

101 1814 333 1887 positio
363 1814 422 1870 S.
455 1814 660 1871 Isidori
690 1814 945 1887 episcopi
964 1819 1035 1871 'et
1061 1816 1432 1873 confessoris.

186 1905 315 1976 Ipsa
345 1903 435 1958 die
462 1902 597 1959 obiit
617 1905 925 1959 Leotericus
944 1905 1254 1972 vicecomes,
1281 1906 1445 1978 hujus
1466 1907 1710 1965 ecclesiae

102 1992 472 2050 vexillarius.

6 2083 243 2138 Nonas
284 2080 516 2154 Aprilis.
537 2082 968 2139 Thessalonicae
997 2081 1191 2139 natale
1221 2087 1434 2140 sanctae
1467 2084 1705 2155 Hyrenae

100 2170 365 2243 virginis
395 2175 450 2226 et
481 2171 775 2243 martyris.
800 2172 970 2243 Apud
1002 2171 1333 2245 Egyptum,
1358 2173 1548 2231 natale
1579 2191 1707 2229 san-

102 2264 348 2316 ctorum
406 2260 771 2328 Nicbanoris,
825 2264 883 2317 et
931 2260 1240 2334 Apollonii,
1281 2266 1338 2317 et
1386 2262 1704 2336 Martianaa,

52 2364 67 2373 ’
103 2365 373 2422 quorum
399 2354 562 2423 gesta
591 2349 902 2406 habentur.

180 2437 384 2494 Eodem
432 2438 522 2495 die
567 2438 845 2495 ordinatio
892 2438 1084 2495 domui
1122 2440 1402 2496 Heriboldi
1446 2442 1702 2514 episc0pi.

98 2531 251 2584 Item
285 2530 401 2599 ipsa
429 2528 520 2583 die
544 2528 865 2599 Ingeluinus
896 2528 1055 2584 miles
1082 2528 1238 2585 obiit.

12 2618 139 2673 VII
185 2618 332 2672 Idus
378 2615 612 2690 Aprilis.
653 2617 848 2673 Romae
906 2617 1098 2674 natale
1148 2618 1205 2673 8.
1240 2619 1384 2674 Sixti
1415 2637 1594 2694 papae
1648 2624 1706 2677 et

62 2721 67 2725 ‘
104 2704 394 2778 martyris
422 2705 787 2777 temporibus
814 2705 1051 2761 Adriani
1078 2707 1257 2779 passi.
1279 2707 1342 2763 In
1366 2693 1707 2765 Macedonia

105 2799 457 2851 sanctorum
504 2794 791 2850 Timothei
826 2798 882 2850 et
912 2793 1202 2867 Diogenis.
1238 2796 1411 2853 Libiaa
1442 2799 1702 2870 superio-

105 2885 199 2941 ris
228 2882 520 2939 Theodori
550 2882 829 2955 episc0pi,
857 2883 1100 2940 Herenei
1150 2885 1401 2954 diaconi,
1437 2887 1704 2961 Serapio-

107 2972 213 3028 nis
243 2975 303 3027 et
343 2970 639 3027 Ammonii
669 2971 978 3028 lectorum.
1010 2972 1079 3027 Et
1110 2971 1249 3028 alibi
1283 2974 1476 3031 natale
1506 2981 1705 3032 sancte

98 3061 359 3117 Marine
393 3063 450 3115 et
474 3059 759 3143 Egulinze.
1416 3048 1419 3053 ’

191 3149 459 3205 Obierunt
488 3149 767 3218 Remigius
792 3152 846 3205 et
881 3150 1286 3207 Warimbertus
1315 3154 1568 3226 episcopi.
1597 3157 1705 3209 Eo-

1877 570 1958 626 dii
1989 571 2244 644 episcopi
2278 576 2335 628 et
2367 574 2739 633 confessoris.

1947 660 2095 716 Obiit
2123 663 2463 734 Waningus,
2496 665 2595 735 qui
2620 664 2767 720 dedit
2794 666 3064 737 fratribus
3100 683 3263 722 suum
3294 685 3459 722 man-

1874 764 1996 803 sum
2025 747 2483 806 indominicatum
2513 768 2637 807 cum
2684 754 2889 826 optima
2926 756 3087 810 vinea
3115 762 3165 811 et
3193 756 3460 812 viridario

1877 837 2188 894 adhaerente
2237 839 2296 893 in
2345 840 2455 895 loco
2502 843 2602 915 qui
2648 841 2851 897 dicitur
2900 842 3324 911 Mausiacus,ad
3371 846 3462 899 sui

1877 927 2199 981 memoriam
2226 927 2625 984 celebrandam.
2650 930 2845 985 Eodem
2874 930 2967 986 die
2993 932 3339 989 Hludowicus
3362 949 3463 987 rea:

1877 1015 2033 1071 obiit.

1810 1103 1886 1159 III
1927 1104 2066 1160 Idus
2082 1105 2314 1178 Aprilis.
2342 1106 2536 1162 Romae
2558 1106 2750 1164 natale
2771 1108 2829 1164 S.
2855 1107 3064 1165 Leonis
3088 1126 3270 1183 papae,
3291 1110 3462 1182 cujus

1882 1194 2243 1265 temporibus
2264 1195 2483 1251 exstitit
2502 1200 2705 1251 sancta
2723 1198 2982 1270 synodus
2995 1198 3459 1255 Calcedonensis.

1881 1283 2046 1354 Apud
2069 1283 2296 1339 Cretam
2328 1285 2471 1339 urbe
2501 1284 2741 1340 Gortina
2772 1285 2963 1341 natale
2990 1288 3174 1341 sancti
3208 1286 3462 1360 Philippi

1882 1370 2136 1444 episcopi
2170 1376 2227 1427 et
2256 1373 2624 1430 confessoris.
2660 1374 2722 1429 In
2767 1373 3055 1430 Dalmatia
3102 1374 3328 1431 civitate
3358 1378 3465 1432 Sa-

1882 1458 2020 1515 lona
2076 1461 2269 1516 natale
2320 1462 2504 1517 sancti
2559 1462 2922 1518 Dominionis
2953 1463 3209 1536 episcopi
3242 1469 3298 1519 et
3327 1481 3462 1521 con-

1885 1547 2123 1603 fessoris
2181 1566 2314 1604 cum
2374 1549 2666 1606 militibus
2714 1565 2837 1606 vm.
2888 1551 3224 1607 Nicomedia
3260 1556 3316 1607 8.
3350 1553 3466 1608 Ευ-

1884 1636 2108 1711 storgii.

1812 1724 1865 1779 II
1905 1726 2044 1780 Idus
2082 1725 2316 1799 Aprilis.
2352 1728 2547 1783 Roma;
2594 1727 2686 1784 via
2733 1727 2967 1784 Aurelia
2996 1729 3284 1802 depositio
3313 1730 3468 1785 beati

1885 1813 2025 1869 Julii
2060 1814 2316 1888 episcopi
2347 1820 2402 1871 et
2434 1817 2802 1873 confessoris.
2821 1817 2951 1889 Ipso
2967 1817 3059 1873 die
3074 1818 3319 1874 Zenonis
3348 1818 3468 1891 epi-

1887 1902 2067 1975 scopi.
2100 1902 2393 1976 Wapingo
2445 1904 2733 1976 depositio
2754 1905 3145 1961 vConstantini
3188 1905 3465 1979 episcopi.

1884 1991 2290 2047 Antissiodero
2321 1992 2471 2047 beati
2504 1993 2713 2049 Tetrici
2746 1993 3021 2066 episcopi.

1955 2080 2151 2135 Eodem
2205 2080 2295 2136 die
2354 2080 2678 2137 Guillelmus
2741 2082 3107 2139 subdiaconus
3174 2086 3470 2141 canonicus

1886 2168 2125 2241 feliciter
2152 2171 2336 2225 emisit
2363 2171 2640 2242 spiritum,
2674 2176 2727 2226 et
2752 2187 2853 2243 pro
2879 2171 3200 2228 delictorum
3243 2190 3469 2230 suorum

1884 2259 2207 2314 remissione
2278 2258 2499 2315 domum
2573 2276 2732 2315 suam
2787 2267 2839 2316 et
2892 2262 3107 2316 vineam
3189 2264 3470 2319 canonicis

1883 2345 2049 2401 dedit.

1816 2433 1952 2489 ldus
1982 2434 2215 2508 Aprilis.
2252 2436 2315 2491 In
2347 2435 2694 2493 Calcedonia
2730 2436 2924 2499 natale
2954 2442 3165 2493 sanctis
3194 2438 3470 2495 Eufemia;

1884 2523 2127 2596 virginis
2158 2529 2215 2579 et
2246 2525 2712 2598 martyris.Apud
2730 2526 3078 2599 Pergamum
3100 2526 3249 2582 Asia:
3267 2527 3471 2583 urbem

1884 2610 2079 2667 natale
2108 2616 2203 2668 88.
2238 2617 2564 2685 martyrum
2622 2614 2788 2686 Carpi
2849 2613 3131 2687 episcopi,
3161 2620 3220 2671 et
3264 2614 3473 2688 Papilii

1886 2701 2137 2767 diaconi,
2165 2706 2221 2756 et
2253 2702 2435 2759 beata:
2465 2702 2857 2775 Agathonicae,
2891 2707 2947 2759 et
2976 2702 3226 2759 aliarum
3259 2703 3471 2760 multa-

1885 2806 2038 2845 rum.
2072 2794 2138 2845 In
2169 2790 2452 2863 Hispania
2481 2790 2758 2864 natales.
2774 2792 3225 2866 Herminegildis
3250 2792 3404 2867 regis
3419 2797 3477 2849 et

1886 2878 2183 2951 martyris.

1813 2965 1991 3022 XVIII
2025 2966 2310 3024 Kalendas
2342 2967 2497 3024 Maii.
2534 2968 2728 3024 Romae
2777 2968 2973 3026 natale
3004 2973 3098 3025 SS.
3127 2970 3391 3026 Tiburcii
3417 2975 3476 3026 et

1884 3054 2176 3111 Valeriani
2210 3060 2267 3111 et
2296 3055 2554 3112 Maximi.
2592 3057 2939 3113 lnteramnis
2968 3061 3024 3112 8.
3057 3057 3289 3113 Proculi
3320 3075 3476 3114 mar-

1885 3144 2233 3217 tyris.Apud
2246 3144 2654 3200 Alexandriam
2687 3144 2841 3201 beati
2864 3145 3147 3201 Hontonis
3177 3150 3235 3201 et
3261 3151 3477 3203 sanctas

106 3239 243 3295 dem
271 3237 363 3294 die
387 3239 527 3295 obiit
555 3237 853 3310 Gaufridus
881 3238 1300 3295 archidiaconus
1321 3245 1373 3296 et
1391 3223 1555 3298 abbas
1582 3261 1698 3300 εαη.
1736 3223 1779 3291 C
1889 3231 2125 3288 Domnaa
2181 3232 2426 3305 virginis
2483 3248 2619 3288 cum
2677 3232 2854 3289 sociis
2927 3234 3256 3307 virginibus
3313 3250 3476 3291 coro-

104 3331 193 3384 eti
223 3327 467 3385 Eusebii.

21 3410 173 3467 VIII
217 3409 360 3465 ldus
387 3407 622 3481 Aprilis.
654 3409 823 3482 Apud
862 3409 1113 3466 Africam
1147 3409 1337 3467 natale
1367 3416 1703 3470 sanctorum

48 3518 51 3521 '
110 3497 435 3572 Epiphanii
466 3497 811 3571 episcopi,et
840 3498 1048 3555 Donati
1081 3503 1139 3555 et
1166 3499 1420 3555 aliorum
1450 3517 1571 3558 xm.
1606 3503 1708 3558 Eo-

104 3589 252 3655 dem
302 3587 395 3643 die
452 3587 745 3661 Hejesippi
803 3603 898 3643 xxv
952 3587 1328 3645 sanctissimi.
1360 3588 1709 3647 Alexandria

112 3675 315 3731 sancti
346 3674 595 3731 Peleusii
628 3675 970 3749 presbyteri.

189 3765 344 3820 Obiit
396 3762 669 3821 Iohannes
728 3765 894 3821 levita
947 3769 1001 3821 et
1056 3768 1222 3822 abbas
1264 3769 1445 3823 sancti
1484 3770 1710 3824 Eusebii

107 3854 299 3911 adhuc
317 3853 541 3924 juvenis
582 3853 884 3925 prudentia
914 3854 1232 3909 litterarum
1264 3857 1506 3913 imbutus
1532 3862 1588 3912 et
1616 3859 1708 3914 bo-

108 3945 301 3999 nitate
328 3941 568 3999 decorus.
602 3943 723 4015 Ipsa
774 3941 865 3998 die
914 3943 1049 3999 obiit
1095 3943 1255 4000 Adita
1311 3946 1573 4015 religiosa
1627 3950 1710 4019 fe-

27 4049 306 4179 νίηῇῗέ
335 4119 574 4193 Aprilis.
606 4121 772 4194 Apud
807 4120 1082 4178 Tolosam
1112 4121 1305 4178 natale
1334 4122 1522 4179 sancti
1551 4124 1709 4180 Exu-

113 4210 268 4284 perii
300 4208 558 4282 episcopi
588 4213 646 4266 et
677 4209 1047 4279 confessoris,
1080 4212 1250 4283 cujus
1297 4216 1462 4269 actus
1503 4213 1710 4270 beatus

112 4300 512 4372 Hieronymus
525 4298 1496 4357 memorabiliterdescribitﬂomaa
1508 4301 1708 4360 Calisti

112 4405 343 4534 pagbaiit
374 4476 639 4533 Beraldus
665 4477 913 4534 sacerdos
937 4482 989 4534 et
1018 4481 1324 4535 concentor.

28 4573 85 4624 V
134 4566 281 4623 ldus
309 4565 548 4656 Aprilis.
578 4566 746 4639 Apud
785 4565 1195 4656 Antiochiam,
1229 4566 1422 4623 natale
1481 4567 1708 4624 Procori
1743 4591 1786 4656 ο

112 4653 420 4727 martyris,
451 4653 551 4726 qui
586 4671 741 4711 unus
774 4654 884 4711 fuit
913 4655 985 4711 de
1022 4668 1101 4711 vn
1142 4655 1507 4717 diaconibus.
1539 4657 1708 4731 Apud

114 4742 423 4817 Syrmium
476 4742 668 4800 natale
724 4760 805 4801 vn
859 4743 1180 4817 virginum,
1226 4760 1354 4817 quas
1407 4744 1467 4801 in
1526 4763 1710 4802 unum

117 4836 470 4891 meruerunt
541 4834 827 4902 coronari,
907 4849 1159 4906 quarum
1244 4834 1486 4891 nomina
1563 4836 1711 4892 Deus

122 4921 308 4979 novit.

198 5010 350 5068 Obiit
406 5013 607 5069 Suavis
667 5011 1032 5070 subdiaconus
1085 5014 1147 5067 in
1204 5013 1403 5070 litteris
1474 5015 1713 5070 multum

120 5100 364 5159 deditus.
423 5101 621 5158 Eodem
674 5101 764 5159 die
816 5103 1012 5172 regina
1066 5118 1210 5157 uxor
1264 5102 1507 5159 Guiberti
1555 5103 1709 5170 obiit,

120 5191 285 5264 cujus
341 5206 563 5247 assensu
607 5198 660 5247 et
700 5192 952 5263 precibus
1003 5191 1149 5247 idem
1205 5190 1490 5248 Guibertus
1546 5193 1712 5248 eccle-

122 5281 273 5338 siam
318 5282 499 5335 sancti
547 5279 812 5353 Stephani
869 5281 1147 5337 eanonicis
1196 5282 1257 5336 in
1302 5280 1535 5338 Acolaco
1578 5282 1716 5338 villa

122 5367 300 5426 dedit.

42 5458 153 5519 ιν.
196 5457 338 5514 Idus
356 5456 594 5529 Aprilis.
628 5458 824 5516 Romae
854 5456 1046 5516 natale
1076 5457 1467 5531 plurimorum
1499 5461 1713 5532 marty-

127 5563 265 5605 rum
295 5562 446 5619 quos
494 5550 734 5603 sanctus
762 5547 1088 5605 Alexander
1114 5564 1267 5620 papa
1295 5546 1627 5621 baptizavit,
1659 5551 1717 5603 et

128 5634 483 5701 Aurelianus
514 5634 574 5694 in
600 5637 747 5696 mari
779 5653 986 5698 necare
1018 5635 1173 5707 fecit,
1204 5640 1261 5694 et
1288 5635 1425 5696 alibi
1458 5634 1718 5697 Ezechie-

1886 3325 2056 3376 natae.

1957 3411 2154 3467 Eodem
2180 3410 2268 3466 die
2315 3411 2589 3468 ordinatio
2639 3411 2830 3469 domui
2875 3412 3142 3469 Richardi
3190 3414 3474 3485 presulis.

1884 3500 2007 3572 Ipsa
2036 3499 2125 3555 die
2154 3500 2290 3555 obiit
2320 3500 2566 3558 0tbertus
2595 3502 2753 3558 miles
2783 3502 2837 3556 S.
2868 3502 3151 3574 Stephani.

1763 3610 1768 3617 ί
1815 3587 1980 3644 XVII.
2017 3586 2142 3644 Kal.
2176 3588 2332 3643 Maii.
2366 3589 2427 3644 In
2461 3589 2691 3645 civitate
2722 3589 2972 3647 Cordula
3000 3590 3193 3646 natale
3242 3596 3474 3648 sancto-

1890 3695 2019 3732 rum
2052 3682 2376 3751 martyrum
2402 3676 2764 3752 Olympiadis
2784 3684 2841 3734 et
2872 3678 3132 3737 Maxima:
3162 3680 3473 3738 nobilium.

1890 3771 1954 3821 In
1977 3766 2142 3843 Italia
2158 3771 2494 3822 sanctorum
2515 3771 2837 3840 martyrum
2857 3767 3137 3835 Maronis,
3157 3769 3476 3827 Euthicetis

1890 3860 1948 3910 et
2002 3854 2305 3911 Victorini.
2367 3856 2437 3911 Et
2492 3855 2551 3912 in
2612 3856 2905 3931 Reomago
2982 3857 3247 3914 ccenobio
3323 3858 3478 3915 beati

1887 3943 2161 4018 Sylvestri
2248 3944 2521 4019 discipuli
2600 3946 2788 4004 sancti
2873 3946 3162 4004 Johannis
3250 3949 3477 4005 confes-

1890 4050 2063 4089 SOI'IS.

1816 4122 1939 4177 XVI
1976 4120 2104 4179 Kal.
2137 4122 2293 4179 Maii.
2328 4122 2816 4197 Caesar-Augustae
2840 4128 3177 4182 sanctorum
3200 4125 3401 4182 decem
3418 4130 3478 4181 et

1888 4215 2017 4267 octo
2047 4215 2660 4284 martyrum,quorum
2685 4212 2925 4268 nomina
2947 4218 3004 4269 et
3031 4212 3230 4285 passio
3261 4212 3478 4269 haben-

1888 4304 2003 4356 tur.
2034 4299 2201 4371 Apud
2241 4300 2581 4355 Chorintum
2635 4300 2825 4356 natale
2856 4301 2916 4356 S.
2949 4299 3157 4356 Calixti
3187 4305 3243 4355 et
3272 4300 3477 4357 Carisii

1890 4405 2025 4444 cum
2100 4387 2233 4443 aliis
2307 4405 2406 4443 vu.
2484 4387 2678 4443 Romae
2737 4391 2794 4442 8.
2852 4387 3119 4443 Anicheti
3195 4404 3355 4459 papae
3418 4392 3478 4444 et

1890 4476 2184 4549 martyris,
2268 4480 2325 4531 et
2407 4475 2467 4531 in
2558 4475 2913 4532 Mauritania
2987 4474 3183 4533 natale
3262 4480 3475 4532 sancta:

1890 4566 2135 4623 Basilica.

1958 4654 2156 4711 Eodem
2212 4654 2301 4711 die
2355 4653 2611 4711 obierunt
2686 4653 3043 4727 Godolgarius
3089 4653 3376 4725 presbyter
3428 4661 3481 4710 et

1892 4751 2166 4816 Augustus
2243 4744 2510 4811 sacerdos,
2564 4745 2662 4816 qui
2708 4743 2854 4800 dedit
2911 4744 3183 4816 fratribus
3255 4740 3478 4798 alodum

1889 4852 2052 4892 suum
2124 4834 2424 4892 Maisilinae
2495 4849 2620 4889 cum
2676 4834 2835 4889 vinea
2892 4832 3169 4904 adjacente
3223 4832 3284 4886 in
3339 4831 3477 4888 villa

1840 4990 1847 4995 _
1893 4940 2019 4999 quae
2072 4923 2278 4979 dicitur
2339 4923 2663 4979 Loeoniacus
2714 4921 2783 4977 ad
2827 4922 2920 4977 sui
2961 4921 3285 4977 memoriam
3324 4937 3476 4978 reco-

1893 5014 2130 5070 tendam.

1820 5103 1917 5159 XV
1946 5101 2068 5159 Kal.
2092 5101 2249 5157 Maii.
2272 5101 2441 5174 Apud
2462 5098 2715 5155 Africam
2738 5097 2931 5156 natale
2943 5098 3129 5155 sancti
3143 5098 3472 5173 Mappalici,

1892 5191 1994 5264 qui
2055 5207 2188 5247 cum
2249 5189 2382 5246 aliis
2436 5187 2706 5261 pluribus
2763 5193 3075 5246 coronatus
3133 5192 3241 5245 est.
3274 5188 3473 5244 Antio-

1893 5279 2026 5337 chia
2056 5278 2247 5335 natale
2296 5279 2636 5333 sanctorum
2688 5277 2840 5335 Petri
2890 5277 3118 5335 diaconi
3148 5281 3206 5334 et
3229 5277 3474 5334 Hermo-

1893 5385 2080 5442 genis.

1967 5456 2113 5512 Obiit
2142 5461 2339 5511 Petrus
2367 5454 2629 5510 diaconus
2657 5457 2757 5527 qui
2782 5456 2929 5513 dedit
2956 5456 3228 5529 fratribus
3251 5455 3310 5509 in
3333 5467 3475 5525 pago

1892 5546 2178 5609 Senonico,
2206 5546 2267 5599 in
2295 5544 2430 5599 villa
2460 5560 2582 5616 qua:
2604 5544 2813 5601 dicitur
2841 5547 3230 5610 Rivisiacus,et
3247 5544 3309 5596 in
3334 5556 3473 5615 pago

1893 5632 2353 5695 Antissioderense
2383 5632 2444 5691 in
2472 5632 2611 5692 villa
2639 5647 2766 5710 qua
2792 5632 2999 5692 dicitur
3036 5632 3325 5703 Poziacus,
3357 5644 3474 5692 0m-
