3868 6204
365 270 523 335 1223
1144 268 1483 332 ΑΡΡΕΝΒ.
1527 267 1629 330 AD
1644 268 1862 373 .SEC.
1906 268 1997 330 Χ-

2190 267 2627 333 DNUMENTA
2666 269 2987 334 LITURG.
3644 268 3766 329 seu

432 403 531 456 ria
555 402 775 472 propria
804 416 903 454 sua
934 415 1271 472 qumcunque
1332 404 1475 455 visus
1522 410 1598 456 est
1644 402 1859 467 habere,
1892 418 2013 456 eum
2046 406 2100 472 Α
2200 402 2287 457 dri
2312 400 2581 479 martyris
2604 420 2738 458 cum
2759 402 2890 459 aliis
2913 419 3164 458 numero
3183 417 3384 458 κυεην.
3414 400 3478 455 In
3505 398 3767 455 Britanni;

432 491 707 545 masilim‘s
732 498 781 544 et
818 491 980 544 terris
1011 498 1062 545 et
1100 492 1274 544 vincis
1307 490 1375 544 ad
1405 493 1496 545 sui
1527 492 1845 546 memoriam
1876 508 2021 547 reco-

434 578 801 650 lendanulpso
829 576 918 634 die
951 574 1133 635 David
1164 578 1327 635 levita
1346 586 1398 634 et
1411 580 1741 651 praepositus
1760 581 2022 651 migravit

432 667 502 724 ab
531 668 633 723 hac
662 668 795 723 vita.
828 667 979 735 Item,
1011 666 1283 724 Johannes
1312 667 1473 723 levita
1503 674 1555 723 et
1584 667 1749 723 abbas
1794 666 2023 723 humilis

433 758 502 813 ab
531 756 630 812 hoc
653 756 854 813 saeculo
882 755 1150 825 migravit
1180 755 1253 811 ad
1271 757 1613 813 clementiam
1636 755 1858 812 Christi.
1877 755 2022 813 Obiit

434 845 733 903 Richardus
761 860 952 902 comes.
990 846 1227 902 Victoria
1254 846 1552 902 comitissa.

361 951 486 1009 XIV
524 950 760 1009 Kalend.
796 951 951 1008 Maii.
984 952 1152 1025 Apud
1185 952 1515 1008 Messanam
1545 952 1797 1025 Apuleim
1829 950 2024 1008 civita-

433 1046 551 1099 tem
581 1041 774 1097 natale
805 1041 1248 1113 SS.martyrum
1272 1040 1590 1098 Eleutherii
1609 1039 2023 1114 gloriosissimi

432 1130 716 1205 episcopi,
750 1135 809 1186 et
830 1129 1057 1187 Anthie
1088 1129 1296 1187 matris
1327 1131 1473 1203 ejus.
1512 1130 1707 1187 Roma:
1740 1128 1934 1202 passio
1956 1127 2016 1184 S.

429 1218 721 1293 Apollonii
766 1218 1074 1276 senatoris.
1110 1218 1174 1275 In
1197 1218 1391 1276 Africa
1441 1217 2016 1291 Victoris-PMphili

430 1324 566 1365 cum
596 1307 731 1365 aliis
763 1324 1008 1364 numero
1036 1322 1135 1364 vn.

359 1397 485 1454 XIII
516 1396 757 1454 Kalend.
793 1396 951 1452 Maii.
982 1397 1151 1469 Apud
1184 1396 1527 1453 Chorintum
1552 1396 1743 1454 natale
1758 1395 2020 1453 S.Timo-

434 1487 529 1542 nis
552 1485 834 1552 cruciﬁxi,
858 1485 958 1557 qui
995 1485 1103 1541 fuit
1133 1486 1204 1543 de
1224 1502 1322 1541 vn.
1346 1484 1711 1541 diaconibus.
1733 1485 1797 1541 In
1815 1486 2017 1541 Arme-

432 1575 533 1631 nia
563 1574 792 1631 civitate
842 1573 1091 1629 Militiae
1143 1573 1338 1630 natale
1367 1575 1464 1630 SS.
1500 1574 1651 1642 Ruﬁ,
1683 1573 2016 1641 Aristonici,

431 1662 817 1736 Hermogenis
869 1680 1006 1719 cum
1064 1661 1197 1719 aliis
1226 1679 1473 1720 numero
1503 1679 1621 1720 sex.
1655 1662 2016 1720 Caucoliberi

432 1751 726 1850 Hispaniae
758 1750 1336 1850 natale-SN-incentii
1356 1751 1724 1850 martyrian
1746 1750 2017 1850 emnobio
2048 1779 2096 1844 Β

428 1841 583 1915 quod
616 1839 832 1896 dicitur
858 1840 931 1896 ad
962 1840 1218 1910 Latmius
1248 1840 1534 1914 depositio
1561 1840 1714 1898 beati
1746 1839 2009 1896 Ursmari

427 1930 683 2003 episcOpi
713 1933 771 1985 et
799 1928 1172 1986 confessoris.

500 2019 656 2077 Obiit
684 2017 944 2075 Ersendis
970 2016 1136 2073 vidua
1162 2020 1268 2074 Deo
1295 2026 1528 2084 sacrata,
1556 2032 1684 2091 quae
1712 2016 1858 2073 dedit
1885 2018 2008 2088 fra-

427 2110 603 2164 tribus
630 2123 730 2179 pro
772 2107 946 2179 Agini
974 2107 1248 2179 quondam
1274 2109 1367 2163 sui
1392 2109 1588 2163 mariti
1613 2114 1773 2180 atque
1801 2108 2009 2163 animae

423 2212 543 2255 suae
570 2196 911 2254 absolutione
940 2198 1000 2252 in
1027 2212 1169 2268 pago
1213 2198 1481 2254 Senonico
1528 2198 1587 2252 in
1618 2196 1754 2252 villa
1781 2197 2006 2253 Caciaco

2201 498 2256 546 8.
2292 491 2492 547 Melliti
2520 491 2776 565 episcopi
2806 496 2863 547 et
2891 491 3272 548 confessoris.

2275 579 2419 635 Obiit
2443 580 2692 637 Ansellus
2721 580 2885 637 levita
2912 588 2963 636 et
2990 580 3296 637 canonicus
3323 578 3600 649 insignis,
3632 579 3691 633 ia
3708 577 3774 632 £-

2200 670 2349 724 vinis
2393 670 2682 741 scripturis
2726 670 2990 739 magister
3032 670 3314 739 egregius,
3337 669 3443 741 qui
3481 683 3596 740 pro
3631 668 3777 724 solati

2202 757 2411 814 animae
2437 773 2558 815 sum
2586 758 2803 814 vineam
2832 774 2997 831 quam
3026 757 3259 814 habebat
3282 760 3343 814 in
3362 764 3557 813 monte
3585 757 3781 828 Defessi

2199 848 2478 902 canonicis
2506 846 2673 903 dedit.

2128 932 2248 990 VII.
2290 933 2536 991 Kalend.
2570 934 2728 992 Maii.
2762 934 2826 992 In
2874 934 3227 993 Alexandria
3283 934 3488 992 natale
3536 938 3597 990 8.
3631 932 3785 991 Marci

2200 1020 2587 1096 evangelista.
2607 1025 2892 1099 Lugdune
2913 1024 3200 1098 depositio
3230 1024 3389 1081 beati
3422 1024 3664 1080 Rustici
3694 1026 3785 1096 epi-

2200 1112 2383 1186 scopi.
2418 1112 2613 1169 Romm
2645 1111 2861 1170 letania
2891 1116 3079 1186 major
3106 1113 3182 1170 ad
3210 1118 3269 1169 8.
3302 1113 3578 1170 Petrum.
3614 1113 3680 1168 In
3708 1118 3788 1186 Sy-

2200 1218 2411 1258 racusa
2432 1200 2663 1259 civitate
2707 1202 2912 1260 Siciliae
2960 1202 3154 1260 natale
3184 1206 3282 1259 88.
3316 1201 3559 1271 Evodii,
3597 1203 3785 1259 Emo-

2199 1290 2366 1364 genis
2395 1293 2453 1348 et
2479 1289 2725 1348 Calistae.

2269 1380 2425 1439 Obiit
2468 1378 2697 1436 domnus
2744 1379 3034 1437 Eribaldus
3078 1381 3359 1453 episcopus
3399 1382 3508 1454 qui
3552 1379 3782 1437 dedita!

2197 1470 2521 1525 vestimenta
2547 1472 2792 1540 fratrum
2819 1469 3066 1536 emenda,
3101 1469 3405 1527 Candidam
3444 1469 3653 1524 villam
3677 1486 3783 1523 em

2196 1559 2315 1614 suis
2361 1557 2693 1631 appenditiis
2721 1566 2774 1615 et
2799 1557 3134 1615 abbatiolam
3169 1561 3353 1614 sancti
3400 1559 3659 1628 Remigii
3679 1575 3786 1613 ean

2197 1648 2394 1714 vineis,
2426 1648 2700 1705 corticano
2731 1647 2979 1704 videlicet
3002 1655 3054 1703 et
3074 1648 3317 1720 plantis;
3336 1656 3393 1704 et
3417 1648 3493 1703 ad
3524 1649 3785 1719 stipendia

2198 1738 2444 1808 ipsorum
2498 1735 2797 1793 dimidium
2870 1737 3282 1803 Maximiacum,
3339 1736 3444 1792 hoc
3496 1744 3585 1792 est
3645 1754 3784 1792 uas-

2193 1841 2281 1881 808
2310 1842 2425 1881 XXI.
2471 1866 2475 1870 υ

2117 1912 2213 1971 VI.
2248 1912 2492 1971 Kalend.
2528 1913 2689 1971 Maii.
2723 1913 2920 1971 Romae
2946 1912 3137 1970 natale
3165 1918 3262 1969 88.
3286 1918 3629 1988 martyrum
3652 1914 3780 1971 Cleti

2184 2008 2242 2059 et
2293 2002 2614 2059 Marcellini
2671 2020 2855 2077 papae.
2889 2002 2951 2058 In
3009 2019 3157 2077 pago
3217 2003 3483 2070 Pontive,
3515 2004 3772 2059 cenabis

2186 2092 2461 2161 Centulaa,
2481 2091 2767 2166 depositio
2789 2091 2977 2149 sancti
3000 2091 3256 2149 Richarii
3276 2092 3771 2149 confessoris.“-

2186 2181 2495 2238 tissiodero
2527 2180 2813 2238 dedicatio
2846 2180 3087 2254 majoris
3116 2178 3373 2238 ecclesia:
3402 2184 3464 2236 8.
3490 2180 3710 2236 Mariae.

424 2287 673 2342 clausum
727 2288 907 2342 υίηεᾶ»
961 2285 1247 2342 habentem
1289 2286 1564 2357 Amanum
1594 2301 1672 2350 ιν,
1701 2293 1753 2341 ει
1778 2284 1848 2340 ad
1874 2300 2003 2340 san-
2042 2312 2043 2315 η
2113 2268 2163 2325 ν
2200 2270 2444 2327 Kalend.
2500 2270 2656 2327 Maii.
2702 2269 2897 2326 Roma:
2947 2268 3139 2326 natale
3171 2273 3230 2325 8.
3261 2269 3564 2326 Anastasii
3595 2286 3767 2342 papa.

422 2384 569 2432 ctum
615 2376 871 2431 Priscum
926 2376 1077 2430 inter
1129 2374 1419 2432 monachos
1456 2383 1509 2431 et
1535 2377 1734 2448 fratres
1764 2373 2005 2430 vineolas

422 2480 557 2537 quas
588 2465 670 2520 ibi
692 2463 941 2519 habebat.
973 2465 1280 2537 Stephanus
1308 2465 1465 2519 miles
1491 2464 1649 2519 obiit.

353 2571 451 2627 XII
493 2568 729 2626 Kalend.
763 2568 919 2626 Maii.
950 2568 1153 2625 Natale
1199 2569 1258 2625 S.
1291 2568 1540 2625 Victoris
1571 2584 1731 2642 papae
1762 2573 1819 2624 et
1847 2583 2001 2623 mar-

422 2658 588 2730 tyris.
648 2657 812 2724 ltem,
874 2657 1069 2713 Romae
1123 2661 1219 2712 88.
1270 2663 1590 2730 martyrum
1660 2656 1890 2729 Sulpitii
1946 2660 2004 2711 et

422 2744 743 2802 Serviliani.
813 2744 1212 2802 Antissiodero
1281 2745 1511 2801 civitate
1561 2745 1845 2817 depositio
1901 2745 1998 2801 SS.

424 2835 823 2892 confessorum
858 2833 1190 2890 Mamertini
1220 2838 1277 2890 et
1306 2834 1570 2890 Mariani.

348 2941 421 2998 XI
452 2939 694 2997 Kalend.
729 2939 887 2996 Maii.
919 2941 1085 3012 Apud
1127 2939 1418 2996 Persidem
1470 2940 1661 2996 natale
1689 2944 1747 2995 8.
1778 2939 2000 2995 Simeo-

421 3031 517 3087 nis
546 3029 800 3103 episcopi
847 3033 905 3085 et
949 3029 1223 3103 martyris
1270 3046 1403 3085 cum
1445 3029 1576 3085 aliis
1607 3030 1899 3103 plurimis.
1932 3033 1998 3084 In

2184 2360 2522 2418 Nicomedia
2548 2364 2606 2415 8.
2634 2359 2854 2416 Antimi
2909 2358 3167 2434 episcopi
3214 2363 3272 2416 et
3320 2359 3603 2433 martyris
3642 2374 3765 2415 cum

2184 2450 2495 2506 innumera
2505 2448 2884 2505 multitudine
2897 2452 3242 2521 martyrum.
3260 2448 3323 2503 In
3337 2446 3575 2503 civitate
3594 2447 3765 2505 Tarsa

2184 2539 2395 2595 Cilicia:
2427 2538 2617 2596 natale
2647 2543 2704 2595 8.
2737 2536 2980 2595 Castori.

2257 2629 2415 2685 Obiit
2471 2629 2787 2685 Lambertus
2844 2627 3007 2699 hujus
3057 2627 3302 2684 ecclesiae
3372 2628 3676 2681 canonicus
3725 2636 3769 2681 et
3862 2614 3863 2655 ‘

2182 2720 2433 2785 sacrista,
2465 2719 2562 2791 qui
2590 2718 2661 2774 ad
2705 2719 2798 2773 sui
2846 2717 3172 2773 memoriam
3226 2715 3575 2773 recolendam
3631 2716 3768 2771 dedit

2181 2806 2311 2861 huic
2364 2806 2606 2863 ecclesia:
2645 2800 2863 2861 bacinos
2910 2804 3045 2861 duos
3094 2812 3396 2876 argenteos,
3424 2802 3763 2859 thuribulm

2180 2903 2520 2966 argenteum,
2550 2910 2779 2967 cappam
2805 2893 2871 2949 de
2892 2893 3091 2966 pallio,
3124 2900 3177 2949 et
3201 2892 3306 2950 duo
3336 2891 3693 2960 candelabra,
3720 2902 3765 2949 et

2181 2992 2273 3040 tuo
2302 2985 2546 3055 tapetia;
2576 2984 2854 3038 canonicis
2882 2990 3065 3038 autem
3118 2981 3265 3039 dedit
3307 2990 3527 3038 centum
3573 2982 3763 3038 solidas
3862 2982 3865 3053 l

2179 3080 2231 3128 et
2254 3075 2486 3145 fumum
2516 3088 2675 3145 quem
2703 3070 2857 3144 apud
2910 3070 3213 3171 Crevenum
3239 3073 3391 3141 fecit,
3422 3079 3476 3126 et
3503 3070 3762 3171 quidquid
3865 3072 3868 3171 γ

421 3118 627 3176 Galliis
656 3118 885 3175 civitate
934 3118 1335 3175 Ebredunensi
1365 3119 1556 3175 natale
1585 3124 1641 3174 8.
1678 3117 1997 3176 Marcellini
2030 3150 2076 3217 C
2512 3117 2881 3217 ὖὲίᾜιῶςῶι
3866 3117 3868 3171 |

422 3207 676 3271 episcopi
712 3213 769 3265 et
791 3207 1343 3271 confessoris.Apud
1373 3207 1777 3263 Alexandriam
1809 3206 2002 3263 natale
2142 3226 2149 3229 -
2622 3249 2761 3271 ηη,
2810 3250 3074 3271 ,ΔΛ-ΑΜ,
3112 3249 3301 3271 ,_,__.‘
3866 3180 3868 3271 l

422 3207 676 3281 episcopi
712 3213 769 3265 et
791 3207 1343 3281 confessoris.Apud
1373 3207 1777 3263 Alexandriam
1809 3206 2002 3263 natale

418 3302 514 3352 88.
538 3297 862 3363 Fortunati,
894 3296 1154 3353 Aratoris
1180 3297 1525 3369 presbyteri,
1558 3296 1784 3366 Felicis,
1817 3296 1997 3364 Silvii,

418 3385 647 3454 Vitalis,
680 3385 781 3459 qui
810 3386 868 3441 in
900 3401 1131 3441 carcere
1159 3385 1519 3457 quieverunt.

489 3494 643 3552 Obiit
688 3493 918 3549 domnus
967 3492 1249 3549 Galdricus
1290 3494 1588 3564 episcopus.
1642 3492 1787 3549 Obiit
1845 3497 2000 3565 nugo

416 3583 795 3639 nobilissimus
837 3582 997 3639 miles
1041 3582 1221 3639 sancti
1259 3581 1542 3654 Stephani,
1577 3585 1675 3655 qui
1704 3582 1853 3638 dedit
1879 3585 2000 3654 fra-

420 3671 595 3727 tribus
623 3670 912 3727 Acolacum
938 3672 1132 3726 villam
1178 3687 1303 3725 cum
1347 3671 1683 3743 appendiciis
1718 3674 1855 3738 suis,
1897 3688 1997 3726 an—

416 3767 619 3815 nuente
646 3757 899 3833 Goﬁrido
928 3761 1174 3831 episcopo
1204 3776 1303 3816 suo
1332 3760 1540 3815 seniori
1566 3759 1635 3815 ad
1663 3760 1753 3815 sui
1795 3775 1998 3816 memo-

415 3848 565 3903 riam
592 3846 954 3902 recolendam.

344 3935 392 3991 X
430 3933 1039 3991 Kalend.Maii.Romaa
1061 3940 1116 3990 8.
1141 3937 1241 3993 Gai
1266 3954 1426 4009 papze
1448 3941 1507 3993 et
1530 3937 1995 4011 martyris.Apud

416 4024 714 4079 Persidem
744 4027 838 4078 88.
870 4029 1192 4097 martyrum
1218 4025 1691 4098 quingentorum.
1713 4027 1997 4100 Lugdune

415 4110 615 4169 Galliis
665 4110 855 4168 natale
886 4112 1072 4167 sancti
1120 4112 1384 4186 Epipodii
1435 4115 1728 4187 martyris.
1761 4115 1830 4171 Et
1859 4116 1998 4172 alibi

413 4206 471 4258 8.
505 4201 795 4257 Parmenii
847 4217 980 4257 cum
1039 4201 1214 4258 sociis
1273 4202 1417 4259 suis.
1451 4207 1707 4261 Senones
1766 4204 1996 4262 civitate

411 4295 469 4348 8.
504 4290 713 4347 Leonis
740 4289 997 4364 episcopi
1030 4294 1086 4347 et
1115 4292 1488 4349 confessoris.

485 4398 679 4455 Eodem
703 4398 793 4454 die
822 4398 971 4471 Elya
1000 4416 1143 4455 uxor
1174 4400 1392 4457 Roberti
1412 4400 1585 4469 ducis,
1614 4402 1817 4458 mundo
1836 4403 1993 4475 plan-

2178 3267 2400 3319 venum,
2430 3267 2587 3323 quem
2614 3249 2761 3323 apud
2789 3250 3079 3305 Acolacum
3105 3249 3319 3306 habuit.

2110 3339 2185 3397 IV
2213 3338 2458 3397 Kalend.
2492 3338 2650 3397 Maii.
2675 3338 2844 3411 Apud
2875 3338 3212 3395 Ravennam
3244 3337 3437 3395 natale
3466 3342 3527 3394 8.
3556 3337 3759 3395 Vitalis

2180 3428 2457 3501 martyris
2487 3428 2673 3501 patris
2703 3427 3065 3485 SS.Gervasii
3095 3431 3155 3483 et
3186 3427 3501 3484 Protbasii.
3526 3427 3760 3485 Alexan-

2180 3517 2308 3573 dria
2351 3518 2530 3574 beatae
2578 3516 2895 3574 Theodore:
2930 3516 3177 3590 virginis
3206 3521 3266 3573 et
3294 3516 3595 3591 martyris,
3629 3521 3755 3573 ets.

2180 3605 2396 3661 Didimi
2427 3605 2719 3679 martyris.
2746 3606 2810 3661 In
2842 3605 3138 3662 Pannonia
3163 3605 3476 3663 8.Eusebii
3504 3606 3755 3679 episcopi

2179 3699 2235 3751 et
2260 3699 2316 3750 8.
2350 3694 2628 3751 Pollionis
2659 3694 2956 3767 martyris.

2252 3786 2411 3842 Obiit
2432 3783 2743 3857 Stephanus
2774 3784 2968 3853 laicus,
2990 3786 3089 3857 qui
3108 3783 3259 3840 dedit
3283 3784 3567 3856 prmdium
3579 3802 3751 3847 sum.

2177 3873 2317 3947 Quod
2346 3875 2409 3929 in
2434 3874 2727 3931 Laconiaco
2756 3873 2896 3930 villa
2935 3872 3233 3946 adquisivit
3257 3873 3323 3929 de
3351 3877 3585 3946 Georgia
3608 3891 3752 3947 pm.

2180 3965 2383 4035 bytero,
2414 3964 2681 4034 fratribus
2708 3965 2888 4019 sancti
2914 3962 3195 4035 Stephani,
3222 3963 3294 4018 ad
3321 3964 3416 4019 sui
3441 3967 3755 4020 memoriam

2176 4051 2446 4125 agendam
2471 4059 2591 4124 post
2620 4052 2829 4107 obitum
2859 4052 3052 4108 uxoris
3083 4051 3403 4108 Gelesindis.

2107 4140 2180 4197 III
2220 4140 2512 4197 Kalendas
2543 4139 2702 4196 Maii.
2731 4140 2901 4212 Apud
2932 4140 3197 4212 Paphum
3241 4139 3438 4197 natale
3461 4143 3525 4196 8.
3554 4140 3752 4197 Titichi

2176 4229 2573 4303 apostolorum
2603 4227 2898 4302 discipuli.
2921 4228 2985 4285 In
3015 4229 3226 4286 Tuscia
3250 4229 3523 4303 Torpetis
3554 4235 3755 4302 marty-

2175 4318 2276 4375 ris.
2303 4320 2367 4375 ln
2397 4318 2675 4374 Numidia
2702 4318 2859 4390 apud
2891 4318 3216 4375 Cirtensem
3246 4317 3539 4375 coloniam
3573 4317 3754 4375 natale

2175 4411 2512 4464 sanctorum
2544 4412 2869 4481 martyrum
2881 4406 3087 4481 Agapii
3108 4411 3166 4463 et
3192 4407 3511 4464 Secundini
3538 4408 3752 4481 episco-

411 4496 586 4558 gente,
619 4488 747 4543 ca’to
774 4487 1085 4560 plaudente,
1114 4488 1373 4544 ultimum
1400 4490 1680 4548 exhalavit
1709 4492 1988 4562 spiritum.
2022 4516 2071 4582 Ι)
2172 4513 2404 4570 porum.
2440 4494 2604 4552 Passi
2633 4500 2936 4552 suntcum
2965 4496 3052 4553 eis
3083 4496 3179 4552 alii
3207 4513 3327 4553 sex.

411 4577 533 4650 Ipsa
562 4577 650 4633 die
676 4577 954 4633 Elisabeth
1001 4594 1145 4633 uxor
1188 4580 1431 4635 Josberti
1466 4580 1684 4647 militis,
1716 4582 1870 4653 cujus
1897 4598 1991 4637 as-

408 4682 567 4722 sensu
598 4674 651 4722 et
674 4665 927 4739 precibus
976 4664 1119 4721 idem
1169 4666 1448 4723 Josbertus
1494 4684 1687 4724 nemus
1724 4668 1994 4741 quoddam

410 4763 461 4812 et
490 4756 711 4827 olquam
741 4772 909 4812 unam
939 4771 1046 4811 non
1080 4756 1238 4826 longe
1270 4756 1338 4812 ab
1368 4756 1589 4813 Acolaco
1606 4757 1742 4813 villa
1770 4761 1994 4814 canoni-

409 4846 489 4898 (is
538 4845 717 4901 sancti
766 4845 1037 4917 Stephani
1083 4843 1232 4902 dedit
1284 4844 1355 4901 ad
1400 4847 1493 4902 sui
1538 4849 1858 4904 memoriam
1901 4850 1989 4921 fa-

410 4930 680 4987 ciendam.

339 5018 411 5075 IX
445 5019 686 5075 Kalend.
722 5020 879 5078 Maii.
904 5021 966 5077 In
989 5021 1227 5078 Persida
1254 5021 1483 5078 civitate
1506 5022 1764 5097 Diospoli
1796 5024 1991 5098 passio

409 5110 467 5162 8.
510 5105 739 5180 Georgii
791 5110 1084 5183 martyris.
1116 5110 1180 5166 In
1216 5109 1419 5167 Galliis
1451 5110 1679 5168 civitate
1726 5112 1994 5171 Valentia

410 5193 625 5252 natalis
644 5199 739 5251 SS.
766 5196 968 5253 Felicis
991 5200 1638 5272 presbyteri,Fortunati
1665 5205 1723 5257 et
1750 5201 1991 5259 Achillei

410 5284 811 5341 diaconorum.
848 5285 1186 5344 Fontenella
1223 5290 1576 5345 monasterio
1606 5294 1662 5347 8.
1696 5289 1991 5347 Wlfranni

410 5373 667 5448 episcopi
698 5377 756 5431 et
786 5372 1158 5431 confessoris.

407 5462 606 5521 Eodem
633 5462 722 5522 die
749 5462 884 5521 obiit
908 5462 1209 5519 Gwilencus
1238 5465 1416 5521 miles.

337 5552 469 5613 VIII
498 5552 743 5614 Kalend.
763 5551 919 5613 Maii.
940 5551 1226 5629 Lugdune
1242 5551 1438 5612 Gallice
1460 5554 1653 5615 natale
1676 5560 1731 5617 8.
1752 5560 1994 5622 Alexan-

2114 4630 2125 4639 .
2244 4585 2441 4643 Eodem
2488 4585 2577 4642 die
2629 4586 2922 4659 Ayglulfus
2992 4586 3239 4642 sacerdos
3288 4594 3455 4658 atque
3500 4585 3749 4650 cimus,

2171 4676 2592 4748 divinorumque
2645 4682 2897 4745 erogator
2949 4676 3236 4732 verborum
3270 4676 3341 4730 ab
3373 4672 3477 4730 hac
3508 4676 3631 4730 luce
3658 4676 3751 4729 mi-

2170 4766 2371 4835 gravit,
2396 4765 2676 4820 canonicis
2706 4764 2763 4820 S.
2794 4763 3061 4836 Stephani
3087 4763 3333 4820 tribuens
3358 4772 3470 4819 tres
3491 4778 3752 4837 arpennas

2168 4856 2349 4910 vineae
2375 4854 2467 4908 sui
2490 4852 2697 4925 praedii
2724 4853 2786 4908 in
2816 4851 3059 4908 Garrieis
3086 4854 3239 4909 villa.

2100 4941 2291 4998 Pridie
2322 4940 2565 4998 Kalend.
2598 4940 2754 4997 Maii.
2788 4940 2992 4998 Natale
3039 4945 3383 4997 sanctorum
3432 4945 3750 5014 martyrum

2172 5029 2421 5087 Mariani
2475 5028 2799 5102 presbyteri
2845 5032 2905 5085 et
2951 5028 3153 5085 Jacobi
3195 5028 3431 5086 diaconi
3460 5046 3602 5085 cum
3631 5027 3751 5084 aliis

2172 5118 2397 5176 multis.
2422 5123 2743 5175 Sanctonas
2772 5117 3004 5176 civitate
3025 5116 3218 5175 natale
3234 5122 3294 5174 8.
3314 5118 3585 5193 Eutropii
3616 5134 3753 5174 mar-

2170 5207 2335 5281 tyris.
2384 5206 2554 5280 Apud
2610 5206 2810 5264 Asiam
2860 5207 3059 5281 passio
3086 5212 3145 5263 8.
3176 5207 3422 5264 Maximi
3464 5205 3749 5282 martyris.

2172 5297 2365 5353 Romae
2394 5295 2487 5352 via
2514 5296 2699 5368 Appia
2724 5296 3010 5368 depositio
3027 5295 3253 5364 Quirini
3268 5296 3539 5370 episcopi
3557 5303 3616 5373 et
3632 5311 3751 5353 con-

2171 5388 2512 5536 fesgggiunt
2544 5474 2775 5531 Nivelon
2801 5474 2979 5532 miles.
3009 5478 3151 5533 Item
3177 5478 3335 5547 Hugo
3381 5475 3557 5552 hujus
3594 5472 3747 5532 eccle-

2170 5567 2275 5626 siae
2303 5566 2596 5627 canonicus
2625 5570 2678 5625 et
2703 5564 2959 5625 decanos.
