3868 6204
53 389 219 452 1225

788 523 1023 579 MAIUS.

46 611 353 668 Kalendas
403 610 569 669 Maii.
612 611 810 667 Natale
839 611 1345 684 SS.apostolorum
1391 609 1644 683 Philippi
1673 614 1733 665 et

130 699 752 773 Jacobi.Jerosolymis
776 702 965 756 natale
986 701 1171 757 sancti
1194 700 1445 765 Quiriaci
1471 698 1727 772 episcopi

128 794 191 845 et
226 789 636 862 martyris,qui
668 792 725 845 et
750 790 933 846 Judas
961 793 1199 846 vocatus
1230 794 1338 845 est.
1372 790 1440 843 Et
1471 787 1608 843 alibi
1635 789 1727 843 Je-

124 878 331 934 remiaa
381 878 696 951 prophetae.
729 879 1136 935 Autissiodero
1180 878 1409 933 civitate
1441 877 1726 949 depositio

124 967 499 1023 sanctissimi
520 967 813 1024 Amatoris
842 967 1095 1040 episc0pi
1116 972 1173 1023 et
1195 967 1468 1039 praecipui
1498 967 1728 1023 confes-

129 1056 295 1111 soris
326 1056 644 1112 Christi.ln
679 1055 880 1112 Galliis
912 1057 1209 1112 territurio
1239 1055 1559 1111 Vivariensi
1592 1072 1724 1128 pas-

128 1146 225 1201 sio
284 1149 348 1200 S.
409 1143 640 1201 Andioli
690 1145 1056 1201 subdiaconi.
1118 1144 1357 1201 Civitate
1404 1144 1727 1200 Sedunensi

128 1235 269 1290 loco
298 1235 538 1307 Agauno
568 1234 763 1307 passio
805 1238 862 1289 S.
896 1235 1257 1307 Sigismundi
1305 1234 1478 1306 regis.
1519 1234 1728 1289 Tolosa

130 1323 374 1379 civitate
406 1323 692 1395 depositio
722 1327 784 1383 S.
825 1323 1079 1380 Orientis
1127 1323 1384 1396 epi500pi
1414 1328 1469 1379 et
1500 1323 1723 1379 confes-

131 1428 313 1468 SOI‘IS.

42 1500 126 1556 Vl
167 1501 371 1557 Nonas
397 1500 906 1557 Maii.Alexandria
934 1501 1124 1559 natale
1138 1503 1320 1557 sancti
1338 1502 1518 1574 patris
1542 1502 1724 1557 nostri

126 1588 443 1646 Athanasii
474 1589 732 1663 episc0pi
758 1591 1278 1658 confessoris,ltem
1296 1591 1353 1645 in
1375 1590 1727 1646 Alexandria

127 1678 335 1735 natale
365 1682 458 1734 SS.
493 1680 791 1734 Saturnini
824 1684 879 1735 et
917 1679 1187 1752 Neapolis
1239 1680 1339 1751 qui
1387 1680 1445 1734 in
1497 1697 1725 1736 carcere

128 1767 1005 1841 requieverunt.Hierosolymis
1034 1769 1225 1825 natale
1257 1758 1408 1825 beati
1433 1770 1724 1824 Simeonis

130 1856 401 1929 episcopi
432 1861 488 1912 et
519 1857 811 1931 martyris,
846 1857 946 1930 qui
996 1858 1363 1931 pr0pinquus
1411 1858 1723 1913 Salvatoris

132 1948 256 2001 fuit
285 1946 607 2001 secundum
641 1963 897 2002 carnem.
953 1947 1351 2003 Autissiodero
1381 1947 1573 2020 Optali
1603 1947 1723 2019 epi-

133 2035 326 2106 scopi,
359 2034 625 2090 Memorii
656 2036 973 2109 presbyteri
1002 2041 1057 2091 et
1081 2036 1339 2092 Sanctini
1380 2036 1722 2109 presbyteri.

214 2124 362 2179 Obiit
418 2126 693 2194 Remigius
762 2126 1059 2180 monachus
1113 2134 1163 2181 et
1217 2128 1463 2197 egregius
1520 2126 1721 2181 doctor.

129 2214 341 2269 Eodem
393 2214 481 2269 die
528 2214 667 2269 obiit
712 2213 1037 2285 Norgaudus
1099 2214 1361 2270 Eduensis
1429 2217 1722 2286 episcopus,

130 2303 307 2374 hujus
343 2304 586 2359 ecclesia:
629 2304 941 2368 canonicus,
994 2305 1091 2374 qui
1134 2320 1235 2375 per
1278 2320 1505 2359 manum
1553 2306 1725 2359 Hum-

134 2392 296 2447 baldi
307 2393 541 2464 episcopi
559 2393 798 2448 ecclesim
818 2400 1017 2447 nostra:
1036 2392 1182 2447 dedit
1199 2394 1371 2464 pretii
1391 2394 1530 2448 libra
1539 2410 1661 2448 rum
1679 2398 1728 2447 X

133 2498 212 2537 ea:
237 2481 414 2552 pallio
443 2497 671 2553 cappam
699 2483 958 2553 optimam
1004 2488 1058 2536 et
1102 2484 1338 2554 quinque
1379 2499 1590 2536 murras
1634 2500 1727 2537 ar-

128 2572 290 2641 genti
309 2572 599 2641 purissimi
625 2570 694 2625 ad
720 2587 965 2625 mensam
1005 2571 1203 2625 altaris
1246 2572 1644 2638 exornandam,
1677 2580 1728 2627 et

130 2658 247 2713 duo
279 2673 439 2730 super
467 2657 646 2713 altare
669 2658 1003 2730 operimenta
1040 2657 1371 2712 mirabiliter
1415 2666 1466 2713 et
1515 2674 1728 2730 operose

133 2751 390 2819 operata.

54 2835 107 2889 V
146 2835 347 2891 Nonas
379 2834 533 2891 Maii.
564 2834 976 2909 Hierosolymis
1010 2834 1264 2891 inventio
1291 2840 1501 2890 sanctae
1524 2835 1728 2891 Crucis

139 2925 218 2979 ab
252 2923 469 2981 Helena
516 2924 720 2997 regina
765 2924 825 2979 in
878 2930 1074 2980 monte
1123 2924 1366 2997 Golgota
1413 2942 1566 2981 anno
1598 2930 1730 2998 post

138 3013 485 3069 Passionem
504 3014 730 3075 Domini
753 3018 1337 3086 ccuxxxm,regnante
1350 3014 1728 3070 Constantino

139 3102 713 3175 imperatoreitomze
744 3101 835 3157 via
864 3103 1228 3158 Nomentana
1259 3101 1450 3157 natale
1480 3106 1732 3157 SS.mar-

140 3199 343 3265 tyrum
375 3190 675 3247 Alexandri
708 3196 890 3264 papze',
923 3191 1145 3247 Eventii
1197 3196 1254 3246 et
1293 3191 1571 3247 Theodoti
1605 3209 1729 3263 pre-

140 3260 526 3352 sbyterinsa
556 3280 649 3335 die
678 3260 978 3335 iuvenalis
1001 3279 1256 3352 episcopi
1278 3285 1335 3335 et
1356 3260 1724 3336 confessoris.
1760 3260 1802 3327 (ἶ

143 3368 551 3425 Autissiodero
584 3368 817 3424 Eusebii
848 3369 1167 3441 presbyteri
1182 3374 1250 3424 ‘et
1282 3368 1421 3424 Avili
1466 3368 1717 3425 diaconi.

58 3458 147 3515 ιν
182 3458 383 3513 Nonas
415 3456 566 3513 Maii.
603 3462 664 3512 In
698 3456 1006 3513 Palaestina
1046 3456 1273 3513 civitate
1302 3457 1495 3513 Gazan
1540 3458 1731 3515 natale

144 3547 337 3603 sancti
363 3545 579 3602 Silvani
610 3545 867 3619 episcOpi
894 3561 1029 3600 cum
1078 3545 1349 3619 plurimis
1387 3546 1728 3603 clericorum

144 3651 397 3691 suorum
428 3634 706 3690 coronati.
735 3635 805 3690 Et
855 3633 993 3691 alibi
1035 3640 1371 3691 sanctorum
1404 3640 1728 3708 martyrum

144 3742 239 3779 XL.
274 3722 621 3780 Nicomediae
652 3723 843 3780 natale
872 3728 928 3778 S.
961 3723 1222 3780 Antonia:
1269 3725 1562 3797 martyris.
1613 3727 1731 3780 Au-

146 3811 461 3869 tissiodero
509 3812 793 3886 depositio
841 3816 901 3869 et
946 3812 1250 3869 translatio
1290 3817 1350 3869 S.
1392 3814 1730 3871 Corcodomi

147 3901 386 3957 diaconi
428 3905 485 3957 et
532 3901 910 3959 confessoris.
974 3901 1253 3957 Lauriaco
1308 3902 1499 3959 natale
1546 3905 1731 3959 sancti

152 3990 407 4047 l-‘loriani
430 3990 722 4063 martyris.

225 4079 379 4134 Obiit
412 4080 708 4137 Wallerzus
737 4081 902 4136 levita
948 4085 1001 4136 et
1045 4082 1337 4136 canonicus
1366 4086 1418 4136 et
1456 4083 1512 4137 S.
1544 4083 1736 4141 Maria?

142 4168 699 4243 prmpositusEodem
725 4170 813 4225 die
842 4169 1122 4226 Girberlus
1159 4172 1324 4226 lem‘ta
1355 4176 1406 4225 et
1433 4178 1738 4245 praeceptor

148 4263 205 4315 et
235 4257 401 4313 abbas
429 4258 485 4313 S.
516 4259 739 4315 Eusebii
762 4276 955 4331 corpus
985 4261 1214 4325 tumulo,
1247 4261 1597 4333 animamque
1620 4262 1739 4317 red-

152 4346 305 4403 didit
335 4346 569 4403 Christo.

66 4438 159 4495 llI
188 4436 389 4493 Nonas
420 4435 575 4493 Maii.
630 4438 907 4493 Aseensio
958 4437 1184 4493 Domini
1236 4439 1306 4494 ad
1348 4438 1540 4495 ccelos.
1576 4441 1736 4512 Apud

155 4524 571 4581 Alexandriam
605 4527 797 4582 natale
825 4532 881 4581 S.
915 4526 1172 4583 Euthimi
1204 4527 1457 4585 diaconi.
1485 4528 1739 4585 Thessa-

1255 386 1818 451 MARTYBOLOG.
1863 388 2304 451 ANTISSIOD.
3327 388 3484 450 1226

1751 522 1809 587 Α
1909 537 2043 575 cum
2076 519 2200 576 aliis
2231 520 2818 577 Lxxu.Autissiodero
2848 520 3131 592 depositio
3161 519 3486 581 SSNalerii

1910 617 1965 665 et
1990 608 2281 665 Valeriani
2313 609 2719 682 episcoporum
2751 614 2809 665 et
2841 610 3261 665 confessorum.

1980 699 2177 754 Eodem
2229 699 2319 754 die
2382 699 2682 755 Mediolano
2742 698 3017 753 ordinatio
3071 697 3260 753 domui
3314 698 3486 755 Hum-

1910 788 2058 843 baltli
2087 790 2338 861 episcopi,
2364 793 2423 843 et
2451 790 2629 844 obitus
2655 789 2914 858 magistri
2943 787 3201 844 Guidonis
3235 788 3488 844 canonici

1906 880 2086 933 sancti
2132 878 2398 951 Stephani
2449 884 2501 933 et
2545 879 2864 944 arehiclavi,
2915 879 3015 950 qui
3057 876 3205 932 dedit
3248 878 3489 934 ecclesia,D

1906 973 2104 1023 nostris
2135 985 2204 1023 ea:
2251 969 2407 1023 libris
2450 972 2566 1025 suis
2609 969 2944 1040 passionales
2971 967 3123 1033 duos,
3155 966 3486 1038 antiphona-

1907 1058 2071 1121 rium,
2104 1058 2346 1127 gradale,
2381 1058 2736 1131 hymnarium
2764 1062 2815 1112 et
2839 1058 3165 1128 psalterium
3189 1056 3476 1128 Optimum.

1836 1145 2032 1201 Nonas
2077 1146 2237 1202 Maii.
2278 1149 2447 1219 Apud
2497 1147 2869 1203 Terracinam
2920 1144 3246 1216 Campaniae
3278 1144 3484 1200 urbem

1906 1235 2098 1291 natale
2130 1236 2309 1291 beata:
2342 1236 2647 1292 Domitillae
2678 1233 2918 1308 virginis
2947 1238 3004 1289 et
3033 1233 3306 1306 martyris
3349 1250 3484 1290 cum

1905 1323 2039 1379 aliis
2068 1324 2389 1396 virginibus
2419 1324 2693 1397 martyrio
2722 1323 3228 1379 coronati.Eodem
3257 1321 3352 1378 die
3380 1339 3484 1379 na-

1902 1411 2025 1468 tale
2065 1418 2401 1469 sanctorum
2452 1413 2620 1469 Nerei
2666 1417 2722 1469 et
2765 1410 3009 1467 Achillei
3039 1410 3472 1469 cunuchorum.

1905 1502 2116 1557 Trecas
2161 1506 2371 1557 sanctae
2422 1502 2703 1559 Mastidize
2743 1499 3007 1573 virginis.
3040 1503 3171 1571 Ipso
3202 1500 3295 1554 die
3326 1499 3483 1573 apud

1905 1587 2304 1643 Nicomediam
2336 1590 2532 1661 passio
2560 1593 2895 1645 sanctorum
2928 1587 3122 1653 Flavii,
3149 1588 3398 1660 Augusti
3426 1591 3485 1644 et

1902 1676 2219 1750 Augustini
2252 1679 2526 1735 fratrum.

1974 1767 2093 1837 Ipso
2122 1766 2209 1821 die
2238 1767 2468 1837 Ilgerius
2498 1768 2659 1841 hujus
2686 1769 2927 1824 ecclesia:
2968 1766 3299 1823 venerabilis
3335 1781 3483 1839 pree-

1902 1857 2417 1926 posilm,speculum
2464 1866 2514 1912 et
2558 1860 2736 1928 forma
2762 1858 3102 1922 clericorum,
3131 1854 3349 1912 tandem
3375 1872 3487 1911 mo-

1902 1945 2189 1999 nachalem
2227 1948 2530 2017 suscipiens
2578 1946 2844 2010 habitum,
2876 1953 3106 2000 mortem
3146 1943 3390 2016 perdidit
3434 1954 3486 2002 et

1903 2035 2071 2088 vitam
2102 2035 2329 2089 invenit.
2361 2037 2459 2090 Hic
2486 2040 2670 2091 autem
2699 2043 2757 2090 ut
2787 2037 2845 2089 in
2882 2035 3263 2089 anniversario
3311 2034 3482 2089 Hum-

1905 2123 2073 2177 baudi
2098 2126 2335 2195 episcopi
2360 2126 2621 2179 avunculi
2637 2126 2727 2179 sui
2751 2123 3023 2195 fratribus
3062 2124 3279 2194 refectio
3323 2123 3481 2178 exhi-

1906 2211 2517 2277 beretur,molendinum
2536 2212 2676 2284 quod
2704 2211 2848 2284 apud
2875 2213 3261 2283 Agligniaeum
3289 2210 3355 2267 de
3385 2228 3483 2267 suo

1902 2303 2123 2372 proprio
2158 2303 2307 2371 fecit,
2360 2302 2487 2357 huic
2532 2303 2771 2358 ecclesiae
2815 2301 3054 2357 donavit.
3096 2300 3288 2356 Multis
3318 2302 3485 2356 etiam

1906 2391 2240 2445 ornamentis
2291 2391 2573 2446 ecclesiam
2630 2392 2795 2446 istam
2851 2391 3123 2446 decoravit
3176 2388 3481 2445 sacerdota-

1908 2478 2069 2545 libus,
2101 2481 2309 2535 scilicet
2338 2481 2713 2535 vestimentum
2742 2480 3096 2535 diaconorum
3123 2485 3174 2535 et
3199 2477 3481 2534 subdiaco-

1906 2584 2122 2623 norum.
2180 2569 2340 2624 Dedit
2387 2572 2555 2624 etiam
2600 2569 2825 2624 calicem
2872 2576 3209 2641 argenteum,
3259 2568 3487 2637 cunulas

1906 2666 2190 2727 argenteas
2218 2667 2270 2715 et
2296 2676 2525 2731 cappam
2553 2659 2617 2714 de
2636 2659 2813 2730 pallio
2842 2660 3122 2732 optimam,
3170 2658 3392 2714 missale
3436 2666 3488 2714 et

1909 2747 2262 2815 breviarium,
2322 2753 2374 2803 et
2420 2749 2615 2804 multos
2681 2749 2818 2805 alios
2877 2748 3061 2804 libros.
3120 2748 3271 2809 Inter
3323 2749 3490 2807 etiam

1908 2836 2082 2891 multa
2108 2838 2371 2908 bene/icio
2400 2853 2526 2908 qua:
2553 2838 2681 2891 huic
2708 2837 2949 2893 ecclesia?
2973 2838 3121 2908 fecit,
3153 2835 3300 2891 dedit
3326 2853 3492 2909 super

1908 2925 2086 2979 altare
2116 2927 2357 2998 quinque
2384 2928 2718 2997 operimenta
2750 2926 2899 2980 linea
2931 2924 3318 2981 venerabiliter
3360 2940 3489 2997 ope-

1909 3020 2051 3068 rata.
2084 3016 2284 3071 Porlas
2306 3022 2485 3071 autem
2511 3014 2844 3086 principales
2875 3015 3031 3070 istius
3067 3014 3310 3071 ecclesia
3336 3015 3486 3085 fecit,

1912 3104 1966 3156 in
2000 3119 2235 3174 quarum
2264 3105 2574 3174 operatione
2620 3120 2721 3158 ccc
2765 3103 2968 3159 solidos
3009 3102 3252 3169 donavit,
3283 3101 3491 3158 medie-

1910 3198 2072 3246 tatem
2109 3207 2317 3263 quoque
2364 3197 2531 3249 terrm
2570 3193 2635 3248 de
2680 3192 2883 3257 Albex,
2928 3208 3097 3264 quam
3143 3208 3177 3247 a
3227 3190 3488 3262 Gaufrido

1912 3281 2048 3352 Rufo
2079 3282 2228 3346 emit,
2261 3286 2312 3336 et
2340 3282 2718 3337 mole-ndinum
2747 3280 2885 3353 quod
2913 3281 3210 3353 aediﬁcavit
3260 3282 3321 3336 in
3350 3279 3489 3336 villa

1907 3387 2027 3443 qua:
2053 3370 2258 3425 dicitur
2288 3369 2518 3437 Molins,
2552 3370 2621 3426 ad
2650 3373 2999 3443 refectionem
3028 3372 3086 3425 in
3115 3370 3203 3426 die
3222 3371 3488 3425 anniver-

1905 3462 2046 3515 sarii
2070 3461 2163 3514 sui
2186 3460 2421 3530 singulis
2448 3463 2611 3515 annis
2636 3459 2902 3533 fratribas
2923 3457 3283 3514 exhibendam
3321 3458 3486 3514 dona-

1908 3548 2211 3605 vit.Eodem
2239 3549 2327 3604 die
2351 3549 2485 3604 obiit
2508 3554 2664 3619 Hugo
2692 3550 3047 3607 Nivernensis
3075 3546 3486 3620 episcopus,hu-

1899 3639 1993 3710 jus
2021 3638 2262 3693 ecclesiae
2288 3639 2604 3694 canonicus.

1838 3726 1969 3780 VIII
2010 3726 2148 3782 Idus
2196 3725 2332 3781 Maii
2382 3725 2709 3781 Mediolano
2760 3726 2955 3782 natale
3004 3726 3190 3784 sancti
3236 3725 3489 3782 Victoris

1913 3814 2205 3888 martyris.
2256 3814 2653 3872 Autissiodero
2713 3815 2997 3889 depositio
3055 3815 3236 3872 sancti
3305 3813 3491 3872 Eladii

1913 3903 2167 3978 episcopi
2201 3908 2257 3959 et
2285 3904 2659 3961 confessoris.
2696 3909 2760 3960 In
2810 3904 3122 3962 Santonico
3152 3905 3221 3977 [κ’.
3261 3904 3492 3960 Nanne-

1914 3994 2050 4064 tico]
2080 3993 2429 4051 Vertavense
2461 3993 2814 4050 monasterio
2838 3994 3122 4067 depositio
3146 3993 3333 4050 sancti
3353 3996 3497 4050 Mar-

1918 4083 2023 4138 tini
2057 4083 2377 4155 presbyteri
2431 4087 2486 4139 et
2533 4083 2909 4140 confessoris.
2951 4084 3145 4140 Romae
3201 4081 3498 4138 Benedicti

1916 4190 2105 4245 papze.
2146 4176 2209 4226 In
2240 4173 2536 4228 territurio
2568 4172 2831 4227 Biturica;
2864 4171 3115 4227 civitatis
3144 4169 3498 4226 monasterio

1916 4260 2223 4317 Silviniaco
2255 4261 2542 4333 depositio
2571 4264 2632 4316 S.
2674 4260 2992 4316 Desiderati
3016 4257 3391 4316 confessoris.

1848 4354 1953 4404 VII
1974 4351 2113 4405 Idus
2131 4348 2264 4404 Maii
2282 4391 2292 4404 .
2308 4354 2372 4403 In
2392 4348 2625 4404 Persida
2638 4352 2976 4404 sanctorum
2992 4350 3314 4419 martyrum
3338 4363 3497 4403 cccx.

1918 4439 2117 4495 Castro
2146 4436 2468 4493 Vindocino
2524 4435 2713 4491 natale
2758 4435 2918 4491 Beati
2949 4433 3296 4491 confessoris
3327 4435 3499 4506 cujus

1920 4530 2088 4600 gesta
2114 4523 2944 4597 habentur.Constantinopoli
2976 4522 3168 4579 natale
3194 4524 3380 4580 sancti
3408 4524 3502 4579 Ti-

158 4613 364 4669 lonicze
397 4613 587 4670 natale
616 4616 967 4671 SS.Herenei
999 4619 1057 4670 et
1087 4615 1384 4688 Peregrini
1415 4621 1472 4672 et
1502 4617 1743 4673 Hirenes
1776 4630 1821 4694 D
1924 4615 2169 4671 mothei.

158 4703 401 4776 ignibus
430 4704 1138 4760 combustorum.Arelato
1170 4704 1456 4776 depositio
1476 4706 1744 4763 S.Hilarii
1855 4710 1930 4761 VI
1963 4707 2101 4761 Idus
2129 4704 2507 4760 Maii.0bitus
2534 4703 2642 4759 Job
2674 4702 2994 4777 prophetae.
3037 4702 3232 4758 Romae
3257 4700 3365 4757 Via
3394 4701 3503 4758 La-

158 4790 424 4863 episcopi
452 4796 510 4847 et
539 4793 910 4849 confessoris.
929 4793 1319 4849 Autissiodero
1353 4795 1547 4865 passio
1578 4796 1743 4852 S.Ju-

152 4878 377 4937 viniani
408 4880 657 4938 lectoris.
692 4882 917 4938 Vienna
948 4883 1014 4938 Β.
1049 4882 1253 4937 Nicetii
1288 4884 1545 4956 episcopi
1577 4901 1741 4940 vene-

170 4968 379 5025 rabilis
405 4971 735 5026 sanctitatis
765 4971 892 5027 viri.

239 5058 387 5114 Obiit
433 5058 604 5115 Frodo
651 5058 1085 5132 archipresbyter
1129 5067 1180 5114 et
1223 5062 1517 5115 eanonicus
1548 5062 1748 5117 litteris

163 5149 301 5203 bene
329 5147 596 5203 eruditus.

1924 4795 2049 4848 tina
2082 4793 2139 4848 in
2168 4791 2452 4848 cimiterio
2484 4793 2745 4864 ejusdem
2782 4792 2970 4847 natale
2996 4793 3331 4846 sanctorum
3356 4807 3506 4846 mar-

1928 4887 2118 4954 tyrum
2139 4881 2411 4937 Gordiani
2437 4886 2491 4937 et
2513 4880 2811 4953 Epimachi
2831 4896 2965 4934 cum
2983 4878 3114 4935 aliis
3132 4879 3506 4936 multis.Item

1927 4971 2120 5025 Roma:
2150 4970 2441 5043 Calepodii
2486 4968 2741 5041 episcopi
2762 4972 2819 5023 et
2835 4970 3131 5041 martyris.
3148 4972 3291 5024 Item
3314 4969 3509 5025 Romae

1927 5060 2001 5114 ad
2050 5059 2294 5113 Centum
2344 5058 2623 5130 aulas‘lf.
2678 5056 3139 5115 Centumcellas!
3197 5059 3396 5124 Quarti
3455 5062 3513 5114 et

1934 5147 2156 5214 Quinti.

78 5235 291 5296 Pridie
320 5235 517 5292 Nonas
549 5236 712 5294 Maii.
772 5237 968 5294 Romae
998 5242 1054 5293 S.
1095 5237 1381 5294 Johannis
1413 5239 1659 5311 apostoli
1694 5243 1753 5295 et
1860 5236 1908 5290 V
1937 5236 2077 5291 Idus
2108 5235 2479 5292 Maii.Romae
2511 5236 2620 5292 Via
2647 5236 2870 5293 Salaria
2899 5236 3092 5293 natale
3122 5237 3276 5295 beati
3296 5236 3516 5294 Antimi

165 5323 807 5398 evangelistm,quantlo
848 5332 984 5382 ante
1016 5331 1244 5399 portam
1278 5326 1541 5382 Latinam
1565 5328 1622 5382 in
1648 5328 1754 5382 fer-

164 5412 357 5469 ventis
384 5411 495 5468 olei
527 5413 683 5470 dolio
715 5413 935 5471 missus
966 5419 1078 5471 est.
1117 5414 1421 5471 Antiochis
1460 5416 1650 5471 natale
1682 5422 1743 5471 S.

166 5501 367 5558 Evodii
413 5502 670 5575 episcopi
702 5508 760 5559 et
792 5504 1085 5576 martyris.
1111 5503 1323 5558 Eodem
1371 5503 1463 5559 die
1496 5504 1555 5558 B.
1594 5503 1751 5559 Lucii

167 5590 519 5665 Cyrenensis
550 5591 891 5664 episcopi,et
910 5591 1048 5669 alibi
1071 5596 1406 5648 sanctorum
1432 5595 1754 5665 martyrum

168 5678 508 5752 Helyodori,
562 5678 805 5736 Venusti
857 5679 1190 5749 Postumili,
1243 5679 1752 5777 Maximi,.Niceti,

426 5805 699 5871 PATROL.
749 5806 1118 5873 CXXXVIII.

1935 5324 2253 5397 prcsbvteri
2286 5329 2344 5381 et
2375 5326 2647 5399 martyris
2678 5330 2737 5382 et
2764 5331 2820 5383 S.
2849 5326 3294 5384 Pontii.Vienna
3324 5324 3517 5382 natale

1935 5413 2123 5468 sancti
2144 5414 2748 5472 Mamerti.Silviniaco
2771 5415 2967 5473 natale
2985 5414 3244 5472 S.Maioli
3265 5412 3515 5470 abbatis.

1934 5503 2147 5557 Eodem
2182 5502 2275 5558 die
2308 5503 2503 5576 passio
2534 5508 2589 5561 ε.
2622 5504 2893 5579 Gengulfi
2926 5504 3226 5576 martyris.

2006 5591 2156 5647 Obiit
2190 5592 2477 5649 IViberlus
2508 5593 2680 5651 laicus
2726 5602 2778 5651 et
2821 5595 3058 5650 Dutinus
3105 5608 3263 5663 puer,
3296 5591 3392 5662 qui
3427 5589 3519 5647 de-

1934 5681 2132 5741 derunt
2179 5681 2337 5741 nobis
2385 5683 2704 5741 mansimile
2748 5698 2873 5740 cum
2913 5682 3075 5738 vinea
3108 5681 3169 5735 in
3192 5678 3339 5736 valle
3357 5678 3524 5755 juxta

3125 5804 3209 5894 39.
