3868 6204
365 336 520 398 1227

432 471 784 525 Matriacum.
810 473 925 539 Ipso
954 468 1043 522 die
1073 469 1205 522 obiit
1236 468 1533 522 Lamlrirus
1563 482 1753 520 eomes.

358 558 433 616 ιν
461 559 601 614 ldus
632 557 782 613 Maii.
824 557 1016 612 ltomce
1050 556 1105 611 in
1139 556 1419 611 cimiterio
1450 554 1774 610 Praetextati
1820 552 2011 608 natale

430 650 763 702 sanctorum
797 650 1119 718 martyrum
1153 644 1320 700 Nerei
1369 648 1425 699 et
1466 641 1701 697 Achillei
1738 642 2004 698 fratrum.

429 739 593 803 Item,
628 735 822 790 Roma:
850 735 945 792 via
972 733 1204 790 Aurelia
1235 731 1424 788 natale
1451 733 1509 788 S.
1543 731 1824 786 Pancratii
1851 748 2011 786 mar-

429 824 596 896 tyris.
626 824 843 879 Eodem
894 823 985 879 die
1031 822 1184 878 beati
1240 822 1493 894 Dionysii
1528 820 1717 892 patrui
1746 820 2010 890 ejusdem

435 912 585 968 beati
618 912 923 967 Pancratii.
960 912 1126 983 Apud
1171 912 1420 983 Cyprum
1471 911 1656 965 sancti
1708 908 2010 981 Epiphanii

431 1001 683 1073 episcopi
720 1007 773 1057 et
806 1001 1174 1057 confessoris.

508 1090 769 1144 Obierunt
828 1090 978 1158 Hugo
1033 1090 1195 1144 abbas
1244 1094 1295 1143 et
1351 1088 1668 1156 Wigbaldus
1717 1090 2011 1159 episcopus,

432 1180 529 1251 qui
575 1178 723 1234 dedit
750 1181 1019 1250 fratribus
1062 1196 1140 1234 xu
1186 1196 1400 1233 mansos
1442 1180 1497 1232 in
1551 1178 1890 1237 Cliichiriaro
1917 1193 2017 1247 per

427 1272 764 1340 pra'ceptum
829 1270 991 1338 regis.
1061 1269 1197 1323 Item
1263 1266 1677 1337 Itermengardis‘
1743 1266 2016 1320 comitissa

432 1356 586 1412 obiit.

361 1447 439 1502 Ill
474 1446 611 1501 Idus
645 1445 1005 1501 Maii.Roma:
1037 1449 1249 1501 εαηοὶω
1282 1445 1478 1500 Mariae
1512 1444 1582 1499 ad
1616 1444 1897 1515 Martyres
1918 1444 2016 1499 de-

433 1534 752 1590 dicationis
784 1535 908 1589 dies
930 1535 1123 1607 agitur
1145 1551 1179 1590 a
1202 1533 1492 1589 Bonifacio
1518 1550 1669 1605 papa
1688 1532 2016 1587 institutus.

434 1624 798 1695 Tungrensis
846 1622 1104 1678 ecclesia:
1153 1623 1436 1693 depositio
1480 1621 1539 1677 S.
1592 1622 1831 1677 Servatii
1866 1622 2017 1694 epis-

443 1712 569 1782 copi
604 1716 661 1765 et
690 1711 1125 1779 confessoris,et
1155 1710 1290 1766 alibi
1319 1711 1467 1765 beati
1495 1710 1667 1765 Mitrii
1701 1711 2019 1783 presbyteri

1143 333 1475 395 Al’PEND.
1523 331 1625 392 AD
1671 331 1858 391 SxEC.
1911 329 1981 390 X.
2020 362 2091 371 —
2125 325 2627 389 MONUMENTA
2676 327 2991 390 LI'I‘URG.
3652 322 3778 383 {Si

2042 466 2087 528 Α
2118 462 2239 516 VIV
2272 461 2560 516 Kalendas
2607 461 2786 527 Junii,
2839 461 3035 515 Romze
3091 458 3296 514 natale
3338 457 3405 514 S.
3452 456 3779 523 Potentiam:

2187 549 2430 622 virginis
2478 554 2536 605 et
2588 549 2859 623 martyris
2889 556 2946 605 et
2974 555 3037 605 S.
3080 547 3377 604 Pudentis
3413 545 3608 619 patris
3646 546 3775 616 ejus.

2189 643 2332 695 Item
2353 638 2548 695 Romae
2569 638 2761 694 natale
2778 642 3122 694 sanctorum
3156 641 3497 709 martyrum
3523 633 3782 691 Calorem}

2199 734 2253 784 et
2282 727 2553 784 Partheni
2585 727 2986 783 cunuchorum
3021 727 3230 783 uxoris
3278 725 3435 781 Decii
3492 726 3788 797 imperato-

2193 817 2298 873 ris.
2343 821 2402 872 In
2435 816 2623 871 Africa
2658 815 2851 871 natale
2881 819 2983 871 SS.
3022 815 3249 883 Quinti,
3276 812 3785 882 Primuli,Salusti.

2193 905 2517 974 Fortunati,
2540 905 2909 961 Domnionis.

2127 996 2247 1051 XIII
2281 995 2565 1051 Kalendas
2591 995 2734 1050 Jun.
2776 994 2971 1049 Roma;
3002 994 3096 1048 via
3126 993 3357 1050 Salaria
3391 992 3596 1049 natale
3619 993 3788 1048 5.8a-

2196 1083 2336 1140 sillte
2365 1083 2611 1156 virginis
2643 1088 2701 1138 et
2731 1083 3021 1156 martyris.
3059 1087 3121 1138 In
3157 1082 3363 1139 Galliis
3417 1082 3668 1137 civitate
3694 1082 3787 1137 Ne-

2197 1190 2400 1229 mauso
2433 1172 2625 1228 natale
2655 1175 2709 1227 S.
2746 1171 3007 1227 Baudelii
3040 1172 3674 1243 martyris.Bituricas
3702 1189 3788 1226 na-

2196 1262 2309 1318 tale
2339 1266 2399 1317 S.
2441 1260 2821 1334 Austregesili
2865 1260 3126 1333 episcopi
3157 1264 3216 1315 et
3242 1260 3645 1316 confessoris.
3688 1266 3788 1315 An-

2197 1351 2503 1407 tissiodero
2534 1351 2593 1405 in
2625 1349 2868 1405 basilica
2889 1350 3237 1405 S.Germani
3261 1349 3567 1405 dedicatio
3601 1351 3789 1407 subteo

2199 1440 2419 1495 riarum
2439 1444 2705 1512 cryptaru
2717 1443 2857 1503 m,et
2879 1438 2936 1492 in
2959 1437 3307 1494 occidentali
3329 1444 3499 1511 parte
3521 1440 3785 1512 ejusdem

2198 1527 2451 1583 ecclesiae
2483 1526 2839 1582 consecratio
2871 1524 3108 1580 oratorii
3136 1525 3461 1581 S.Joannis
3494 1527 3789 1599 Baptista.

2125 1622 2221 1673 XII
2258 1616 2490 1671 Kalend.
2524 1615 2663 1671 Jun.
2714 1615 2776 1669 In
2828 1613 3179 1669 Mauritania
3221 1614 3416 1670 natale
3448 1620 3786 1670 sanctorum

2201 1710 2523 1778 martyrum
2556 1702 2994 1771 Timothei,Poli
3026 1708 3084 1759 et.
3114 1703 3363 1758 Euticbii
3398 1704 3790 1760 diaconi..-\u-

434 1805 490 1857 et
523 1799 895 1855 confessoris.
930 1800 1327 1855 Autissiodcro
1358 1799 1641 1872 depositio
1685 1805 1742 1853 S.
1777 1797 2017 1854 Marcel-
2049 1839 2097 1903 B
2200 1793 2493 1849 tissioderi
2525 1792 2715 1849 natale
2748 1791 2933 1847 sancti
2964 1790 3125 1846 Valis
3155 1792 3543 1848 confessoris.

436 1888 473 1903 ..
561 1889 572 1900 .
677 1889 685 1899 .
841 1888 850 1899 .
922 1894 931 1903 ,
1088 1890 1110 1903 ,.
1275 1890 1284 1898 .
2278 1883 2417 1903 ΛΜ,
2694 1880 2931 1903 unm,“
2992 1882 3079 1903 ____.
3141 1897 3291 1903 MM
3343 1882 3540 1903 _,_,“_

436 1888 575 1944 liani
598 1888 855 1961 episcopi
885 1894 939 1944 et
971 1890 1341 1944 confessoris.

364 1979 557 2035 Pridie
589 1978 725 2034 Idus
754 1979 980 2034 Maii.In
1012 1978 1241 2035 civitate
1272 1977 1507 2050 Cymela
1537 1977 1726 2033 natale
1753 1979 1810 2034 S.
1833 1978 2018 2033 Pontii

439 2067 805 2141 martyris.1n
836 2068 999 2141 Syria
1025 2067 1216 2123 natale
1248 2068 1429 2122 sancti
1461 2067 1709 2122 Victoris
1740 2072 1795 2123 et
1820 2072 1876 2121 S.
1913 2067 2017 2124 Co-

438 2174 612 2224 ronaa,
648 2156 745 2228 qui
775 2155 952 2211 simul
982 2156 1137 2227 passi
1169 2160 1327 2212 sunt.
1364 2160 1491 2227 Ipso
1520 2156 1612 2211 die
1643 2156 1833 2211 natale
1856 2157 2020 2212 S.Pa-

437 2245 652 2300 chomii
685 2244 868 2316 patris
900 2244 1104 2300 nostri.
1139 2245 1354 2300 Eodem
1403 2246 1496 2299 die
1546 2245 1740 2317 passio
1770 2249 1824 2300 S.
1861 2245 2022 2300 Boni-

438 2333 567 2388 facii
602 2332 894 2405 martyris,
932 2333 1030 2403 qui
1064 2333 1255 2387 Nonas
1288 2333 1498 2388 Junias
1531 2334 1724 2388 Romae
1752 2333 2019 2405 sepultus

436 2427 544 2489 est,
579 2421 812 2494 quando
844 2425 899 2476 et
929 2420 1212 2476 celebrior
1237 2423 1364 2493 ejus
1390 2423 1515 2478 dies
1547 2423 1757 2494 agitur.

509 2511 655 2565 Obiit
684 2510 947 2565 Letardus
966 2511 1372 2581 presbyter,qui
1401 2511 1549 2565 dedit
1578 2513 1844 2581 fratribus
1865 2528 2019 2584 qua}-

438 2616 668 2670 cumque
697 2598 894 2653 habere
926 2600 1069 2652 visus
1098 2603 1175 2653 est
1206 2602 1263 2653 in
1295 2616 1432 2670 pago
1478 2600 1760 2668 Senonico,
1795 2604 1851 2656 in
1888 2604 2019 2658 villa

439 2702 565 2759 quae
591 2686 800 2741 dicitur
829 2687 1174 2755 Bugnentiis,
1209 2692 1261 2742 et
1291 2689 1346 2741 in
1378 2705 1516 2759 pago
1566 2690 2021 2746 Antissiodorensi

440 2778 501 2830 in
531 2776 666 2831 villa
697 2791 823 2847 qua)
849 2774 1055 2831 dicitur
1083 2776 1422 2845 Motendinis,
1455 2777 1523 2832 ad
1570 2780 1659 2832 sui
1698 2781 2020 2836 memoriam

440 2864 799 2920 recolendam.

370 2954 508 3011 Idus
541 2953 902 3009 Maii.Natale
934 2960 1267 3011 sanctorum
1292 2956 1689 3012 confessorum
1714 2958 2015 3030 Torquati,

438 3042 771 3111 Tiscfontis,
804 3045 1073 3111 Secundi,
1111 3044 1392 3114 lndaletii,
1425 3045 1637 3114 Cecilii,
1671 3046 1865 3112 Esicii,
1906 3048 2015 3102 Eu-

439 3131 729 3204 frasii,qui
762 3132 955 3188 Roma)
988 3150 1022 3187 a
1054 3135 1271 3189 sanctis
1302 3133 1582 3206 apostolis
1602 3135 1856 3207 episcopi
1877 3140 2017 3191 sunt

2274 1883 2417 1938 Obiit
2473 1883 2632 1937 Ricco
2687 1880 2949 1947 sacerdos,
2983 1882 3079 1953 qui
3132 1897 3291 1936 omne
3334 1882 3568 1937 alodwn
3612 1900 3786 1948 suam,

2202 1972 2341 2045 quod
2388 1974 2447 2025 in
2496 1970 2824 2025 Mantiniaco
2868 1970 3197 2042 possederat,
3256 1987 3383 2025 cum
3432 1972 3587 2027 areis
3644 1974 3785 2044 infra

2198 2063 2473 2117 civitatem
2504 2060 2645 2130 sitis,
2676 2059 2825 2114 dedit
2851 2060 3129 2115 canonicis
3155 2056 3213 2113 S.
3240 2060 3515 2131 Stephani
3526 2078 3636 2132 pro
3653 2064 3784 2117 obti-

2200 2150 2379 2205 nenda
2406 2153 2749 2221 peccatorum
2776 2164 3001 2203 suorum
3028 2148 3367 2218 remissione,
3399 2153 3455 2203 et
3482 2154 3543 2203 ut
3596 2152 3657 2204 in
3698 2152 3779 2206 ob-

2202 2243 2310 2295 itus
2339 2241 2429 2294 sui
2454 2238 2544 2293 die
2571 2239 2777 2309 optima
2808 2237 3134 2293 exhibentur
3161 2238 3383 2307 refectio
3421 2238 3635 2295 eisdem
3668 2244 3780 2312 frs-

2202 2328 2401 2383 tridus.

2129 2417 2197 2473 XI
2234 2416 2520 2472 Kalendas
2549 2414 2802 2470 Junii.ln
2833 2414 3030 2471 Africa
3059 2414 3254 2472 natale
3270 2422 3619 2473 sanctorum
3642 2436 3783 2475 mar-

2201 2511 2395 2580 tyrum
2428 2504 2579 2560 Casti
2612 2508 2668 2560 et
2698 2503 2889 2559 Emili.
2917 2504 3320 2560 Autissiodero
3347 2504 3409 2561 S.
3428 2506 3659 2563 Helenae
3686 2510 3783 2563 vir-

2201 2595 2377 2669 ginis,
2410 2594 2578 2664 cujus
2610 2597 2774 2648 actus
2804 2591 3065 2664 praeclari
3103 2592 3161 2649 in
3194 2594 3380 2666 gestis
3408 2599 3467 2649 S.
3499 2598 3783 2652 Amatoris

2131 2685 2325 2741 contin
2366 2687 2524 2738 ntur.
2572 2682 2739 2754 Apud
2788 2682 3080 2739 Corsicam
3123 2682 3322 2754 passio
3352 2688 3407 2738 S.
3440 2683 3639 2752 Juliaz,
3667 2703 3780 2759 qua

2201 2775 2391 2831 crucis
2422 2773 2707 2847 supplicio
2738 2777 3014 2829 coronata
3041 2779 3151 2829 est.
3188 2778 3355 2842 Item,
3386 2777 3779 2833 Antissiodero

2157 2927 2160 2930 ,
2201 2863 2485 2937 depositio
2515 2861 2837 2918 S.Romaui
2870 2856 3142 2918 monachi
3174 2867 3231 2919 et
3260 2863 3777 2931 confessoris,san-

2199 2954 2394 3025 ctique
2425 2950 2717 3007 Benedicti
2745 2950 3047 3023 discipuli.

2269 3041 2476 3096 Eodem
2505 3041 2595 3096 die
2627 3039 2963 3096 Hludovicus
2982 3040 3206 3111 juvenis
3258 3056 3360 3124 res;
3386 3042 3545 3109 obiit,
3578 3049 3632 3098 et
3660 3043 3769 3099 Ηιι.

2195 3129 2398 3185 dradus
2425 3130 2582 3184 mites
2609 3129 2665 3183 S.
2694 3127 2986 3200 Stephani.

435 3220 879 3294 ordinati.Apud
915 3221 1167 3278 insulam
1198 3223 1405 3278 Chium
1437 3224 1629 3279 natale
1658 3228 1713 3279 S.
1744 3224 2015 3297 Hysidori
2043 3208 2084 3275 C
2121 3223 2169 3274 X
2198 3218 2441 3274 Kalend.
2472 3217 2610 3273 Jun.
2641 3217 2807 3289 Apud
2836 3215 3128 3290 Lingones
3157 3219 3357 3290 passio
3396 3220 3587 3276 sancti
3628 3222 3769 3276 Desi-

438 3310 1052 3384 martyris.Lomosaco
1085 3310 1278 3367 natale
1309 3318 1643 3367 sanctorum
1674 3313 2017 3381 Petri,Pauli

431 3400 673 3455 Andreae
703 3403 760 3455 et
790 3400 1094 3472 Dionysiae,
1130 3417 1379 3473 quorum
1415 3400 1573 3456 miraa
1604 3402 1905 3474 passiones
1936 3401 2017 3458 le-

431 3493 671 3561 guntur.
703 3490 1114 3561 Augustiduno
1147 3488 1337 3545 natale
1367 3495 1422 3544 S.
1457 3490 1666 3545 Tetrici
1696 3490 1974 3563 episcopi.

362 3577 511 3633 XVII
544 3577 834 3633 Kalendas
880 3578 1062 3634 Junii.
1115 3579 1506 3635 Antissiodcro
1554 3579 1677 3635 vico
1731 3580 2017 3652 Baugiaco

434 3665 629 3737 passio
659 3666 1013 3738 S.Peregrini
1049 3667 1303 3739 episcopi
1339 3667 1507 3739 primi
1536 3668 1784 3723 civitatis
1807 3668 2014 3740 ipsius.

435 3759 498 3808 In
532 3770 679 3826 pago
708 3754 1038 3810 Tricassino
1070 3756 1253 3811 sancti
1289 3755 1471 3810 Fidoli
1504 3756 1756 3829 episcopi
1798 3761 1854 3813 et
1874 3774 2019 3813 con-

437 3841 694 3896 fcssoris.
746 3843 815 3896 Et
863 3842 998 3897 alibi
1052 3843 1240 3898 natale
1295 3848 1628 3899 sanctorum
1660 3846 1917 3917 Aqu71ini
1963 3852 2020 3902 et

434 3928 1035 4001 Victoriani,quorum
1068 3936 1232 4002 gesta
1260 3932 1637 3988 habentur.In
1662 3951 1809 4006 pago
1842 3936 2018 3991 Foro—

434 4015 663 4073 Julcnsi
694 4017 815 4073 vico
849 4018 947 4089 qui
981 4024 1220 4074 vocatur
1248 4019 1802 4089 Calidianus,natale
1832 4028 2017 4080 S.Ma-

434 4105 603 4160 ximaa
633 4105 896 4178 virginis.
925 4107 987 4162 In
1018 4108 1321 4165 Provincia
1351 4109 1576 4165 civitate
1609 4114 1790 4183 Aquis
1829 4116 2015 4170 sancti

440 4194 689 4250 Mitrasii
724 4196 1017 4268 martyris.

502 4284 699 4340 Eodem
752 4285 843 4340 die
905 4284 1132 4341 domnus
1192 4285 1459 4341 Rikardus
1526 4290 1802 4361 episcopus
1866 4293 2015 4359 viam

437 4375 716 4430 universae
743 4375 928 4428 carnis
950 4378 1027 4430 est
1050 4376 1540 4444 ingressusEcdrm
1572 4377 1660 4433 die
1689 4379 1822 4434 obiit
1854 4382 2015 4437 Fulro

432 4464 613 4517 sancti
639 4464 912 4517 Amatoris
941 4465 1235 4519 canonieus
1265 4473 1317 4520 et
1342 4466 1607 4533 sacerdos,
1658 4469 1755 4538 qui
1790 4486 1890 4539 pro
1919 4486 2013 4525 sa-

435 4552 551 4606 lute
578 4552 780 4607 anima?
806 4567 924 4609 sua?
952 4553 1173 4608 domum
1216 4571 1374 4609 suam
1426 4559 1707 4611 Petrmam
1742 4559 2013 4629 fratribus
2042 4580 2090 4645 D

432 4639 600 4695 dedit.

357 4728 478 4785 XVI
510 4727 1016 4802 Kal.Junii.Apud
1051 4730 1405 4805 Hierapolim
1440 4733 1593 4789 beati
1626 4733 1812 4807 Papia:
1858 4738 2007 4791 anti-

425 4817 669 4873 stitis.In
700 4819 913 4874 Tuscia
938 4820 1223 4892 depositio
1257 4822 1515 4893 corporis
1545 4824 1811 4894 Torpetis
1850 4843 2007 4881 mare

426 4906 588 4977 tyris,
617 4908 713 4979 qui
746 4926 781 4964 ν
814 4909 1098 4964 Kalendas
1131 4910 1265 4968 Maii
1301 4911 1643 4984 martyrium
1677 4914 2003 4985 complevit,

425 4994 525 5049 sed
562 4994 841 5052 festivitas
889 4998 1017 5067 ejus
1068 4999 1176 5055 hoc
1221 5000 1314 5055 die
1361 5000 1643 5055 celebrior
1694 5002 1905 5075 agitur.
1940 5008 2005 5059 In

421 5080 772 5138 Alexandria
800 5085 1068 5143 Victoris.

2201 3306 2345 3363 derii
2384 3306 2670 3380 episcopi.
2710 3305 2972 3378 Vigenna
3017 3307 3217 3378 passio
3265 3307 3456 3362 sancti
3506 3309 3770 3365 Desidet-ii

2199 3396 2476 3469 episcopi,
2533 3396 2633 3467 qui
2693 3411 2904 3468 passus
2955 3399 3045 3450 est
3093 3394 3153 3450 in
3201 3396 3502 3452 territorio
3553 3398 3771 3471 Lugdu-

2200 3502 2387 3541 DODSI.

2272 3575 2429 3632 Obiit
2476 3574 2717 3631 Abienus
2747 3574 2933 3639 levita,
2965 3574 3060 3646 qui
3080 3572 3229 3628 dedit
3260 3575 3316 3628 in
3343 3592 3491 3647 pago
3521 3576 3768 3632 Senonica

2198 3665 2260 3719 in
2301 3664 2436 3720 vitta
2484 3664 2697 3720 Jutiaco
2745 3664 3027 3718 canonicis
3070 3661 3342 3734 Stephani
3382 3668 3767 3735 patrimonium

2195 3769 2359 3809 suum
2382 3769 2482 3826 pro
2501 3752 2798 3808 obtinenda
2812 3756 3160 3823 peccatorum
3177 3768 3408 3807 suorum
3439 3758 3763 3818 remissione,

2196 3847 2249 3897 et
2278 3850 2337 3897 ut
2365 3843 2424 3896 in
2453 3841 2542 3897 die
2571 3842 2750 3895 obitus
2768 3842 2857 3895 sui
2884 3838 3085 3895 eisdem
3104 3840 3379 3911 fratribus
3399 3845 3611 3913 optima
3633 3843 3766 3897 alai-

2198 3930 2392 3986 beatur
2420 3931 2663 4002 refectio.
2698 3930 2815 4001 Ipso
2844 3929 2934 3984 die
2979 3929 3116 3984 obiit
3152 3930 3308 3984 Walo
3341 3932 3599 3987 sacerdos
3623 3937 3767 4003 atque

2193 4019 2429 4074 deeanus
2447 4018 2503 4074 S.
2531 4023 2703 4074 Petri.

2128 4112 2191 4163 IX
2229 4107 2511 4163 Kalendas
2539 4107 2716 4162 Junii.
2752 4110 2814 4162 In
2847 4107 3020 4161 Portu
3058 4106 3321 4162 Romano
3351 4107 3551 4162 natale
3575 4107 3762 4163 S.\"in«

2197 4197 2369 4253 centii
2412 4195 2706 4269 martyris.
2756 4198 2823 4250 Et
2870 4194 3009 4250 alibi
3053 4194 3244 4251 natale
3293 4195 3359 4251 S.
3400 4195 3764 4253 Manaheu‘et

2195 4286 2548 4341 beatissima;
2576 4285 2881 4340 Johannis.
2909 4288 2971 4339 In
3004 4283 3207 4340 Galliis
3234 4284 3471 4340 civitate
3500 4285 3764 4341 Nannetis

2195 4374 2386 4432 natale
2418 4377 2757 4431 sanctorum
2790 4378 3111 4445 martyrum
3161 4373 3472 4429 Donatiani
3503 4380 3565 4429 et
3594 4375 3763 4447 Roga-

2192 4464 2335 4519 tiani
2370 4464 2614 4519 fratrum
2629 4506 2641 4519 .

2266 4553 2411 4608 Obiit
2441 4553 2697 4622 Legerius
2727 4552 2892 4607 levita
2920 4556 2971 4607 et
3003 4552 3298 4607 canonicus
3327 4553 3488 4623 quia
3516 4552 3768 4624 Jerosoty-

2188 4644 2294 4697 mis
2322 4641 2636 4697 revertendo
2666 4642 2725 4697 in
2751 4642 2899 4696 mari
2926 4641 3263 4711 sepulturam
3292 4641 3509 4697 habuit.

2117 4731 2241 4787 VIII
2276 4730 2557 4786 Kalendas
2585 4730 2727 4785 Jun.
2772 4729 2966 4785 Roma:
2996 4728 3189 4784 natale
3220 4727 3515 4784 S.Urbani
3538 4733 3763 4803 papeet

2190 4819 2480 4892 martyris.
2530 4818 2855 4875 Mediolano
2902 4817 3093 4874 natale
3124 4818 3188 4873 S.
3227 4817 3492 4890 Dionysﬁ
3521 4818 3758 4892 episcOpi

2190 4914 2245 4966 et
2270 4908 2647 4965 confessoris.
2694 4912 2753 4963 In
2786 4907 3082 4964 territurio
3111 4907 3453 4963 Tricassino
3482 4911 3548 4964 S.
3573 4906 3760 4963 Leonis

2189 4997 2462 5055 monachi
2492 5002 2549 5052 et
2575 4997 2945 5053 confessoris.
2982 4997 3051 5052 Et
3080 4995 3216 5052 alibi
3249 5000 3597 5052 sanctorum
3642 5011 3761 5068 qua-

2189 5093 2321 5144 tuor
2350 5090 2695 5159 martyrum.

496 5169 644 5225 Obiit
702 5175 1028 5229 Gautelmus
1082 5181 1290 5233 sancta?
1344 5179 1701 5247 Lingononsis
1765 5183 2010 5241 ecclesia:
2115 5177 2214 5233 νη
2250 5174 2533 5232 Kalendas
2570 5174 2707 5230 JUD-
2741 5175 2907 5247 ΑΙ)υά
2962 5174 3218 5235 Athenas
3245 5179 3307 5231 Β·
3341 5174 3628 5241 Quadrati
3656 5173 3757 5247 CPi'

421 5274 718 5332 episcOpus.

353 5349 450 5407 XV
482 5346 717 5404 Kalend.
749 5348 907 5404 Junii
956 5352 1120 5422 Apud
1169 5357 1472 5425 Egyptum
1520 5358 1705 5411 sancti
1752 5359 2004 5416 Dioscori

419 5437 652 5495 lectoris
681 5442 739 5493 et
768 5438 1059 5507 martyris.
1084 5444 1214 5510 Ipso
1247 5442 1338 5495 die
1371 5444 1560 5499 natale
1592 5448 1776 5502 sancti
1802 5449 2006 5506 Felicis

422 5527 681 5601 episcopi
732 5531 788 5584 et
838 5528 1130 5602 martyris.
1163 5528 1560 5588 Autissiodero
1591 5537 1849 5608 exceptio
1881 5538 2007 5595 reli-

418 5617 692 5695 quiarum
732 5621 947 5677 sanctae
973 5617 1245 5693 Eugeniae
1274 5617 1515 5691 virginis
1548 5627 1603 5680 et
1638 5627 1929 5702 martyris.

2190 5266 2347 5341 scopi
2381 5265 2655 5338 discipuli
2688 5264 3106 5337 apostolorum.
3144 5271 3206 5321 In
3232 5265 3543 5322 Britannia
3589 5262 3756 5321 nalale

2188 5357 2245 5413 S.
2272 5355 2579 5429 Augustini
2605 5353 2861 5428 episcopi
2874 5350 3753 5423 etconfessoris.ltem,0uadmti

2187 5444 2484 5518 martyris.
2502 5449 2562 5499 In
2576 5442 2872 5501 territurio
2884 5442 3380 5500 Autissioderensi
3394 5442 3530 5501 loco
3551 5442 3754 5511 Quotie-

2186 5553 2250 5592 co
2283 5532 2477 5607 passio
2506 5531 2750 5588 S.Prisci
2784 5532 3059 5606 martyris
3088 5548 3224 5587 cum
3256 5531 3491 5606 ingenti
3513 5531 3751 5589 multitu-

2185 5626 2339 5683 dine.
2374 5623 2570 5680 Rome
2601 5622 2698 5679 SS.
2719 5624 3044 5698 martyrum
3066 5638 3224 5682 xxm.
3624 5624 3625 5627 “
