3868 6204
55 252 195 333 I229
218 294 225 300 -
1216 249 1781 314 MARTYROLOG.
1827 250 2271 314 ANTISSIOD.
3293 261 3453 325 1230

55 385 110 439 Vl
149 383 444 440 Kalendas
473 384 610 440 Jun.
646 383 824 438 Mesia
855 384 1085 441 civitate
1115 382 1476 439 Dorostrcnsi
1504 382 1694 438 natale
1723 385 1775 449 Α
1876 383 2348 451 Antissioderensi,
2386 384 2441 438 in
2476 384 2610 440 villa
2648 401 2773 457 quae
2818 386 3021 445 dicitur
3070 395 3356 463 Posiacus,
3386 396 3451 451 de

106 474 157 530 S.
192 468 338 529 Julii
368 472 667 546 martyris.
699 468 940 528 civitate
969 472 1252 528 Arausica
1284 471 1473 527 natale
1504 472 1691 526 S.Eu-

105 561 272 634 tropii
305 562 571 636 episcopi
602 564 658 618 et
689 561 1060 618 confessoris.
1095 561 1158 617 In
1191 559 1485 618 territurio
1516 560 1693 616 Adar—

101 650 245 707 tensi
279 653 336 705 S.
372 649 646 724 Ragnulﬁ
680 650 973 723 martyris.

53 741 81 793 ι’
109 740 405 796 Kalendas
436 739 824 796 Junii.Rom¢e
845 738 1038 795 natale
1062 738 1418 795 S.Johannis
1453 755 1613 811 papae
1634 742 1690 793 et

103 827 400 901 martyris.
416 828 586 901 Apud
611 828 898 884 Parisium
916 828 1199 883 transitus
1212 826 1396 884 sancti
1414 826 1687 883 Germani

107 916 363 990 episcopi
395 921 455 972 et
484 917 1038 990 confessoris.Apud
1069 918 1382 973 Caruotum
1396 915 1685 971 civitatem

113 1005 306 1078 passio
340 1004 401 1061 S.
439 1005 705 1061 Carauni.
743 1006 805 1061 In
836 1004 1107 1061 Sardinia
1134 1004 1434 1072 SS.Emili,
1459 1003 1683 1072 Felicis,

102 1094 340 1161 Priami,
379 1093 641 1149 Luciani.

167 1182 314 1238 Obiit
350 1182 501 1239 Walo
536 1184 697 1240 levita
742 1192 794 1239 et
835 1186 1131 1241 canonicus
1177 1190 1229 1239 et
1267 1192 1451 1255 postea
1495 1199 1683 1239 mona-

94 1272 222 1326 chus
249 1270 529 1345 effectus.

54 1360 104 1413 ,Υ
136 1359 258 1416 Kal.
292 1360 438 1416 Jun.
474 1360 671 1416 Romae
703 1361 796 1416 via
821 1360 1057 1417 Aurelia
1077 1359 1269 1417 natale
1302 1363 1361 1417 S.
1388 1360 1683 1428 Restituti,

94 1450 200 1505 \‘ia
229 1449 562 1523 'l‘yburtina
592 1450 783 1506 natale
824 1455 1047 1523 septem
1080 1466 1515 1523 germanorum.
1546 1450 1685 1505 Tre-

94 1537 232 1593 viris
281 1537 346 1593 B.
378 1537 618 1594 Maximi
668 1538 927 1611 episcopi
978 1544 1036 1594 et
1084 1538 1457 1596 confessoris.
1492 1538 1685 1593 Iconio

96 1627 324 1683 civitate
376 1626 573 1683 natale
623 1631 679 1682 S.
727 1628 969 1683 Coronis
1017 1628 1311 1700 martyris.
1344 1629 1561 1684 Eodem
1593 1628 1684 1682 die

1854 474 2034 545 yinca
2066 475 2125 527 in
2157 490 2328 527 unum
2357 475 2690 529 continentes
2714 476 2841 547 plus
2884 480 3070 533 minus
3097 498 3364 552 arpennos
3395 501 3447 537 v.

1869 560 2066 615 Eodem
2095 560 2184 617 die
2224 561 2532 634 Stephanus
2576 562 2641 619 de
2690 563 2915 620 Casellis
2962 566 3115 637 obiit,
3145 586 3246 641 pro
3292 571 3452 642 cujus

1868 650 2085 705 animas
2114 649 2386 707 Iohannes
2415 651 2532 723 ejus
2556 652 2707 722 ﬁlius
2740 653 2899 708 illam
2935 664 3169 726 partem,
3201 675 3364 730 quam
3393 661 3453 715 in

1872 737 2097 793 Cesellis
2145 739 2341 795 habere
2386 740 2694 809 videbatur,
2739 757 2842 814 per
2885 759 3117 801 manum
3152 747 3455 804 Innocentii

1861 842 2027 898 papee
2055 835 2105 883 et
2140 827 2401 884 Willelmi
2428 831 2659 897 comitis,
2695 833 2977 888 canonicis
3006 833 3169 905 hujus
3213 836 3455 894 ecclesia?

1866 917 2096 971 Domino
2124 918 2231 973 Deo
2261 918 2617 974 servientibus
2652 919 2863 975 dimisit
2895 938 2914 975 :
2944 929 2997 977 et
3023 924 3082 977 in
3111 925 3288 980 Nanto
3315 926 3452 981 villa

1866 1013 1972 1060 tres
1997 1022 2267 1078 arpennos
2295 1006 2360 1062 de
2390 1014 2536 1063 terra
2566 1008 2775 1063 arabili
2819 1017 3039 1082 octoque
3083 1012 3336 1070 denarios
3385 1014 3451 1071 de

1868 1110 2027 1149 censu
2043 1111 2143 1166 pro
2174 1097 2363 1151 anima
2385 1098 2582 1152 matris
2600 1111 2909 1169 suae,prope
2932 1116 3156 1155 murum
3184 1103 3443 1159 civitatis.

1794 1182 1988 1237 Nonas
2018 1184 2199 1239 Junii.
2231 1185 2398 1256 Apud
2430 1186 2737 1258 Egyptum
2769 1186 2964 1244 natale
2993 1188 3093 1244 SS.
3119 1194 3444 1264 martyrum

1866 1272 2165 1339 Marciani,
2199 1273 2473 1329 Nicandri
2526 1279 2585 1329 et
2634 1275 2948 1347 Apollonii,
2981 1294 3233 1350 quorum
3282 1284 3448 1353 gesta

1864 1361 2177 1417 habentur.
2199 1362 2366 1434 Apud
2398 1361 2691 1418 Tharsum
2724 1364 3017 1422 civitatem
3051 1367 3245 1424 natale
3275 1368 3447 1425 8.Βο-

1864 1449 2058 1505 nifacii
2092 1450 2383 1523 martyris.
2420 1451 2563 1507 Item
2596 1452 2876 1508 Bonifacii
2910 1454 3167 1528 episcopi
3197 1461 3254 1512 et
3285 1474 3445 1515 mar-

1864 1538 2139 1611 tyris,qui
2162 1540 2231 1594 de
2256 1539 2555 1595 Britannis
2568 1541 2895 1609 veniens,in
2912 1544 3096 1601 Frisia
3109 1562 3321 1617 passus
3332 1552 3443 1604 est.

1934 1632 2059 1699 Ipsa
2079 1628 2170 1683 die
2193 1629 2331 1684 obiit
2359 1629 2691 1685 Theobaldus
2717 1631 2895 1687 miles.

92 1714 281 1819 natale
487 1718 817 1788 martyrum
877 1716 1143 1787 Sisinnii,
1192 1716 1453 1790 Martyrii
1510 1719 1683 1788 atque
1711 1755 1759 1819 Β
1793 1715 1921 1819 VI‘II
1952 1717 2090 1772 Idus
2121 1716 2303 1772 Junii.
2335 1717 2501 1789 Apud
2533 1716 2857 1774 Caesaream
2903 1721 3191 1793 depositio
3220 1726 3276 1778 S.
3313 1723 3447 1781 Phi-

92 1804 421 1861 Alexandri.

161 1894 307 1950 Obiit
352 1895 723 1951 Frotmundus
772 1896 931 1950 miles
981 1897 1036 1950 S.
1092 1895 1375 1968 Stephani,
1402 1902 1453 1949 et
1494 1903 1679 1966 postea

94 1980 382 2037 monachus
439 1980 497 2036 S.
545 1981 851 2038 Benedicti.
908 1984 1027 2054 Ipso
1087 1981 1176 2037 die
1225 1989 1305 2037 est
1365 1983 1679 2053 interfectus

92 2087 257 2127 comes
287 2070 631 2143 Raynaldus.

54 2159 118 2214 ll.
147 2159 270 2214 Kal.
300 2158 441 2214 Jun.
474 2159 672 2215 Romae
723 2159 815 2214 via
852 2157 1092 2213 Aurelia
1140 2157 1330 2214 natale
1361 2159 1419 2214 S.
1466 2159 1673 2216 Felicis

94 2266 246 2320 papa:
318 2250 375 2304 et
438 2246 745 2319 martyris.
806 2246 1093 2303 Turribus
1149 2246 1429 2302 Sardiniae
1488 2247 1677 2304 natale

96 2337 191 2391 SS.
226 2342 558 2411 martyrum
596 2335 802 2392 Gabini
852 2334 1206 2407 et‘Crispuli.
1238 2334 1545 2392 Antiochia
1575 2354 1676 2393 na-

101 2425 205 2480 tale
249 2426 349 2481 SS.
404 2425 553 2481 Isitii
587 2430 643 2481 et
681 2424 950 2491 Palatini,
1001 2425 1101 2496 qui
1155 2423 1340 2478 multa
1391 2429 1678 2482 tormenta

100 2514 249 2586 passi
282 2514 584 2587 sunt.Ipso
608 2515 700 2570 die
730 2513 923 2569 natale
953 2512 1294 2569 S.Hucberti
1315 2513 1677 2586 Tungrensis

102 2620 372 2678 episcopi.

1860 1804 2002 1877 lippi
2033 1805 2281 1872 diaconi,
2304 1805 2406 1877 qui
2438 1806 2526 1861 fut
2555 1824 2713 1862 unus
2741 1808 2810 1863 de
2840 1825 2919 1863 VII
2949 1808 3447 1870 diaconibus.Ro-

1859 1911 1966 1947 mze
2000 1897 2334 1949 sanctorum
2358 1899 2681 1963 martyrum
2712 1896 2932 1952 Artenii
2965 1913 3099 1953 cum
3130 1916 3307 1956 uxore
3336 1918 3445 1957 sua

1858 1982 2118 2037 Candida
2147 1986 2205 2037 et
2228 1981 2348 2038 ﬁlia
2375 1982 2634 2038 Paulina.
2667 1984 2836 2055 Apud
2863 1985 3232 2043 Antiochiam
3272 1989 3443 2047 S.As-

1858 2069 2138 2143 clepiadis
2168 2070 2423 2143 episc0pi
2455 2074 2511 2127 et
2541 2071 2917 2129 confessoris.

1786 2159 1889 2214 VII
1921 2159 2058 2215 ldus
2101 2159 2280 2214 Junii.
2315 2158 2894 2232 Constantinopolim
2944 2163 3138 2221 natale
3185 2166 3244 2221 S.
3279 2164 3441 2221 Pauli

1858 2247 2115 2320 episcOpi
2172 2252 2229 2303 et
2287 2248 2581 2321 martyris.
2633 2250 2907 2307 Corduba
2965 2252 3063 2308 SS.
3114 2257 3440 2327 martyrum

1859 2338 2010 2393 Petri
2061 2336 2402 2409 presbyteri,
2457 2337 2703 2405 Aventii,
2737 2338 3043 2396 Hieremiae
3090 2346 3148 2397 et
3192 2342 3441 2399 aliorum

1859 2426 2040 2481 trium
2072 2442 2323 2498 quorum
2354 2429 2516 2499 gesta
2545 2425 2855 2483 habentur.

1929 2514 2075 2570 Obiit
2105 2516 2375 2571 Letericus
2416 2514 2803 2584 subdiaconus,
2842 2519 2940 2590 qui
2980 2517 3127 2576 dedit
3173 2522 3440 2592 fratribus

1856 2604 2077 2659 alodum
2104 2620 2267 2659 suum
2292 2605 2347 2658 in
2382 2603 2661 2661 Adrebleto
2690 2606 2847 2661 villa.

1784 2694 1858 2747 VI
1894 2694 2033 2749 Idus
2062 2691 2245 2748 Junii.
2280 2692 2340 2747 In
2374 2691 2555 2749 Gallis
2605 2694 2917 2751 Suessione
2966 2695 3193 2753 civitate
3244 2697 3439 2756 natale

1857 2782 1914 2837 S.
1951 2780 2210 2837 Medardi
2261 2780 2515 2852 episcopi
2566 2785 2624 2836 et
2673 2782 3045 2840 confessoris.
3081 2784 3291 2841 Eodem
3343 2787 3439 2843 die

1856 2868 2139 2941 depositio
2172 2869 2230 2923 S.
2263 2868 2513 2925 Godardi
2550 2869 2993 2943 Rotomagensis
3023 2873 3434 2946 episcopi,fra-

1854 2958 1960 3014 tris
1988 2957 2248 3028 ejusdem
2277 2956 2461 3011 sancti
2488 2956 2924 3029 Mcdardi,quos
2953 2958 3190 3015 fuerunt
3211 2961 3434 3018 unadie

1855 3050 2045 3111 natos,
2079 3062 2198 3100 una
2226 3045 2548 3116 eademque
2580 3044 2672 3100 die
2702 3045 3007 3118 episcopos
3032 3048 3435 3117 ordinatos,si-

1859 3133 2076 3190 militer
2130 3147 2363 3204 quoque
2414 3149 2531 3187 una
2578 3132 2672 3188 die
2727 3134 2799 3189 ab
2844 3134 2951 3189 hac
2982 3136 3334 3194 subtractos.
3365 3139 3432 3195 In

1858 3224 2168 3278 Dorostoro
2200 3220 2431 3276 civitate
2461 3221 2647 3276 sancti
2680 3221 2857 3277 Marci
2888 3224 3167 3297 episcopi.

1786 3312 1833 3367 V
1866 3312 2005 3367 Idus
2034 3308 2418 3365 Junii.Roma3
2450 3308 2509 3363 in
2542 3313 2738 3365 monte
2769 3310 2940 3366 Coelio
2964 3311 3155 3369 natale
3182 3315 3437 3371 SS.mar-

1858 3405 2052 3473 tyrum
2086 3398 2261 3453 Primi
2294 3400 2352 3453 et
2382 3396 2679 3454 Feliciani.
2716 3397 2779 3453 ln
2811 3399 3005 3456 Scotia
3050 3402 3109 3459 S.
3144 3402 3436 3459 Columba

1858 3487 2179 3562 presbyteri
2256 3490 2313 3541 et
2375 3486 2746 3542 confessoris.
2801 3487 2865 3542 In
2933 3488 3137 3545 Galliis
3208 3490 3438 3548 civitate

1858 3582 2098 3651 Agenno
2129 3575 2255 3631 loco
2286 3576 2626 3648 Pompeiaco
2656 3576 2853 3649 passio
2881 3578 2940 3633 S.
2974 3578 3223 3634 Vincetii
3250 3578 3437 3637 levita

1860 3671 1916 3722 et
1948 3665 2238 3736 martyris.

1790 3756 1865 3810 IV
1898 3756 2035 3811 Idus
2066 3752 2247 3809 Junii.
2274 3752 2468 3808 Romae
2495 3753 2587 3808 via
2613 3753 2846 3810 Aurelia
2874 3755 3067 3813 natale
3098 3756 3437 3813 S.Basilidis

1863 3842 2134 3916 martyris
2164 3845 2220 3897 et
2250 3840 2499 3896 aliorum
2531 3858 2646 3897 χχιι
2678 3846 3439 3916 martyrum.Autissiodero

1862 3932 2147 4006 depositio
2177 3930 2236 3985 S.
2269 3929 2534 3987 Censurii
2565 3931 2822 4006 episcopi
2851 3937 2909 3989 et
2939 3934 3308 3992 confessoris.
3333 3935 3437 3992 Eo-

1863 4023 1996 4078 dem
2027 4021 2122 4076 die
2152 4019 2306 4075 beati
2337 4018 2582 4075 Gestulii
2616 4022 2911 4095 martyris.

1792 4112 1867 4167 III
1898 4112 2036 4167 Idus
2065 4108 2243 4165 Junii.
2265 4112 2329 4163 In
2364 4108 2527 4163 India
2558 4109 2748 4165 natale
2780 4111 2838 4165 S.
2862 4109 3140 4168 Barnabas
3171 4112 3438 4184 apostoli.

1863 4200 2029 4272 Apud
2090 4197 2433 4252 Corinthum
2490 4196 2683 4252 natale
2742 4201 2797 4252 Β.
2848 4199 3124 4255 Sostenes
3167 4199 3444 4272 discipuli

1865 4291 1923 4344 S.
1961 4285 2146 4342 Pauli.
2199 4285 2261 4339 In
2309 4283 2577 4356 Aquileia
2623 4285 2719 4339 SS.
2771 4292 3094 4360 martyrum
3136 4287 3343 4343 Felicis
3388 4292 3447 4344 et

112 4376 423 4453 cistalpso
456 4378 549 4434 die
582 4378 871 4451 Lugdune
899 4376 1094 4450 passio
1126 4373 1485 4431 S.Blandina2
1516 4377 1685 4450 virgi-
1867 4373 2188 4432 Fortunati.
2223 4373 2415 4427 Romae
2448 4371 2738 4428 Salutaria
2786 4378 2976 4432 vetere
3009 4374 3198 4432 natale
3230 4380 3445 4432 sanctae

58 4539 67 4544 _
115 4468 200 4522 nis
227 4485 359 4524 cum
390 4483 564 4525 XLVIII
596 4465 973 4540 martyribus,
998 4464 1099 4537 qui
1131 4468 1270 4519 sunt
1298 4464 1358 4519 in
1390 4465 1686 4521 territurio
1721 4489 1764 4544 η
1865 4463 2115 4521 Basillte.

110 4556 593 4614 Antissioderensi
643 4554 820 4611 delati
870 4554 991 4609 vico
1042 4553 1387 4610 Bacernensi
1439 4570 1473 4609 a
1520 4554 1688 4611 beata
1720 4549 1753 4554 —
1799 4554 1987 4612 Pridie
2015 4552 2153 4608 Idus
2182 4550 2366 4607 Junii.
2399 4549 2726 4607 Mediolano
2759 4551 3013 4609 inventio
3057 4557 3114 4609 et
3140 4552 3446 4610 translatio

113 4641 368 4702 Balbina.
1866 4657 2173 4716 corporum
2206 4643 2541 4696 sanctorum
2576 4644 2899 4713 martyrum
2930 4642 3157 4698 Nazarii
3188 4646 3246 4699 et
3273 4642 3444 4713 Celsi,

50 4728 97 4785 II
127 4732 315 4790 Nonas
371 4735 511 4791 Jun.
562 4734 729 4807 Apud
780 4731 1085 4789 Auretium
1130 4731 1420 4787 civitatem
1464 4731 1685 4788 Tusciae
1867 4748 2119 4806 quorum
2149 4728 2403 4785 inventio
2458 4727 2643 4799 pridie
2693 4728 2830 4785 ldus
2860 4730 3043 4798 Junii,
3100 4730 3447 4803 martyrium

116 4821 299 4877 natale
328 4824 425 4879 SS.
468 4827 794 4896 martyrum
856 4820 1186 4893 Pergentini
1236 4824 1293 4875 et
1349 4820 1689 4878 Laurentini

117 4908 378 4967 fratrum.
412 4911 556 4967 Item
586 4911 645 4966 in
676 4909 996 4982 Campania
1025 4907 1327 4962 B.Erasmi
1361 4908 1691 4981 episcopiet

116 4999 403 5072 martyris.
422 4999 484 5055 In
518 4999 814 5055 territurio
845 4995 1250 5053 Aurelianensi
1274 4994 1397 5051 vico
1416 4995 1690 5053 Maiduno

62 5160 65 5163 ἢ
116 5086 393 5159 depositio
426 5088 484 5144 S.
520 5087 734 5143 Lilardi
765 5085 1086 5160 presbyteri
1113 5089 1171 5139 et
1200 5084 1571 5141 confessoris.

54 5169 233 5229 Pridie
261 5174 455 5232 Nonas
486 5175 667 5232 Junii.
698 5176 891 5231 Roma:
922 5174 980 5229 in
1013 5172 1299 5228 cimiterio
1321 5173 1692 5230 Catacumbis
1754 5176 1759 5183 ’

120 5260 211 5317 via
235 5263 419 5335 Appia
445 5262 636 5320 natale
666 5264 767 5320 SS.
792 5259 990 5330 Aretii,
1021 5259 1442 5331 Datiani.Apud
1477 5260 1691 5316 Hilliri-

124 5364 252 5406 cum
281 5352 571 5409 civitatem
603 5352 884 5409 Scisciam
916 5347 1109 5405 natale
1142 5347 1439 5411 S.Quirini
1472 5348 1693 5421 episco-

125 5442 177 5495 et
201 5442 490 5515 martyris.

193 5522 339 5593 Obiit
362 5532 484 5590 Atto
509 5533 822 5598 canonicus,
855 5528 952 5604 qui
979 5527 1127 5587 dedit
1154 5525 1425 5601 fratribus
1457 5526 1516 5583 in
1551 5542 1694 5601 pago

51 2692 215 2747 Pridie
271 2692 520 2748 Kalend.
569 2692 707 2749 Jun.
761 2693 955 2748 Romae
1012 2689 1296 2763 depositio
1356 2691 1675 2747 Petronillae

104 2781 494 2855 virginis,qua3
527 2782 637 2836 fuit
665 2780 785 2836 lilia
813 2779 967 2835 beati
1000 2778 1149 2835 Petri
1180 2779 1675 2852 apostoli.Eodem

105 2869 189 2926 die
220 2869 369 2942 apud
400 2862 710 2942 Aquileam
741 2867 1290 2937 Cantii,Cantianiet
1317 2867 1674 2924 Cantianillre

108 2958 661 3016 fratrum.Turribus
691 2957 968 3013 Sardinia:
988 2956 1176 3012 natale
1198 2956 1671 3013 S.Crescentiani.

173 3046 363 3102 Eodem
420 3042 533 3101 die
570 3046 705 3101 obiit
760 3045 1042 3101 Elizabeth
1084 3046 1312 3115 femina,
1366 3061 1467 3117 pro
1519 3047 1674 3117 cujus

106 3138 285 3191 anima
315 3137 546 3192 Obertus
574 3135 732 3190 miles
761 3136 849 3190 vir
878 3135 993 3206 ejus
1030 3136 1272 3191 ecclesia)
1300 3134 1355 3189 S.
1387 3134 1673 3205 Stephani,
1706 3119 1748 3186 C

105 3224 233 3280 duas
260 3226 443 3280 olchas
474 3225 535 3278 in
568 3224 843 3279 Crevenno
875 3223 1008 3278 villa
1037 3222 1343 3290 sitas,tledit
1372 3222 1442 3277 ad
1470 3224 1678 3279 suime-

107 3315 328 3369 moriam
358 3312 725 3370 recolendam.
1434 3298 1441 3307 ’

716 3399 991 3456 JUNIUS.

49 3488 317 3548 Kalendas
344 3490 732 3548 Junii.Roma:
764 3488 1049 3544 dedicatio
1080 3487 1516 3544 S.Nichomedis
1535 3506 1681 3545 mar-

108 3580 264 3651 tyris,
312 3581 485 3653 cujus
537 3577 883 3651 martyrium
933 3591 1049 3633 xvn
1080 3576 1373 3633 Kalendas
1415 3577 1679 3634 Octobris

108 3668 315 3726 ibidem
348 3664 1106 3740 celebratur.Augustiduno
1134 3664 1525 3721 SS.Riviriani
1557 3667 1679 3739 epi-

109 3760 258 3831 scopi
288 3763 344 3815 et
371 3757 539 3815 Pauli
571 3756 912 3831 presbyteri,
940 3771 1075 3811 cum
1106 3754 1237 3829 aliis
1267 3772 1302 3809 x
1334 3760 1676 3828 martyrum.

106 3847 266 3919 Apud
313 3849 634 3904 Caesaream
683 3844 1004 3901 Palaestinae
1051 3842 1242 3898 natale
1289 3844 1347 3899 S.
1394 3844 1680 3917 Pamphili

110 3936 421 4010 presbyteri
456 3939 511 3991 et
545 3935 833 4008 martyris.
855 3933 985 4005 Ipso
1022 3931 1116 3988 die
1145 3933 1203 3987 S.
1236 3932 1683 4005 Caprasiiabba-

111 4025 180 4079 tis
206 4024 560 4084 monasterio
591 4021 1201 4094 Lirinensis.Vigcnna
1224 4019 1403 4077 Eladii
1425 4021 1679 4095 episcopi

110 4117 164 4168 et
190 4114 567 4172 confessoris.

50 4198 113 4254 1V
140 4201 329 4260 Nonas
358 4202 701 4260 Jun.Bomw
734 4200 791 4256 in
824 4199 1108 4255 cimiterio
1136 4198 1286 4254 inter
1306 4199 1454 4254 duas
1486 4198 1683 4257 lauros

109 4289 195 4345 via
224 4291 510 4348 Lavicana
541 4288 859 4346 Marcellini
890 4286 1211 4361 presbyteri
1243 4291 1300 4343 et
1343 4287 1494 4342 Petri
1526 4305 1684 4344 exor-

1870 4841 1904 4878 v
1934 4819 2227 4877 Kalendas
2257 4821 2551 4888 Augustas
2581 4815 2941 4874 celebratur:
2970 4819 3448 4877 commemoratio

1868 4916 2065 4967 tamen
2096 4924 2296 4963 eorum
2328 4905 2564 4977 publica
2584 4909 2641 4960 et
2651 4905 2896 4963 celebris
2910 4907 2973 4970 in
2996 4908 3089 4963 die
3110 4913 3449 4965 sanctorum

1872 5003 2195 5070 martyrum
2230 4993 2520 5049 Prothasii
2552 4999 2608 5049 et
2645 4994 2902 5051 Gervasii
2946 4996 3235 5054 celebrius
3283 5013 3449 5054 exco-

1869 5089 2030 5143 litur.
2082 5086 2151 5139 Et
2197 5082 2336 5138 alibi
2386 5082 2483 5137 SS.
2533 5086 2856 5151 martyrum
2906 5083 3201 5153 Basilidis,
3234 5085 3450 5159 Cyrini,

1873 5173 2118 5232 Naboris
2150 5189 2164 5226 :
2198 5172 2299 5228 sed
2331 5175 2388 5225 et
2412 5169 2638 5225 Nazarii
2670 5178 2725 5226 et
2753 5171 2923 5241 Celsi,
2959 5189 3107 5246 quos
3146 5175 3293 5230 duos
3324 5190 3455 5245 pas-

1874 5282 1972 5321 sos
2004 5261 2186 5317 fuisse
2215 5258 2367 5333 apud
2400 5258 2875 5317 Ebredunensem
2894 5262 3101 5318 urbem
3132 5262 3456 5334 antiquitas

1874 5349 2253 5409 memorando
2284 5345 2557 5404 celebrat.
2592 5345 2788 5404 Romae
2819 5350 2912 5406 via
2940 5349 3176 5407 Aurelia
3204 5349 3301 5405 SS.
3336 5347 3460 5405 Tri-

1874 5440 2017 5514 puli,
2048 5435 2419 5510 Magdaletis,
2451 5435 2675 5505 Zabini,
2706 5437 3020 5497 Donatellse
3051 5443 3109 5495 et
3156 5437 3458 5500 Secundis.

1801 5528 1939 5590 Idus
1970 5523 2153 5585 Junii.
2190 5526 2386 5585 Roma
2416 5523 2610 5584 natale
2638 5530 2852 5585 sanctae
2900 5525 3165 5587 Felicula
3214 5523 3462 5605 virginis
