3868 6204
321 271 471 330 1231
1103 267 1436 328 APPEND.
1486 267 1589 326 AD
1636 263 1822 325 SEO.
1871 264 1945 324 X.
1981 296 2057 306 —
2086 259 2584 323 MONUMEN’I‘A
2632 262 2947 324 LITUBG.
3598 252 3745 351 ἱξξὲ

392 408 449 459 et
478 401 772 474 martyris.
805 400 1074 454 Corduba
1112 399 1339 454 civitate
1383 396 1574 454 natale
1625 398 1682 453 S.
1722 395 1968 452 Fandila:
1997 397 2052 462 Α
2083 397 2155 449 IX
2191 393 2314 450 Kal.
2345 393 2503 450 Julii.
2536 394 2750 466 Vigilia
2779 396 2836 452 S.
2870 393 3168 450 Johannis
3199 391 3507 464 Baptista).
3541 357 3742 446 Eodem

392 490 712 564 presbyteri
744 492 800 545 et
825 488 1188 560 martyris.ln
1220 487 1411 543 Africa
1431 488 1526 542 SS.
1556 485 1814 554 Luciani,
1841 485 1970 542 For-
2150 484 2242 544 die
2273 484 2332 540 S.
2364 483 2653 543 Johannis
2680 483 3004 558 presbyteri
3037 487 3097 539 et
3120 480 3412 554 martyris
3428 477 3748 535 vianm-ia

387 580 602 646 tunati,
637 577 1032 634 Crescentiani
1065 581 1121 633 et
1146 576 1349 632 Teclae.
2149 573 2327 629 veteri
2359 573 2588 645 sepulti.
2624 573 2792 646 Apud
2818 572 3187 628 Britanniam
3223 568 3559 626 Ediltrudis
3590 567 3748 642 virgi-

320 667 496 725 XVIII
526 666 652 722 Kal.
680 665 798 722 Jul.
833 665 1166 722 Suessionis
1199 663 1429 720 civitate
1463 663 1659 736 passio
1687 663 1785 718 SS.
1813 679 1968 718 mar-
2154 663 2248 718 nis
2278 667 2336 718 et
2365 662 2596 735 reginae.

393 762 588 830 tyrum
617 755 830 812 Valerii
863 755 921 810 in
970 755 1120 821 Rufi,
1156 753 1255 826 qui
1308 755 1502 809 Roma:
1552 753 1788 825 quidem
1839 749 1969 816 orti,
2079 750 2209 806 VIII
2241 751 2365 806 Kal.
2397 749 2516 806 Jul.
2568 749 2850 806 Nativitas
2898 750 3054 806 beati
3103 745 3402 806 Johannis
3451 744 3750 820 Baptista.

395 847 496 902 sed
530 845 588 900 in
620 843 805 901 Gallia
835 843 1087 916 glorioso
1119 847 1257 899 sunt
1287 843 1564 914 mar-tyrio
1595 840 1871 896 coronati.
1905 841 1974 894 Et
2151 839 2559 912 Augustiduno
2585 839 2872 912 depositio
2902 835 3544 912 S.Simpliciiepisc-opi
3558 839 3751 892 etcen-

397 933 535 990 alibi
569 931 1178 1004 Helizeiprophetzeln
1198 931 1428 985 civitate
1443 929 1770 985 Aurelianis
1791 933 1976 983 trans-
2156 929 2414 985 fessoris.
2449 929 2644 984 Roma:
2675 929 2730 983 in
2764 927 3052 986 cimiterio
3082 926 3753 993 Gaudenti,sanctorum

397 1021 534 1078 latio
565 1022 820 1094 corporis
849 1025 905 1076 8.
937 1019 1143 1076 Aniani
1178 1019 1432 1092 episcopi
1464 1023 1520 1074 et
1551 1017 1814 1073 liberatio
1845 1015 1977 1072 civi-
2157 1017 2384 1084 Felicis,
2417 1017 2704 1072 Emeritaz.

397 1110 536 1166 tatis
584 1109 772 1182 ipsius
817 1127 851 1164 a
898 1108 1140 1164 Chunis.
1179 1112 1238 1162 In
1271 1108 1463 1162 Africa
1510 1108 1612 1162 SS.
1655 1103 1972 1173 Quintiani,
2081 1106 2184 1162 VII
2215 1105 2340 1162 Kal.
2373 1105 2536 1162 Julii.
2569 1103 2770 1161 Natale
2801 1106 2859 1162 S.
2891 1103 3205 1180 Sosipatris
3253 1101 3544 1176 discipuli
3597 1099 3753 1160 Pauli

397 1197 723 1266 Theodolce,
757 1197 996 1254 Festivae
1025 1201 1082 1253 et
1111 1195 1504 1253 Cantianellae.
2155 1195 2420 1269 apostoli.
2470 1194 2817 1250 Alexandria
2861 1192 3140 1251 Gallicani
3200 1191 3508 1268 martyris.
3562 1191 3756 1248 Roma

469 1288 616 1343 Obiit
642 1288 839 1342 [terius
869 1287 1166 1342 monachus
1194 1285 1384 1341 doctor
1411 1285 1670 1340 eximius.
2154 1285 2248 1340 via
2270 1283 2560 1340 Salutaria
2587 1285 2648 1352 [ι.
2695 1281 2939 1356 Salaria]
2973 1281 3165 1340 natale
3194 1281 3254 1337 8.
3289 1281 3532 1338 Luccia:
3575 1281 3752 1354 virgi-

325 1376 480 1432 XVII
511 1375 635 1431 Kal.
667 1375 784 1432 Jul.
820 1376 978 1448 Apud
1013 1371 1268 1430 Siciliam
1304 1373 1494 1429 natale
1526 1373 1626 1429 SS.
1653 1377 1976 1445 martyrum
2157 1374 2251 1430 nis
2272 1378 2328 1430 et
2359 1371 2630 1446 martyris
2660 1388 2790 1427 cum
2833 1370 2964 1427 aliis
2995 1387 3112 1428 xxn
3143 1369 3322 1426 simul
3353 1376 3410 1424 el
3443 1370 3640 1426 Aonia
3669 1386 3751 1426 rc-

394 1464 532 1530 Viti,
567 1463 811 1520 Modesti
843 1469 899 1519 et
928 1464 1289 1520 Crescentizc.
1309 1464 1525 1519 Eodem
1551 1463 1642 1518 die
1669 1462 1821 1533 apud
1845 1460 1978 1516 civi-
2157 1463 2248 1536 gis
2279 1460 2532 1518 barbari.
2565 1461 2733 1534 Apud
2766 1460 2992 1518 Cretam
3024 1460 3084 1518 S.
3116 1459 3371 1533 Philippi
3405 1457 3752 1515 Gortianea—

399 1557 574 1608 tatem
610 1551 882 1608 Dorostro
915 1553 1103 1608 natale
1132 1557 1188 1607 8.
1223 1552 1384 1607 Esitii
1421 1551 1692 1606 militaris
1731 1555 1786 1605 et
1824 1566 1977 1604 mar-
2160 1552 2242 1608 sis
2271 1549 2549 1625 episcopi.
3509 1622 3513 1623 ί

400 1641 562 1713 tyris.
593 1641 654 1696 In
687 1639 951 1712 Aquileia
981 1642 1081 1696 SS.
1115 1641 1398 1706 Cantiani,
1434 1639 1608 1707 Proti,
1639 1637 1978 1704 Marci,CIe-
2086 1642 2161 1697 Vl
2197 1639 2319 1696 Kal.
2353 1639 2678 1697 Jul.Natale
2709 1639 2809 1696 SS.
2829 1643 3148 1711 martyrum
3185 1637 3438 1694 fratrum
3461 1636 3750 1696 Johannis

403 1729 641 1784 mentis.
2012 1764 2058 1828 Β
2160 1734 2217 1785 et
2247 1728 2431 1794 Pauli,
2463 1745 2715 1800 quorum
2765 1727 2994 1800 primus
3035 1727 3408 1799 prapositus,
3445 1726 3751 1782 secundus

475 1819 737 1874 Obici-unt
769 1819 1059 1876 Umbaldus
1088 1822 1140 1874 et
1179 1834 1318 1873 uxor
1363 1833 1460 1872 sua
1507 1815 1850 1888 lngclsindis,
1883 1817 1982 1887 qui
2012 1813 2058 1828 ”
2159 1819 2269 1874 fuit
2300 1816 2670 1890 primicerius
2700 1815 3050 1873 Constantia;
3093 1815 3342 1887 virginis
3373 1814 3515 1870 filia!
3567 1813 3750 1871 Cons-

402 1906 668 1962 dedcrunt
695 1908 962 1979 fratribus
999 1909 1058 1962 in
1104 1907 1307 1962 Alnch
1350 1907 1483 1962 villa
1531 1904 1750 1960 alodum
1797 1922 1975 1960 suum.
2158 1907 2392 1962 tantini.
2426 1907 2490 1965 In
2519 1905 2712 1962 Africa
2741 1904 3052 1971 Gaudenti,
3085 1903 3313 1970 Felicis,
3345 1902 3574 1964 Emitte.

404 2000 520 2068 Ipso
547 1997 638 2051 die
664 1997 922 2052 Robertus
949 2013 1052 2052 rex
1079 1997 1142 2050 in
1180 1996 1317 2051 bello
1345 1997 1548 2050 occisus
1568 1999 1666 2050 cst.
2231 1995 2379 2053 Obiit
2403 1996 2707 2051 Leotcricus
2735 1992 3059 2050 Senonensis
3073 1993 3509 2067 archicpscopus.

332 2085 459 2141 XVI
491 2084 615 2140 Kal.
647 2084 764 2141 Jul.
793 2085 957 2157 Apud
991 2085 1357 2140 Antiochiam
1391 2082 1582 2139 natale
1626 2083 1728 2138 SS.
1763 2085 1978 2154 marty-
2088 2087 2137 2140 V
2166 2085 2283 2142 Kal.
2315 2083 2476 2141 Julii.
2510 2083 2677 2155 Apud
2709 2081 2996 2140 Galatiam
3027 2081 3090 2137 B.
3118 2081 3436 2138 Crescentii
3477 2079 3749 2154 discipuli

407 2191 536 2230 rum
567 2173 747 2248 Cyrici
781 2178 837 2228 et
863 2173 1054 2229 Julita:
1073 2173 1278 2228 matris
1291 2174 1418 2243 ejus
1431 2171 1748 2227 etaliorum
1765 2185 1979 2225 ccccw.
2163 2173 2326 2230 Pauli
2353 2172 2637 2246 Apostoli.
2671 2171 2984 2228 Tiburtina
3012 2170 3156 2227 urbe
3182 2169 3362 2228 Italiae
3392 2169 3596 2228 natale
3620 2187 3748 2226 san-

403 2263 642 2318 Civitate
669 2261 1145 2317 Vinsontionensi
1177 2260 1367 2316 natale
1384 2261 1817 2332 SS.martyrum
1849 2259 1981 2313 Fer-
2165 2269 2362 2319 θυεμ..
2395 2278 2530 2318 cum
2564 2265 2789 2334 septem
2839 2258 2977 2317 ﬁliis
3027 2260 3438 2334 martyrizataa.
3473 2259 3750 2316 Corduba

407 2351 544 2408 reoli
583 2351 905 2424 presbyteri
939 2355 996 2406 et
1049 2349 1405 2405 Ferruti’onis
1458 2348 1710 2404 diaconi.
1744 2346 1983 2403 Civitate
2165 2350 2462 2424 Hispaniis
2491 2349 2686 2406 natale
2707 2346 2966 2404 SS.Zoili
2998 2353 3058 2404 et.
3085 2347 3336 2406 aliorum
3366 2365 3405 2402 χ
3435 2353 3494 2404 et
3523 2348 3748 2405 11.61:-

401 2440 702 2496 Nannctis.
753 2444 810 2494 S.
853 2437 1144 2494 Similiani
1200 2437 1454 2510 episcopi
1508 2442 1564 2492 et
1611 2435 1981 2492 confessoris.
2165 2439 2346 2513 tagini
2380 2443 2591 2495 sancta:
2621 2437 2916 2494 Guddenaa
2947 2436 3194 2511 virginis
3217 2441 3275 2492 et
3315 2437 3624 2510 martyris.
3656 2435 3750 2491 Oia

405 2529 700 2584 Madriaco
733 2525 868 2582 villa
897 2530 953 2580 8.
984 2525 1190 2582 Felicis
1224 2525 1520 2598 martyris.
2167 2527 2523 2584 monasterio
2553 2527 2610 2582 S.
2647 2525 2922 2582 Florentii
2956 2525 3332 2582 confessoris.

479 2617 626 2694 Obiit
659 2619 810 2684 Hugo
839 2631 1033 2670 comes.
2239 2617 2385 2674 Obiit
2439 2616 2715 2673 Iohannes
2768 2613 3020 2671 sacerdos
3066 2621 3121 2670 ct
3168 2617 3490 2679 canonicus,
3546 2616 3648 2687 qui
3689 2615 3749 2669 ad

334 2705 437 2760 XV
470 2703 586 2760 Kal.
611 2703 726 2760 Jul.
746 2703 938 2758 Romae
967 2701 1155 2758 natale
1187 2703 1283 2756 SS.
1311 2707 1631 2774 martyrum
1665 2715 1831 2756 cem.
1867 2701 1984 2755 Au-
2165 2708 2360 2761 missas
2381 2704 2732 2762 celebrandas
2755 2703 2905 2760 dedit
2929 2720 3030 2777 pro
3061 2701 3398 2761 redemtione
3423 2704 3753 2762 animus:

409 2793 646 2849 relianis
677 2792 962 2865 depositio
993 2792 1054 2847 Β.
1078 2791 1226 2846 Aviti
1261 2789 1578 2864 presbyteri
1609 2794 1665 2845 et
1699 2789 1986 2844 -0ni'esso-
2167 2797 2492 2851 vesti-menta
2519 2793 2882 2850 sacerdotalia.
2909 2797 2963 2848 ct
2976 2792 3204 2848 calicem
3233 2793 3752 2865 argcntcam,etfro-

413 2883 512 2938 ris.
549 2881 616 2937 Et
643 2881 699 2936 in
735 2881 1089 2936 monasterio
1121 2881 1218 2952 qui
1250 2882 1440 2935 Aurea
1470 2883 1860 2952 nuncupatur,
1893 2879 1989 2934 de-
2171 2885 2344 2940 tribus
2373 2900 2488 2938 χχιι
2520 2883 2720 2940 solidos
2767 2881 3066 2950 censuales,
3099 2886 3162 2937 ut
3209 2883 3289 2936 eis
3338 2882 3570 2953 refectio
3613 2897 3748 2937 com-

411 2971 621 3044 positio
651 2971 709 3026 S.
744 2969 988 3024 Wlmari
1011 2968 1382 3024 confessoris.
2169 2974 2353 3028 munis
2381 2972 2750 3028 exhiberetur.
2785 2972 3061 3028 Praeterea.
3089 2968 3240 3027 dedit
3267 2971 3513 3027 ecclestz
3541 2969 3750 3024 domum

345 3059 469 3118 XIV
501 3059 604 3114 Kal
658 3058 776 3114 Jul.
802 3059 996 3114 Romae
1027 3057 1120 3112 via
1149 3057 1462 3112 Ardeatina
1493 3055 1682 3112 natale
1713 3060 1807 3111 SS.
1843 3073 1991 3111 mar-
2033 3127 2063 3132 Δ
2169 3079 2344 3118 suam.
2376 3061 2510 3118 Item
2557 3059 2692 3116 obiit
2739 3059 2870 3118 Gala
2919 3059 3112 3124 laicus,
3152 3075 3248 3132 qui
3290 3075 3452 3114 omne
3493 3061 3748 3130 pati-imo-

415 3153 608 3222 tyrum
642 3145 808 3203 Marii
839 3150 896 3202 et
925 3144 1281 3202 Marcelliani
1331 3145 1669 3200 fratrum.ln
1693 3145 1990 3216 Hispaniis
2022 3127 2065 3193 C
2169 3152 2329 3206 nium
2367 3167 2526 3205 suum
2573 3147 2714 3222 quod
2761 3146 2992 3204 habebat
3038 3150 3100 3203 in
3143 3127 3284 3220 pago
3325 3127 3676 3204 Tornctrcnsi
3697 3147 3750 3202 is

417 3238 646 3293 civitate
676 3235 943 3292 Malacha
988 3236 1086 3291 SS.
1121 3239 1444 3308 martyrum
1475 3233 1694 3307 Cyriaci
1728 3239 1785 3289 et
1804 3233 1992 3289 Paulae
2178 3238 2538 3296 Hilari-villa
2564 3253 2664 3309 pro
2685 3253 2870 3292 amore
2892 3239 3024 3294 vitae
3051 3241 3286 3294 τἐἰενηςε
3313 3237 3588 3309 fratribus
3615 3235 3752 3291 dedit

414 3325 678 3396 virginis.
709 3323 1058 3380 Alexandria
1086 3321 1280 3379 natale
1309 3322 1367 3377 8.
1395 3322 1626 3377 Μωιὶηω
1656 3321 1918 3395 virginis.
2171 3329 2237 3384 ob
2260 3329 2350 3384 sui
2375 3328 2698 3382 memoriam
2727 3325 3059 3397 faciendam.

485 3415 633 3470 Obiit
661 3413 998 3469 Adhclardus
1047 3411 1312 3476 sacerdos,
1347 3413 1444 3484 qui
1487 3411 1636 3467 dedit
1681 3427 1780 3482 pro
1809 3428 1996 3467 amore
2101 3418 2174 3472 IV
2205 3415 2331 3472 Kal.
2366 3414 2527 3474 Julii.
2560 3413 2777 3488 Vigilia
2813 3413 3214 3486 apostolorum
3265 3415 3423 3470 Petri
3473 3419 3533 3469 et
3575 3412 3745 3470 Pauli.

410 3505 544 3559 vitae
571 3511 794 3559 .z'tcrnae
828 3503 883 3556 in
917 3501 1244 3557 Monliniaco
1275 3501 1496 3556 alodum
1523 3515 1686 3556 suum
1716 3502 1994 3556 canonicis
2172 3511 2304 3579 Ipso
2338 3506 2430 3561 die
2461 3503 2653 3559 natale
2700 3505 2759 3560 S.
2795 3502 3004 3560 Leonis
3055 3521 3218 3578 papae
3274 3507 3332 3560 et
3381 3502 3743 3559 confessoris

399 3592 469 3648 'S.
501 3591 782 3663 Stephani,
816 3599 867 3646 et
897 3592 958 3646 in
1009 3592 1236 3646 civitate
1281 3590 1650 3646 Autissiodcro
1697 3605 1884 3644 arcam
1933 3591 1993 3644 in
2175 3596 2460 3666 Lugduno
2491 3591 2688 3649 Gallia:
2719 3593 2780 3648 8.
2812 3592 3058 3665 Hyrenei
3081 3591 3339 3667 episcopi
3371 3595 3432 3648 et
3465 3592 3744 3666 martyris,

414 3697 519 3752 qua
547 3680 790 3748 degebat.
2173 3688 2230 3740 et
2259 3683 2507 3740 aliorum
2542 3700 2643 3738 vn.

346 3767 474 3823 XIII
503 3766 621 3822 Kal.
653 3766 770 3822 Jul.
805 3765 1130 3822 Mediolano
1161 3767 1355 3822 natale
1384 3768 1484 3823 SS.
1512 3767 1831 3840 Martyrum
1865 3767 1998 3822 Ger-
2102 3773 2198 3830 Ιιῐ,
2225 3771 2346 3829 Kal.
2381 3771 2499 3828 Jul.
2534 3772 2727 3827 Roma:
2759 3769 2952 3827 natale
2990 3774 3330 3828 sanctorum
3362 3769 3744 3846 apostolorum

411 3855 555 3911 vasii
587 3858 644 3909 et
673 3853 980 3918 Prothasii,
1008 3860 1064 3909 et
1093 3855 1571 3910 commemoratio
1623 3857 1721 3911 SS.
1766 3855 1991 3911 Nazarii
2173 3860 2323 3916 Petri
2350 3863 2408 3916 et
2438 3859 2622 3926 Pauli,
2655 3859 2756 3933 qui
2789 3859 2948 3933 passi
2980 3863 3121 3914 sunt.
3150 3858 3264 3914 sub
3297 3858 3550 3927 Nerone,
3583 3858 3744 3916 Basso

413 3947 470 3998 et
494 3941 663 3997 Celsi.
697 3940 980 3997 Ravennae
1006 3941 1198 3997 natale
1219 3946 1275 3996 S.
1305 3942 1556 3998 Ursicini
1591 3944 1882 4016 martyris.
2172 3955 2229 4005 et
2258 3950 2449 4004 Tusco
2479 3947 2842 4005 consulibus.
2877 3947 2941 4003 In
2991 3947 3198 4003 eadem
3226 3948 3372 4005 urbe
3401 3948 3497 4002 via
3535 3943 3746 4002 Aurelia

489 4031 632 4088 Obiit
661 4033 787 4086 λεια
815 4031 1020 4086 ina-ile?
1051 4031 1206 4085 bona.
2173 4041 2510 4094 sanctorum
2561 4039 2882 4107 martyrum
2917 4033 3340 4109 nongintorum
3390 4034 3744 4109 septuaginta

342 4119 447 4176 XII
479 4118 604 4175 Kal.
636 4118 751 4176 Jul.
789 4119 982 4174 Romae
1015 4119 1300 4191 depositio
1331 4121 1390 4176 S.
1423 4119 1624 4175 Novati
1658 4121 1854 4175 fratris
1888 4121 1993 4178 'I‘i-
2175 4130 2420 4199 septem.
2895 4115 2904 4119 ’

411 4208 628 4266 mothei
662 4208 1005 4282 presbyteri,
1040 4208 1138 4282 qui
1173 4226 1205 4264 ει
1248 4209 1435 4264 beatis
1469 4208 1750 4280 apostolis
1780 4210 1991 4265 eruditi
2102 4215 2293 4272 Pridie
2323 4213 2446 4270 Kal.
2479 4213 2598 4271 Jul.
2631 4213 2834 4270 Natale
2879 4218 2938 4269 et
2985 4212 3295 4270 celebratio
3345 4213 3563 4269 iterum
3613 4209 3743 4268 beati

411 4303 566 4365 sunt,
617 4298 890 4354 Ravenna
934 4296 1186 4369 Crispuli
1236 4301 1294 4352 et
1339 4297 1550 4352 Vitalis
1600 4298 1892 4370 martyris.
1927 4302 1990 4353 In
2176 4301 2334 4361 Pauli
2368 4301 2635 4376 apostoli.
2671 4303 2814 4358 Item
2839 4301 3193 4358 beatissima:
3245 4301 3482 4358 Lucinae
3533 4303 3742 4374 aposto-

409 4387 653 4442 Thomis
683 4386 912 4442 civitate
943 4391 1280 4442 sanctorum
1312 4385 1494 4442 Pauli.
1530 4385 1989 4460 Cyriaci,Paulaa,
2175 4391 2366 4448 lorum
2399 4390 2718 4464 discipulae.
2763 4390 3103 4446 Lemovices
3151 4389 3344 4446 natale
3380 4394 3441 4444 S.
3477 4387 3743 4445 Martialis

411 4475 652 4543 Felicize,
685 4475 943 4542 Tliomm,
980 4475 1207 4531 Felicis.
2024 4495 2072 4562 D
2173 4479 2429 4554 episcopi
2463 4484 2520 4536 et
2549 4479 2922 4536 confeSSOris.
2957 4477 3087 4552 Ipso
3118 4479 3213 4535 die
3253 4483 3598 4535 sanctorum
3630 4475 3742 4532 Cor-

479 4563 628 4618 Obiit
659 4564 984 4618 tltudovicus
1012 4563 1467 4635 impcratoersa
1493 4563 1582 4618 die
1604 4564 1738 4619 obiit
1771 4565 1996 4634 Ingran-
2175 4569 2280 4624 sici
2312 4568 2632 4642 presbyteri
2666 4571 2723 4624 et
2748 4567 2958 4624 Leonis
3008 4566 3378 4622 subdiaconi.
3410 4570 3480 4622 In
3530 4565 3742 4622 territu-

406 4669 510 4707 nus
538 4657 589 4708 et
617 4653 895 4708 Elisabcth
943 4667 1088 4708 uxor
1131 4653 1265 4724 ejus,
1307 4669 1408 4723 pro
1451 4669 1684 4724 quorum
1728 4654 1995 4708 memoria
2174 4659 2260 4714 rio
2288 4657 2618 4715 Vivariensi
2647 4661 2703 4713 S.
2733 4657 2996 4714 Hostiani
3021 4656 3347 4731 presbyteri
3376 4661 3438 4712 et
3467 4655 3742 4712 confesso-

405 4742 532 4796 Milo
579 4741 731 4812 ﬁlius
771 4757 962 4798 eorum
1007 4740 1156 4796 dedit
1203 4742 1486 4796 canonicis
1533 4741 1588 4796 S.
1622 4741 1888 4814 Stephani
1912 4759 1992 4797 κη
2173 4747 2274 4804 ris.

405 4847 656 4884 nummos
689 4833 744 4885 in
777 4847 960 4886 censu.
2245 4835 2443 4892 Eodem
2469 4835 2560 4892 die
2587 4836 2725 4890 obiit
2760 4832 3029 4892 Andrwas
3076 4833 3236 4892 miles
3277 4833 3636 4908 Jenosotynu’s
3674 4847 3740 4890 sc-

336 4916 412 4970 XI
465 4916 592 4970 Kal.
647 4917 763 4972 Jul.
815 4919 980 4990 Apud
1042 4917 1301 4974 Siciliam
1353 4917 1582 4974 civitate
1629 4923 1993 4992 Syracusana
2165 4925 2378 4998 pultas.
3719 4928 3724 4931 ’

407 5003 599 5058 natale
642 5006 740 5060 SS.
793 5010 1114 5076 martyrum
1167 5007 1362 5062 llutini
1411 5011 1466 5062 et
1515 5007 1752 5063 Martiae.
1797 5008 1990 5064 Romae
2787 5011 3056 5070 JULIUS.

362 5150 364 5152 τ
405 5094 618 5146 sanctae
664 5091 963 5148 Demetrias
1013 5096 1282 5168 virginis.
1333 5100 1394 5150 in
1447 5098 1704 5150 Caesarea
1754 5095 1984 5153 civitate
2089 5101 2382 5160 Kalendas
2401 5100 2634 5158 Julii.In
2671 5105 2864 5158 monte
2895 5099 3012 5156 Hor
3042 5099 3331 5175 depositio
3361 5100 3740 5158 Aaronsacer-

407 5179 598 5234 natale
629 5179 687 5235 S.
714 5181 946 5236 Eusebii
978 5184 1411 5256 istoriographi.
2163 5191 2316 5248 dotis
2347 5189 2540 5264 primi.
2575 5189 2639 5245 In
2681 5189 2976 5246 territurio
3027 5187 3409 5263 Lugdunensi
3466 5188 3732 5264 depositio

333 5272 384 5323 X
415 5267 542 5324 Kal.
573 5267 690 5324 Jul.
745 5268 946 5325 Natale
991 5271 1050 5325 8.
1103 5272 1304 5326 Albani
1360 5272 1632 5345 martyris
1681 5290 1812 5329 cum
1853 5275 1984 5332 aliis
2163 5277 3307 5336 beatissimiDomitianiabbatis.Eodem
3331 5277 3428 5333 die
3456 5274 3732 5334 Aninsulc

403 5373 809 5414 ncccuxxvm.
849 5357 908 5412 In
954 5357 1180 5413 civitate
1230 5359 1372 5414 Nola
1415 5360 1740 5432 Campania:
1792 5364 1983 5421 natale
2164 5367 2519 5424 monasterio
2550 5366 2742 5422 natale
2769 5365 3156 5438 S.Carelel‘phi
3181 5365 3518 5440 presbyteri
3538 5370 3598 5422 et
3623 5373 3731 5420 con-

399 5446 459 5502 S.
510 5445 737 5503 Paulini
787 5445 1044 5520 episcopi
1093 5451 1150 5502 et
1196 5448 1567 5504 confessoris.
1620 5454 1752 5524 Ipso
1792 5453 1884 5509 die
1916 5453 1979 5510 Β.
2165 5455 2422 5512 fcssoris.
2457 5455 2709 5510 Turonis
2739 5453 2933 5512 natale
2969 5459 3026 5511 S.
3061 5455 3454 5529 Monegundis
3485 5453 3728 5529 virginis.

397 5535 554 5599 Nicei
587 5535 944 5596 Homatianae
973 5535 1226 5594 civitatis
1257 5535 1533 5612 episcopi.
2161 5545 2400 5605 Civitatc
2431 5543 2770 5622 Engolisma
2796 5543 3080 5621 depositio
3109 5548 3167 5602 8.
3201 5542 3477 5602 Ebarchii
3508 5543 3728 5622 cpisset
