3868 6204
24 419 210 487 1133

1235 422 1801 490 MAltTYBOLOG.
1846 428 2293 493 ANTISSIOD.

3314 432 3466 496 liii”

112 557 281 614 conf.
315 555 378 617 In
410 554 709 616 territurio
728 555 1007 615 'Remensi
1032 561 1088 615 8.
1103 556 1443 615 Theoderici
1470 559 1707 634 presby-
1736 561 1791 629 Α
1891 561 2105 619 Eodem
2136 563 2229 620 die
2261 562 2544 637 depositio
2575 568 2629 620 8.
2663 562 2849 622 Patris
2880 565 3059 622 nostri
3093 565 3303 624 Eil'rem
3341 569 3465 627 dia-

112 648 231 704 teri
260 652 318 704 et
345 647 789 704 confessorian
820 646 1115 703 territurio
1148 647 1551 704 Cameracensi
1577 650 1710 706 Por-

117 742 212 804 ευ,
242 735 345 810 qui
370 735 749 793 Valentianas
798 741 1191 808 nuncupatur,
1225 736 1416 793 natale
1444 742 1500 792 8.
1533 737 1707 793 Salvii

116 825 426 898 martyris.
458 824 870 898 Augustiduno
901 824 1185 896 depositio
1214 825 1417 882 Leonti
1449 825 1705 899 episcopi

114 920 182 971 et
208 915 591 971 confessoris.

197 1023 343 1079 Obiit
370 1021 684 1079 Rainardus
710 1022 888 1076 miles.
918 1022 1051 1077 Item
1078 1023 1213 1077 obiit
1249 1024 1413 1076 Jonas
1463 1023 1628 1076 levita
1656 1025 1709 1075 et

115 1113 440 1177 canonicus,
479 1111 579 1182 qui
622 1110 771 1165 dedit
811 1110 881 1164 ad
928 1112 1385 1165 restaurationem
1442 1111 1709 1165 librorum

118 1203 292 1274 hujus
314 1202 556 1257 eccm
576 1217 649 1254 χι.
669 1199 888 1255 solidos.

32 1307 120 1365 VI
154 1308 354 1364 Nonas
379 1305 745 1363 Jnlii.Romaz
770 1304 963 1361 natale
990 1308 1413 1378 SS.martyrum
1447 1304 1706 1360 Processi

116 1401 184 1451 et
214 1394 568 1465 Martiniani,
601 1394 700 1466 qui
750 1410 782 1447 a
809 1392 1168 1449 beatissimis
1220 1394 1385 1448 Petro
1429 1397 1484 1447 et
1529 1392 1706 1448 Paulo

118 1484 403 1558 baptizati
431 1487 487 1540 et
515 1481 785 1539 instructi
820 1487 978 1537 sunt.
1018 1483 1082 1537 Et
1112 1482 1170 1537 in
1202 1483 1407 1538 eadem
1436 1482 1577 1538 urbe
1604 1498 1704 1536 na-

120 1573 243 1630 tale
275 1579 331 1630 ‘2.
371 1571 554 1628 Eutici
583 1576 639 1628 et
667 1571 1012 1627 Mclchiadis
1044 1588 1228 1644 papa).

35 1665 88 1717 ν
126 1665 332 1719 Nonas
374 1661 492 1718 Jul.
524 1661 690 1733 Apud
738 1660 1006 1716 Edissam
1049 1659 1477 1733 Mesopotamiae
1510 1659 1704 1732 passio

113 1757 182 1807 S.
218 1752 455 1808 Thomas
485 1747 754 1822 apostoli,
785 1749 883 1821 qui
919 1748 1242 1805 translatus
1266 1754 1355 1804 est
1388 1765 1469 1804 xu
1497 1749 1703 1804 Kalen-

118 1843 234 1899 das
262 1839 525 1897 Januarii
553 1837 788 1911 quando
818 1837 1101 1893 celebrior
1137 1837 1262 1893 dies
1313 1838 1524 1910 agitur.
1558 1836 1711 1892 Con:

1894 652 2045 707 coni.
2073 657 2329 709 Senones
2359 654 2544 709 sancti
2577 654 2786 711 Eraelii
2816 655 3095 727 episcopi.

1966 752 2125 806 Obiit
2155 751 2264 806 Οάο
2292 753 2472 807 sancti
2500 753 2749 823 Dionysii
2775 754 3090 808 monachus.

1818 846 1892 901 VI
1926 847 2062 902 Idus
2086 848 2246 903 Julii.
2277 849 2472 904 Romae
2498 849 2689 905 natale
2737 854 2830 904 SS.
2870 854 3193 923 martyrum
3244 856 3465 925 septem

1889 935 2133 991 fratrum
2169 936 2422 992 filiorum
2472 942 2527 993 8.
2560 938 2897 1003 Felicitatis,
2932 939 2989 994 id
3039 943 3146 1007 est,
3180 941 3466 1010 Januarii,

1892 1024 2115 1091 Felicis,
2142 1025 2414 1098 Philippi,
2451 1026 2782 1092 Alexandri,
2809 1028 3034 1097 Vitalis,
3060 1028 3296 1095 Silvani,
3327 1031 3474 1086 Mar-

1889 1113 2067 1168 tialis.
2106 1115 2167 1169 In
2212 1115 2406 1170 Africa
2454 1116 2646 1171 natale
2691 1120 2783 1170 88.
2813 1121 3136 1189 martyrum
3184 1118 3469 1187 Januarii,

1889 1201 2118 1272 Marini,
2152 1204 2395 1260 Naboris
2425 1209 2480 1260 et
2510 1204 2732 1260 Felicis.
2752 1206 2914 1273 Item,
2940 1206 3134 1261 Romae
3162 1206 3351 1263 natale
3371 1212 3464 1263 SS.

1887 1291 2180 1363 virginum
2215 1294 2434 1347 llufinm
2466 1298 2521 1348 et
2550 1295 2824 1349 Secundae
2857 1311 3120 1349 sororum
3162 1300 3217 1349 et
3248 1302 3467 1369 marty-

1889 1397 2041 1434 rum.
2075 1382 2238 1452 Apud
2274 1382 2582 1453 Ephesium
2618 1384 2675 1437 in
2719 1388 2914 1437 monte
2964 1383 3133 1437 leio
3182 1384 3464 1459 depositio

1886 1473 2109 1538 septem
2141 1470 2587 1535 Dormientium,
2608 1488 2856 1542 quorum
2874 1471 3112 1527 nomina
3143 1472 3263 1528 haec
3287 1478 3461 1529 sunt:

1887 1557 2297 1625 Maximianus,
2316 1558 3466 1633 Malcus,Martianus,Dionysius,Johan-

1887 1663 2011 1711 nes,
2047 1647 2351 1719 Serapion,
2386 1648 2825 1704 Constantinus.

1814 1734 1862 1787 V
1892 1734 2026 1791 ldus
2054 1735 2213 1792 Julii.
2244 1736 2576 1792 Translatio
2607 1738 2866 1809 corporis
2887 1742 2943 1793 S.
2966 1738 3261 1793 Benedicti
3292 1740 3465 1794 abba-

1887 1823 1964 1880 tis
1995 1826 2057 1878 ln
2106 1825 2381 1881 Armenia
2412 1827 2637 1881 minore
2687 1827 2913 1881 civitate
2960 1826 3221 1899 Nicopoli
3271 1827 3463 1883 natale

114 1927 568 2001 stantinopolim
601 1924 792 1982 natale
817 1930 874 1981 S.
905 1925 1155 1998 Eulogii.
1190 1927 1459 1981 Laodicia
1489 1927 1701 1981 S.Ana-
1737 1932 1783 1995 Β
2036 1919 2357 1986 martyrum
2385 1915 2646 1969 Januarii
2678 1920 2734 1970 et
2767 1914 3025 1985 Pelagine.
3062 1916 3120 1970 In
3170 1916 3462 1972 territurio

114 2017 296 2075 tholii
327 2016 579 2089 episcopi
608 2020 664 2071 et
694 2014 1065 2070 confessoris.
1095 2015 1260 2087 Apud
1286 2014 1705 2070 Neocmsariam

119 2107 296 2165 Ponti
346 2105 497 2163 beati
539 2103 803 2178 Gregorii
852 2102 1105 2175 episcopi
1155 2106 1212 2159 et
1257 2103 1410 2159 beati
1455 2103 1709 2158 Atheno-

120 2196 255 2253 dori
300 2194 498 2251 fratris
539 2193 818 2266 episcopi.
865 2195 1121 2248 Senones
1162 2196 1219 2247 8.
1249 2191 1515 2265 Sydronii
1552 2208 1706 2248 mar-

114 2287 289 2342 tvris.

30 2305 354 2434 IVQNrbsr’ias
382 2370 500 2428 Jul.
532 2372 690 2427 Osca:
716 2372 772 2425 et
796 2370 971 2443 Aggei
1007 2369 1709 2442 prophetarum.Turonis

116 2462 431 2535 translatio
472 2463 531 2516 8.
563 2458 800 2515 Martini
852 2457 1109 2531 episcopi
1159 2462 1215 2514 et
1249 2458 1619 2526 confessoris,
1654 2464 1710 2514 et

118 2551 416 2610 ordinatio
446 2550 817 2622 episcopatus
848 2547 1057 2620 ipsius.
1087 2547 1149 2602 In
1195 2547 1389 2602 Africa
1432 2546 1624 2603 natale
1648 2552 1704 2602 S.

118 2637 478 2698 Jocundiani
505 2634 866 2710 martyris.ln
897 2635 1193 2690 territurio
1221 2634 1487 2690 Biturica:
1509 2635 1706 2691 civita-

119 2731 226 2795 tis,
257 2729 382 2783 vico
437 2725 714 2792 Vestono,
748 2722 942 2778 natale
989 2727 1046 2777 8.
1091 2723 1359 2778 Lauriani
1413 2724 1703 2797 martyris.

120 2819 191 2876 In
215 2816 430 2873 Sirmia
455 2813 647 2871 natale
687 2816 781 2869 SS.
832 2811 1172 2880 Innocentii,
1229 2811 1514 2885 Sabbatiaa
1572 2829 1707 2869 cum

121 2907 263 2964 aliis
290 2922 418 2961 xxx.

36 2998 123 3056 ill
158 2997 358 3053 Nonas
384 2991 501 3050 Jul.
535 2992 699 3069 Apud
729 2989 953 3063 Syriam
984 2989 1177 3047 natale
1205 2994 1261 3046 S.
1288 2990 1522 3046 Domitii
1553 3009 1706 3047 mar-

115 3085 293 3160 tyris,
321 3083 516 3139 Roma
541 3080 733 3136 natale
763 3085 975 3137 sanctae
1006 3081 1129 3135 Zoa:
1174 3080 1452 3153 martyris
1509 3081 1707 3136 uxoris

115 3172 284 3231 beati
314 3171 643 3228 Nicostrati.
677 3169 739 3225 In
769 3168 1120 3225 Alexandria
1147 3173 1204 3223 8.
1239 3169 1490 3240 Arpotis.

40 3280 251 3341 Pridie
281 3296 468 3337 nonas
496 3277 660 3334 Julii.
692 3276 816 3332 Osee
848 3280 904 3331 et
942 3275 1107 3332 Johel
1149 3275 1586 3347 prophetarum,
1647 3280 1703 3331 et

122 3375 344 3429 octavae
367 3364 784 3440 apostolorum.
809 3364 1004 3420 Romae
1022 3362 1213 3419 natale
1233 3367 1289 3418 8.
1310 3363 1701 3436 Tranquillini

122 3456 404 3530 martyris
434 3453 614 3528 patris
650 3457 972 3526 martyrum
1005 3452 1181 3507 Marci
1214 3457 1272 3507 et
1329 3451 1704 3517 Marcelliani,

122 3547 232 3620 qui
265 3546 337 3602 ad
368 3543 834 3618 praedicationem
879 3540 1033 3597 beati
1084 3541 1411 3597 Sebastiani
1464 3541 1710 3597 credidit

120 3634 449 3693 Christum.
481 3636 544 3686 In
574 3648 721 3705 pago
748 3629 1129 3687 Threcarensi
1161 3629 1356 3685 natale
1378 3630 1559 3685 sancti
1603 3631 1708 3687 Go-

120 3724 318 3781 tharis
347 3720 669 3794 presbyteri
700 3723 756 3776 et
784 3718 1154 3776 confessoris.
1184 3718 1591 3791 Augustiduno
1617 3719 1710 3774 de-

120 3811 342 3889 positio
367 3808 611 3883 Legonti
641 3808 899 3882 episcopi
933 3813 989 3863 et
1020 3807 1394 3864 confessoris.

32 3906 254 3967 Nonas
283 3896 445 3958 Julii.
476 3898 645 3971 Apud
670 3896 1079 3954 Alexandriam
1115 3895 1307 3952 natale
1332 3901 1386 3951 8.
1424 3895 1709 3952 Pantheni

117 3991 235 4046 viri
278 3987 600 4061 apostolici.
635 3984 828 4042 Romae
876 3989 970 4040 SS.
1004 3990 1330 4057 martyrum
1379 3983 1707 4053 Nicostrati,

117 4076 374 4147 Claudii,
423 4073 691 4141 Castorii,
740 4074 1046 4141 Victorini,
1091 4072 1528 4146 Symphoriani,
1560 4090 1710 4145 quos

116 4168 335 4225 beatus
363 4162 743 4220 Sebastianus
786 4162 1021 4218 credere
1068 4161 1365 4218 Christum
1407 4161 1623 4231 docuit,
1658 4168 1714 4219 et

117 4260 181 4314 8.
212 4252 566 4327 Polycarpus
596 4251 896 4324 presbyter
926 4250 1258 4322 baptizavit.

202 4357 351 4419 Obiit
382 4356 724 4427 Angiiclmus
755 4356 1049 4427 episcopus,
1082 4356 1179 4427 qui
1210 4354 1357 4411 dedit
1380 4356 1589 4420 vittam,
1621 4358 1716 4412 cui

123 4448 468 4503 Puiverenus
496 4460 693 4501 nomen
723 4452 819 4511 est,
850 4445 1091 4515 fratrum
1131 4447 1520 4500 canonicorum
1553 4446 1711 4501 sciti-

121 4546 211 4595 cet
259 4534 565 4607 stipendiis.
607 4534 707 4590 Res
746 4534 915 4591 etiam
950 4550 1069 4606 quae
1115 4551 1185 4588 ea:
1216 4534 1348 4603 jnre
1388 4536 1612 4606 proprio
1663 4536 1717 4590 ei

121 4633 407 4684 cesserunt
437 4628 621 4681 tamen
652 4624 717 4679 in
739 4623 1139 4695 Bitiaco,quam
1153 4624 1211 4677 in
1232 4622 1429 4677 Annua
1456 4640 1580 4678 cum
1606 4640 1714 4678 ser-

121 4715 426 4779 vientibus,
457 4712 768 4769 eorumdem
795 4711 985 4768 usibus
1014 4711 1301 4781 delegavit.

38 4823 185 4882 νιιι
219 4821 360 4878 Idus
382 4818 545 4877 Julii.
575 4820 745 4891 Apud
773 4818 971 4875 Asiam
1002 4822 1059 4873 8.
1089 4817 1309 4890 Aquilae
1335 4821 1392 4872 et
1420 4818 1712 4887 Priscillae,

124 4912 203 4967 de
236 4908 455 4981 quibus
484 4907 543 4962 in
580 4907 823 4972 Actibus
870 4905 1267 4978 apostolorum
1318 4907 1614 4963 scribitur.
1646 4911 1714 4962 In

116 4998 442 5058 Palaestina
469 4995 663 5053 natale
688 4999 747 5050 S.
784 4993 1044 5066 Procopii
1078 4994 1371 5067 martyris.
1391 4995 1559 5066 Apud
1584 4997 1713 5051 Era-

123 5087 319 5147 cleam
348 5089 443 5141 SS.
474 5083 761 5143 Johannis
785 5087 844 5141 et
869 5082 1029 5155 Apri.
1059 5083 1189 5155 Ipso
1220 5083 1314 5139 die
1357 5087 1411 5138 S.
1438 5083 1710 5139 Ceciliani

125 5173 430 5248 martyris.

41 5266 161 5323 VlI
193 5264 336 5321 Idus
364 5262 528 5319 Julii.
548 5263 744 5318 Romae
775 5261 848 5317 ad
878 5262 1113 5317 Guttam
1136 5260 1359 5333 jugiter
1378 5266 1715 5318 manantem

130 5352 331 5413 natale
353 5357 410 5408 8.
438 5351 686 5419 Zenonis
712 5355 770 5406 et
798 5349 1047 5406 aliorum
1080 5349 1280 5404 decem
1326 5350 1577 5406 millium
1608 5352 1715 5406 du-

125 5445 441 5499 centorum
473 5439 897 5496 trium.Eodem
928 5437 1023 5494 die
1052 5437 1204 5492 beati
1235 5438 1428 5510 Cyrilli
1457 5438 1712 5511 episcopi

124 5535 191 5588 et
219 5528 515 5601 martyris.
552 5529 613 5583 in
644 5527 872 5583 civitate
892 5525 1078 5599 Tyrias
1091 5525 1281 5585 natale
1308 5532 1363 5583 8.
1396 5527 1715 5583 Anatholiaa

129 5617 413 5691 martyris
440 5621 500 5672 et
526 5622 582 5672 8.
612 5615 857 5672 Audatis
889 5613 1183 5686 martpris.
1213 5613 1276 5686 ζα
1307 5616 1533 5672 civitate
1564 5617 1710 5671 Mar-

128 5707 336 5769 tulana
365 5704 562 5763 natale
587 5709 644 5761 8.
678 5703 892 5762 Bridcii
940 5701 1197 5775 episcopi
1240 5707 1295 5758 et
1340 5703 1706 5760 confessoris.

1888 2000 2207 2055 Pictavensi
2239 2001 2433 2057 natale
2462 2006 2517 2056 8.
2552 2002 2744 2056 Savini
2794 2002 3167 2057 confessoris.
3201 2002 3303 2057 Hic
3356 2004 3464 2057 fuit

1886 2105 1955 2144 ex
2001 2088 2306 2161 discipulis
2350 2092 2534 2145 sancti
2602 2090 2876 2146 Germani
2934 2090 3460 2147 Autissioderensis

1887 2178 2163 2250 episcopi.

1818 2265 1891 2321 IV
1921 2267 2059 2321 Idus
2088 2266 2247 2322 Julii.
2274 2268 2439 2340 Apud
2462 2267 2775 2340 Aquileiam
2801 2266 2992 2323 natale
3021 2271 3074 2325 8.
3094 2268 3460 2341 Hermogaraa

1885 2355 2142 2428 episcopi
2168 2360 2225 2410 et
2256 2358 2548 2429 martyris,
2580 2356 2853 2429 discipuli
2892 2360 2948 2411 8.
2982 2356 3157 2411 Marci
3206 2358 3458 2429 Evange-

1887 2442 2052 2498 listze.
2082 2446 2245 2516 Apud
2274 2444 2527 2518 Cyprum
2554 2445 2747 2500 natale
2778 2446 2927 2500 beati
2960 2445 3210 2500 Vasonis
3237 2446 3460 2518 antiqui

1886 2531 2096 2588 Christi
2127 2530 2421 2604 discipuli.
2459 2533 2784 2589 Mediolano
2815 2534 3122 2589 translatio
3150 2550 3460 2606 corporum

1885 2626 1978 2675 88.
2013 2625 2335 2694 martyrum
2363 2620 2605 2678 Naboris
2653 2626 2709 2676 et
2737 2621 2959 2677 Felicis.
2991 2622 3183 2676 Romae
3216 2621 3273 2676 in
3303 2622 3463 2677 Vati-

1887 2726 2032 2765 cano
2077 2715 2133 2763 S.
2188 2710 2268 2765 Pii
2321 2728 2481 2782 papae
2531 2712 2771 2781 (Recenti
2812 2728 3003 2765 manu.
3036 2710 3304 2784 Exceptio
3330 2710 3463 2766 reli-

1886 2798 2159 2870 quiarum
2191 2805 2247 2853 8.
2276 2794 2609 2869 Amatoris.)

1761 2921 1765 2927 -
1817 2886 1891 2941 ΙΙΙ
1927 2887 2226 2942 ldusJulii.
2252 2889 2452 2942 Natale
2476 2894 2533 2942 S.
2565 2888 2689 2941 Silis
2721 2887 3289 2959 apostoli,adjutoris
3306 2889 3458 2944 beati

1886 2974 2048 3029 Pauli
2085 2976 2352 3047 apostoli.
2392 2980 2451 3029 In
2484 2976 2674 3031 Africa
2706 2975 2896 3029 natale
2933 2980 3028 3030 88.
3057 2976 3462 3031 confessorum

1886 3062 2130 3135 Eugenii
2156 3062 2593 3135 Cartaginensis
2623 3062 2879 3133 episcopi
2925 3067 2982 3117 et.
3032 3061 3286 3118 universi
3320 3062 3461 3118 cleri

1886 3152 2150 3221 ejusdem
2171 3151 2561 3223 ecclesiae,qui
2584 3152 2737 3205 ezede
2763 3150 3069 3222 inediaque
3091 3151 3325 3205 mactati
3346 3151 3462 3207 fere

1886 3239 2189 3312 quingenti
2202 3238 2287 3293 vel
2300 3239 2554 3311 amplius
2570 3239 2895 3295 fuerunt.In
2920 3238 3220 3294 Britannia
3244 3240 3457 3294 minori

1889 3327 2077 3383 natale
2105 3333 2160 3382 S.
2188 3328 2463 3383 Thuriavi
2494 3328 2745 3399 episcopi
2771 3331 2827 3382 et
2847 3327 3215 3383 confessoris.
3248 3331 3313 3382 In
3344 3330 3459 3383 An-

1885 3415 2145 3471 thiochia
2173 3417 2369 3488 passio
2399 3422 2454 3471 S.
2490 3416 2811 3488 Margaritzs
2834 3416 3098 3488 virginis.
3134 3420 3195 3469 In
3220 3415 3460 3471 Alexan-

1885 3506 2013 3559 dria
2035 3505 2367 3577 Serapionis
2392 3511 2449 3560 et
2479 3505 2799 3577 Tropbimi.

1818 3594 2007 3649 Pridie
2034 3594 2170 3648 Idus
2209 3592 2370 3660 Julii,
2405 3595 2598 3649 Romae
2649 3593 2840 3648 natale
2883 3597 2938 3650 S.
2969 3592 3222 3648 Analecti
3273 3608 3458 3664 papae.

1888 3684 2052 3754 Apud
2076 3682 2319 3737 Pontum
2345 3682 2535 3737 natale
2553 3687 2608 3736 S.
2628 3683 2785 3737 Focaz
2808 3682 3063 3753 episcopi
3085 3686 3143 3736 et
3164 3681 3457 3754 martyris.

1888 3771 2235 3827 Alexandria
2262 3772 2548 3843 depositio
2577 3776 2631 3826 S.
2648 3770 2892 3826 Eraelea:
2916 3769 3215 3827 antistitis.
3232 3771 3466 3843 Lugdu-

1892 3878 1967 3916 no
1996 3860 2213 3916 Galliis.
2246 3864 2303 3914 S.
2335 3861 2486 3915 Justi
2522 3860 2777 3932 episcopi
2808 3864 2866 3915 et
2892 3860 3262 3915 confessoris.

1963 3968 2110 4023 Obiit
2140 3967 2461 4023 Gualdrirus
2493 3969 2654 4023 levita
2685 3975 2737 4023 et
2779 3969 3073 4023 eanonirus
3119 3968 3297 4023 sancti
3345 3968 3470 4023 Ste-

1886 4058 2063 4129 phani
2091 4064 2140 4112 ct
2169 4058 2334 4111 abbas
2365 4057 2541 4111 sancti
2570 4058 2816 4112 Eusebii.

1821 4164 1961 4219 Idus
1990 4161 2129 4220 Julii
2162 4163 2219 4217 in
2248 4162 2597 4219 Alexandria
2625 4169 2719 4219 SS.
2757 4160 3311 4235 Philippi,Zenonis,
3335 4162 3474 4216 Nar-

1894 4252 1997 4319 sei,
2030 4256 2086 4308 et
2128 4252 2327 4307 decem
2378 4252 2690 4307 Infantum.
2725 4252 2909 4306 Nisibi
2969 4250 3155 4305 natale
3188 4255 3243 4303 S.
3269 4249 3470 4303 Jacobi

1893 4340 2145 4413 episcopi
2174 4344 2231 4393 et
2264 4356 2484 4411 magna:
2521 4339 2746 4395 virtutis
2776 4336 3473 4409 viri.CarthagineSS.Ca~

1892 4428 2060 4484 tulini
2095 4427 2646 4494 diaconi,Januarii,
2676 4425 3153 4495 Florentii,Julim
3186 4430 3242 4479 et
3266 4425 3467 4492 Justae,

1895 4519 1995 4590 qui
2046 4521 2183 4573 sunt
2227 4515 2397 4588 positi
2444 4515 2502 4571 in
2531 4515 2775 4571 basilica
2804 4514 3019 4571 Fausti.
3058 4512 3472 4586 Hierosolymis

1897 4606 2100 4662 divisio
2132 4623 2206 4660 xu
2241 4603 2635 4677 apostolorum
2664 4605 2733 4659 ad
2763 4604 3218 4676 praedicandum.

1971 4715 2112 4771 Obiit
2141 4715 2302 4769 Jonas
2330 4711 2575 4768 sacerdos
2604 4716 2656 4767 et
2694 4712 2987 4766 canonicus
3033 4710 3171 4765 almi
3215 4708 3476 4780 Stephani

1897 4804 2168 4874 complens
2213 4803 2497 4873 praesentis
2546 4802 2675 4858 vitm
2721 4801 2982 4864 debitum,
3023 4802 3247 4855 ovanter
3293 4798 3478 4853 emisit

1893 4893 2175 4963 spiritum.

1820 4997 1973 5053 XVII
2004 4997 2243 5052 Kalend.
2277 4994 2541 5068 Augusti.
2572 5000 2635 5050 In
2667 4994 2896 5050 civitate
2938 4993 3140 5049 Hostia
3189 4991 3381 5049 natale
3410 4996 3473 5047 S.

1890 5084 2137 5142 Hilarini
2163 5083 2457 5155 martyris.
2485 5084 2651 5155 Apud
2684 5082 3051 5137 Antiochiam
3082 5081 3256 5154 Syriae
3284 5080 3478 5136 natale

1888 5179 1945 5229 S.
1981 5172 2271 5230 Eustachii
2301 5172 2555 5243 episcopi
2587 5177 2645 5227 et
2682 5170 3053 5227 confessoris.
3088 5171 3157 5226 Et
3204 5169 3344 5225 alibi
3374 5174 3469 5223 SS.

1899 5261 2214 5325 Valentini,
2248 5261 2469 5316 Theoni
2502 5264 2557 5315 et
2586 5259 2893 5333 Dyocletis.

1828 5351 1955 5404 XVt
1992 5350 2223 5405 Kalend.
2244 5352 2461 5420 Aug.ln
2489 5348 2797 5420 Cartagine
2823 5345 3014 5402 natale
3038 5350 3132 5401 SS.
3153 5349 3476 5415 martyrum

1894 5438 2366 5494 Schillitanorum
2396 5454 2637 5492 numero
2652 5434 3178 5491 xm.Autissiodero
3190 5431 3478 5503 depositio

1897 5529 1959 5582 Β.
1993 5525 2297 5581 Theodosii
2330 5525 2587 5597 episcopi
2620 5530 2678 5580 et
2706 5522 3075 5580 confessoris.

1824 5617 1925 5669 XV
1959 5614 2549 5683 Kalend.Aug.Romze
2579 5613 2776 5686 passio
2807 5615 3030 5683 septem
3057 5623 3478 5682 germanorum

1898 5705 2072 5769 Petri,
2128 5701 2482 5767 Marcellani,
2530 5700 2804 5771 Dionysii,
2838 5699 3124 5769 Januarii,
3158 5694 3481 5769 Symphro-
