3868 6204
418 416 575 480 1235

485 645 542 698 8.
576 642 799 697 Arnulﬁ
830 643 1083 716 episcopi
1117 648 1174 698 et
1203 642 1571 699 confessoris.

415 730 545 787 XIV
577 730 811 787 Kalend.
864 734 1011 805 Aug.
1043 733 1208 804 Apud
1258 733 1547 787 civitatem
1588 730 1844 787 Colossis
1875 730 2065 785 natale
2175 730 2248 785 IV
2277 730 2520 787 Kalend.
2551 734 2697 804 Aug.
2730 732 2924 788 Roma;
2954 733 3049 787 via
3079 731 3335 788 Aurelia
3382 729 3700 786 translatio
3724 748 3815 787 cur

488 820 645 876 beati
677 820 895 893 Epafraa
927 821 1182 893 episcopi
1214 825 1270 876 et
1315 820 1607 892 martyris.
1642 821 1808 891 Apud
1859 820 2066 891 Hispa-

488 908 646 965 niam
681 909 900 982 Hispali
928 910 1156 965 civitate
1186 909 1378 965 natale
1408 914 1501 964 SS.
1529 910 1708 965 Justze
1754 913 1812 965 et
1845 910 2065 964 Rufina

492 997 771 1071 martyrio
805 999 1458 1055 coronatarum.Eodem
1482 999 1575 1054 die
1608 998 1800 1053 natale
1824 998 2068 1069 S.patris

492 1087 675 1143 nostri
709 1088 931 1143 Arsenii
964 1088 1232 1143 monachi
1257 1092 1313 1143 et
1334 1088 1813 1159 confessoris,qui
1837 1091 2070 1159 propter

491 1175 911 1232 abundantiam
941 1175 1333 1250 lacrymarum
1356 1176 1659 1232 sudarium
1691 1177 1750 1231 in
1775 1176 1907 1231 sinu
1921 1192 2070 1231 sem-

491 1279 596 1336 per
625 1263 863 1320 ferebat.
898 1265 1185 1337 Lugduno
1215 1264 1411 1320 Galliae
1442 1265 1627 1320 sancti
1676 1264 1897 1321 Rustici
1940 1279 2068 1336 pre-

492 1352 707 1426 sbyteri
736 1357 793 1409 et
813 1354 1182 1411 confessoris.

421 1442 549 1498 XIII
582 1442 704 1497 Kal.
737 1444 883 1515 Aug.
912 1442 1113 1499 Natale
1155 1447 1210 1498 8.
1243 1443 1482 1515 Joseph,
1516 1443 1617 1515 qui
1666 1443 2071 1515 cogominatus

494 1535 582 1587 est
611 1532 839 1587 Justus.
872 1531 1111 1587 Civitate
1140 1532 1409 1588 Corduba
1437 1532 1629 1587 natale
1659 1536 1715 1586 8.
1748 1531 1908 1588 Pauli
1944 1533 2073 1587 dia-

495 1620 625 1675 coni
656 1623 713 1675 et
741 1620 1035 1693 martyris.
1069 1621 1131 1676 In
1163 1620 1462 1677 Thebaida
1489 1625 1547 1676 8.
1598 1621 1863 1678 Victoris.
1905 1622 2073 1693 Apud

496 1712 847 1767 Damascum
878 1713 973 1764 88.
1004 1713 1329 1782 martyrum
1357 1710 1576 1779 Sabini,
1608 1711 2073 1779 Maximini,cum

494 1795 626 1853 aliis
654 1814 768 1853 xw.
803 1797 1205 1854 Autissiodoro
1236 1803 1291 1853 S.
1328 1799 1539 1854 Marini
1574 1800 1916 1873 presbyteri.

426 1887 532 1942 XII
567 1885 1199 1985 Kalend.Aug..(_)_bitus
1229 1887 1529 1985 Danihelis
1559 1888 2074 1985 prophetmﬂomaa
2105 1920 2152 1985 B

498 1974 689 2031 natale
719 1978 775 2029 S.
819 1975 1081 2031 Praxidis
1121 1977 1387 2050 virginis.
1423 1977 1485 2032 In
1539 1976 1767 2033 civitate
1820 1977 2079 2033 Marsilia

497 2062 689 2120 natale
710 2065 1032 2122 S.Victoris
1064 2067 1530 2139 martyris.Passi
1563 2072 1701 2123 sunt
1731 2074 1923 2124 autem
1942 2084 2077 2124 cum

498 2170 564 2210 eo
592 2157 712 2209 tres
743 2153 1663 2224 milites,Alexander,Felicianus
1685 2160 1743 2212 et
1759 2156 2075 2228 Longinus.

498 2242 711 2299 Trecas
741 2243 936 2315 passio
966 2247 1021 2298 S.
1052 2243 1219 2300 Juliaa
1245 2243 1507 2317 virginis.

569 2333 687 2404 Ipso
715 2332 805 2388 die
832 2332 970 2388 obiit
1001 2334 1262 2389 Robertus
1293 2350 1394 2389 rex
1424 2335 1693 2392 Francis.

429 2420 509 2475 XI
540 2419 775 2476 Kalend.
825 2422 972 2493 Aug.
1007 2420 1207 2477 Natale
1250 2426 1305 2476 8.
1349 2422 1541 2477 Mariae
1592 2422 1966 2495 Magdalenaa,
2008 2423 2080 2479 de

499 2512 713 2581 qua,ut
738 2508 1116 2581 Evangelium
1147 2510 1572 2582 refert,septem
1605 2512 1893 2567 daemonia
1913 2511 2083 2582 ejecit

501 2596 806 2653 Dominus.
824 2598 1050 2670 Ancyra
1078 2597 1312 2654 Galatiae
1345 2599 1537 2654 natale
1565 2603 1620 2654 8.
1639 2600 1894 2657 Platonis
1924 2618 2079 2657 mar-

501 2684 665 2757 tyris.
700 2684 969 2741 Caenobio
1014 2686 1350 2743 Fontenella
1394 2687 1679 2759 depositio
1711 2692 1766 2744 8.
1800 2690 2078 2746 Wandre-

502 2772 667 2845 gesili
701 2774 1051 2830 confessoris
1075 2778 1132 2830 et
1155 2775 1402 2831 abbatis.

433 2865 486 2915 X
514 2860 755 2917 Kalend.
785 2862 928 2936 Aug.
959 2864 1125 2936 Apud
1176 2864 1509 2920 Ravennam
1560 2866 1749 2922 natale
1777 2870 1832 2922 8.
1865 2867 2081 2940 Apolli-

505 2950 666 3006 naris
693 2951 949 3025 episcopi
978 2956 1036 3008 et
1064 2952 1357 3027 martyris.
1404 2954 1505 3009 Hic
1538 2955 1731 3010 Roma:
1778 2956 2083 3012 ordinatus

506 3057 540 3094 a
584 3041 752 3096 beato
804 3041 971 3098 Petro
1018 3042 1279 3115 apostolo
1320 3042 1650 3100 Ravennam
1683 3045 1939 3102 directus
1971 3050 2078 3114 est,

504 3127 702 3201 ibique
730 3146 961 3202 passus.

444 3218 523 3273 IX
552 3218 841 3275 Kalendas
865 3220 1181 3293 Aug.Apud
1211 3221 1563 3278 Hemeritam
1594 3223 1879 3296 Hispaniae
1893 3223 2084 3280 civita-

1195 419 1532 485 APPEND.
1577 419 1681 481 AD
1724 415 1912 480 SEO.
1955 413 2032 479 X.
2062 448 2142 461 —-
2182 413 2680 482 MONUMENTA
2719 419 3041 488 LITURG.

486 551 590 620 nii,
621 551 936 610 Clementis
964 557 1020 609 et
1048 554 1316 627 Hyrenei.
1348 553 1585 609 Civitate
1622 552 1816 608 Mettis
1866 550 2056 607 natale
2085 549 2139 617 Α
2236 552 2431 608 cardus
2462 553 2627 610 abbas
2654 557 2833 610 sancti
2860 556 3131 612 Germani
3160 555 3237 610 ab
3289 553 3401 608 hac
3449 553 3567 607 vita
3614 551 3810 607 subnisa:

3698 404 3805 479 13$

2247 646 2347 698 est.

2245 820 2404 891 poris
2452 821 2603 876 beati
2652 820 2858 876 Felicis
2905 821 3170 894 episcOpi
3227 825 3291 876 et
3332 821 3651 893 martyris,
3677 821 3820 891 quin

2248 909 2385 965 ldus
2414 910 2754 965 Novembris
2783 911 3063 984 martyrio
3112 914 3451 967 coronatus
3500 914 3621 964 est.
3651 910 3821 964 Bede:

2249 998 2341 1054 die
2388 1004 2725 1054 sanctorum
2766 1004 3092 1071 martyrum
3123 998 3457 1072 Simplicii,
3490 998 3753 1054 Faustini
3789 1017 3825 1054 ᾗ
3866 992 3868 995 ’

2247 1091 2303 1142 S.
2336 1087 2613 1142 Beatricis
2643 1087 2915 1161 martyris
2943 1088 3165 1144 sororis
3197 1089 3677 1145 eorum.'l‘recas
3697 1088 3824 1159 dep»
3866 1136 3868 1139 .

2250 1174 2382 1229 sitio
2413 1175 2471 1229 S.
2505 1175 2652 1247 Lupi
2682 1175 2933 1247 episcopi
2966 1180 3021 1230 et
3052 1176 3445 1232 confessoris.
3480 1178 3640 1232 Item
3672 1176 3823 1231 Rome
3866 1180 3868 1251 ᾗ

2251 1262 2439 1319 natale
2488 1264 2550 1319 B.
2599 1263 2888 1336 Seraphize
2936 1263 3184 1337 virginis
3231 1270 3293 1320 et
3337 1267 3664 1336 martyris,
3695 1266 3826 1333 cujus

2252 1351 2533 1408 celebrior
2560 1352 2685 1407 dies
2714 1352 2907 1426 agitur
2933 1370 2995 1408 ιιι
3028 1354 3226 1409 Nonas
3252 1354 3666 1426 Septembris.
3866 1351 3868 1367 ⁵

2322 1440 2671 1513 Ragenaldus
2700 1442 2863 1513 hujus
2890 1442 3202 1499 ecclesia...
3234 1442 3427 1498 eodem
3478 1444 3583 1499 die
3628 1444 3823 1501 Sami:

2248 1531 2542 1603 pugnando
2572 1532 2882 1601 interfectus
2910 1535 3011 1586 est.
3045 1531 3243 1587 Eodem
3269 1532 3364 1587 die
3412 1533 3723 1606 Philippus
3756 1551 3827 1588 re:

2252 1623 2585 1677 Francorum
2608 1621 2761 1676 obiit.

2184 1708 2259 1765 llI
2290 1708 2527 1764 Kalend.
2577 1710 2725 1782 Aug.
2778 1709 2973 1765 Romae
3022 1713 3119 1765 SS.
3152 1715 3493 1782 martyrum
3544 1713 3751 1767 Α.ὺάοη
3790 1719 3827 1766 et

2254 1802 2481 1853 Sennen
2511 1816 2545 1853 v
2588 1798 2871 1853 Kalendas
2919 1798 3165 1871 Augusti
3214 1800 3764 1871 martyrizatorum,
3790 1809 3827 1855 et

2255 1903 2317 1941 ιιι
2349 1886 2638 1942 Kalendas
2666 1887 2932 1955 ejusdem
2982 1887 3203 1942 mensis
3250 1888 3662 1960 sepultorum.
3692 1893 3827 1963 Apud

2254 1976 2510 2031 Africam
2540 1974 2828 2031 civitatem
2862 1976 3277 2031 Lucernariam
3312 1976 3516 2033 natale
3548 1981 3651 2032 SS.
3683 1982 3827 2051 virgi~

2257 2082 2397 2119 num
2429 2069 2486 2120 et
2515 2070 2837 2137 martyrum
2862 2064 3466 2129 Maximm,Donatillaa
3481 2071 3539 2121 et
3554 2069 3826 2123 Secunda.

2256 2152 2655 2209 Autissiodero
2686 2150 2971 2224 depositio
3000 2157 3057 2207 8.
3084 2151 3215 2208 Ursi
3244 2153 3516 2226 episcopi
3548 2162 3609 2211 et
3639 2157 3824 2212 confes-

2258 2258 2427 2297 801‘18.

2187 2330 2377 2386 Pridie
2406 2329 2647 2386 Kalend.
2679 2331 2824 2402 Aug.
2858 2331 3025 2402 Apud
3058 2330 3398 2387 Ravennam
3434 2333 3630 2390 Italiae
3658 2335 3822 2390 civita-

2258 2426 2374 2475 tem
2430 2419 2714 2475 transitus
2760 2423 2816 2475 S.
2848 2418 3121 2475 Germani
3169 2419 3434 2493 episcopi
3480 2424 3820 2479 Autissiode-

2259 2508 2467 2564 rensis.
2498 2509 2667 2579 Apud
2696 2509 3015 2564 Casaream
3046 2508 3234 2563 sancti
3264 2510 3429 2565 Fabii
3466 2514 3763 2585 martyris.

2329 2598 2525 2653 Eodem
2556 2598 2647 2652 die
2674 2597 2974 2653 Ludovicus
3005 2614 3103 2653 rea:
3130 2601 3386 2656 Francia?
3413 2602 3580 2657 obiit.

2820 2684 3212 2742 AUGUSTUS.

2189 2774 2479 2832 Kalendas
2506 2773 2774 2847 Augusti.
2806 2774 3001 2830 Romae
3029 2778 3085 2829 S.
3125 2774 3360 2831 Petrum
3389 2777 3465 2832 ad
3497 2778 3750 2835 vincula.
3780 2780 3821 2835 la

2258 2862 2565 2920 Antiochia
2615 2862 2808 2936 passio
2853 2866 2947 2918 88.
2981 2862 3453 2921 Macbabaorum
3484 2874 3710 2939 septem
3742 2870 3827 2923 {ra-

2259 2958 2416 3009 trum
2449 2969 2583 3008 cum
2613 2956 2801 3008 matre
2826 2953 3061 3024 sua,qui
3087 2953 3247 3025 passi
3264 2958 3403 3009 sunt
3437 2956 3551 3011 sub
3566 2959 3821 3013 Antiochi

2262 3059 2414 3115 rege.
2448 3041 2512 3097 In
2544 3039 2710 3097 Italia
2735 3040 3015 3097 Vercellis
3043 3041 3271 3099 civitate
3301 3043 3499 3099 natale
3524 3050 3584 3101 S.
3615 3047 3823 3103 Eusebii

2261 3130 2521 3204 episcOpi
2567 3136 2624 3186 et
2673 3130 2967 3202 martyris.
3016 3129 3257 3186 Civitate
3300 3132 3712 3206 Philadelphia

2264 3226 2587 3293 martyrum
2614 3222 2833 3290 septem
2868 3236 2987 3274 una
3016 3218 3109 3274 die
3131 3210 3821 3280 coronatorum.Gerunda
3866 3270 3868 3289 ε

508 3310 626 3362 tem
657 3307 849 3364 natale
876 3312 931 3363 8.
954 3288 1214 3366 Victoris
1244 3311 1520 3384 martyris
1548 3288 1944 3370 cum-duobus
1974 3314 2083 3369 fra-
2113 3288 2156 3354 (ἶ
2264 3288 2491 3365 civitate
2516 3288 2708 3364 natale
2736 3306 3005 3364 S.Felicis
3035 3308 3312 3381 pracipui
3344 3312 3814 3384 martyrisﬂoms
3866 3328 3868 3345 ε

511 3395 792 3453 tribus.In
824 3396 991 3453 Italia
1020 3398 1248 3455 civitate
1270 3400 1575 3472 Tyro,quaa
1601 3405 1690 3457 est
1718 3402 1871 3456 circa
1889 3402 2079 3459 lacum

508 3482 846 3554 Vulsinum,
880 3486 1071 3542 natale
1098 3490 1154 3542 8.
1188 3487 1528 3543 Christianae
1556 3488 1799 3562 virginis
1843 3495 1899 3545 et
1929 3508 2083 3547 mar-

510 3570 899 3644 tyris.Eodem
926 3573 1019 3628 die
1051 3573 1240 3630 natale
1268 3575 1584 3631 SS.Nicetae
1614 3581 1671 3631 et
1692 3577 1935 3648 Aquita,
1955 3595 2082 3649 quae

510 3661 773 3733 martyrii
800 3660 1059 3733 palmam
1088 3663 1296 3735 capitis
1323 3663 1678 3720 abscissione
1718 3672 2080 3722 meruerunt.

435 3748 565 3805 VIII
592 3748 875 3806 Kalendas
901 3752 1163 3823 Augusti.
1190 3752 1390 3809 Natale
1430 3754 1583 3809 beati
1607 3754 1808 3810 Jacobi
1835 3755 2083 3827 apostoli

507 3837 707 3893 fratris
729 3838 1013 3895 Johannis
1037 3841 1422 3914 evangelista,
1450 3857 1623 3913 quem
1649 3842 1955 3899 decollavit
1980 3844 2084 3900 He-

507 3924 697 3980 rodes.
728 3925 790 3983 In
817 3927 974 3982 Licia
1015 3928 1242 3985 civitate
1276 3935 1490 3985 Samon
1518 3931 1709 3987 natale
1743 3934 1800 3990 S.
1828 3932 2082 3989 Christo-

505 4012 673 4084 phori
700 4016 992 4087 martyris.
1020 4016 1256 4073 Civitate
1282 4018 1604 4074 Barcinona
1646 4022 1843 4092 passio
1886 4025 1942 4076 S.
1971 4021 2078 4077 Cu-

506 4100 799 4173 cuphatis.
828 4103 1021 4159 Romae
1047 4106 1299 4162 Nemesii
1327 4107 1553 4162 diaconi
1579 4112 1636 4164 et
1659 4110 1956 4182 martyris.

431 4189 535 4246 VII
566 4189 801 4247 Kalend.
826 4195 972 4266 Aug.
1003 4193 1203 4251 Natale
1229 4194 1381 4251 beati
1403 4196 1651 4265 Herasti,
1678 4198 1777 4270 qui
1796 4198 2081 4272 Philippis

503 4296 538 4335 a
580 4279 748 4336 beato
792 4281 972 4338 Paulo
1016 4283 1281 4356 apostolo
1324 4284 1650 4355 ordinatus,
1679 4286 1759 4342 ibi
1801 4288 2081 4361 martyrio

502 4374 816 4426 coronatus
846 4371 1085 4443 quievit.
1116 4373 1310 4428 Romae
1339 4371 1398 4428 in
1441 4374 1614 4431 Porto
1659 4375 1852 4431 natale
1894 4381 1950 4432 8.
1976 4378 2079 4433 Ja-

503 4456 673 4513 cincti
703 4459 1148 4533 martyris.ltem
1177 4462 1371 4518 Romae
1397 4462 1490 4518 via
1515 4464 1720 4520 Latina
1744 4470 2079 4521 sanctorum

500 4551 828 4620 martyrum
890 4550 1287 4623 Symphronii,
1343 4550 1616 4625 Olympii,
1683 4553 1963 4610 Theodoli
2025 4560 2083 4611 et

498 4635 819 4708 Exuperiaa.

426 4723 505 4780 VI
533 4724 771 4783 Kalend.
798 4729 945 4801 Aug.
974 4730 1139 4801 Apud
1166 4729 1563 4785 Nicomediam
1593 4730 1881 4787 civitatem
1895 4734 2086 4792 natale

498 4816 556 4866 8.
593 4813 920 4890 Hermelagi
966 4819 1284 4890 presbyteri
1328 4822 1384 4873 et
1428 4820 1721 4890 martyris,
1750 4821 1921 4890 cujus
1969 4823 2072 4878 do-

499 4899 686 4957 ctrina
710 4903 916 4962 beatus
939 4906 1255 4963 Pantaleon
1283 4907 1354 4962 ad
1398 4908 1575 4962 fidem
1616 4924 1928 4965 conversus
1961 4915 2068 4967 est.

498 4987 567 5042 Et
591 4988 727 5045 alibi
755 4994 947 5051 natale
973 5000 1308 5052 sanctorum
1336 5013 1435 5062 xu,
1463 5012 1712 5067 quorum
1757 5003 1921 5069 gesta
1968 4999 2072 5055 ha-

498 5074 730 5132 bentur.
757 5084 822 5135 In
845 5083 1043 5137 Sicilia
1067 5086 1217 5141 beati
1246 5084 1531 5140 Simeonis
1559 5086 1849 5140 monachi.
1878 5086 2072 5145 Autis-

496 5162 711 5219 sioderi
737 5166 888 5224 beati
917 5170 1203 5229 Hethereii
1229 5173 1485 5246 episcopi
1510 5177 1566 5228 et
1591 5174 1961 5231 confessoris.

421 5251 472 5304 V
498 5251 737 5308 Kalend.
772 5257 919 5329 Aug.
966 5259 1305 5317 Nicomedia
1350 5262 1547 5334 passio
1590 5267 1648 5317 8.
1678 5263 2072 5322 Pantaleonis.

493 5340 795 5398 Britannia
819 5346 1066 5417 minore,
1094 5349 1235 5405 Dolo
1277 5354 1333 5404 8.
1370 5351 1672 5407 Samsonis
1716 5353 1973 5426 episcopi
2018 5359 2076 5410 et

491 5429 865 5488 confessoris.
881 5434 1203 5491 Mediolano
1229 5438 1425 5508 passio
1451 5442 1543 5493 88.
1570 5439 1792 5494 Nazarii
1822 5446 1878 5497 et
1902 5441 2070 5508 Celsi,

490 5534 743 5590 quorum
792 5522 1097 5593 passiones
1143 5529 1427 5580 annotatas
1472 5530 1610 5582 sunt
1655 5545 1692 5582 II
1730 5530 1863 5585 ldus
1889 5529 2071 5599 Junii,

490 5609 727 5678 quando
754 5627 921 5667 sacra
946 5628 1188 5683 corpora
1212 5628 1411 5668 eorum
1440 5615 1671 5671 inventa
1697 5625 1855 5673 sunt.

563 5697 709 5753 Obiit
750 5698 978 5756 domnus
1023 5701 1319 5755 Germanus
1365 5704 1658 5773 episc0pus.
1687 5707 1806 5776 Ipso
1847 5708 1933 5764 die
1963 5709 2069 5764 Ha-

2262 3404 2356 3454 88.
2388 3397 2682 3471 virginum
2711 3401 2766 3453 et
2808 3402 3129 3470 martyrum
3178 3399 3333 3470 Spei,
3366 3399 3523 3456 Fidei
3572 3407 3634 3457 et
3679 3404 3817 3458 Cari.
3866 3430 3868 3435 -

2262 3488 2420 3556 tatis,
2449 3491 2504 3542 et
2535 3486 2739 3542 matris
2768 3503 2968 3542 earum
2999 3487 3324 3559 Sapientiae.

2191 3577 2267 3632 1V
2297 3579 2491 3633 Nonas
2522 3578 2668 3649 Aug.
2702 3575 2897 3631 Romae
2928 3576 2988 3629 in
3018 3576 3302 3632 cimiterio
3335 3576 3537 3634 Calisti
3559 3580 3818 3653 viaAppia

2262 3666 2454 3722 natale
2483 3664 2667 3720 sancti
2695 3663 2973 3736 Stephani
3004 3681 3165 3737 papae
3194 3669 3251 3720 et
3281 3667 3580 3739 martyris.
3615 3672 3679 3724 In
3709 3687 3818 3742 pro-

2262 3754 2456 3809 vincia
2482 3752 2739 3808 Bithinia
2788 3752 2932 3807 urbe
2979 3753 3169 3808 Nicaza
3216 3753 3410 3809 natale
3452 3759 3509 3810 S.
3540 3756 3819 3813 Theodott

2261 3861 2397 3900 cum
2428 3840 2617 3897 tribus
2643 3840 2779 3896 ﬁliis
2805 3840 2929 3897 suis
2956 3842 3360 3913 martyrizatze.
3394 3844 3460 3898 Et
3488 3843 3549 3900 in
3582 3845 3743 3902 Italia
3765 3847 3817 3901 ci-

2260 3933 2432 3989 vitate
2478 3931 2709 3986 Verona
2757 3929 2948 3987 natale
2994 3934 3048 3985 S.
3085 3931 3308 3987 Felicis.
3346 3932 3417 3987 Et
3464 3933 3609 3990 alibi
3663 3936 3819 3991 natale

2262 4020 2447 4078 sancti
2482 4019 2686 4088 Niceti.

2190 4111 2267 4166 III
2296 4110 2491 4165 Nonas
2521 4106 3090 4180 Aug.Hierosolymis
3119 4107 3377 4166 inventio
3400 4114 3671 4185 corporis
3698 4114 3817 4169 beati

2258 4197 2531 4269 Stephani
2599 4197 3043 4269 protomartyris
3094 4198 3340 4268 Christi,
3388 4205 3446 4256 et
3488 4205 3587 4257 SS.
3638 4203 3821 4258 Gama-

2260 4284 2475 4353 lihelis,
2508 4284 2804 4339 Nicodcmi
2837 4289 2893 4340 et
2921 4286 3168 4341 Abibon.
3201 4287 3398 4342 Roma
3428 4289 3528 4345 via
3548 4294 3731 4365 Appia
3750 4308 3823 4345 na-

2260 4373 2375 4430 tale
2403 4378 2458 4427 S.
2492 4371 2770 4427 Tharsitii
2803 4372 3094 4446 martyris.
3118 4375 3534 4447 Augustiduno
3563 4380 3817 4452 depositi}

2260 4461 2500 4518 Eufroni
2531 4459 2785 4532 episcopi
2817 4466 2874 4516 et
2902 4462 3272 4519 confessoris.

2190 4550 2382 4607 Pridie
2411 4551 2606 4606 Nonas
2638 4549 2902 4621 Augusti.
2935 4550 3126 4606 Romae
3157 4552 3228 4607 ad
3251 4552 3310 4607 S.
3327 4553 3713 4612 Laurentium
3742 4574 3815 4611 na-

2110 4656 2157 4719 D
2256 4639 2371 4696 tale
2393 4643 2450 4694 S.
2482 4637 2700 4694 Justini
2726 4639 3068 4712 presbyteri.
3110 4641 3327 4697 Eodem
3381 4642 3477 4698 die
3525 4644 3685 4701 beati
3726 4650 3817 4701 An

2267 4727 2482 4784 starchi
2516 4725 2788 4798 discipuli
2816 4731 2873 4780 8.
2908 4727 3071 4783 Pauli
3100 4729 3368 4802 apostoli,
3400 4733 3508 4803 qui
3539 4733 3652 4789 fuit
3680 4736 3816 4790 Tha»

2253 4814 2709 4873 salonicensium
2740 4815 3067 4888 episcopus.
3087 4818 3279 4873 Romae
3309 4819 3370 4875 in
3396 4828 3603 4894 crypta
3629 4825 3811 4879 Aliena-

2252 4906 2338 4962 ria
2366 4905 2515 4960 beati
2549 4904 2869 4960 Tertuliani
2902 4906 3194 4979 martyris.

2324 4994 2469 5051 Obiit
2498 4994 2763 5049 Henricus
2810 5010 2909 5049 rex
2939 4995 3290 5052 Francorum.
3326 4998 3532 5055 Eodem
3576 5002 3673 5058 die
3700 5004 3813 5059 Gai:~
3866 5020 3868 5039 ι

2248 5084 2432 5156 frictus
2479 5098 2655 5137 comes
2705 5081 3107 5150 Cabilonansis,
3139 5085 3303 5156 hujus
3342 5088 3588 5145 ecclesia
3616 5100 3810 5147 mactus.
3866 5066 3868 5087 Ι

2250 5172 2396 5244 apud
2440 5173 2681 5225 castrum
2729 5187 2893 5226 suum
2932 5175 3271 5230 Donziacum
3320 5179 3627 5234 monachus
3671 5182 3810 5249 facta

2258 5261 2414 5316 obiit.

2182 5350 2378 5406 Nonas
2405 5347 2676 5421 Augusti.
2699 5350 3109 5422 Augustiduno
3139 5351 3332 5408 natale
3352 5357 3408 5411 8.
3440 5355 3705 5413 Cassiani
3717 5355 3807 5428 epi-

2253 5437 2435 5509 scopi.
2468 5436 2802 5493 Catalaunis
2835 5438 3027 5494 natale
3057 5444 3115 5494 S.
3151 5440 3417 5498 Memmii
3447 5445 3811 5519 epismpija.

2252 5527 2383 5582 dem
2416 5525 2512 5581 die
2546 5525 2736 5581 natale
2764 5528 2820 5580 S.
2854 5526 3152 5582 Hosvvaldi
3182 5530 3559 5602 Angulorum
3606 5535 3808 5607 ι·εεὶεᾶ

2254 5614 2554 5686 martyris.

2319 5664 2627 5760 ὲῶεὶᾶιῖιίε
2657 5706 2808 5774 Hugo
2844 5707 3025 5761 sancti
3067 5708 3342 5778 Stephani
3385 5664 3716 5785 premas.
3761 5726 3799 5759 με
3865 5664 3868 5785 1

3856 5760 3868 5981 4
