3868 6204
95 272 136 336 1
153 272 273 337 237
1302 261 1413 327 MA
1425 259 1867 325 RTYROLOG.
1910 258 2348 325 ANTISSIOD.
3374 253 3530 318 l238

194 411 285 467 via
316 405 815 480 Hierosolymitana
859 402 1160 476 sepulturae
1188 397 1423 457 traditus
1453 404 1551 453 est.
1583 393 1779 451 Eodem
1806 394 1860 462 Α
1957 398 2176 463 mentis,
2201 405 2251 454 et
2278 397 2408 455 aliis
2436 398 2767 456 ornamentis
2826 398 2938 471 ipse
2990 396 3136 453 dives
3160 393 3374 453 ditavit.

189 500 280 556 die
320 495 627 555 Rainaldus
682 494 940 551 Willelmi
992 492 1205 548 comitis
1260 488 1410 561 ﬁlius
1461 485 1778 557 interfectus
1886 486 2077 542 Pridie
2109 487 2244 542 Idus
2275 480 3531 560 Augusti.InSiciliacivitateCathenanatale

189 598 293 645 est.
1957 579 2013 630 S.
2047 575 2215 648 Eupli
2248 576 2475 633 diaconi
2516 581 2571 632 et
2620 577 2911 650 martyris.
2940 576 3153 632 Eodem
3203 574 3294 630 die
3341 572 3535 629 natale

92 676 251 734 VIII
284 677 422 733 Idus
468 676 616 747 Aug.
654 669 1115 744 Transﬁguratio
1162 666 1395 724 Domini
1444 663 1503 720 in
1553 667 1775 720 monte.
1887 664 1945 720 S.
1981 664 2210 719 Hilarite
2243 666 2514 738 martyris
2548 666 2751 721 matris
2781 666 3008 729 S.At‘rze,
3044 682 3176 719 cum
3209 681 3325 736 qua
3352 678 3539 734 passm

190 767 395 823 Romae
423 763 619 820 natale
650 763 708 818 S.
738 760 885 819 Sixti
908 757 1164 833 episcopi
1196 761 1253 812 et
1294 755 1591 828 martyris,
1642 771 1775 809 cum
1889 757 2030 808 sunt
2063 754 2264 827 Digna,
2299 756 2583 811 Eumenia
2629 761 2687 811 et
2735 755 3039 827 Euprepia.
3082 752 3322 809 Civitate
3353 751 3539 806 Filare

191 872 313 929 quo
342 852 500 927 passi
523 857 665 909 sunt
687 849 1086 907 Felicissimus
1106 845 1461 919 etAgapitus
1484 844 1776 911 diaconos,
1889 843 2085 915 passio
2117 845 2174 899 S.
2211 844 2511 901 Gratiliaui
2538 850 2595 901 et
2625 843 2995 900 Felicissimae
3025 840 3287 915 virginis.

191 949 254 1000 et
279 943 377 999 alii
409 945 640 1015 quater,
670 939 729 995 id
759 942 848 996 est
874 936 1213 1003 Januarius,
1252 930 1781 1006 Magnus,Vincen-
2033 934 2178 988 Obiit
2221 936 2550 991 venerabilis
2599 936 2871 991 memoria:
2898 934 3159 1005 magister
3189 930 3535 995 Gislebertus,

192 1032 320 1088 tius
349 1036 406 1087 et
429 1029 764 1103 Stephanus
786 1025 1276 1092 subdiaconus,ac
1298 1023 1508 1079 beatus
1528 1023 1782 1087 Quartus
1966 1023 2164 1077 Veteris
2211 1030 2263 1079 et
2290 1023 2426 1079 Novi
2476 1025 2796 1079 Testamenli
2840 1024 3103 1094 glossator
3145 1021 3401 1095 erimius,
3444 1019 3541 1091 qui

194 1138 338 1178 cum
368 1120 473 1190 eis,
505 1124 573 1175 ut
609 1116 813 1174 scribit
846 1116 904 1185 S,
938 1113 1280 1187 Cyprianus.
1315 1112 1460 1167 Item
1494 1111 1689 1167 Roma:
1722 1112 1778 1163 S.
1966 1112 2298 1168 Universalis
2354 1116 2547 1168 merito
2603 1120 2678 1168 est
2733 1113 3060 1185 appellatus,
3106 1111 3269 1181 hujus
3297 1109 3537 1165 ecclesia

193 1209 488 1266 Ormisda:
517 1223 701 1280 papae.
1960 1203 2272 1265 canonicus,
2327 1202 2667 1274 postmodum
2732 1218 2853 1257 vero
2912 1200 3301 1256 Londoniensis
3362 1200 3539 1269 factus

275 1300 425 1355 Obiit
466 1297 752 1353 Maurinus
789 1296 1091 1368 episcopus,
1141 1292 1238 1364 qui
1293 1290 1444 1346 dedit
1496 1286 1783 1360 stipendiis
1964 1291 2236 1361 episcopus
2256 1310 2278 1357 ;
2307 1292 2404 1363 qui
2428 1297 2635 1363 praeter
2678 1297 2857 1347 cetera
2902 1307 3026 1364 qua?
3071 1291 3307 1346 ecclesiis
3338 1291 3540 1343 nostra?

191 1391 443 1460 fratrum
471 1386 717 1455 agellum
732 1383 1080 1456 praprietatis
1107 1395 1244 1448 sum,
1276 1380 1432 1451 cujus
1464 1377 1786 1434 vocabulum
1964 1395 2033 1433 ea:
2086 1381 2292 1452 Anglia
2338 1383 2717 1436 transmiserat
2771 1384 3113 1446 ornamenta,
3163 1380 3431 1450 octaginta
3487 1381 3540 1433 et

188 1486 280 1535 est
316 1476 542 1540 Villare,
574 1489 682 1529 non
714 1474 873 1541 longe
901 1489 935 1526 a
970 1472 1250 1526 Varziaco.
1963 1468 2098 1522 duas
2142 1471 2309 1525 libras
2353 1471 2527 1526 eidem
2571 1472 2812 1527 ecclesia:
2853 1471 3086 1525 contulit
3116 1487 3134 1524 :
3155 1472 3370 1524 Fratres
3416 1483 3541 1522 vero

100 1566 227 1621 VII
267 1566 409 1622 Idus
439 1562 704 1636 Augusti.
739 1561 906 1634 Apud
930 1559 1206 1617 Tusciam
1238 1558 1468 1614 civitate
1487 1555 1667 1612 Aritia
1686 1572 1785 1609 na-
1965 1555 2094 1612 inde
2116 1560 2473 1629 possessimies
2510 1564 2746 1615 ementes
2802 1559 3243 1613 anniversarium
3281 1557 3395 1628 ejus
3424 1557 3541 1611 sin-

191 1654 320 1711 tale
350 1654 409 1709 S.
447 1651 651 1709 Donati
682 1649 937 1724 episcopi
979 1653 1034 1705 et
1065 1648 1358 1720 martyris.
1378 1646 1544 1719 Apud
1575 1644 1785 1700 Medio-
1962 1647 2107 1717 gulis
2140 1649 2305 1703 annis
2333 1649 2599 1704 celebrari
2626 1650 2809 1704 devote
2838 1649 3271 1704 constituerunt-

190 1739 988 1836 lanumS.Faustini._Roma3
1011 1736 1206 1836 passio
1236 1741 1781 1836 sancto-rumjxvm.
1814 1772 1863 1836 Β
1894 1733 2329 1836 Idus‘Augusti.
2366 1739 2558 1836 [tentia
2589 1738 2679 1792 via
2711 1736 3033 1809 Tyburlina
3068 1735 3256 1790 natale
3295 1739 3363 1833 Si
3393 1734 3544 1805 Hyp-

190 1833 375 1906 Apud
404 1831 632 1887 Cretam
664 1829 894 1884 civitate
922 1830 1189 1901 Augusta
1207 1824 1403 1899 passio
1431 1830 1486 1878 S.
1520 1824 1709 1878 All'ras.
1814 1823 1861 1836 "
1966 1823 2130 1895 politi
2164 1826 2456 1899 martyris.
2493 1827 2671 1882 Passa
2717 1832 2807 1881 est
2853 1831 3049 1880 autem
3090 1824 3406 1879 Concordia
3438 1841 3545 1877 nu-

279 1920 426 1977 Obiit
462 1920 852 1992 Er‘mcnfredus
877 1916 1329 1988 praepositus,qui
1347 1913 1490 1970 dedit
1517 1912 1784 1984 fratribus
1967 1912 2079 1967 trix
2111 1914 2258 1985 ejus,
2292 1920 2349 1970 et
2377 1915 2475 1971 alii
2507 1916 2577 1971 de
2608 1916 2782 1971 domo
2811 1915 2939 1985 ejus
2973 1932 3082 1968 xix.
3118 1911 3408 1969 Forosillze
3443 1930 3542 1965 na-

192 2010 482 2085 prwdium
509 2024 675 2063 suum
721 2022 885 2078 super
911 2007 1144 2077 ﬂuvium
1186 2005 1386 2069 Balece,
1417 2011 1469 2058 et
1514 2004 1572 2057 in
1622 2001 1784 2073 Capi-
1965 2001 2079 2057 tale
2107 2007 2162 2057 S.
2196 2004 2456 2059 Cassiani
2507 2004 2800 2077 martyris.
2859 2002 3103 2058 Pictavis
3152 2000 3437 2072 depositio
3480 2002 3538 2056 S.

197 2102 350 2157 liaco
376 2107 428 2155 et
454 2100 516 2154 in
539 2112 680 2170 pago
706 2097 974 2154 Senonico
1002 2103 1054 2151 et
1080 2097 1139 2150 in
1186 2096 1333 2150 Basu
1362 2092 1431 2148 ad
1469 2094 1558 2147 sui
1584 2106 1783 2146 memo-
1966 2092 2338 2165 Radegundis
2368 2095 2599 2166 reginas.

197 2191 356 2245 riam
382 2186 779 2244 celebrandam.
2038 2182 2181 2237 Obiit
2209 2184 2528 2252 Norgaudus
2556 2184 2711 2239 miles
2741 2186 2795 2239 S.
2827 2182 3112 2255 Stephani.

112 2279 204 2336 VI
240 2278 385 2335 ldus
414 2275 679 2349 Augusti.
714 2274 909 2330 Romae
943 2273 1001 2329 S.
1035 2272 1255 2347 Cyriaci
1288 2270 1559 2344 martyris
1597 2267 1787 2326 socio-
1895 2269 2019 2324 XIX
2050 2271 2176 2327 Kal.
2203 2273 2579 2346 Septembris.
2614 2272 3237 2345 VigiliaAssumtionis
3258 2272 3538 2328 S.Mariae.

200 2382 463 2438 rumque
491 2366 641 2436 ejus,
676 2363 774 2436 qui
804 2379 1016 2436 passus
1046 2366 1135 2418 est
1162 2379 1272 2417 xvn
1304 2360 1597 2417 Kalendas
1628 2357 1787 2431 Apri-
1967 2359 2075 2415 Via
2103 2361 2287 2433 Appia
2333 2361 2391 2416 in
2441 2361 2724 2417 cimiterio
2755 2361 2957 2418 Calixti
3009 2363 3297 2434 depositio
3351 2368 3406 2417 S.
3442 2365 3550 2419 Eu-

200 2455 285 2512 lis
317 2471 330 2510 :
366 2454 466 2511 sed
493 2458 695 2528 postea
724 2452 931 2508 beatus
961 2451 1269 2508 Marcellus
1319 2450 1629 2523 episcopus
1674 2465 1792 2504 una
1972 2449 2116 2504 sebii
2150 2451 2471 2522 presbyteri
2504 2455 2560 2506 et
2608 2452 2979 2507 confessoris.
3014 2453 3180 2523 Apud
3229 2452 3563 2523 Aquileiam

205 2561 349 2601 cum
363 2538 1305 2599 beatissimaLucinatranstulitin
1321 2539 1601 2612 praedium
1616 2554 1789 2593 suum
1974 2538 2168 2610 passio
2202 2544 2537 2595 sanctorum
2571 2539 2777 2595 Felicis
2808 2546 2864 2595 et
2895 2541 3193 2595 Fortunati
3219 2542 3562 2596 fratrum.ln

207 2649 449 2690 sacrum
481 2630 1194 2703 corpusejus,pariterque
1209 2627 1620 2686 xxusociorum
1639 2629 1789 2699 ejus,
1971 2626 2165 2682 Africa
2196 2627 2473 2682 Demetrii
2504 2646 2637 2683 cum
2671 2628 2802 2684 aliis
2834 2629 3055 2685 decem.

209 2738 397 2778 manu
427 2736 535 2776 sua
563 2718 825 2775 recondit
840 2734 975 2774 cum
1007 2716 1365 2774 aromatibus
1389 2733 1485 2773 vm
1513 2715 1606 2772 die
1633 2733 1793 2771 men-
1906 2715 2086 2771 XVIII
2117 2715 2241 2777 KaL
2276 2717 2675 2790 Septembriis.
2717 2719 3014 2774 Assumtio
3064 2718 3452 2777 sanctissimas
3506 2723 3564 2777 et

209 2812 302 2867 sis
330 2808 598 2883 Augusti,
632 2807 866 2880 quando
897 2810 954 2863 et
973 2805 1257 2862 celebrem
1280 2807 1407 2877 ejus
1425 2803 1794 2862 festivitatem
1975 2804 2411 2879 gloriosissima:
2454 2806 2554 2861 Dei
2606 2806 2904 2878 genitricis
2951 2807 3163 2863 Mariae.
3222 2809 3436 2864 Eodem
3467 2809 3562 2865 die

210 2899 443 2957 statuit.
474 2896 708 2953 Viennae
740 2896 799 2952 S.
826 2894 1020 2951 Severi
1053 2893 1395 2968 presbyteri.
1977 2893 2169 2949 natale
2201 2895 2258 2950 S.
2293 2894 2568 2950 Tharsitii
2617 2895 2863 2968 acolylhi
2913 2900 2968 2951 et
3000 2897 3292 2969 martyris.
3319 2899 3389 2952 Et
3418 2898 3558 2954 alibi

289 2988 485 3045 Eodem
512 2986 601 3042 die
655 2986 792 3041 obiit
832 2985 1083 3040 Herivevs
1129 2984 1477 3038 Nivernensis
1523 2982 1797 3052 episcopus
1976 2987 2033 3036 8.
2067 2982 2299 3038 Eusebii
2333 2984 2623 3056 martyris.

212 3077 382 3148 hujus
437 3075 679 3131 ecclesiae
731 3075 1043 3129 canonicus.
1084 3077 1226 3129 Item
1280 3071 1415 3126 obiit
1469 3071 1567 3126 Ato
1616 3070 1794 3135 miles,
1836 3142 1869 3148 μ
1904 3072 2059 3127 XVII
2121 3071 2239 3127 Kal.
2277 3072 2652 3143 Septembris.
2696 3073 2757 3128 In
2806 3073 2994 3130 Nicaea
3040 3074 3304 3130 Bithinize
3364 3075 3556 3133 natale

144 3203 151 3207 -
208 3142 318 3240 pro
373 3165 528 3237 cujus
575 3164 763 3219 anima
810 3162 1159 3217 Anmbaudus
1205 3162 1381 3232 frater
1434 3160 1551 3231 ejus
1591 3164 1797 3215 terram
1826 3142 1870 3210 (ἶ
1975 3164 2030 3215 S.
2067 3159 2278 3215 Ursatii
2329 3142 2698 3216 confessoris.
2753 3163 2946 3217 Romae
2991 3163 3180 3219 natale
3228 3169 3283 3218 S.
3328 3168 3553 3220 Serene:

212 3254 487 3312 Lonniaci
510 3269 677 3325 quam
705 3253 940 3319 tenebat,
970 3251 1250 3307 canonicis
1280 3251 1336 3305 S.
1381 3248 1645 3320 Stephani
1672 3249 1799 3303 reli-
1978 3248 2175 3303 uxoris
2198 3248 2537 3305 Diocletiani
2557 3250 3228 3323 Augusti.Autissiodero
3254 3252 3554 3309 translatio
3588 3277 3590 3280 ν

215 3345 361 3417 quit.
1978 3337 2223 3410 Augurii
2253 3343 2310 3393 et
2340 3338 2617 3393 Desiderii
2653 3339 3076 3411 episcoporum.
3116 3341 3177 3396 In
3200 3341 3437 3397 Persida
3458 3358 3555 3396 na-

132 3434 188 3487 V
222 3434 365 3488 ldus
392 3430 660 3504 Augusti.
697 3430 891 3485 Romae
924 3429 962 3485 S
1020 3426 1265 3484 Romani
1291 3426 1513 3497 militis,
1538 3426 1636 3498 qui
1670 3442 1801 3481 con—
1981 3426 2095 3482 tale
2124 3432 2179 3481 S.
2213 3428 2380 3499 Tyrsi
2414 3427 2704 3499 martyris.
2737 3427 3000 3484 Nivernis
3042 3430 3232 3487 natale
3283 3431 3341 3486 S.
3374 3429 3555 3503 Arigii

218 3521 475 3578 fessione
531 3520 590 3576 S.
644 3516 941 3574 Laurentii
1002 3520 1410 3589 compunctus,
1470 3514 1801 3587 baptizatus
1980 3515 2234 3589 episcopi
2268 3521 2323 3570 et
2355 3517 2725 3572 confessoris.

221 3608 631 3683 martyrizatus
659 3612 766 3663 est.
800 3607 932 3679 Ipso
956 3606 1049 3662 die
1078 3604 1276 3679 vigilia
1299 3604 1358 3659 S.
1396 3603 1689 3659 Laurentii
1715 3620 1801 3658 ar-
2053 3605 2172 3661 ldso
2199 3605 2287 3660 die
2347 3605 2455 3661 Odo
2482 3615 2785 3678 praeceptor
2840 3608 2895 3663 S.
2927 3608 3193 3680 Stephani
3233 3617 3555 3680 praesentem

218 3695 548 3755 chidiaconi
581 3699 639 3752 et
668 3694 961 3768 martyris.
1980 3695 2163 3766 ﬁnivit
2185 3695 2375 3750 vitam.

297 3785 443 3843 Obiit
468 3785 726 3841 Salomon
774 3785 1067 3839 canonicus
1114 3787 1165 3838 et
1214 3782 1450 3838 decanus
1478 3783 1657 3837 sancti
1684 3780 1802 3836 Ste-
1915 3785 2041 3840 XVI
2072 3783 2198 3839 Kal.
2232 3784 2606 3856 Septembris.
2646 3784 2705 3840 In
2755 3787 3013 3843 Caesarea
3051 3787 3426 3861 Cappadocia:
3458 3805 3557 3843 na-

214 3875 413 3949 phani.
1987 3874 2101 3930 tale
2149 3878 2204 3928 S.
2259 3873 2591 3929 Mammetis
2635 3877 2927 3949 martyris.
2960 3878 3126 3950 Apud
3176 3878 3429 3933 Africam
3461 3878 3557 3933 SS.

136 3965 226 4024 IV
256 3965 395 4021 ldus
428 3961 696 4036 Augusti.
748 3962 944 4017 Romae
997 3960 1189 4016 natale
1226 3959 1515 4015 Laurentii
1576 3958 1804 4014 diaconi
1990 3967 2309 4036 martyrum
2372 3962 2617 4018 Liberati
2673 3964 2920 4031 abbatis,
2982 3967 3258 4023 Bonifacii
3311 3966 3559 4031 diaconi,

224 4058 285 4110 et
316 4050 608 4125 martyris.
642 4051 785 4106 ltem
828 4050 1022 4105 Roma
1071 4048 1322 4104 militum
1364 4054 1597 4103 centum
1643 4064 1804 4103 sexa-
1985 4050 2141 4107 Servi
2172 4054 2228 4106 et
2260 4051 2511 4107 Rustici.
2532 4052 3043 4123 subdiaconorum,
3081 4056 3279 4129 Rogati
3318 4061 3376 4111 et
3424 4059 3560 4127 Sep-

224 4143 393 4217 ginta
419 4140 698 4213 quinque.
1990 4141 2116 4195 timi
2150 4141 2588 4209 nuonacborum,
2622 4146 2677 4196 et
2707 4143 2939 4198 Maximi
2969 4145 3154 4214 pueri.
3182 4146 3375 4200 Roma:
3406 4150 3561 4200 octa-

140 4232 232 4291 IlI
267 4231 403 4287 Idus
433 4227 699 4303 Augusti.
748 4228 943 4283 Romae
987 4226 1078 4283 via
1130 4226 1415 4282 Lavicana
1463 4226 1613 4282 inter
1660 4227 1808 4283 duas
1985 4229 2090 4285 bas
2120 4229 2179 4286 S.
2214 4228 2530 4285 Laurentii.

229 4321 431 4377 lauros
496 4316 687 4373 natale
744 4318 803 4373 S.
865 4315 1091 4373 Tiburti
1125 4316 1417 4389 martyris.
1452 4316 1593 4371 Item
1614 4316 1806 4371 Romae
1918 4318 2019 4372 XV
2050 4316 2338 4372 Kalendas
2367 4318 2747 4389 Septembris.
2780 4321 2948 4392 Apud
2982 4321 3395 4380 Praenestinam
3427 4322 3547 4377 civi-

231 4407 424 4465 natale
447 4407 506 4463 S.
539 4408 823 4462 Susanna:
850 4404 1092 4478 virginis
1122 4409 1177 4460 et
1204 4403 1808 4478 martyris.Cameraco
1989 4409 2166 4461 tatem
2212 4405 2405 4461 natale
2462 4410 2517 4458 S.
2573 4407 2801 4478 Agapiti
2860 4410 3152 4481 martyris.
3216 4411 3408 4466 Romae
3466 4417 3561 4467 SS.

230 4496 428 4554 natale
476 4496 534 4551 S.
576 4492 884 4568 Gaugerici
931 4493 1184 4567 episcopi
1235 4499 1292 4549 et
1338 4493 1710 4550 confessoris.
1745 4494 1806 4549 In
1844 4516 1889 4580 Β
1992 4493 2459 4565 presbyterorum
2490 4492 2862 4549 Johanniset
2886 4495 3277 4569 Crispi.Apud
3309 4498 3564 4569 Cartagi-

232 4585 464 4643 civitate
492 4584 767 4640 Ebroicas
790 4582 980 4639 natale
1012 4584 1069 4640 S.
1105 4582 1347 4639 Taurini
1379 4581 1655 4655 episcopi.
1996 4599 2126 4637 nem
2162 4581 2355 4653 passio
2412 4585 2505 4635 SS.
2564 4582 2764 4637 Massa:
2818 4583 3109 4653 Candidas,
3171 4586 3271 4658 qui
3323 4586 3438 4643 fere
3468 4604 3568 4641 ccc

308 4675 454 4732 Obiit
482 4676 632 4745 Hugo
662 4673 826 4745 hujus
854 4673 1095 4730 ecclesia?
1140 4672 1471 4729 venerabilis
1516 4673 1812 4744 episcopus,
1998 4672 2156 4726 fuere
2184 4670 2311 4738 viri,
2344 4675 2401 4726 et
2431 4670 2489 4724 in
2520 4669 2815 4726 clibanum
2861 4672 3037 4729 calcis
3080 4674 3450 4732 vehementer
3479 4694 3569 4732 ar-

232 4780 395 4839 quem
435 4765 568 4820 vitae
612 4764 873 4818 sanctitas
903 4769 952 4817 et
992 4778 1208 4817 morum
1229 4764 1475 4834 probitas
1520 4761 1813 4828 decoravit,
1997 4759 2189 4816 dentis
2223 4777 2324 4832 pro
2357 4760 2467 4815 fide
2497 4759 2704 4815 Christi
2740 4765 2879 4816 sunt
2906 4762 3340 4832 demersi,unde
3371 4766 3569 4821 candi-

232 4859 288 4911 et
316 4870 480 4927 quam
504 4854 596 4925 pie
621 4860 674 4909 et
702 4852 952 4923 religiose
980 4852 1199 4915 vixerit,
1248 4850 1413 4921 hujus
1460 4852 1583 4905 vites
1637 4852 1817 4905 exitus
1998 4850 2172 4905 datus
2204 4847 2300 4903 ille
2330 4849 2928 4904 exercitusbcatorum
2956 4851 3149 4907 Massa
3172 4854 3432 4911 Candida
3458 4872 3573 4911 me-

233 4944 372 5000 satis
399 4942 785 5015 comprobavit.
817 4942 928 5011 Qui
978 4942 1042 4996 ob
1072 4956 1310 4997 amorem
1359 4940 1458 4994 Dei
1486 4943 1539 4994 et
1586 4941 1676 4994 sui
1704 4956 1816 4994 me-
2002 4938 2117 4993 ruit
2149 4936 2470 5009 nuncupari
2508 4954 2520 4990 :
2556 4937 2768 5004 Massa,
2793 4943 3027 5009 propter
3057 4959 3390 5013 numerum,
3424 4946 3573 5001 Can-

234 5034 470 5089 moriam
497 5031 732 5103 singulis
758 5032 921 5086 annis
968 5030 1333 5097 recolendam,
1383 5029 1662 5084 ecclesiam
1710 5030 1816 5084 .-tu-
2000 5027 2156 5092 dltltl,
2188 5031 2422 5098 propter
2452 5025 2724 5080 meritum
2752 5042 2763 5080 :
2791 5044 3039 5097 quorum
3074 5033 3353 5089 memoria
3381 5034 3575 5107 agitur

236 5122 378 5179 siaci
406 5122 474 5177 ad
526 5122 874 5194 refectionem
916 5122 1161 5192 fratrum
1212 5122 1273 5174 in
1309 5119 1397 5174 die
1452 5119 1822 5174 anniversarii
2000 5134 2052 5171 ιχ
2089 5114 2370 5170 Kalendas
2397 5114 2776 5186 Septembris.
2810 5117 3029 5172 Tamen
3082 5120 3385 5176 sciendum
3437 5122 3576 5193 quia

236 5212 332 5267 sui
359 5211 486 5266 huic
521 5210 763 5267 ecclesia:
807 5209 1049 5265 donavit.
1086 5209 1243 5264 Dedit
1273 5209 1437 5263 etiam
1476 5207 1651 5263 eidem
1682 5207 1821 5262 alias
2000 5222 2069 5261 xv
2094 5201 2385 5259 Kalendas
2417 5203 2671 5275 praedicti
2707 5204 2927 5261 mensis
2958 5208 3113 5278 passi
3149 5214 3303 5265 sunt.

237 5300 515 5366 ecclesias,
546 5298 832 5354 ecclesiam
876 5298 1086 5353 scilicet
1131 5299 1387 5354 Bacernze
1428 5303 1478 5352 et
1507 5296 1562 5351 S.
1594 5297 1817 5361 Briccii,
2074 5293 2219 5349 Obiit
2247 5292 2561 5347 Gualterius
2593 5294 2898 5350 vicecomes.

236 5396 291 5444 et
316 5388 631 5453 Induniaci,
661 5393 713 5441 et
763 5386 1025 5452 Veniosse,
1058 5392 1109 5441 et
1136 5385 1372 5440 decimas
1416 5383 1632 5438 Visiaci.
1667 5383 1822 5439 Prce-
1929 5382 2050 5437 XIV
2085 5381 2207 5435 Kal.
2246 5380 2623 5452 Septembris,
2668 5382 2866 5439 Natale
2908 5388 2963 5439 S.
3000 5386 3191 5457 Magni
3224 5404 3324 5442 seu
3375 5391 3431 5440 S.
3463 5388 3580 5442 An-

242 5485 393 5533 terea
440 5478 619 5549 ipsam
662 5475 947 5531 ecclesiam
994 5475 1183 5530 multis
1211 5474 1396 5545 cappis
1443 5472 1509 5526 de
1552 5472 1744 5542 pallio,
1775 5480 1825 5527 et
2003 5472 2150 5524 dress
2184 5464 2504 5540 martyrum
2560 5488 2691 5526 cum
2722 5472 2894 5527 sociis
2926 5474 3051 5530 suis
3082 5476 3309 5531 duobus
3340 5475 3582 5531 milibus

242 5565 452 5622 duobus
516 5566 731 5636 tapetis,
787 5570 839 5620 et
912 5563 1101 5619 multis
1164 5561 1585 5619 sacerdotalibus
1657 5560 1822 5615 indu-
2004 5575 2208 5615 nxcvu.
2242 5558 2303 5612 In
2338 5562 2532 5616 monte
2562 5561 2661 5632 qui
2712 5560 2925 5617 dicitur
2954 5562 3097 5619 Jura
3126 5563 3185 5620 S.
3217 5563 3422 5620 Donati
3454 5580 3581 5636 pre-
