3868 6204
348 287 503 349 1239
1118 283 1452 344 APPEND.
1498 280 1601 345 AD
1646 283 1834 346 SEC.
1879 285 1959 347 X.
1992 315 2072 332 -—
2099 285 2601 357 MONUMENTA
2640 294 2959 359 LITURG.
3621 301 3746 371 1211

413 418 633 493 sbyteri
663 421 722 476 et
747 415 1324 474 confessorisﬁomaa
1355 415 1507 471 beati
1536 415 1674 471 Julii
1707 417 1993 474 senatoris
2022 420 2075 486 Α
2176 421 2425 479 Secundi
2480 428 2771 499 martyris.
2822 429 3133 502 Bergamis
3186 430 3433 489 civitate
3481 433 3661 491 name
3700 439 3741 491 ε,

409 515 465 567 et
494 507 786 582 martyris.
811 511 875 561 In
898 505 1195 561 territurio
1220 505 1563 560 Bituricensi
1585 505 1773 560 natale
1797 507 1982 561 sancti
2165 510 2473 568 Alexandri
2509 518 2802 589 martyris.
2837 518 3052 574 Salona
3103 521 3312 592 passio
3362 522 3424 577 S.
3458 526 3741 585 Anastasii,

403 597 647 656 Mariani
678 595 1051 662 confessoris,
1076 596 1247 665 cujus
1279 596 1442 665 gesta
1474 594 1783 650 habentur.
2165 602 2335 672 cujus
2368 605 2651 660 memoria
2682 606 3011 664 festivitatis
3062 626 3255 682 supra
3309 615 3519 666 notata
3567 618 3650 669 est
3683 634 3748 671 III

471 691 586 760 1ρεο
616 687 705 743 die
732 687 870 743 οδῖίι
897 683 1174 739 Εὸνανίίῑιδ
1203 684 1359 773 "tiles
1382 684 1436 737 S-
1472 683 1753 773 Stephani
1937 772 1943 773 γ
2165 689 2456 747 Kalendas
2487 694 2868 766 Septembris.
2916 697 3332 759 Autissiodero
3382 701 3670 773 depositio
3694 706 3746 759 8.

326 777 457 834 XIII
489 778 612 835 Kal.
637 771 1308 850 Septembris.Samuelis
1330 771 1869 844 prophetaandem
1892 772 1984 829 die
2166 776 2479 834 Eleutherii
2509 783 2791 855 episcopi.

399 868 557 924 beati
588 866 855 938 Porphiri
886 863 1143 920 hominis
1193 863 1309 917 Dei.
1346 861 1516 917 Heria
1543 861 1737 917 insula
1767 862 1825 917 in
1857 861 1983 917 loco
2091 865 2164 920 VI
2214 866 2503 924 Kalendas
2552 871 2936 942 Septembris.
2983 875 3151 946 Apud
3203 876 3476 949 Capuam
3528 881 3588 935 S.
3636 882 3749 937 Ruﬁ

401 958 503 1030 qui
534 956 752 1013 dicitur
782 960 948 1022 Deas,
983 952 1176 1009 natale
1224 956 1279 1007 S.
1319 949 1619 1007 Philiberti
1670 951 1900 1006 abbatis
1928 956 1983 1007 et
2163 956 2456 1028 martyris.
2486 959 2715 1015 Arelate
2742 962 2800 1017 S.
2829 962 3060 1018 Cazsarii
3108 964 3380 1039 episcopi
3428 973 3489 1023 et
3538 971 3752 1027 confes-

405 1044 777 1103 confessoris,
1088 1130 1091 1131 ν
1372 1130 1375 1131 ν
1490 1129 1498 1131 Α
1598 1129 1606 1131 λ
1658 1130 1663 1131 7
2163 1044 2333 1099 seris.
2361 1049 2773 1119 Augustiduno
2799 1051 3082 1123 depositio
3106 1054 3167 1109 S.
3194 1053 3391 1128 Siagri
3417 1057 3680 1131 episcopi
3702 1070 3749 1116 et

334 1138 437 1195 XII
461 1135 751 1192 Kalendas
772 1130 1223 1206 Septembris.1n
1244 1129 1539 1185 territurio
1562 1129 1788 1185 civitate
1810 1134 1984 1185 Gava—
2162 1134 2784 1195 confessoris.Tbomis
2811 1140 3002 1196 natale
3026 1142 3127 1197 SS.
3158 1129 3498 1217 martyrum
3528 1129 3751 1205 Mareel-

403 1227 587 1284 litana
613 1225 739 1280 vico
770 1221 1123 1285 Mimatensi,
1155 1218 1346 1309 natale
1376 1224 1431 1273 8.
1468 1219 1681 1274 Privati
1719 1220 1979 1292 episcopi
2162 1220 2265 1276 lini
2294 1223 2534 1292 tribuni,
2562 1230 2619 1281 et
2645 1229 2840 1284 uxoris
2883 1232 3010 1300 ejus
3059 1231 3341 1300 Manneia,
3371 1240 3433 1290 et
3473 1236 3589 1291 ﬁlii
3632 1241 3748 1309 ejus

403 1322 461 1376 et
491 1312 1006 1388 martyris.Eodem
1039 1309 1129 1365 dic
1162 1307 1353 1363 natale
1382 1312 1477 1363 SS.
1523 1312 1846 1381 martyrum
1879 1310 1982 1367 Bo-
2159 1310 2461 1381 Johannis,
2490 1319 2548 1370 et
2594 1317 2929 1389 Serapionis
2966 1318 3183 1387 clerici,
3209 1327 3269 1377 et
3314 1323 3475 1379 Petri
3526 1307 3744 1382 militis.

403 1407 555 1465 nosii
584 1411 643 1462 et
672 1400 1031 1469 Maximiani,
1066 1415 1315 1470 quorum
1349 1402 1513 1470 gesta
1540 1398 1849 1453 habentur.
2163 1399 2375 1456 Eodem
2404 1402 2496 1458 die
2531 1405 2725 1475 passio
2774 1408 2875 1463 SS.
2923 1408 3154 1482 Georgii
3202 1411 3463 1479 diaconi,
3510 1416 3742 1480 Aurelii,

476 1497 623 1553 Obiit
647 1493 952 1550 Adelelmus
982 1488 1181 1544 nobilis
1208 1487 1366 1541 miles
1395 1491 1447 1540 et
1493 1486 1739 1542 humilis.
1776 1488 1982 1544 Eodem
2162 1487 2715 1560 Felicis,Nataliae,et
2736 1494 3222 1554 Liliosae.Civitate
3236 1500 3537 1558 Bituricas
3566 1508 3744 1561 trans-

401 1588 489 1643 die
524 1584 822 1640 Willelmus
850 1579 1201 1636 Nivernensis
1229 1592 1420 1641 comes,
1455 1575 1728 1633 Carturiae
1753 1577 1981 1648 religio-
2161 1574 2299 1633 latio
2341 1581 2600 1653 corporis
2646 1586 2703 1637 8.
2755 1584 2989 1656 Sulpitii
3035 1587 3297 1660 episcopi
3344 1595 3405 1645 et
3452 1594 3743 1650 confesso-

398 1693 519 1733 sam
546 1676 715 1730 vitam
741 1671 937 1726 ducens
965 1666 1305 1723 sanctissime
1333 1666 1488 1721 obiit.
2160 1666 2260 1720 ris,

329 1767 405 1824 XI
437 1764 560 1822 Kal.
592 1759 968 1858 Septembris.
1001 1757 1197 1858 I‘lom'zp
1218 1753 1412 1810 natale
1435 1758 1491 1809 S.
1517 1754 1809 1853 'l‘imothei
1832 1773 1979 1812 mar-
2014 1793 2056 1858 Β
2088 1753 2136 1806 V
2186 1755 2308 1811 Kal.
2368 1758 2747 1830 Septembris.
2809 1764 3003 1819 Romae
3065 1765 3263 1837 passio
3322 1768 3382 1823 S.
3457 1770 3741 1828 Hei-metis

396 1851 678 1928 tyris,qui
710 1851 782 1906 de
810 1845 1114 1904 Antiochia
1143 1845 1386 1900 Romam
1416 1843 1665 1909 venit,et
1694 1861 1802 1900 sua
1832 1863 1975 1917 prae-
2014 1843 2055 1858 "
2160 1848 2455 1918 martyris.
2490 1850 3053 1925 Coustantinopolim
3077 1855 3271 1911 natale
3292 1858 3486 1913 sancti
3506 1860 3740 1917 Alexan-

402 1942 690 2000 dicatione
720 1937 935 1995 multos
968 1936 1038 1991 ad
1052 1934 1348 1989 Christum
1371 1934 1653 1989 convertit
1683 1953 1705 1988 :
1737 1951 1839 2006 pro
1862 1952 1975 2007 quo
2157 1934 2244 1987 dri
2273 1935 2525 2008 episc0pi
2552 1938 2790 2011 gloriosi
2816 1942 2998 2009 senis,
3025 1944 3197 2013 cujus
3243 1947 3511 2004 oratione
3544 1950 3736 2006 Arrius

399 2038 458 2091 et
483 2029 892 2104 martyrizatus
909 2024 1177 2098 sepultus
1198 2024 1462 2094 estjuxta
1487 2023 1719 2077 beatum
1738 2026 1978 2095 Aposto-
2156 2020 2350 2077 divino
2375 2031 2524 2079 nutu
2550 2028 2774 2098 crepuit
2798 2029 3028 2086 medius
3070 2032 3274 2088 effusis
3300 2034 3651 2094 visceribus.
3676 2041 3733 2094 In

398 2121 522 2177 lum
541 2135 645 2193 pro
666 2134 732 2174 eo
750 2132 924 2189 quem
944 2112 1229 2168 habuerat
1250 2110 1515 2183 ejusdem
1530 2110 1786 2165 nominis
1809 2111 1978 2167 disci-
2156 2109 2387 2167 civitate
2411 2112 2698 2185 Ypponna
2723 2117 2917 2173 natale
2960 2119 3019 2175 8.
3047 2121 3365 2193 Augustini
3401 2125 3664 2198 episcopi
3684 2136 3735 2182 ex,

399 2210 625 2284 pulum.
656 2204 1063 2279 Augustiduno
1096 2199 1288 2255 natale
1303 2204 1359 2253 S.
1393 2198 1798 2271 Symphoriani
1823 2217 1975 2255 mar-
2156 2200 2527 2271 confessoris,
2558 2203 2659 2274 qui
2683 2205 2894 2276 spiritu
2923 2207 3117 2263 divino
3144 2213 3359 2277 tactus,
3374 2212 3511 2268 fecit
3536 2213 3731 2281 libros,

399 2300 563 2373 tyris.
612 2298 779 2363 Item,
830 2295 1027 2350 Romae
1076 2291 1139 2345 B.
1171 2288 1403 2344 Antonii
1440 2289 1733 2360 martyris,
1765 2293 1821 2344 et
1872 2291 1971 2345 SS.
2157 2291 2459 2360 tractatus,
2507 2292 2785 2363 epistolas
2831 2312 3076 2351 numero
3125 2298 3287 2356 mille
3319 2318 3455 2367 xxx,
3504 2311 3734 2376 excepto

396 2388 839 2462 Peregrinorum
872 2386 1195 2453 martyrum
1249 2376 1546 2445 Martialis,
1583 2377 1837 2450 Epiterii,
1871 2379 1973 2445 Sa-
2155 2391 2280 2445 qua:
2311 2380 2605 2434 numerari
2638 2399 2752 2436 non
2783 2390 3350 2454 possunt.Santonas
3380 2391 3581 2446 natale
3598 2396 3733 2451 S.Bi-

394 2477 620 2535 turbini
651 2492 786 2530 cum
819 2471 993 2528 SOCiiS
1023 2485 1245 2525 eorum.
2154 2462 2311 2519 biani
2343 2466 2600 2540 episcopi
2631 2475 2689 2525 et
2718 2472 3089 2530 confessoris.
3123 2475 3257 2547 Ipso
3286 2476 3383 2533 die
3422 2478 3485 2534 in
3511 2479 3729 2538 Brivato

468 2566 773 2638 Stephanus
802 2561 965 2632 hujus
993 2559 1236 2614 ecclesiae
1258 2557 1581 2628 praepositus
1601 2562 1652 2612 et
1683 2560 1973 2613 canonicus
2151 2551 2274 2609 vico
2304 2556 2497 2612 natale
2525 2560 2711 2614 sancti
2739 2560 2958 2616 Juliani
2989 2565 3285 2637 martyris.

394 2657 548 2712 οδίίι,
2224 2643 2372 2699 Obiit
2402 2645 2555 2703 Gimo
2584 2650 2742 2704 miles
2768 2650 2824 2705 S.
2856 2652 3140 2723 Stephani.

319 2746 367 2805 X
396 2743 685 2802 Kalendas
714 2736 1093 2812 Septembris.
1127 2732 1433 2790 Antiochia
1463 2734 1661 2811 natale
1684 2735 1780 2789 SS.
1816 2752 1968 2791 mar-
2080 2728 2153 2784 lV
2185 2731 2472 2791 Kalendas
2501 2738 2877 2807 Septembris.
2913 2739 3106 2795 Romae
3135 2742 3208 2797 ad
3241 2760 3446 2801 arcum
3478 2746 3725 2805 Faustini

391 2839 587 2908 tyrum
646 2829 870 2897 Donati,
926 2825 1223 2891 Restituti,
1271 2822 1586 2888 Valeriani,
1639 2825 1968 2881 Fructuoraa
2151 2819 2500 2878 beatissima:
2535 2825 2762 2881 Sabina:
2796 2828 3087 2900 martyris.
3120 2847 3250 2902 qua:
3281 2832 3393 2888 fuit
3426 2852 3572 2891 uxor
3591 2854 3724 2907 pra:-

392 2940 528 2980 cum
558 2920 688 2977 aliis
718 2937 817 2975 x11.
847 2914 1194 2973 Alexandria
1224 2912 1379 2968 beati
1410 2912 1659 2968 Theonis
1691 2913 1795 2967 viri
1845 2915 1966 2970 Dei.
2151 2908 2462 2966 clarissimi
2492 2916 2789 2985 quondam
2822 2916 3114 2973 Valentini
3128 2924 3186 2974 et
3205 2919 3330 2976 mia
3352 2922 3598 2981 Herodis
3618 2927 3722 2982 Me.

392 3014 460 3069 Et
490 3012 629 3068 alibi
660 3011 718 3066 ε,
754 3007 958 3064 Zachei
990 3004 1245 3077 episcopi
1293 3008 1350 3058 et
1377 3003 1473 3057 SS.
1510 3006 1832 3074 martyrum
1863 3004 1966 3059 Mi-
2152 2996 2388 3067 tallarii,
2424 3017 2549 3073 quae
2584 3020 2757 3074 passa
2787 3009 2876 3060 est
2921 3007 3177 3063 Adriano
3227 3010 3577 3082 imperante,
3622 3015 3721 3069 sub

390 3101 559 3169 nerii,
608 3096 860 3156 Eleazari
899 3111 1034 3150 cum
1080 3092 1214 3148 filiis
1262 3109 1335 3147 ix.
1371 3091 1583 3146 Eodem
1633 3092 1726 3146 die
1776 3092 1969 3148 natale
2006 3162 2039 3170 _
2147 3088 2416 3157 Ρΐδθίέθίο
2449 3090 2736 3163 Ηθιρίάίοο
2770 3093 2933 3163 Item»
2986 3096 3181 3152 Ριοωεθ
3233 3100 3432 3170 Ρθδείο
3472 3102 3533 3157 S-
3564 3103 3723 3159 δετε-

389 3162 728 3248 sanctorum
758 3183 1047 3243 Timothei
1082 3186 1137 3239 et
1162 3179 1642 3254 Apollinaris,qui
1673 3181 1824 3253 apud
1859 3182 1966 3237 Re-
1998 3162 2040 3229 (ἶ
2152 3174 2299 3246 phiae
2331 3162 2593 3251 virginis.
2624 3181 2683 3235 In
2736 3162 3033 3254 provincia
3066 3162 3389 3243 Palaestinae
3418 3190 3720 3248 civitate...

390 3279 684 3337 mensium
730 3276 935 3332 urbem
967 3274 1374 3329 consummato
1406 3269 1681 3341 martyrio
1715 3269 1971 3326 cmlestia
2148 3262 2455 3322 (100011350
2484 3271 2539 3322 8ο
2571 3270 2855 3327 δοδᾶῐωίε
2885 3272 3180 3345 Baptism-

393 3385 573 3443 regna
604 3367 1032 3423 meruerunt.ln
1056 3360 1225 3416 Licea
1254 3359 1482 3415 civitate
1512 3359 1665 3431 Egea
1692 3358 1964 3414 SS.Clau-
2217 3354 2336 3443 Ipsa
2358 3356 2449 3411 die
2476 3358 2752 3415 ordinatio
2782 3361 2970 3416 damni
2995 3364 3294 3434 Herefridi,
3319 3369 3419 3439 qui
3444 3367 3593 3425 dedit
3606 3373 3717 3439 ΙΜ-

393 3442 497 3525 dii,
528 3456 737 3514 Asterii
767 3458 825 3511 et
853 3449 1086 3518 Neonis,
1121 3450 1220 3522 qui
1271 3451 1402 3520 post
1439 3448 1648 3503 acerba
1677 3452 1968 3504 tormenta
2145 3442 2319 3498 ἰνίὺιιδ
2348 3445 2417 3498 ad
2448 3449 2793 3518 νοίεθιιονηήι
2823 3450 2999 3521 {Win-5
3041 3452 3155 3508 ἀίεέ
3197 3456 3514 3525 [mendam
3546 3462 3718 3514 ληίδ’

391 3547 547 3603 cruci
570 3545 745 3603 adfixi
778 3547 934 3599 sunt.
989 3539 1395 3613 Augustiduno
1445 3537 1729 3609 depositio
1778 3540 1963 3595 sancti
2142 3530 2271 3585 dum
2305 3534 2515 3602 villam,
2548 3540 2600 3591 et
2629 3539 2686 3591 in
2729 3539 3023 3596 Lintlnaco
3066 3558 3324 3598 mansum
3352 3562 3549 3613 unum,
3590 3556 3643 3604 et
3666 3551 3717 3603 in

386 3635 640 3693 Flaviani
670 3633 950 3707 episcopi.
2145 3620 2421 3692 Capillaco
2469 3641 2723 3681 mansum
2762 3628 3076 3697 alterum,et
3121 3634 3502 3690 molendinmn
3542 3639 3717 3693 subtus

455 3726 650 3781 Eodem
689 3724 776 3779 die
829 3721 1107 3777 Eribertas
1153 3716 1631 3773 Autissiodurensis
1686 3718 1962 3789 epis-capas
2139 3713 2445 3766 murum-1"
2481 3713 2777 3771 Ναιίυίίαίθ
2814 3734 2937 3772 vero
2983 3718 3040 3773 δ’
3094 3719 3290 3778 "an"?
3325 3725 3546 3795 (Ιυαηάο
3587 3727 3716 3782 δεδι)

379 3814 529 3870 viam
555 3815 830 3868 universae
856 3810 1040 3864 carnis
1069 3808 1466 3883 estingressus.
2133 3800 2379 3868 Primum
2430 3803 2487 3855 in
2543 3804 2797 3861 cathedra
2866 3808 3177 3880 episcopali,
3235 3810 3388 3867 dedit
3457 3816 3714 3883 fratribus

308 3901 387 3961 IX
419 3899 704 3966 Kalendas
733 3897 1115 3970 Septembris.
1150 3900 1213 3950 1n
1246 3895 1411 3949 India
1436 3892 1627 3948 natale
1655 3894 1959 3951 S.Bartho-
2138 3888 2419 3944 ecclesiam
2476 3893 2741 3950 Bacerna:
2781 3898 2834 3949 ct
2880 3897 3259 3964 Lindriacum,
3315 3909 3368 3955 et
3424 3905 3710 3974 [.upinum,

377 3987 566 4044 lomazi
598 3985 862 4060 apostoli.
894 3986 1060 4057 Apud
1090 3983 1457 4055 Cartaginem
1481 3984 1954 4040 commemoratio
2135 3993 2341 4033 ηεσηοη
2376 3982 2725 4051 ιοθηίασωη·
2760 3986 3119 4041 θίῖηιίίαεωη
3144 3996 3333 4044 “mem
3358 3990 3513 4047 dedit
3542 3995 3601 4048 ⁸³
3625 4011 3715 4048 ἰδ’

374 4082 713 4133 sanctorum
762 4076 966 4132 Massa:
1014 4072 1297 4139 candidae,
1328 4088 1578 4142 quorum
1611 4070 1952 4129 solemnitas
2133 4068 2237 4120 tali
2265 4069 2322 4122 5.
2359 4068 2664 4126 Clementis.
2700 4074 2848 4128 Obiit
2870 4074 3291 4134 Archemboldus
3319 4083 3620 4153 episeOpus.

371 4168 645 4240 superius
674 4185 745 4224 xv
795 4164 1083 4223 Kalendas
1134 4160 1493 4234 Septembris
1533 4166 1809 4216 annotata
1837 4169 1945 4220 est,
2062 4153 2133 4209 Ill
2157 4154 2446 4212 Kalendas
2465 4159 2825 4229 Septembris
2843 4163 3033 4217 [tomis
3051 4165 3142 4219 via
3161 4166 3423 4224 Ostiensi
3445 4172 3709 4229 milliaria

372 4257 567 4312 Romen
598 4256 790 4314 natale
820 4256 879 4311 S.
913 4251 1140 4310 Genesii
1176 4249 1468 4323 martyris,
1503 4250 1758 4317 Civitate,
1784 4256 1949 4307 Roto-
2129 4244 2200 4299 ἑὼ
2232 4244 2379 4301 Urbe
2409 4246 2888 4306 beatissimorum
2915 4257 3236 4326 martyrum
3274 4256 3489 4315 Felicis
3517 4266 3576 4316 et
3602 4264 3707 4317 Au-

370 4363 540 4419 mago
572 4344 764 4402 natale
792 4342 1115 4400 S.Audoeni
1140 4338 1397 4413 episcopi
1425 4343 1482 4394 et
1502 4340 1945 4396 confessorith
2127 4333 2304 4400 (lacti,
2339 4337 2510 4391 ambo
2549 4338 2892 4410 presbyteri.
2926 4341 3094 4411 Item,
3127 4344 3327 4401 Romae
3375 4347 3703 4405 Gaudentiae

366 4434 661 4491 territurio
692 4432 1032 4490 Nivernensi
1057 4428 1250 4485 natale
1271 4429 1370 4484 SS.
1406 4428 1808 4484 conf-asserum
1840 4433 1941 4485 I‘a-
2124 4421 2387 4496 virginis.

364 4522 516 4579 tricii
547 4523 778 4580 abbatis
810 4526 867 4578 et
897 4519 1154 4577 Gildardi
1189 4517 1381 4591 presb.
1980 4532 2021 4594 ι)
2196 4513 2340 4568 Obiit
2367 4515 2750 4572 Ermenbcrtus
2771 4522 3040 4588 sacerdos,
3098 4525 3196 4595 qui
3225 4525 3550 4584 innocenter
3585 4530 3701 4599 gla-

435 4614 582 4670 Obiit
608 4616 760 4685 Hugo
786 4628 980 4667 comes.
2123 4601 2212 4657 dio
2238 4605 2554 4677 interfectus
2584 4617 2678 4663 cst.

287 4701 415 4758 VIII
444 4702 735 4760 Kalendas
769 4697 1148 4773 Septembris.
1185 4698 1379 4752 Romae
1406 4694 1596 4750 natale
1623 4695 1942 4768 SS.marty-
2050 4690 2243 4746 Pridie
2274 4692 2561 4750 Kalendas
2590 4698 3230 4769 Septembris.Treviris
3261 4704 3461 4761 natale
3480 4707 3539 4761 S.
3566 4707 3701 4763 Pau-

357 4808 490 4846 rum
519 4790 776 4855 Eusebii,
829 4787 1119 4855 Pontiani,
1169 4783 1486 4856 Peregrini,
1539 4788 1596 4838 et
1625 4782 1936 4840 Vincentii.
2122 4778 2227 4834 lini
2257 4781 2510 4855 episcopi
2543 4789 2600 4839 et
2630 4789 3183 4862 confessoris.Apud
3208 4791 3553 4851 AthenasB.
3584 4798 3701 4851 Ari-

352 4878 583 4934 Arelato
614 4878 809 4934 natale
836 4879 893 4934 S.
923 4874 1154 4934 Genesii
1188 4872 1460 4945 martyris
1480 4872 1713 4944 proprio
1735 4889 1939 4935 cruore
2118 4868 2289 4924 stidis
2322 4871 2434 4927 ﬁde
2478 4873 2883 4948 sapientiaque
2933 4876 3267 4936 clarissimi.
3300 4881 3698 4940 Autissiodero

351 4966 629 5038 baptizati
670 4967 908 5024 Civitate
957 4962 1263 5037 Compluto
1310 4960 1504 5035 passio
1556 4962 1656 5017 SS.
1697 4960 1849 5016 Justi
1880 4966 1938 5018 et
2117 4957 2401 5029 depositio
2434 4962 2491 5016 S.
2523 4960 2713 5035 Optati
2745 4966 3001 5039 episcopi
3024 4971 3082 5023 et
3109 4969 3697 5029 confessoris.Aneira

349 5054 605 5112 Pastoris
636 5056 903 5121 fratrum,
938 5055 1039 5127 qui
1082 5072 1221 5110 cum
1271 5051 1463 5106 adhuc
1507 5050 1671 5121 pueri
1718 5049 1929 5106 litteris
2117 5046 2349 5103 Galatia:
2381 5050 2476 5105 SS.
2509 5051 2710 5107 Gaiani
2745 5060 2801 5109 et
2829 5054 3070 5111 Juliani.

347 5142 1050 5213 imbuerentur,projectis
1095 5141 1155 5195 in
1197 5136 1398 5194 schola
1443 5136 1680 5204 tabulis,
1718 5140 1926 5208 sponte
2646 5141 3091 5201 SEPTEMBER.

344 5231 416 5289 ad
449 5230 792 5305 martyrium
825 5227 1400 5292 cucurrerunt.ltem,
1424 5226 1617 5280 Romae
1668 5225 1761 5280 via
1811 5226 1922 5281 No-
2034 5223 2322 5281 Kalendas
2352 5228 2732 5299 Septembris.
2767 5232 2943 5288 Hiesu
2992 5234 3145 5291 Nave
3193 5241 3250 5293 et
3291 5236 3534 5295 Gedeon
3565 5256 3685 5311 pro-

343 5324 620 5377 mentana
650 5318 904 5374 militum
935 5335 1091 5373 xvui.
2104 5313 2500 5385 phetarum,et
2530 5318 2883 5375 beatissima:
2910 5325 3088 5378 Anna:
3128 5325 3539 5397 prophetissa,
3569 5346 3684 5401 quae

268 5408 372 5465 VII
403 5408 695 5465 Kalendas
716 5406 1095 5479 Septembris.
1124 5404 1317 5459 Romae
1349 5403 1778 5474 SS.martyrum
1812 5401 1918 5458 He-
2102 5403 2161 5457 in
2193 5404 2500 5477 Evangelia
2534 5406 2968 5483 legitur.Capua
2998 5413 3194 5469 natale
3223 5420 3283 5468 S.
3316 5415 3684 5473 Priscixmar-

338 5515 489 5555 rens:
518 5501 576 5555 et
600 5496 853 5554 Abundi.
888 5496 1053 5565 Item,
1087 5497 1277 5547 Romae
1310 5491 1499 5546 natale
1533 5490 1591 5545 S.
1625 5490 1916 5561 Zephirini
2098 5490 2258 5564 tyris.
2290 5498 2544 5551 Senones
2573 5497 2859 5568 depositio
2890 5500 2952 5555 Β.
2988 5501 3133 5573 Eupi
3165 5504 3431 5577 episcopi
3458 5512 3518 5561 et
3546 5523 3678 5563 con-

334 5604 518 5661 papze.
549 5589 716 5660 Apud
744 5583 1129 5643 Victimilium
1146 5585 1403 5637 castrum
1436 5578 1611 5634 Italiae
1638 5579 1826 5635 natale
1848 5581 1906 5635 S.
2096 5582 2351 5637 fessoris.
2385 5584 2733 5641 Cenomanis
2757 5588 2947 5645 natale
2973 5594 3030 5644 S.
3066 5591 3319 5649 Victoris
3335 5594 3599 5667 episcopi
3616 5600 3666 5650 et
