3868 6204
60 354 219 421 ιξιι

1245 356 1815 421 MARTYllOLOG.
1860 354 2296 421 ANTISSIOD.

3323 355 3478 430 1942

135 488 510 549 confessoris.
546 489 683 565 Ipsa
711 490 805 547 die
828 488 1114 548 transitus
1158 490 1216 547 S.
1249 489 1458 562 ZEgidii
1489 489 1718 547 abbatis
1746 491 1801 559 Α
1903 506 2028 545 cam
2084 489 2277 547 natale
2325 493 2659 548 sanctorum
2708 493 3109 553 confessorem
3158 516 3194 554 x
3223 514 3474 572 quorum

134 582 195 635 et
224 580 601 636 confessoris.

211 669 358 724 Obiit
387 670 692 725 Richardus
723 685 918 725 comes.

54 755 109 808 V
139 757 339 813 Nonas
358 758 740 830 Septembris.
776 758 1060 831 Lugduno
1099 754 1292 813 natale
1324 757 1383 824 S,
1413 757 1444 812 ,Ι
1454 756 1567 812 usti
1599 756 1718 829 epi-

135 846 301 918 scopi
332 850 390 901 et
415 847 893 919 confessoris,qui
918 847 1188 919 migravit
1215 847 1286 901 ad
1320 846 1634 902 Dominum
1659 847 1719 900 in

139 950 337 990 eremo
367 934 554 1007 pridie
576 935 715 990 Idus
740 935 1088 1001 Octobris,et
1108 936 1236 1007 ejus
1258 952 1490 991 sacrum
1510 949 1721 1006 corpus

137 1026 198 1079 et
228 1023 291 1078 B.
322 1023 578 1080 Viatoris
607 1023 861 1080 ministri
904 1026 1033 1096 ejus
1065 1024 1416 1097 Lugdunum
1447 1023 1717 1090 relatum,

138 1128 278 1167 cum
301 1112 478 1186 digno
509 1112 668 1170 cultu
701 1112 1001 1171 conditum
1033 1116 1122 1169 est
1153 1131 1208 1168 ιν
1235 1114 1428 1169 Nonas
1457 1112 1720 1184 Septem-

134 1200 505 1258 bris.Eodem
535 1203 630 1258 die
660 1202 814 1274 apud
850 1202 1147 1274 praefatam
1191 1203 1393 1258 urbem
1435 1200 1721 1274 depositio

140 1295 204 1345 Β.
242 1289 490 1363 Helpidii
520 1290 800 1364 episcopi.
833 1292 1000 1364 Apud
1050 1291 1355 1364 Apamiam
1388 1291 1452 1346 B.
1486 1288 1722 1346 Antonii

140 1378 439 1451 martyris.

58 1467 146 1523 IIl
177 1467 374 1524 Nonas
425 1468 805 1541 Septembris.
857 1468 1060 1525 Natale
1101 1470 1158 1525 S.
1199 1469 1429 1535 Fuabcn,
1478 1469 1549 1524 de
1607 1484 1724 1540 qua

136 1557 455 1629 Apostolus
513 1558 791 1615 Romanis
843 1558 1047 1614 scribit
1093 1575 1107 1614 :
1160 1558 1483 1615 Commendo
1538 1561 1725 1613 autern

136 1648 291 1702 vobis
340 1648 554 1713 waen,
593 1650 702 1703 etc.
753 1648 944 1703 Romae
991 1646 1468 1704 commemoratio
1520 1651 1580 1701 Β.
1627 1646 1723 1701 Se-

140 1735 363 1808 raphias
412 1735 656 1809 virginis
704 1741 761 1793 et
807 1738 1104 1809 martyris,
1155 1755 1281 1809 qua:
1330 1753 1506 1809 passa
1552 1739 1640 1791 est
1668 1752 1724 1792 IV

1900 583 2066 635 actus
2119 579 2357 652 gloriosi
2410 581 2719 638 habentur.
2779 584 2843 639 In
2893 584 3237 645 Calcedonia
3284 590 3478 647 natale

1898 672 1995 723 SS.
2027 669 2318 725 Sostensis
2348 673 2404 725 et
2432 670 2701 739 Victoris,
2734 672 2832 745 qui
2856 678 2990 745 post
3007 676 3171 730 varia
3189 682 3481 735 tormenta

1903 756 2310 812 incumbentes
2337 759 2795 826 orationi,vocati
2818 762 2889 817 de
2919 761 3058 818 coelo
3089 763 3341 839 datoque
3367 766 3479 824 sibi

1899 844 2146 900 invicem
2173 846 2333 918 pacis
2363 847 2561 903 osculo
2590 848 2861 921 spiritum
2893 851 3234 909 emiserunt.

1972 934 2118 990 Obiit
2146 935 2469 991 Illudovicus
2496 939 2878 994 serenissimus
2902 957 3001 996 rea:
3024 942 3183 1013 ﬁlius
3212 946 3422 1002 Karoli.

1830 1023 1911 1076 III
1940 1023 2076 1078 Idus
2122 1026 2278 1095 Sept.
2317 1025 2509 1080 Romae
2561 1026 2620 1081 in
2678 1027 2963 1085 cimiterio
3015 1031 3243 1089 Basillte
3291 1036 3483 1093 natale

1901 1116 1995 1166 SS.
2025 1108 2346 1185 martyrum
2380 1114 2533 1169 Proti
2561 1119 2615 1169 et
2645 1115 2987 1188 Jacinti,qui
3032 1120 3270 1178 fuerunt
3302 1141 3484 1181 eunu-

1903 1200 1994 1256 chi
2028 1206 2239 1256 sach
2266 1202 2534 1276 Eugeniae
2563 1203 3119 1280 virginis.Lugduno
3152 1210 3347 1267 Galliae
3379 1215 3483 1270 de-

1901 1290 2114 1361 positio
2144 1293 2196 1347 S.
2235 1290 2515 1348 Patientis
2545 1292 2801 1366 episcopi
2829 1300 2887 1351 et
2915 1299 3285 1355 confessoris.

1834 1378 1881 1434 ll
1912 1378 2051 1433 ldus
2075 1382 2231 1451 Sept.
2265 1380 2431 1453 Apud
2481 1381 2819 1439 Ticinum...
2854 1384 2950 1457 pia
2995 1385 3231 1456 dicitur,
3287 1391 3482 1448 natale

1902 1472 1996 1522 SS.
2025 1468 2424 1524 confcssorum
2454 1470 2580 1542 Syri
2612 1476 2668 1526 et
2690 1472 2937 1543 Yventii,
2957 1476 3057 1546 qui
3082 1475 3337 1549 glorioso
3367 1481 3484 1538 fine

1904 1556 2248 1627 quieverunt
2271 1557 2330 1611 in
2361 1574 2521 1629 pace.
2556 1559 2625 1614 Et
2673 1559 2731 1614 in
2779 1559 2976 1618 Sicilia
3011 1562 3237 1620 civitate
3266 1568 3484 1625 Catena

1901 1648 1957 1699 S.
1991 1644 2160 1717 Eupli
2191 1651 2246 1701 et
2268 1646 2423 1702 beati
2436 1647 2769 1719 Serapionis
2790 1649 3483 1726 episcopi.Augustiduno

1822 1778 1829 1783 ,
1903 1731 2133 1788 civitate
2161 1738 2215 1788 S.
2248 1734 2449 1789 Evanti
2476 1736 2733 1808 episcopi
2766 1742 2822 1792 et
2850 1739 3222 1798 confessoris.

144 1824 431 1881 Kalendas
483 1825 754 1897 Augusti,
788 1825 1019 1897 sepulta
1061 1825 1247 1897 pridie
1294 1825 1584 1881 Kalendas
1612 1826 1722 1923 Αιι-
1753 1858 1802 1923 Β
1833 1820 1971 1923 Idus
1992 1826 2149 1923 Sept.
2182 1823 2349 1921 Apud
2401 1824 2713 1923 fiigyptum
2757 1824 2989 1923 civitate
3027 1829 3379 1923 Alexandria
3419 1840 3481 1891 Β.

136 1914 428 1987 gusti,sed
458 1932 515 1969 ιν
543 1914 738 1971 Nonas
768 1914 1128 1987 Septembris
1160 1915 1417 1971 festivior
1444 1915 1571 1972 dies
1600 1914 1721 1987 agi-

137 2008 259 2066 tur,
292 2003 527 2075 quando
559 2002 726 2059 locus
766 2004 1046 2060 orationis
1075 2004 1381 2061 dedicatus
1411 2008 1518 2070 est,
1551 2010 1605 2060 et
1637 2021 1723 2059 se-

140 2090 413 2163 pulcrum
443 2093 573 2162 ejus
605 2096 878 2148 ornatum
912 2097 1019 2148 est.
1051 2094 1217 2166 Apud
1251 2094 1509 2166 Capuam
1533 2094 1724 2150 natale

140 2181 243 2237 SS.
280 2185 603 2251 martyrum
633 2181 865 2237 Antonii
898 2180 1061 2253 pueri
1094 2186 1152 2237 et
1189 2182 1397 2239 Aristei
1440 2183 1721 2255 episcopi.

61 2269 268 2325 Pridie
297 2270 491 2324 Nonas
518 2269 899 2342 Septembris.
935 2271 1115 2343 Moysi
1147 2270 1517 2344 legislatoris.
1550 2272 1725 2328 Cabi-

139 2357 299 2414 lonis
328 2356 555 2414 civitate
588 2357 779 2415 natale
807 2364 863 2414 S.
908 2358 1161 2415 Marcelli
1192 2360 1561 2433 martyris.Et
1583 2359 1724 2415 alihi

138 2446 337 2502 natale
362 2450 457 2501 SS.
491 2450 815 2516 martyrum
850 2448 1067 2514 Ruﬁni,
1101 2447 1313 2505 Silvani
1344 2453 1402 2505 et
1443 2448 1721 2505 Vitalicaz.

140 2536 340 2591 Romae
372 2535 429 2590 in
478 2535 764 2592 cimiterio
814 2535 1050 2593 Maximi
1081 2536 1173 2592 via
1218 2536 1510 2593 Salutaria
1534 2537 1726 2594 natale

135 2622 327 2680 sancti
359 2623 636 2679 Bonifacii
671 2612 946 2696 episcopi.

52 2714 260 2769 Nonas
292 2712 672 2784 Septembris.
702 2717 766 2768 In
813 2713 1097 2770 suburbio
1128 2716 1322 2771 Romae
1352 2716 1507 2772 beati
1538 2719 1729 2775 Victo-

140 2801 258 2857 rini
290 2801 583 2874 martyris.
601 2802 795 2858 Roma?
819 2801 879 2857 in
907 2803 1082 2859 Portu
1115 2803 1307 2861 natale
1331 2807 1725 2864 S.Herculiani

137 2888 438 2961 martyris.
456 2891 669 2946 Eodem
686 2890 778 2947 die
800 2891 993 2948 natale
1018 2897 1074 2947 8.
1097 2893 1313 2948 Bertini
1329 2894 1580 2951 abbatis.

218 2980 366 3035 Obiit
402 2979 715 3038 Lambertus
764 2982 929 3037 levita
979 2985 1033 3037 et
1073 2982 1257 3039 doctor
1302 2985 1561 3041 eximius.
1610 2988 1727 3059 Ipso

140 3069 235 3123 die
260 3069 570 3125 Helisabeth
588 3070 696 3124 Deo
724 3074 945 3125 sacrata
971 3072 1125 3127 obiit.

62 3155 199 3212 VIII
231 3156 372 3211 Idus
391 3156 981 3229 Septembris.0bitus
1012 3159 1300 3216 Zachariae
1325 3162 1639 3234 prophetas,
1671 3169 1728 3220 et

1903 1909 2153 1983 Philippi
2184 1911 2442 1984 episcopi
2471 1916 2528 1968 et
2570 1914 2846 1986 martyris
2889 1916 3076 1988 patris
3107 1924 3320 1975 sancte
3366 1923 3480 1979 Eu-

1901 1999 2085 2071 geniae
2115 1999 2378 2071 virginis.
2408 2003 2541 2072 Ipso
2586 2001 2679 2057 die
2721 2006 2777 2057 S.
2822 2003 3015 2059 Amati
3067 2008 3387 2081 presbyteri
3427 2016 3486 2067 et

1903 2087 2133 2143 abbatis
2157 2088 2493 2144 monasterii
2527 2089 2814 2145 Homerici
2840 2092 3167 2166 Andegavis
3196 2097 3483 2169 depositio

1904 2177 2091 2232 sancti
2125 2175 2488 2233 Maurilionis
2532 2178 2806 2252 episcopi.
2845 2182 3255 2255 Augustiduno
3286 2186 3347 2241 B.
3382 2188 3486 2245 Ne-

1904 2265 2046 2320 ctari
2076 2266 2355 2338 episcopi.
2440 2288 2447 2293 ·

1832 2352 2015 2409 XVIII
2040 2354 2164 2409 Kal.
2180 2354 2467 2411 Octobris.
2496 2356 2776 2413 Exaltatio
2793 2364 3003 2414 sanctis
3024 2362 3486 2437 Crucis,quando
3543 2404 3551 2414 ι

1904 2442 2163 2499 Eraclius
2191 2443 2510 2515 imperator
2529 2462 2652 2500 eam
2672 2447 2747 2502 de
2778 2447 3009 2506 Perside
3025 2449 3484 2526 Hierosolymam

1905 2532 2234 2604 reportavit.
2266 2533 2462 2588 Romae
2491 2533 2584 2589 via
2620 2536 2806 2608 Appia
2854 2536 2911 2592 in
2953 2538 3236 2597 cimiterio
3284 2542 3483 2600 Calisti

1907 2620 2098 2677 natale
2129 2622 2315 2677 sancti
2373 2622 2621 2679 Cornelii
2671 2642 2834 2697 papae
2891 2630 2950 2681 et
2994 2630 3288 2701 martyris.
3316 2632 3481 2690 Passi

1907 2716 2047 2766 sunt
2076 2727 2210 2767 cum
2240 2727 2306 2766 eo
2335 2729 2473 2768 nm
2497 2712 2797 2786 viri.Apud
2841 2715 3097 2774 Africam
3126 2723 3188 2775 Β.
3213 2720 3485 2794 Cypriani

1905 2799 2164 2873 episcopi
2189 2805 2246 2855 et
2275 2802 2569 2872 martyris,
2603 2803 2774 2874 cujus
2799 2805 3175 2864 sanctissima
3194 2824 3330 2865 ossa
3350 2828 3485 2868 cum

1906 2889 2096 2962 capite
2120 2893 2175 2944 S.
2210 2888 2584 2946 Pantaleonis
2612 2895 2671 2946 et
2689 2894 2973 2949 membris
3000 2895 3062 2949 Β.
3086 2899 3309 2968 Sperati
3338 2916 3491 2955 mar-

1906 2977 2052 3050 tyris
2098 2981 2359 3050 tempore
2407 2977 2595 3034 Caroli
2648 2980 2838 3049 Magni
2886 2982 3241 3055 Lugdunum
3295 2986 3491 3044 delata

1906 3065 2223 3122 honorifice
2239 3065 2528 3122 tumulata
2539 3072 2695 3123 sunt.
2706 3069 3057 3126 Referuntur
3067 3076 3260 3129 autem
3275 3091 3408 3130 cum
3420 3092 3489 3133 eo

1907 3152 2062 3224 passi
2086 3153 2551 3219 Crescentianus,
2586 3154 2804 3221 Victor,
2839 3157 3058 3215 Rosula
3088 3166 3145 3215 et
3164 3160 3485 3220 cheralis.

142 3245 341 3301 natale
367 3250 423 3301 s.
459 3219 915 3318 Honesyppheri,
947 3248 1020 3305 de
1068 3266 1184 3321 quo
1232 3251 1302 3306 ad
1325 3219 1723 3309 ⁸Τίιξιοιιιειίπῇ
1755 3219 1799 3286 CI
1835 3219 1992 3297 XVII
2016 3241 2142 3297 Kal.
2175 3242 2377 3298 Octob.
2412 3241 2696 3299 Natale’S.
2729 3219 3059 3304 Nicomedis
3084 3250 3406 3324 presbyteri
3432 3257 3492 3310 et

143 3333 353 3390 scribit
400 3335 758 3406 Apostotus:
817 3339 917 3393 Det
971 3339 1404 3396 misericordiam
1459 3344 1725 3399 Dominus

144 3423 561 3495 Honesyppheri
600 3424 808 3486 domui.
854 3431 913 3481 et
958 3425 1201 3499 reliqua.
1252 3430 1420 3501 Apud
1470 3431 1722 3488 Africam

140 3511 624 3569 beatissimorum
655 3514 1063 3586 episcoporum
1094 3517 1419 3586 Donatiani,
1440 3520 1721 3592 Praesidii,

141 3601 456 3669 Mansueti,
489 3601 783 3669 Germani,
818 3604 1074 3661 Fusculi.

59 3691 173 3747 VII
206 3691 347 3746 Idus
375 3691 1061 3763 Septembrian‘Galliis
1090 3696 1386 3753 territurio
1401 3680 1721 3756 JEduorum

139 3785 482 3853 nuncupato
530 3779 655 3837 loco
686 3781 896 3850 Alesia,
930 3800 1057 3855 quae
1101 3783 1237 3840 olim
1284 3785 1604 3844 fortissima
1651 3789 1725 3846 ci-

136 3867 293 3923 vitas
336 3867 652 3933 fuerat,sed
693 3885 727 3924 a
756 3868 910 3925 Julio
944 3870 1162 3926 Caesare
1195 3870 1490 3928 destructa
1531 3875 1723 3933 natale

136 3957 262 4013 sive
296 3956 492 4029 passio
521 3957 931 4013 sacratissima;
973 3959 1204 4031 Reginae
1240 3961 1505 4033 virginis.
1558 3965 1723 4020 Nico-

134 4044 338 4100 media
364 4045 557 4102 natale
583 4047 735 4101 beati
767 4046 1054 4103 Johannis
1086 4048 1192 4105 viri
1222 4048 1343 4105 Dei.
1391 4051 1722 4111 Aurelianis

133 4133 428 4205 depositio
460 4138 520 4190 Β.
558 4135 770 4190 Evurtii
804 4135 1357 4208 episcopi.Parisius
1387 4139 1509 4196 vico
1541 4142 1721 4198 Nove-

131 4228 313 4295 gento
346 4223 533 4278 sancti
563 4223 861 4280 Clodoaldi
893 4225 1212 4298 presbyteri
1245 4232 1303 4283 et
1347 4228 1718 4289 confessoris.

47 4311 135 4367 VI
168 4311 313 4366 Idus
341 4312 716 4383 Septembris.
751 4313 1033 4369 Nativitas
1055 4318 1266 4370 sanctae
1298 4316 1396 4371 Dei
1421 4319 1722 4390 genitricis
1758 4358 1767 4365 ς

129 4403 189 4455 et
202 4404 497 4471 perpetuae
523 4399 784 4472 Virginis
800 4402 1199 4474 Marim,quam
1215 4404 1467 4477 Spiritus
1482 4415 1720 4466 sanctus

130 4488 471 4556 custodivit,
505 4492 563 4544 et
608 4489 853 4546 electam
905 4491 1309 4562 sanctificavit,
1343 4499 1409 4549 ut
1458 4512 1525 4551 ex
1558 4502 1719 4554 utero

126 4576 298 4633 illius
341 4583 682 4635 nasceretur
736 4579 922 4635 Homo
959 4580 1113 4637 Deus
1141 4580 1490 4640 altissimus.
1523 4586 1719 4651 Romae
1751 4586 1796 4650 D

126 4665 422 4721 festivitas
450 4665 765 4740 sepulturae
794 4672 850 4722 8.
888 4667 1151 4736 Adriani,
1196 4670 1298 4742 qui
1348 4673 1501 4744 apud
1557 4675 1722 4730 Nico-

127 4753 392 4813 mediam
440 4771 576 4811 cum
635 4755 765 4813 aliis
817 4774 956 4813 χχιιι
1005 4774 1219 4829 passus
1266 4763 1354 4817 est
1409 4775 1461 4817 Iv
1516 4762 1711 4843 Nonas

128 4843 352 4899 Martii.

203 4932 352 4989 Obiit
396 4933 692 4990 Eribatdus
740 4936 903 4992 levita
929 4944 983 4992 et
1025 4937 1378 5005 archiclavis,
1417 4942 1517 5011 qui
1543 4942 1717 5013 inspe-

125 5028 249 5077 rate
267 5020 341 5076 ab
368 5022 615 5079 inimicis
659 5024 854 5091 gladio
907 5026 1231 5083 interemtus
1269 5036 1366 5083 est.
1399 5028 1599 5086 Eodem
1625 5030 1717 5085 die

118 5110 281 5167 Dodo
307 5111 555 5169 sacerdos
585 5114 792 5169 occisus
820 5121 898 5169 est
945 5116 1006 5171 in
1045 5115 1202 5171 bello.
1244 5118 1364 5187 Ipso
1407 5118 1495 5174 die
1546 5119 1717 5190 Inget-

120 5198 323 5254 baldus
339 5200 589 5256 sacerdos
619 5208 779 5273 atque
808 5203 1044 5259 decanus
1064 5203 1120 5259 S.
1145 5203 1408 5275 Stephani
1433 5208 1587 5264 obiit.
1652 5217 1657 5220 ‘

35 5286 95 5340 ν
128 5286 278 5344 Idus
305 5290 635 5360 Septembr.
667 5291 835 5362 Apud
870 5289 1265 5353 Nicomediam
1296 5294 1492 5365 passio
1509 5296 1717 5351 88.Βο-

121 5374 313 5430 rothei
342 5379 397 5432 et
410 5377 686 5450 Gorgonii
705 5370 1270 5452 martyrum.Eodem
1289 5382 1383 5437 die
1397 5384 1715 5440 Audomari

118 5464 520 5523 Tarvanensis
544 5467 825 5540 episcOpi.
856 5469 1050 5525 Roma:
1077 5467 1267 5524 natale
1295 5473 1351 5526 8.
1386 5473 1567 5545 Sergii
1613 5489 1714 5544 pa-

34 5569 297 5698 vaﬁious
327 5647 485 5717 Sept.
525 5644 822 5717 Depositio
842 5649 897 5700 8.
928 5643 1129 5702 Hilarii
1159 5660 1339 5717 papae.
1364 5649 1531 5721 Apud
1561 5648 1713 5705 Afri-

1905 3331 2197 3403 martyris.
2230 3331 2293 3385 In
2335 3330 2633 3387 territurio
2677 3333 3079 3394 Cavillonense
3127 3344 3318 3396 castro
3345 3342 3489 3398 Tre-

1880 3419 2105 3477 vnorcit
2151 3423 2207 3475 S.
2261 3417 2552 3475 Valeriani
2603 3423 2895 3494 martyris.
2951 3425 3239 3499 Lugdune
3292 3428 3492 3486 Gailiae

1905 3509 1970 3564 Β.
1992 3508 2186 3564 Albini
2211 3508 2490 3581 episcopi.
2536 3508 2705 3564 Tullo
2734 3510 2923 3568 natale
2948 3514 3135 3570 sancti
3156 3517 3293 3589 Apri
3330 3519 3484 3591 epis-

1902 3597 2032 3671 copi
2058 3603 2115 3653 et
2144 3597 2512 3653 confessoris.

1975 3687 2237 3743 Obierunt
2280 3686 2568 3742 Dadoenus
2624 3695 2676 3744 et
2743 3688 2970 3760 Alfadus
3013 3694 3341 3767 presbyteri,
3391 3699 3488 3769 qui

1901 3777 2167 3833 dederunt
2211 3776 2432 3831 atodum
2483 3792 2646 3831 suum
2697 3779 2759 3832 in
2800 3780 2937 3835 vitta
2984 3784 3321 3840 Montiuiaco
3366 3788 3485 3857 fra-

1904 3868 2099 3923 tribus.

1831 3956 1958 4012 XVI
1983 3954 2087 4012 Kal
2128 3954 2330 4011 Octob.
2381 3954 2624 4011 Civitate
2671 3956 2994 4015 Calcedona
3038 3960 3230 4017 natale
3274 3965 3333 4017 S.
3380 3964 3489 4023 Eu-

1904 4044 2151 4117 phemia:
2166 4043 2412 4117 virginis
2435 4046 2493 4099 ct
2512 4046 2784 4117 martyris
2805 4063 2940 4104 cum
2967 4048 3102 4104 aliis
3127 4051 3485 4108 xux.Homas

1904 4133 2098 4191 natale
2145 4136 2200 4187 S.
2233 4132 2420 4188 Lucios
2465 4131 2650 4189 viduas
2676 4139 2736 4189 et
2771 4137 3063 4208 martyris.
3094 4141 3259 4205 ltem,
3289 4139 3483 4195 Romae

1900 4228 1964 4278 Β.
1992 4221 2318 4279 Geminiani
2346 4222 2619 4294 martyris
2645 4239 2779 4277 cum
2804 4223 2934 4279 aliis
2962 4241 3121 4279 Lxxv.

1974 4311 2122 4366 Obiit
2149 4309 2403 4381 Gofridus
2445 4311 2628 4365 clarus
2675 4314 2922 4378 consilio,
2982 4315 3191 4369 amicus
3243 4317 3395 4385 pacis
3433 4321 3486 4371 et

1898 4401 2142 4472 pictatis,-
2172 4400 2452 4469 episcopus
2481 4399 2725 4455 ecetesia?
2752 4401 2973 4471 quidem
2999 4418 3115 4455 suae
3141 4401 3340 4472 dignus
3370 4420 3482 4460 me-

1897 4490 2095 4553 moria,
2149 4487 2424 4557 locrymis,
2483 4494 2534 4541 et
2593 4486 3072 4544 benedictionibus.
3135 4492 3290 4556 Item,
3352 4494 3482 4549 Gui-

1897 4578 2081 4633 bertus
2107 4576 2269 4631 miles
2307 4575 2460 4639 obiit,
2497 4576 2595 4647 qui
2642 4576 2700 4630 in
2749 4593 2978 4633 manum
3008 4579 3313 4634 Humbaldi
3339 4582 3483 4652 cpis-

1899 4668 2021 4739 copi
2051 4664 2335 4721 ecclesiam
2382 4671 2443 4718 tn
2483 4665 2705 4720 Acolaco
2748 4666 2886 4720 vitta
2930 4667 3176 4739 reliquit,
3205 4676 3484 4725 annuente

1886 4772 2063 4813 uxore
2090 4770 2191 4810 sua
2220 4761 2271 4808 et
2299 4752 2505 4808 duobus
2534 4755 2669 4825 ﬁliis
2695 4756 2812 4810 suis
2840 4764 2892 4810 et
2918 4756 3059 4827 ﬁlia.

1822 4847 1918 4903 XV
1945 4844 2064 4901 Kal.
2092 4843 2290 4899 Octob.
2325 4846 2388 4897 In
2413 4843 2693 4900 Britaniis
2750 4843 2944 4900 natale
2992 4848 3088 4901 SS.
3137 4846 3394 4903 Socratis
3423 4852 3484 4905 et

1891 4930 2191 5006 Stephani.
2226 4931 2443 4987 Eodem
2498 4931 2590 4987 die
2617 4931 2809 4988 natale
2858 4937 2915 4988 8.
2975 4934 3262 4991 Lamberti
3320 4937 3481 4993 Tun-

1897 5020 2125 5097 grensis
2150 5017 2409 5093 episcopi
2435 5023 2494 5074 et
2519 5021 2813 5094 martyris.
2832 5021 3113 5079 Cordubae
3145 5028 3482 5083 sanctorum

1897 5114 2221 5182 martyrum
2247 5106 2518 5163 Emiliani
2551 5108 2780 5165 diaconi
2810 5115 2869 5167 et
2897 5111 3481 5187 Hieremiaa,quorum

1894 5208 2138 5271 corpora
2162 5200 2293 5268 post
2322 5195 2743 5253 abscissionem
2774 5200 2983 5272 capitis
3010 5202 3142 5276 igne
3166 5204 3484 5277 conﬂagra-

1893 5293 1957 5344 ta
1981 5290 2143 5343 sunt.

1821 5377 1947 5432 XlV
1975 5375 2097 5431 Kal.
2126 5373 2325 5429 Octob.
2378 5373 2580 5430 Natale
2626 5380 2691 5430 B.
2721 5377 2994 5433 Methodii
3046 5380 3273 5453 Olympi
3312 5380 3478 5435 Licia;

1895 5469 1953 5521 et
1977 5466 2178 5536 postea
2221 5458 2352 5531 Tyri
2401 5460 2679 5534 episcopi,
2731 5465 2830 5537 qui
2880 5466 2991 5521 sub
3035 5466 3392 5521 Diocletiano
3418 5464 3478 5521 in

1893 5550 2135 5610 Calcidae
2162 5547 2400 5614 Gracia,
2433 5554 2498 5604 ut
2535 5551 2739 5608 scribit
2763 5553 3170 5626 Hieronymus,
3200 5554 3478 5625 martyrio

1896 5642 2208 5698 coronatus
2234 5640 2340 5703 est,
2370 5637 2692 5696 Mediolano
2740 5640 2933 5699 natale
2957 5645 3013 5697 S.
3063 5641 3254 5698 Saturi
3280 5642 3477 5699 fratris
