3868 6204
333 2541 384 2592 Χ
442 2535 567 2592 Kal.
627 2533 830 2593 Octob.
887 2532 950 2589 In

339 347 498 410 1243

1113 343 1451 407 APPEND.
1493 344 1596 409 AD
1642 342 1831 407 SEO.
1875 342 1949 404 X.
1980 371 2062 391 -—
2090 341 2596 409 MONUMENTA
2635 346 2958 412 Ll'l‘URG.

3627 343 3747 407 ιω

3844 364 3847 427 l

410 482 469 539 S.
503 480 795 539 Ambrosil
826 479 1175 554 episcopi.ln
1206 477 1553 535 Alexandria
1574 476 1764 534 natale
1787 477 1982 534 S.Tro-
2010 476 2067 545 Α
2167 477 2329 552 tyris.
2358 479 2757 538 Autissiodero
2781 480 3074 555 depositio
3098 486 3161 539 et
3186 479 3513 538 translatio
3537 482 3598 536 8.
3626 482 3744 552 Ang-
3844 450 3849 529 l

410 570 617 646 phimi.

337 663 471 719 XIII
500 661 623 718 Kal.
673 660 873 718 Octob.
932 660 994 716 In
1052 657 1353 730 Neapolim
1412 656 1739 729 Campaniae
1796 656 1987 713 natale

410 752 511 809 SS.
574 754 897 823 martyrum
953 747 1217 804 Januarii
1262 748 1678 803 Beneventanae
1728 746 1985 819 episcopi

408 856 543 896 cum
566 838 698 896 aliis
722 842 911 895 vm.In
961 836 1269 894 Palmstina
1319 835 1510 892 natale
1539 836 1638 891 SS.
1663 840 1986 909 mnrtyrum

409 928 516 985 Pili
546 934 603 985 et
631 929 743 985 Nili
778 929 1208 1001 episcoporum.
1241 926 1407 999 Apud
1452 924 1759 980 Nuceriam
1798 924 1988 981 natale

408 1020 466 1076 8.
500 1019 706 1075 Felicis
737 1017 1007 1090 martyris
1037 1022 1092 1072 et
1114 1017 1295 1072 beatas
1318 1014 1667 1071 Constantia:
1690 1014 1983 1087 martyris.

406 1109 471 1165 In
494 1107 786 1164 territurio
804 1105 1132 1179 Lingonicaa
1151 1104 1400 1160 civitatis
1415 1104 1768 1159 monasterio
1790 1104 1989 1176 Seges-

405 1196 808 1268 tro,depositio
831 1194 1147 1267 S.Sequani
1169 1193 1488 1266 presbyteri
1513 1196 1569 1247 et
1603 1192 1896 1258 monachi,
1931 1196 1987 1248 et

403 1286 540 1342 alibi
570 1287 623 1342 S.
660 1284 831 1340 Potiti
866 1282 1225 1357 martyrisln
1249 1281 1452 1338 Galliis
1478 1280 1705 1337 civitate
1725 1280 1989 1355 Vigenna

403 1373 595 1432 natale
617 1376 676 1431 8.
714 1372 961 1431 Ferreoli
996 1372 1292 1445 martyris.

331 1466 430 1523 Xll
464 1465 580 1522 Kal.
635 1465 835 1520 Octob.
890 1463 951 1517 In
1003 1461 1189 1518 Cizico
1249 1459 1442 1517 natale
1500 1460 1602 1516 SS.
1664 1464 1986 1533 martyrum

403 1557 627 1613 Faustae
650 1552 890 1626 virginis
921 1556 979 1607 et
1010 1549 1263 1618 Evilasii,
1296 1549 1417 1621 qui,
1451 1547 1734 1605 inauditis
1786 1548 1985 1604 multi-

404 1644 686 1718 genisque
714 1640 919 1698 laniati
950 1638 1278 1709 tormentis,
1310 1637 1494 1694 vocati
1526 1638 1596 1694 dc
1626 1637 1769 1694 ccelo
1802 1637 1989 1694 reddi-

403 1735 617 1789 derunt
647 1732 894 1789 animas.

2166 568 2316 624 narii
2369 569 2624 644 episcopi
2672 576 2729 627 et
2774 572 3163 629 confessoris.
3222 574 3363 644 Ipso
3428 570 3530 626 die
3595 569 3750 625 natab

2166 661 2221 712 8.
2250 657 2580 715 Herculiani
2610 660 2903 733 martyris.

2238 746 2383 804 Obiit
2429 749 2687 804 Eldaldus
2732 749 3011 805 Senonum
3057 749 3545 822 archiepiscopus.
3584 748 3751 803 anm

2166 836 2257 893 die
2285 838 2427 893 Abba
2458 838 2617 894 levita
2648 847 2701 895 et
2725 842 3000 911 perfector
3026 840 3188 905 obiit,

2096 925 2171 981 VI
2197 925 2323 982 Kal.
2353 926 2585 982 Octobr.
2615 927 2818 983 Natale
2841 932 2935 982 88.
2966 934 3302 1001 martyrum
3327 926 3617 999 Cypriani
3642 925 3760 998 epis.

2167 1015 2294 1089 copi
2328 1020 2386 1073 ct
2415 1017 2672 1074 doctoris
2722 1017 2939 1090 egregii
2989 1021 3049 1074 et
3094 1017 3282 1074 beatae
3328 1017 3617 1081 Justinaz,
3658 1033 3755 1086 qua

2167 1104 2441 1177 praedicto
2466 1106 2742 1179 episcopo
2788 1124 2967 1162 causa
2990 1106 3186 1162 extitit
3227 1105 3447 1162 salutis
3476 1121 3492 1161 :
3524 1121 3755 1177 quorum

2167 1210 2409 1266 corpora
2433 1196 2506 1250 ad
2532 1195 2739 1251 urbem
2784 1196 2979 1251 Romae
3023 1196 3354 1268 deportata,
3390 1210 3462 1249 ac
3512 1210 3758 1249 reveren-

2164 1286 2254 1339 ter
2278 1283 2570 1339 tumulata
2594 1288 2754 1340 sunt.
2786 1285 2930 1340 Item
2962 1285 3161 1341 Rome
3185 1283 3284 1341 via
3304 1283 3504 1357 Appia
3522 1281 3589 1340 in
3614 1282 3757 1338 cimi-

2166 1372 2312 1429 terio
2338 1372 2538 1429 Calisti
2563 1373 2853 1446 depositio
2880 1377 2936 1439 S,
2967 1373 3203 1429 Eusebii
3242 1372 3540 1446 episcopi.
3573 1374 3757 1427 Arver-

2167 1462 2260 1517 nis
2290 1461 2644 1535 Apollinaris
2668 1462 2927 1535 episcopi
2959 1466 3018 1518 et
3047 1460 3435 1519 confessoris.

2094 1550 2143 1604 V
2173 1550 2305 1607 Kal.
2341 1550 2548 1607 Octob.
2579 1551 2745 1624 Apud
2787 1552 3005 1625 Egeam
3058 1551 3254 1607 natale
3300 1555 3399 1606 SS.
3444 1551 3678 1607 Cosme
3713 1554 3757 1605 et

2167 1638 2454 1696 Damiani.
2481 1641 2754 1697 Corduba
2796 1641 3028 1696 civitate
3064 1644 3413 1697 sanctorum
3440 1645 3756 1712 martyrum

2166 1728 2357 1785 Adulli
2384 1733 2443 1785 et
2465 1730 2755 1786 Johannis
2781 1730 3053 1785 fratrum.
3082 1730 3145 1786 In
3188 1730 3495 1785 territurio
3524 1729 3757 1801 Augusti

333 1826 431 1878 XI.
468 1822 592 1878 Kal.
622 1821 834 1914 ‘Octob.
882 1818 1083 1914 Natale
1130 1817 1279 1914 beati
1314 1817 1580 1914 ’Μαίηιωί
1629 1817 1877 1914 apostoli
1932 1821 1989 1914 et
2016 1848 2064 1914 Β
2170 1818 2420 1873 dunensi
2448 1819 2644 1891 passio
2667 1822 2763 1873 SS.
2792 1818 3110 1875 Florentini
3138 1823 3197 1875 et
3222 1818 3455 1874 Hilarii.

404 1908 895 1984 evangelista,qui
910 1908 1137 1980 primus
1153 1906 1208 1961 in
1221 1906 1421 1961 Judzna
1434 1906 1796 1979 evangelium
1819 1906 1983 1961 Chri-

403 2000 476 2057 sti
510 2001 745 2056 Hebrzeo
776 2013 1043 2053 sermone
1086 1995 1345 2068 scripsit.
1396 1996 1605 2050 Postea
1650 2011 1784 2051 vero
1825 1996 1982 2068 apud

404 2088 756 2162 Ethiopiam
790 2087 1112 2160 praedicans
1143 2084 1489 2158 martyrium
1520 2101 1734 2157 passus
1764 2085 1983 2141 est.Eo-

403 2179 536 2235 dem
567 2178 660 2235 die
689 2175 881 2233 natale
930 2174 988 2231 S.
1022 2174 1331 2231 Alexandri
1381 2173 1677 2246 martyris,
1711 2172 1803 2228 cui
1836 2189 1988 2246 papa

403 2269 694 2326 Damasus
726 2268 988 2339 cryptam
1020 2262 1374 2337 condignam
1406 2262 1645 2328 faciens,
1678 2260 1818 2317 illuc
1849 2277 1984 2316 eum

402 2375 459 2414 v1
507 2356 799 2413 Kalendas
829 2352 1163 2410 Decembris
1214 2351 1597 2425 transposuit,
1648 2351 1884 2423 quando
1930 2354 1988 2407 et

406 2446 777 2503 festivitatem
808 2443 936 2516 ejus
965 2440 1273 2498 dedicavit.

1023 2530 1201 2588 Galiis
1268 2528 1498 2586 civitate
1562 2528 1796 2585 Seduno
1861 2527 1987 2583 loco

405 2627 690 2698 Augauno
718 2639 823 2679 seu
855 2620 1137 2677 Octodero
1155 2617 1347 2675 natale
1360 2619 1460 2675 SS.
1497 2620 1820 2687 martyrum
1843 2616 1989 2672 The-

407 2716 668 2771 baaorum
716 2710 1001 2780 Mauricii,
1056 2701 1369 2782 Exuperii,’
1397 2705 1663 2773 Candidi,
1713 2704 1984 2773 Victoris,

408 2801 752 2869 Innocentii,
782 2799 993 2856 Vilalis
1022 2816 1157 2856 cum
1190 2797 1363 2854 sociis
1392 2812 1595 2853 eorum
1627 2812 1728 2851 sex
1748 2793 1987 2849 milibus

408 2892 698 2950 sexcentis
743 2890 1046 2964 sexaginta
1092 2905 1211 2944 sex.
1261 2884 1660 2943 Autissiodero
1704 2884 1988 2939 adventus

408 2987 560 3053 (seu)
588 2981 846 3054 exceptio
901 2977 1160 3051 corporis
1208 2978 1268 3033 8.
1321 2974 1594 3031 Germani
1643 2972 1899 3046 episcopi
1931 2976 1990 3027 et

409 3070 761 3130 confessoris
791 3068 864 3125 ab
892 3067 1151 3125 ltalia.Et
1178 3065 1239 3122 in
1257 3066 1513 3122 Reomau
1544 3061 1804 3120 coenobio
1826 3066 1989 3117 trans

408 3162 548 3219 latio
578 3159 839 3233 corporis
871 3156 1060 3214 sancti
1094 3156 1275 3229 patris
1308 3154 1491 3212 nostri
1536 3150 1864 3210 beatissimi
1892 3151 1987 3207 Jo-

408 3250 623 3306 hannis
651 3220 1024 3304 confessoris.
1057 3244 1121 3300 In
1175 3241 1472 3315 provincia
1501 3239 1766 3312 Bajoaria
1796 3237 1988 3294 natale
2017 3220 2060 3286 Ο

410 3341 469 3397 8.
500 3336 832 3397 Emeremni
864 3333 1137 3407 martyris
1166 3336 1341 3404 atque
1371 3329 1686 3403 pontiﬁcis.

334 3429 412 3488 IX
444 3428 569 3487 Kal.
602 3428 808 3488 Octob.
836 3426 900 3481 In
941 3420 1260 3494 Campania
1303 3418 1495 3476 natale
1543 3420 1602 3477 8.
1637 3414 1791 3475 8οεὶ1
1837 3434 1990 3475 mar-

408 3519 553 3592 tyris
582 3515 813 3574 diaconi
844 3514 1151 3569 Mesenatae
1177 3509 1450 3565 civitatis.
1497 3507 1599 3563 Hic
1630 3524 1764 3563 cum
1805 3506 1989 3579 quod-

411 3608 547 3663 dam
578 3602 944 3678 evangelium
977 3599 1193 3673 legeret
1221 3597 1281 3653 in
1325 3596 1569 3654 ecclesia
1615 3595 1863 3669 prazfata:
1894 3613 1988 3650 ur-

410 3696 524 3763 bis,
562 3695 845 3768 praasente
877 3690 1044 3745 beato
1091 3686 1392 3753 Januario,
1426 3684 1571 3740 vidit
1613 3684 1807 3741 subito
1834 3683 1989 3741 idem

411 3781 725 3856 episcopus
771 3780 842 3834 de
899 3776 1089 3849 caplte
1134 3775 1264 3847 ejus
1314 3775 1615 3830 ﬂammam
1659 3788 1989 3845 exsurgere,

414 3888 593 3945 quam
626 3885 799 3925 nemo
829 3866 979 3923 alius
1008 3864 1239 3932 vidit,et
1262 3861 1672 3937 pronunciavit
1691 3878 1825 3917 eum
1845 3878 1994 3917 mar-

414 3965 601 4033 tyrem
634 3958 897 4013 futurum
932 3953 1123 4025 :quod
1174 3956 1376 4025 postea
1419 3950 1632 4007 veritas
1664 3949 1745 4006 rei
1780 3953 1900 4005 tam
1933 3949 1991 4005 in

417 4048 542 4121 ipso
573 4045 864 4119 episcopo,
900 4058 1077 4115 quam
1119 4040 1179 4096 in
1234 4039 1365 4095 aliis
1404 4038 1665 4112 quinque
1703 4038 1993 4095 ministris

415 4136 625 4211 ipsius,
686 4130 1112 4206 martyrizando
1164 4127 1580 4202 comprobavit.
1631 4128 1843 4183 Eodem
1900 4128 1995 4184 dic

416 4224 609 4285 natale
639 4225 698 4282 8.
726 4221 911 4279 Tecla:
954 4219 1199 4294 virginis
1246 4218 1400 4292 apud
1450 4217 1773 4275 Seleuciam
1805 4218 1995 4290 quies-

415 4316 621 4382 centis,
655 4331 782 4387 quae
826 4312 896 4368 de
943 4309 1170 4366 civitate
1219 4307 1473 4381 Hyconio
1514 4324 1548 4363 a
1595 4307 1765 4363 beato
1814 4306 1993 4363 Paulo

416 4403 679 4481 apostolo
710 4403 997 4458 instructa
1025 4402 1133 4455 est.

343 4497 473 4553 VIII
504 4491 931 4551 Kal.Octobris.
966 4486 1273 4560 Conceptio
1304 4487 1362 4543 S.
1394 4485 1681 4544 Johannis
1698 4484 1991 4559 Baptistae.

2095 1907 2168 1963 1V
2197 1906 2321 1963 Kal.
2349 1908 2550 1963 Octob.
2579 1908 2643 1964 In
2677 1906 2976 1979 Hispaniis
3007 1906 3239 1963 civitate
3263 1906 3544 1963 Corduba
3580 1906 3757 1963 natale
3858 1916 3859 1959 1

2164 2000 2258 2051 SS.
2329 1996 2549 2067 Fausti,
2604 1995 2874 2051 Januarii
2934 2000 2993 2051 et
3051 1994 3344 2052 Martialis
3413 1998 3753 2067 martyrum.

2166 2086 2361 2141 Romae
2408 2086 2481 2141 ad
2530 2085 2739 2141 Guttas
2790 2084 2984 2141 natale
3031 2084 3221 2141 sancti
3270 2086 3508 2141 Stertei.
3568 2086 3753 2141 Autis-

2166 2174 2395 2231 siodero
2444 2168 2729 2248 depositio
2776 2178 2833 2229 8.
2882 2173 3067 2230 Alodii
3118 2172 3378 2248 episcopi
3429 2177 3487 2229 et
3539 2172 3751 2229 confes-

2166 2280 2340 2319 801‘18.

2096 2352 2173 2409 Ill
2199 2351 2323 2409 Kal.
2356 2352 2556 2408 Octob.
2588 2352 2650 2408 In
2698 2355 2895 2408 monte
2939 2352 3210 2425 Gargano
3251 2350 3612 2407 venerabilis
3652 2367 3755 2406 me-

2165 2442 2350 2498 moria
2375 2445 2431 2496 8.
2467 2441 2770 2498 Michaelis
2795 2440 3153 2514 archangeli,
3186 2438 3286 2496 ubi
3342 2440 3534 2496 multa
3589 2441 3750 2496 mira-

2166 2530 2306 2587 bilia
2359 2532 2514 2588 Deus
2568 2530 2844 2587 ostendit.
2905 2530 3102 2586 Romae
3160 2528 3452 2585 dedicatio
3518 2528 3750 2585 oratorii

2165 2624 2223 2675 8.
2250 2619 2571 2687 Michaelis,
2605 2620 2762 2692 quod
2802 2618 3154 2676 venerabilis
3204 2617 3555 2674 Bonefacius
3578 2618 3755 2691 ponti-

2169 2710 2258 2766 fex
2286 2708 2572 2766 dedicavit
2598 2708 2657 2763 in
2687 2709 3029 2765 summitate
3052 2707 3191 2764 circi
3218 2707 3371 2763 miro
3395 2724 3575 2780 opere
3608 2706 3755 2762 altis-

2168 2800 2315 2857 sime
2366 2802 2721 2872 porrectum.
2756 2797 3159 2854 Autissiodero
3188 2795 3387 2871 passio
3409 2799 3469 2851 8.
3497 2788 3751 2852 Fraterni

2167 2888 2444 2962 episcopi,
2481 2905 2656 2961 quem
2692 2888 2933 2943 tradunt
2975 2888 3180 2943 eodem
3216 2887 3310 2942 die
3354 2887 3751 2951 interemtam,

2168 2995 2283 3051 quo
2311 2982 2368 3033 et
2389 2977 2730 3051 episcopum
2756 2993 2887 3033 esse
2909 2976 3270 3032 ordinatum.

2240 3067 2386 3125 Obiit
2422 3068 2708 3123 Walterius
2738 3066 3031 3122 zEduensia
3059 3067 3359 3138 episcopus.

2098 3156 2290 3213 Pridie
2313 3155 2442 3212 Kal.
2469 3155 2669 3212 Octob.
2699 3155 2763 3211 In
2803 3154 2985 3211 Galiis
3010 3159 3205 3211 castro
3251 3153 3553 3220 Solodoro,
3604 3152 3750 3226 quod

2168 3250 2259 3303 est
2282 3261 2460 3319 super
2486 3243 2727 3300 Arulam
2767 3243 3031 3309 ﬂuvium,
3061 3242 3259 3317 passio
3296 3246 3394 3298 88.
3423 3243 3679 3298 Victoris
3702 3247 3753 3295 et

2170 3333 2302 3391 Ursi
2327 3350 2396 3391 ex
2424 3331 2678 3406 gloriosa
2715 3331 2941 3407 legione
2980 3332 3387 3388 Thebaeorum.
3415 3331 3635 3387 Eodem
3666 3330 3752 3385 die

2170 3424 2325 3496 apud
2351 3422 2644 3479 Bethleem
2669 3421 2835 3478 Judae
2859 3420 3149 3493 depositio
3179 3424 3237 3475 8.
3269 3419 3603 3492 Hieronymi
3630 3436 3756 3475 con-

2171 3511 2411 3570 fessoris
2444 3510 2700 3567 doctoris
2744 3509 3043 3583 pmcipui,
3095 3509 3197 3583 qui
3244 3508 3429 3565 libros
3469 3525 3613 3566 suos
3660 3525 3755 3582 per

2172 3621 2204 3658 L
2249 3605 2302 3658 et
2350 3619 2406 3657 v1
2455 3617 2643 3656 annos
2714 3600 2984 3667 confecit,
3032 3603 3092 3655 et
3152 3616 3325 3654 xcviu
3390 3598 3584 3654 aetatis
3643 3614 3752 3653 sua:

2170 3707 2324 3749 anno
2351 3691 2408 3746 in
2445 3706 2584 3763 pace
2626 3688 2849 3762 quievit
2897 3684 3085 3762 pridie
3133 3687 3426 3744 Kalendas
3473 3687 3754 3744 Octobris.

2172 3781 2235 3838 In
2265 3779 2561 3835 Placentia
2608 3778 2839 3834 civitate
2880 3782 2978 3833 88.
3005 3777 3263 3843 Antonii,
3292 3775 3461 3834 Gasti
3505 3781 3564 3833 et
3608 3775 3757 3832 Desi-

2171 3869 2338 3927 derii.

2243 3958 2393 4014 Obiit
2413 3956 2698 4014 Teubertus
2727 3956 2919 4022 laicus,
2952 3956 3050 4028 qui
3094 3953 3244 4011 dedit
3286 3952 3567 4027 praedium
3604 3970 3755 4008 sum

2170 4049 2395 4105 canonis
2418 4047 2595 4102 sancti
2621 4045 2945 4117 Sthephani,
2988 4061 3047 4099 in
3088 4060 3230 4116 pago
3278 4041 3752 4103 Antisiodereasi,

2172 4139 2233 4193 in
2262 4137 2474 4192 vicaria
2516 4136 2896 4207 Baugiacensi,
2930 4136 2992 4188 in
3020 4133 3156 4189 van
3202 4134 3499 4195 Matriaco,
3543 4138 3756 4204 propter

2114 4254 2117 4257 -
2172 4226 2473 4307 remedium
2501 4225 2706 4281 anima:
2749 4238 2871 4283 suae
2915 4230 2967 4280 et
2997 4222 3068 4279 ad
3116 4224 3444 4278 memoriam
3481 4237 3754 4278 recensea-

2171 4315 2319 4371 dam.

2757 4436 3106 4493 OCTOBER.

413 4587 482 4640 In
513 4581 808 4641 territurio
842 4579 1155 4635 Eduorum
1185 4575 1330 4643 νίοο,
1363 4576 1462 4648 qui
1516 4574 1731 4631 dicitur
1759 4573 1996 4631 Sedelo-
2026 4591 2073 4657 Β
2105 4581 2388 4640 Kalendas
2412 4577 2699 4636 Octobris.
2730 4577 3133 4635 Autissiodero
3158 4576 3454 4650 depositio
3492 4574 3759 4633 sacratis

417 4691 543 4742 cus,
577 4670 771 4729 natale
826 4670 928 4726 SS.
988 4669 1311 4739 martyrum
1369 4663 1676 4731 Andocbii,
1734 4664 1899 4736 Tyrsi
1942 4667 1998 4719 et

418 4760 643 4829 Felicis,
678 4758 781 4833 qui
819 4758 889 4813 ad
921 4754 1245 4813 docendam
1277 4752 1523 4809 Galliam
1555 4753 1628 4808 ab
1659 4752 1879 4808 oriente
1908 4752 1995 4806 di-

421 4850 584 4921 recti,
617 4849 727 4905 sub
757 4845 1068 4902 Aureliano
1099 4842 1363 4916 principe
1395 4840 1817 4916 gloriosissime
1860 4845 2001 4897 sunt

306 4934 313 4939 ’
420 4936 775 4994 coronati.Et
803 4934 941 4991 alibi
973 4933 1072 4991 SS.
1106 4931 1348 4999 Juliani,
1392 4930 1814 5004 Christophori,
1850 4931 1999 4986 Lau-

421 5025 614 5082 rentii.
646 5029 709 5081 In
735 5022 1030 5079 territurio
1059 5020 1316 5078 Biturico
1340 5023 1532 5077 castro
1554 5018 1876 5077 Mediolano
1898 5035 2000 5075 na-

422 5112 537 5171 tale
567 5113 625 5169 S.
658 5111 889 5168 Genesii
922 5110 1215 5184 martyris.

348 5204 452 5260 VII
484 5201 605 5260 Kal.
633 5199 834 5257 Octob.
866 5198 1067 5255 Natale
1088 5204 1151 5254 Β.
1183 5200 1424 5272 Οιθορω,
1458 5199 1558 5273 qui
1590 5216 1744 5256 unus
1788 5199 1900 5256 fuit
1927 5200 1999 5255 de

424 5310 529 5350 LXX
559 5288 773 5348 Christi
805 5286 1133 5359 discipulis,
1186 5304 1363 5360 quem
1410 5290 1652 5345 tradunt
1683 5290 1740 5344 in
1792 5290 1997 5347 eadem

423 5383 588 5450 urbe,
619 5378 940 5450 eademque
970 5376 1166 5443 domo,
1197 5375 1259 5432 in
1289 5394 1408 5449 qua
1429 5395 1694 5435 mensam
1716 5379 1886 5452 quasi
1906 5397 2001 5452 pe-

422 5471 654 5547 regrino
682 5465 929 5524 Domino
958 5470 1442 5536 praeparaverata
1465 5467 1681 5525 Judzeis
1701 5485 1829 5525 esse
1858 5469 2004 5526 occi-

422 5557 874 5633 sum.Lugduno
896 5554 953 5611 8.
968 5552 1106 5625 Lupi
1139 5552 1394 5625 episcopi
1414 5572 1483 5611 ex
1496 5557 2004 5615 anachoreta.Am-

423 5650 618 5707 bianis
638 5647 868 5705 civitate
899 5638 1095 5699 natale
1141 5639 1451 5697 S.Firmini
1483 5644 1737 5717 episcopi
1761 5650 1818 5702 et
1848 5664 2000 5704 mar-

2177 4670 2312 4728 simi
2336 4667 2597 4742 corporis
2640 4667 2797 4723 beati
2844 4666 3115 4724 Germani
3147 4666 3408 4739 episcopi
3452 4670 3513 4721 et
3542 4665 3760 4721 confes-

2177 4760 2349 4826 soris,
2376 4756 2475 4831 qui
2507 4756 2664 4830 apud
2700 4756 3035 4813 Ravennam
3085 4755 3272 4828 pridie
3320 4753 3623 4809 Kalendas
3663 4755 3763 4809 Au-

2177 4846 2335 4921 gusti
2362 4844 2606 4902 feliciter
2629 4844 2795 4913 obiit,
2829 4848 2887 4901 et
2912 4843 3182 4901 Kalendis
3208 4842 3484 4900 Octobris
3502 4859 3623 4898 sua
3652 4846 3764 4896 tan-

2180 4938 2312 4994 dem
2341 4935 2607 4992 redditus
2632 4932 2869 5002 civitati,
2902 4932 3221 4990 honoriﬁce
3269 4931 3529 4988 traditus
3569 4936 3665 4986 est
3684 4947 3766 4985 ae-

2179 5025 2454 5100 pulturaa.
2488 5024 2705 5081 Eodem
2726 5023 2821 5079 die
2845 5021 3151 5079 translatio
3176 5037 3491 5094 corporum
3512 5024 3612 5076 SS.
3642 5035 3765 5075 con-

2183 5117 2471 5172 fessorum
2498 5111 2745 5186 Remigii
2785 5110 3093 5168 Remensis
3126 5109 3386 5185 episcopi
3437 5113 3497 5165 et
3528 5108 3764 5165 Vedasti

2174 5201 2597 5261 Atrebatensis.
2624 5201 2688 5257 In
2720 5217 2869 5275 pago
2895 5200 3341 5257 Medenentense
3367 5197 3567 5254 natale
3588 5201 3651 5252 8.
3666 5201 3765 5251 Pa-

2176 5291 2331 5349 tonis
2356 5290 2651 5364 martyris.
2687 5289 2751 5347 In
2780 5292 2958 5346 Portu
2997 5288 3187 5347 Ganto
3213 5286 3411 5345 natale
3433 5291 3492 5343 S.
3523 5285 3767 5344 Bavonis

2179 5380 2550 5438 confessoris.

2108 5471 2183 5527 Vl
2210 5486 2394 5526 nonas
2418 5468 2619 5524 Octob.
2659 5468 2827 5539 Apud
2864 5465 3264 5539 Nicomediam
3290 5463 3488 5521 natale
3516 5468 3576 5522 S.
3601 5463 3770 5520 Elea.

2179 5559 2350 5616 therii
2379 5555 2671 5631 martyris.
2703 5559 2768 5611 In
2793 5554 3085 5612 Atrebatis
3108 5553 3245 5613 villa
3257 5553 3547 5630 Syricinio
3575 5551 3769 5626 passio

2182 5652 2239 5705 S.
2273 5646 2608 5720 Leodegarii
2652 5644 3186 5719 Augustidunensis
3238 5642 3525 5717 episcopi.
3576 5643 3769 5699 Rome

3844 582 3852 1009 ἓ

3846 1040 3856 1461 l
