3868 6204
132 358 143 364 ’
177 371 348 434 1245
1370 363 1865 429 MABTYROLO

2050 361 2430 425 NTISSIOD.
3420 370 3602 433 ’4246

146 502 151 505 ⁷
256 504 321 563 8.
351 502 590 563 Eusebii
622 520 805 578 papae,
840 500 950 560 sub
980 502 1150 576 cujus
1181 504 1440 575 tempore
1471 499 1706 557 inventa
1753 503 1843 556 est
1869 498 1925 565 Α
1952 495 2028 551 VI
2056 497 2195 553 Idus
2225 496 2425 554 Octob.
2459 497 2625 571 Apud
2658 496 2891 554 Gretam
2924 497 3075 556 beati
3106 494 3281 559 Piniti
3312 503 3466 562 inter
3485 506 3603 579 epi-

257 612 426 653 crux.
458 595 528 651 Et
552 592 691 650 alibi
725 592 926 650 Sereni
958 592 1329 649 confessoris.
2023 603 2231 660 scopos
2262 586 2637 653 nobilissimi,
2672 589 2772 660 qui
2805 588 2863 644 in
2895 588 3129 663 scriptis
3178 592 3301 648 suis
3341 593 3498 652 velut
3540 597 3599 654 in

171 684 230 739 V
263 686 463 742 Nonas
493 683 693 741 Octob.
709 681 914 741 Natale
942 682 1202 755 Dionysii
1226 681 1581 754 AreOpagitaa
1602 678 1841 737 Atheni-
2024 677 2278 748 quodam
2303 677 2538 750 speculo
2554 677 2841 733 viventem
2860 678 2971 734 sibi
3003 680 3319 750 imaginem
3343 684 3597 759 reliquit.

258 775 421 830 sium
451 771 706 847 episcopi
738 777 796 828 et
824 772 1131 846 martyris;
1155 776 1211 827 et
1239 770 1375 827 alibi
1411 770 1601 827 natale
1622 771 1843 827 SS.Eu-
2022 767 2188 839 Apud
2246 766 2690 841 Agripinensem
2748 769 2954 825 urbem
3013 769 3207 827 natale
3263 778 3601 832 sanctorum

254 863 564 920 voldorum
598 862 1089 935 presbyterorum,
1122 862 1220 933 qui
1255 877 1387 916 cum
1420 864 1621 915 sancto
1652 858 1845 916 Wille—
2026 861 2348 929 martyrum
2384 855 2610 913 Mallosi
2640 861 2697 940 et
2725 857 3075 915 Victoris.1n
3092 860 3392 919 Britannia
3414 866 3605 923 natale

259 952 477 1008 brordo
497 952 767 1024 episcopo
786 949 1172 1019 venientes,in
1195 950 1569 1007 Germaniam
1591 948 1844 1004 transie-
2029 950 2084 1002 8.
2119 946 2345 1001 Paulini
2377 945 2634 1019 episcopi
2667 946 2937 1003 Eburaci.

261 1046 405 1096 runt
429 1041 499 1096 ad
524 1040 801 1108 Saxones,
828 1044 884 1095 et
933 1056 1068 1095 cum
1099 1039 1413 1112 praedicare
1442 1038 1520 1095 ibi
1548 1037 1845 1094 Christum

264 1130 597 1203 ccepissent,
614 1128 1018 1202 comprehensi
1049 1132 1191 1185 sunt
1219 1146 1253 1184 a
1283 1128 1529 1201 paganis
1560 1133 1617 1183 et
1648 1127 1844 1183 occisi.

267 1219 665 1275 Autissiodero
696 1217 983 1275 dedicatio
1011 1221 1345 1291 cryptarum
1378 1215 1846 1273 beattssimiSte-

268 1307 449 1382 phani
482 1307 946 1381 protomartyris.

346 1397 493 1453 Obiit
525 1396 873 1453 .1dhebaldus
900 1395 1158 1453 sacerdos
1186 1404 1237 1452 et
1265 1397 1529 1465 magister
1555 1395 1719 1467 hujus
1763 1411 1849 1451 ec—

269 1487 480 1543 etesiae.

184 1575 276 1629 ιν
305 1574 500 1631 Nonas
530 1574 815 1631 Octobris.
848 1573 1049 1630 Natale
1079 1574 1180 1631 SS.
1214 1573 1404 1647 Crispi
1436 1576 1492 1629 et
1520 1571 1670 1637 Gaii,
1703 1588 1852 1645 quos

271 1664 428 1736 apud
483 1662 813 1720 Corinthios
868 1663 1077 1721 beatus
1127 1663 1429 1736 apostolus
1477 1679 1539 1719 se
1584 1661 1855 1717 meminit

271 1752 620 1825 baptizasse.
646 1752 815 1824 Apud
839 1753 1148 1826 Egyptum
1178 1751 1372 1808 natale
1411 1752 1511 1807 SS.
1529 1754 1852 1824 martyrum

271 1840 442 1897 Marii
474 1844 530 1896 et
559 1838 838 1896 Marciani
872 1840 1212 1905 fratrum,et
1242 1855 1374 1895 cum
1406 1838 1489 1894 eis
1521 1839 1855 1893 innumera—
1886 1871 1932 1935 Β

272 1929 422 1986 biles
453 1929 549 1984 alii
582 1929 741 2001 passi
773 1933 912 1983 sunt
965 1929 1158 1984 Romae
1187 1928 1282 1983 via
1310 1926 1497 2000 Appia
1519 1928 1577 1983 8.
1600 1924 1853 1982 Balbinze

270 2017 515 2091 virginis
532 2023 589 2074 et
604 2016 861 2073 Marcelli
893 2015 1589 2089 episcopi.Autissiodero
1613 2012 1853 2071 S.Marsi

277 2106 598 2181 presbyteri
629 2112 686 2163 et
713 2105 1085 2163 confessoris.
1120 2104 1376 2162 Parisius
1414 2106 1473 2161 S.
1506 2107 1705 2160 Aureae
1735 2102 1854 2159 vir-

278 2213 454 2269 ginis.

198 2289 290 2341 lll
320 2287 515 2342 Nonas
545 2286 747 2341 Octob.
781 2289 846 2339 In
878 2284 1082 2341 Galliis
1112 2285 1341 2341 civitate
1371 2283 1639 2340 Valentia
1667 2283 1859 2340 natale

281 2375 341 2431 8.
373 2373 739 2447 Apollonaris
768 2372 1023 2446 episcopi
1072 2378 1130 2429 et
1177 2373 1529 2430 confessoris
1578 2373 1858 2429 Autissio-

283 2465 422 2520 dero
452 2462 739 2537 depositio
770 2463 1300 2535 SS.germanorum
1333 2462 1573 2519 Firmati
1606 2462 1857 2531 diaconi,

284 2552 569 2608 Flavianas
599 2550 843 2625 virginis
875 2552 990 2607 Deo
1020 2554 1284 2607 sacratae.
1320 2552 1482 2623 Apud
1517 2551 1859 2608 Eumeniam

280 2641 436 2698 beati
467 2642 692 2698 Traseaa
724 2640 980 2714 episcopi
1010 2644 1066 2697 et
1096 2640 1387 2713 martyris.

206 2730 407 2787 Pridie
436 2731 631 2787 Nonas
656 2729 1354 2787 Octobris.Autissiodero
1374 2729 1661 2802 depositio
1686 2731 1863 2787 8.Βο-

283 2819 443 2891 mani
477 2819 753 2892 episcopi,
788 2819 888 2892 qui
937 2836 1070 2874 cum
1119 2817 1364 2875 rexisset
1411 2818 1717 2876 ecclesiam
1749 2820 1862 2876 sibi

283 2909 660 2965 commissam
696 2925 883 2964 annos
914 2907 1139 2973 m,dies
1168 2924 1259 2974 xv,
1283 2908 1541 2975 tandem,
1566 2913 1630 2963 ut
1660 2907 1863 2976 fertur,

286 2996 563 3071 martyrio
592 2996 773 3053 vitam
803 2994 1009 3051 ﬁnivit.
1043 2995 1315 3052 Laodicia
1346 2996 1408 3052 Β.
1443 2997 1680 3070 Sagaris
1711 2996 1866 3069 epis-

288 3085 418 3159 copi
448 3090 504 3141 et
533 3084 824 3158 martyris.
858 3088 923 3140 In
955 3084 1187 3140 civitate
1215 3085 1453 3156 Agenno
1502 3084 1693 3142 natale
1732 3103 1868 3142 san-

295 3178 401 3231 etin
429 3174 585 3230 Fidis
609 3173 852 3248 virginis
881 3178 941 3229 et
968 3171 1262 3246 martyris.

372 3265 527 3322 Obiit
555 3233 782 3319 Carolus
803 3265 1098 3337 imperator
1122 3233 1176 3320 et
1202 3263 1374 3321 Guido
1403 3263 1585 3320 abbas.
1616 3267 1734 3337 Ipso
1783 3264 1870 3320 die
1900 3233 1943 3302 α

294 3352 588 3424 Aginutfus
612 3354 976 3409 subdiaconus
1002 3353 1154 3420 obiit,
1168 3356 1266 3425 qui
1292 3353 1440 3410 dedit
1462 3354 1733 3425 fratribus
1755 3354 1869 3410 ato-

295 3440 429 3497 dum
455 3458 617 3497 suum
643 3458 769 3497 cum
796 3442 1059 3497 maseniti
1086 3450 1137 3512 et
1165 3444 1339 3498 vineis
1362 3444 1505 3515 arip.
1537 3461 1589 3498 v.

219 3530 420 3586 Nonas
448 3529 732 3586 Octobris.
766 3530 960 3586 Romae
992 3529 1184 3586 natdle
1213 3532 1270 3587 S.
1293 3531 1471 3586 Marci
1503 3536 1868 3605 papaultem,

301 3620 496 3675 Roma:
526 3621 627 3676 SS.
661 3624 984 3692 martyrum
1036 3618 1292 3676 Marcelli
1341 3625 1396 3676 et
1442 3621 1668 3693 Apulei.
1701 3623 1869 3694 Apud

296 3708 653 3782 provinciam
686 3726 812 3781 qua:
844 3713 1218 3781 nuncupatur
1235 3710 1498 3783 Augusta
1525 3710 1869 3778 Eufratesia,

294 3798 393 3853 SS.
429 3801 754 3871 martyrum
784 3796 963 3870 Sergii
1013 3801 1071 3853 et
1120 3796 1325 3853 Bacchi
1375 3799 1485 3854 sub
1519 3798 1871 3856 Maximiano

292 3886 663 3959 imperatore.

214 3974 346 4033 VIII
376 3975 517 4031 Idus
549 3974 833 4031 Octobris.
868 3974 1103 4031 Cortina
1152 3973 1382 4032 civitate
1430 3976 1581 4032 beati
1617 3977 1869 4051 Philippi

294 4062 571 4137 episcopi.
592 4063 1021 4121 Thessalonicae
1053 4064 1245 4121 natale
1277 4064 1625 4121 S.Demetrii
1653 4071 1872 4141 marty-

294 4154 396 4215 ris.
431 4153 647 4209 Eodem
696 4153 790 4209 die
829 4154 999 4225 juxta
1045 4157 1307 4209 montem
1339 4154 1541 4211 Oliveti
1586 4156 1871 4229 depositio

294 4242 355 4298 S.
390 4240 652 4315 Pelagia,
685 4259 813 4314 quas
873 4242 1164 4314 peccatrix
1229 4242 1575 4315 appellatur.
1609 4248 1674 4300 In
1723 4261 1871 4318 pago

296 4330 675 4387 Daudunensi
707 4329 902 4386 natale
930 4331 989 4386 S.
1018 4330 1338 4387 Benedictis
1366 4332 1608 4405 virginis
1639 4337 1696 4390 et
1723 4352 1876 4391 mar-

296 4418 869 4493 tyris.Autissiodero
890 4418 1162 4475 Palladias
1190 4418 1722 4494 virginis.Senones
1744 4424 1877 4480 Por-

297 4508 506 4564 charim
534 4508 797 4582 virginis.

369 4598 525 4654 Obiit
551 4597 827 4653 Arnaldus
856 4598 1244 4665 subdiaconus,
1276 4601 1372 4672 qui
1406 4599 1559 4656 dedit
1604 4602 1877 4673 fratribus
1908 4606 1952 4670 D

286 4685 568 4759 praedium
597 4702 755 4742 suum
786 4687 847 4741 in
874 4701 1013 4758 pago
1040 4686 1326 4753 Senonico,
1358 4687 1417 4741 in
1458 4688 1593 4743 vitta
1634 4703 1759 4760 qua:
1786 4689 1873 4745 di-

291 4776 435 4830 citur
468 4774 635 4831 Vallis
659 4774 898 4843 diaconi,
930 4782 982 4831 et
1018 4775 1078 4830 in
1102 4775 1238 4831 vitta
1267 4775 1539 4846 Aganonis
1586 4792 1774 4849 arpen.
1806 4778 1871 4835 de

294 4866 468 4920 vineis
493 4881 613 4920 vm.

212 4952 320 5007 VII
355 4952 492 5010 Idus
514 4952 937 5011 Octob.Obitns
956 4952 1202 5010 Abrahae
1233 4953 1869 5026 patriarchae.Parisius

295 5041 485 5099 natale
503 5043 604 5099 SS.
620 5047 946 5116 martyrum
967 5041 1228 5116 Dionysii
1257 5042 1534 5115 episcopi,
1557 5043 1867 5100 Eleutherii

2098 1036 2245 1092 Obiit
2278 1037 2591 1092 Trutber.’us
2622 1036 2818 1102 laicus,
2847 1039 2944 1109 qui
2969 1037 3118 1095 dedit
3140 1041 3413 1111 fratribus
3442 1047 3603 1100 masi-

2026 1127 2140 1182 nite
2167 1142 2331 1181 suum
2361 1142 2483 1181 cum
2513 1126 2688 1181 vineis
2716 1133 2767 1182 et
2794 1128 2998 1199 campis
3028 1130 3088 1184 in.
3103 1146 3244 1201 pago
3263 1130 3528 1191 Senonico
3549 1137 3610 1191 in

2025 1217 2165 1271 vitta
2195 1213 2440 1271 Caciaco.

1955 1304 2005 1358 V
2034 1305 2173 1360 Idus
2203 1303 2403 1360 Octob.
2437 1303 2501 1359 In
2530 1305 2744 1359 Acervo
2777 1303 2982 1360 Sicilia:
3015 1306 3072 1361 S.
3109 1307 3337 1365 Zanasii
3367 1312 3606 1386 presby-

2030 1394 2159 1450 teri.
2192 1393 2361 1465 Apud
2392 1393 2684 1448 Tharsum
2716 1394 3085 1466 metropolim
3117 1396 3331 1454 Ciliciae
3375 1405 3608 1459 sancto-

2031 1499 2163 1537 rum
2197 1486 2522 1553 martyrum
2553 1481 2822 1547 Tharaci,
2847 1482 3014 1538 Probi
3043 1489 3100 1540 et
3128 1486 3463 1546 Andronici.
3499 1492 3615 1547 Tu-

2034 1570 2193 1627 ronis
2224 1570 2512 1643 depositio
2544 1570 2732 1626 sancti
2762 1571 3031 1627 Venantii
3064 1574 3291 1632 abbatis
3314 1582 3372 1633 et
3392 1579 3611 1636 confes-

2034 1660 2204 1716 soris.

2106 1749 2223 1821 Ipso
2251 1749 2339 1804 die
2388 1749 2483 1804 Ato
2531 1751 2967 1822 archipresbyter
3012 1760 3065 1807 et
3112 1755 3424 1821 canonicus,
3458 1756 3614 1814 homo

2035 1839 2272 1909 simplex
2299 1844 2351 1893 et
2380 1844 2574 1905 rectus,
2616 1846 2665 1893 et
2719 1840 2918 1895 timens
2963 1843 3160 1907 Deum,
3190 1845 3482 1901 monachus
3521 1849 3615 1917 fa-

2033 1936 2144 1983 ctus
2193 1926 2452 1998 spiritum
2504 1926 2710 1983 Christo
2738 1928 2972 1984 reddidit
2996 1948 3015 1985 :
3046 1931 3144 2002 qui
3170 1931 3320 1988 dedit
3341 1936 3616 2004 fratribus

2032 2018 2150 2071 suis
2182 2017 2479 2070 ‘canonicis
2526 2015 2729 2071 donum
2772 2033 2897 2072 cum
2940 2019 3301 2090 appendiciis,
3333 2038 3499 2094 quam
3546 2025 3614 2080 ab

2038 2106 2213 2176 Ugone
2237 2104 2301 2160 de
2333 2103 2595 2175 Gurgiaco
2625 2114 2847 2174 emerat,
2881 2114 2933 2162 et
2960 2109 3177 2164 vineam
3200 2126 3365 2182 quam
3389 2113 3615 2184 planta-

2034 2195 2113 2250 vit
2167 2193 2314 2265 apud
2370 2194 2690 2265 Bittiacum,
2748 2195 2922 2251 aliam
2975 2198 3143 2253 etiam
3198 2215 3363 2270 quam
3413 2212 3617 2259 emerat

2038 2284 2097 2338 in
2152 2283 2491 2354 Curta-cane,
2551 2290 2603 2339 et
2658 2283 2807 2340 dedit
2862 2286 3032 2341 etiam
3090 2294 3202 2344 octo
3245 2306 3497 2347 nummos
3552 2293 3619 2350 de

2036 2389 2219 2430 087"“.

1968 2461 2043 2516 1V
2072 2462 2212 2518 Idus
2241 2461 2711 2535 Octobris.Apud
2733 2464 3068 2521 Ravennam
3099 2465 3193 2523 via
3223 2468 3618 2527 Laurentiana

2039 2550 2231 2606 natale
2263 2550 2450 2606 sancti
2477 2549 2700 2607 Hedisti
2731 2554 3200 2627 martyris.Apud
3216 2556 3467 2614 Africam
3491 2575 3621 2616 san-

2041 2645 2269 2696 ctorum
2304 2643 2557 2713 quatuor
2596 2638 2849 2697 millium
2902 2648 3330 2716 nongentarum
3387 2651 3620 2721 septua-

2042 2729 2205 2803 ginta
2234 2734 2291 2785 et
2320 2746 2439 2785 sex.
2474 2729 2758 2786 Bituricas
2784 2733 2840 2786 S.
2874 2730 3160 2804 Opilionis
3188 2736 3529 2810 presbyteri.

2116 2818 2263 2874 Obiit
2297 2817 2675 2891 Taganbotdus
2716 2821 2984 2889 sacerdos,
3010 2824 3108 2894 qui
3152 2822 3301 2880 dedit
3351 2827 3623 2897 fratribus

2043 2907 2320 2980 praedium
2349 2924 2513 2962 suum
2540 2924 2663 2963 cum
2690 2910 2946 2964 masiniti
2971 2918 3024 2966 et
3052 2913 3227 2967 vineis
3255 2922 3307 2969 et
3335 2916 3541 2988 campis
3563 2920 3623 2973 in

2044 2997 2181 3052 vitta
2237 3011 2380 3067 qmae
2437 2996 2642 3051 dicitur
2670 2997 2933 3052 Proditis.
2967 3001 3087 3070 Ipsa
3134 3000 3225 3055 die
3266 3003 3418 3072 "uago
3467 3005 3624 3063 bona?

2043 3087 2328 3143 memoriae
2354 3085 2836 3143 Autissiodorensis
2868 3089 3167 3159 episcopus,
3198 3090 3357 3146 decus
3399 3096 3622 3166 pontiﬁ-

2048 3190 2174 3230 cum
2200 3181 2251 3230 et
2280 3176 2459 3245 forma
2489 3175 2654 3229 totius
2684 3175 2987 3246 religionis,
3017 3178 3115 3249 qui
3142 3178 3202 3233 in
3231 3180 3342 3234 vita
3382 3197 3485 3236 sua
3526 3199 3625 3254 pa-

2052 3280 2167 3319 cem
2222 3264 2437 3328 dilexit,
2490 3264 2628 3318 bona
2670 3279 2804 3335 pace
2850 3267 3106 3336 quievit:
3131 3268 3229 3340 qui
3278 3269 3423 3324 inter
3450 3279 3624 3328 cetera

2049 3354 2246 3424 quibus
2274 3354 2641 3424 episcopatum
2666 3369 2829 3407 suum
2857 3352 3073 3421 ditavit,
3105 3371 3266 3411 usum
3292 3362 3531 3416 nemoris
3558 3359 3624 3417 de

2054 3442 2226 3507 Tullo,
2258 3457 2415 3512 quem
2468 3442 2723 3497 canonici
2770 3457 2870 3513 per
2920 3443 3122 3499 multos
3171 3437 3343 3502 annos
3384 3448 3506 3504 sine
3531 3465 3624 3521 spe

2050 3530 2473 3602 recuperattonis
2505 3532 2960 3598 amiserant,cum
2986 3548 3196 3588 summo
3220 3531 3404 3591 labore
3432 3544 3483 3592 et
3510 3545 3624 3593 stn-

2048 3620 2139 3676 dio
2168 3619 2476 3690 acquisivit.
2511 3617 2669 3674 Dedit
2696 3620 2862 3674 etiam
2890 3620 3133 3677 ecclesia,
3154 3621 3513 3678 sacerdotalia
3543 3626 3627 3679 in-

2049 3709 2308 3765 dumenta
2336 3708 2716 3779 peroptima,et
2740 3708 2966 3763 calicem
2992 3708 3629 3769 deauratum.Pr.zaterea

2050 3798 2351 3867 assignavit
2379 3798 2436 3851 in
2466 3796 2761 3852 Lindriaco
2792 3798 3026 3866 triginta
3054 3797 3273 3869 solidos,
3308 3802 3505 3873 quibus
3542 3801 3630 3859 die

2048 3887 2419 3944 anniversarii
2445 3886 2681 3955 singulis
2709 3887 2873 3941 annis
2896 3889 3177 3944 canonicis
3206 3891 3425 3962 refectio
3472 3892 3628 3947 exhi-

2051 3980 2258 4033 bentur.
2293 3976 2518 4031 Dimisit
2543 3975 2711 4031 etiam
2738 3977 3016 4032 canonicis
3044 3978 3326 4033 ecclesiam
3346 3978 3633 4036 Lindriaci

2046 4073 2165 4138 post
2192 4073 2420 4122 mortem
2449 4063 2694 4120 Anselmi
2718 4080 2809 4121 seu
2839 4064 3237 4122 dimissionem.
3268 4070 3499 4139 Interim
3527 4085 3630 4124 au-

2051 4163 2157 4211 tem
2187 4154 2490 4226 Stephanus
2513 4154 2838 4224 prwpositus
2867 4172 2899 4209 x
2928 4154 3128 4210 solidos
3166 4154 3236 4211 ad
3282 4158 3631 4226 refectionem

2050 4243 2360 4315 faciendam
2388 4242 2669 4312 persolvet.

1981 4333 2061 4387 III
2092 4331 2229 4387 Idus
2259 4329 2541 4385 Octobris.
2571 4329 2738 4400 Apud
2770 4328 3056 4385 Troadam
3078 4329 3269 4386 natale
3291 4331 3442 4388 beati
3461 4334 3629 4406 Carpi

2052 4418 2323 4491 discipuli
2342 4416 2506 4473 Pauli
2539 4415 2807 4489 apostoli.
2822 4416 3132 4473 Antiochia
3151 4418 3305 4474 beati
3324 4420 3628 4495 Theophili

2052 4507 2329 4581 episcopi.
2364 4504 2711 4561 Alexandria
2740 4503 3045 4561 Athanasii
3092 4506 3347 4579 episcOpi
3396 4514 3453 4565 et
3493 4527 3629 4567 con-

2055 4595 2313 4653 fessoris.

2127 4687 2283 4743 Obiit
2318 4685 2617 4740 Rudovicus
2647 4685 2829 4755 levita,
2861 4685 3017 4756 cujus
3060 4685 3334 4741 industria
3374 4690 3633 4747 masinite

2050 4793 2174 4832 cum
2218 4778 2379 4831 vinea
2432 4776 2492 4830 in
2520 4774 2717 4829 vittare
2760 4774 2901 4846 quod
2928 4777 3009 4829 est
3059 4775 3118 4829 in
3146 4784 3425 4849 conspectu
3454 4781 3633 4836 sancti

2046 4865 2288 4936 Iuliani,
2318 4863 2587 4937 fratribus
2615 4863 2951 4936 adquisitum
2978 4871 3077 4929 est,
3099 4872 3149 4921 et
3177 4881 3241 4921 ea
3265 4882 3389 4939 qua?
3418 4867 3488 4923 ad
3506 4885 3632 4925 eum

2046 4956 2347 5028 pertinent.

1979 5043 2170 5100 Pridie
2201 5042 2340 5097 Idus
2367 5040 2653 5097 Octobris.
2688 5040 2882 5096 Romae
2917 5041 3112 5099 natale
3142 5047 3199 5098 S.
3232 5044 3436 5102 Calixti
3468 5063 3629 5119 papa

293 5131 637 5206 presbyteri,
671 5136 729 5187 et
757 5130 983 5188 Rustici
1012 5130 1379 5203 diaconi,qui
1414 5132 1621 5187 beatus
1653 5132 1871 5205 episco-

291 5237 404 5293 pus
432 5224 671 5294 propter
697 5219 1128 5292 praedicationis
1158 5220 1417 5276 officium
1449 5236 1481 5275 a
1513 5224 1715 5278 sancto
1746 5220 1871 5278 Cle-

294 5313 488 5366 mente
510 5309 569 5365 in
592 5308 794 5366 Galliis
814 5309 1303 5380 directus,ibique
1327 5312 1417 5364 est
1438 5310 1868 5384 martyrizatus.

290 5399 459 5472 Apud
480 5397 781 5455 Coloniam
796 5399 931 5471 Agri
939 5399 1138 5471 pinam
1171 5397 1362 5454 natale
1383 5399 1570 5454 sancti
1594 5399 1870 5455 Gereonis

194 5558 197 5563 (
292 5486 567 5560 martyris
616 5504 750 5543 cum
799 5487 928 5544 aliis
953 5504 1154 5543 cccvm
1188 5503 1336 5558 quos
1369 5488 1563 5542 ferunt
1607 5487 1870 5544 Thebeos

290 5575 492 5632 fuisse.
525 5576 694 5648 Apud
725 5576 943 5633 Juliam
975 5576 1067 5633 via
1097 5576 1341 5631 Claudia
1373 5575 1565 5649 passio
1595 5579 1651 5632 S.
1695 5577 1868 5633 Dom-

190 5662 199 5665 ’
290 5664 437 5722 niui.
546 5678 549 5679 '

2049 5138 2108 5188 et
2149 5129 2444 5204 martyris.
2470 5129 2756 5202 Lugduno
2806 5129 3005 5187 Gallia;
3060 5134 3343 5191 transitus
3386 5139 3443 5190 8.
3476 5135 3631 5193 Justi

1980 5236 2422 5366 fgbzcgglobris.
2439 5312 2503 5362 In
2521 5307 2724 5364 Galliis
2746 5309 2900 5382 apud
2931 5309 3228 5367 Coloniam
3251 5311 3630 5383 Agrippinam

2054 5396 2245 5453 natale
2278 5400 2612 5453 sanctorum
2637 5403 2960 5471 martyrum
2980 5400 3314 5454 Maurorum
3337 5399 3408 5453 de
3434 5399 3634 5455 militi-

2052 5487 2162 5543 bus
2183 5502 2252 5541 ex
2273 5484 2374 5539 illa
2390 5485 2619 5559 legione
2640 5487 3179 5543 sacra'l‘hebeorum
3200 5502 3443 5541 numero
3466 5488 3634 5560 quin-

2052 5574 2335 5649 quaginta
2365 5575 2422 5629 in
2454 5574 2695 5632 basilica
2724 5576 3083 5632 conditorem
3115 5592 3183 5632 ex
3214 5574 3441 5630 musivo
3487 5594 3632 5650 quo-

2052 5663 2368 5721 dammodo
2392 5665 2538 5721 deau
2548 5665 2854 5736 rato,unde
2873 5669 2930 5721 et
2947 5664 3131 5720 sancti
3145 5662 3315 5720 Aurei
3330 5670 3629 5739 vocantur,
