3868 6204
278 290 434 357 1247

1057 289 1394 354 APPEND.
1440 290 1544 356 AD
1589 288 1777 355 SIEC.
1821 287 1896 351 X.
1926 318 2007 343 -η-
2036 287 2539 355 MONUMENTA
2578 290 2897 357 LITURG.
3561 288 3687 351 lita

348 425 633 500 Lugdune
679 421 834 484 beati
862 422 1151 483 Antiochii
1202 423 1480 497 episcopi.
1521 426 1588 480 In
1638 422 2010 493 territorioA
2111 423 2288 483 Marci
2317 423 2575 500 episcopi
2605 427 2664 485 et
2710 408 3007 500 martyris.
3032 422 3209 500 Apud
3257 420 3686 495 Adrianopolim

348 515 621 573 Remensi
647 513 837 573 natale
867 518 924 581 S,
957 512 1151 571 Basuli
1186 512 1505 585 presbyteri
1532 516 1589 568 ct
1628 512 1920 569 confesso-

348 601 447 660 ris.
488 603 821 662 Fontenella
849 602 1202 661 monasterio
1228 601 1611 658 $.Wlframni
1638 600 1922 673 archiepi-

347 710 530 767 scopi.

416 783 567 842 Obiit
600 784 870 839 Ilem'icus
899 780 1244 850 Burgundia?
1268 778 1528 849 Marc/tio.

272 871 422 927 XVII
475 870 767 927 Kalendas
819 868 1178 926 Novembris.
1222 868 1285 925 In
1338 867 1530 923 Ali-ica
1584 872 1921 923 sanctorum

345 964 669 1034 martyrum
700 977 873 1015 cccxx
905 958 1119 1030 pariter
1146 960 1577 1028 coronatorum,
1607 962 1664 1013 et
1693 961 1921 1012 sancto-

345 1066 477 1105 rum
509 1053 833 1121 martyrum
868 1046 1136 1104 Martiani
1160 1049 1217 1102 et
1240 1045 1511 1102 Satiriani
1534 1062 1669 1103 cum
1693 1046 1922 1103 duobus

344 1138 623 1193 fratribus
654 1152 876 1202 eorum,
906 1141 963 1191 et
992 1134 1238 1207 egregiae
1262 1133 1476 1191 Christi
1508 1132 1732 1191 ancillis
1750 1134 1923 1190 Maxi-

342 1244 450 1281 ma:
471 1225 714 1299 virginis
746 1230 801 1281 et
830 1225 1124 1297 martyris.
1158 1223 1324 1295 Apud
1365 1222 1681 1280 Bituricam
1732 1221 1923 1281 natale

340 1321 395 1371 S.
428 1314 721 1371 Ambrosii
754 1313 1009 1386 episcopi
1044 1317 1099 1368 et
1129 1312 1500 1369 confessoris.

416 1405 572 1461 Obiit
603 1402 905 1472 Gaufridus
935 1402 1227 1472 miles,qui
1255 1400 1493 1456 reddidit
1522 1408 1726 1456 terram
1756 1417 1922 1472 quam

341 1495 553 1550 tenebat
583 1492 647 1549 de
673 1510 843 1547 manu
874 1494 1035 1561 ﬁrma
1063 1492 1122 1546 in
1152 1489 1525 1547 Artadisvilla.

267 1581 391 1639 XVI
422 1581 546 1636 Kal.
581 1579 941 1636 Novembris.
976 1577 1178 1634 Natale
1210 1579 1270 1634 Β.
1305 1577 1613 1643 Aristonis,
1642 1578 1741 1650 qui
1766 1596 1921 1635 unus

341 1669 451 1729 fuit
481 1671 551 1725 de
581 1668 956 1742 septuaginta
982 1667 1200 1725 Christi
1233 1667 1562 1741 discipulis.
1587 1668 1801 1725 Eodem
1827 1669 1918 1724 die

342 1757 537 1815 natale
566 1758 628 1813 B.
666 1756 907 1814 lleronis
944 1756 1221 1830 episcopi.
1256 1757 1319 1813 In
1365 1755 1595 1815 civitate
1641 1758 1921 1813 Arausica
1949 1792 1997 1859 Β

340 1853 396 1905 8.
434 1846 705 1905 Florentii
732 1845 1009 1919 episcopi.

413 1937 569 1994 Obiit
594 1935 865 1991 Seuvinus
893 1933 1169 1993 Senonum
1195 1934 1652 2007 archiepiswpus.

2102 514 2360 571 Trachin
2391 514 2586 571 natale
2632 520 2726 571 SS.
2758 514 3012 590 Philippi
3042 514 3336 589 episcopi,
3360 511 3607 575 Eusebii
3646 518 3692 566 et

2103 604 2413 662 Hermetis.
2449 603 2512 662 In
2544 603 2775 661 civitate
2799 604 2949 663 Osca
2970 608 3067 660 SS.
3101 603 3411 676 virginum
3435 600 3694 659 Matinio-

2104 693 2198 750 nis
2229 698 2286 749 et
2312 692 2587 751 Helodim.
2609 693 2888 766 Lingonis
2916 692 3151 752 civitate
3173 693 3238 749 in
3265 692 3451 749 Porta
3486 691 3693 747 Bucino

2106 783 2301 855 passio
2328 787 2384 839 S.
2416 782 2630 839 Valerii
2660 782 2935 855 martyris
2958 786 3016 839 et
3044 780 3258 839 levitas.

2101 871 2149 929 Χ
2179 870 2305 928 Kal.
2323 860 2858 942 Novembrisitpud
2886 870 3259 929 Antiochiam
3290 868 3477 945 Syriae
3511 868 3695 925 natale

2099 964 2156 1016 S.
2182 959 2523 1019 Theoderici
2544 960 2865 1033 presbyteri
2896 964 2953 1019 et
2979 959 3279 1032 martyris.
3298 959 3368 1017 in
3392 957 3697 1031 Hispaniis

2104 1048 2294 1107 natale
2322 1053 2417 1105 SS.
2451 1054 2775 1121 martyrum
2800 1048 3076 1107 Servandi
3109 1054 3167 1105 et
3196 1048 3511 1105 Germani.
3544 1046 3698 1103 Colo-

2103 1137 2202 1197 nia
2234 1137 2466 1195 civitate
2492 1140 2548 1194 S.
2582 1137 2841 1194 Severini
2870 1136 3148 1210 episcopi.
3524 1202 3539 1213 ‘

2174 1227 2286 1282 0iit
2314 1227 2501 1283 domus
2532 1226 2853 1297 Herifredus
2881 1228 3181 1301 episcopus,
3196 1234 3360 1298 pater
3384 1227 3693 1297 piissitnus,

2101 1317 2206 1388 qui
2220 1316 2369 1373 dedit
2388 1316 2733 1374 medietatem
2752 1315 2995 1372 Παπίαεί
3023 1314 3091 1372 ad
3118 1315 3487 1387 refectionem
3503 1317 3696 1387 [ratri-

2103 1408 2199 1460 bus
2228 1404 2613 1461 exhibendam.
2636 1405 2740 1460 Die
2768 1419 2976 1476 quoque
3006 1403 3376 1460 ordinationis
3404 1404 3696 1474 ejusdedit

2097 1495 2366 1569 fratribus
2401 1494 2667 1551 Artadum
2694 1493 2907 1558 villam,
2936 1497 2991 1549 et
3019 1494 3080 1547 in
3108 1491 3407 1553 Lindriaco
3437 1509 3694 1549 mam

2099 1601 2293 1651 unum,
2325 1592 2377 1641 et
2401 1586 2461 1640 in
2490 1583 2766 1656 Capiliaco
2793 1599 3050 1639 mansum
3076 1583 3316 1639 alterum
3347 1586 3401 1637 et
3430 1582 3695 1638 molendi-

2099 1692 2232 1730 num
2259 1675 2447 1733 subtus
2475 1689 2720 1737 murum,
2743 1675 2795 1727 et
2823 1672 2886 1725 in
2913 1672 3208 1729 Nativitate
3237 1670 3530 1728 SJdaau:
3547 1669 3693 1726 dedit

2098 1765 2383 1820 ecclesiam
2428 1765 2703 1826 Bacernz,
2736 1764 2788 1819 et
2843 1759 3221 1826 Lindriacum,
3272 1763 3326 1815 et
3380 1762 3687 1830 Lupiam,

2098 1870 2310 1911 necnon
2350 1853 2717 1925 Logniacwn;
2747 1850 3099 1907 Gimiliacum
3146 1853 3336 1906 autem
3393 1850 3455 1903 in
3504 1848 3689 1905 natale

2096 1943 2153 1998 S.
2179 1942 2497 1999 Clementis.

263 2024 360 2081 XV
395 2023 887 2085 Kal.Novemhris.
910 2022 1111 2081 Natale
1140 2033 1196 2078 δ.
1223 2023 1388 2078 Luca:
1420 2021 1917 2095 evangelistaeaui
2028 2031 2098 2088 1x
2133 2031 2256 2087 Kal,
2289 2028 2652 2088 Novembris.
2700 2028 2767 2085 In
2807 2026 3069 2084 Venusia
3108 2025 3340 2083 civitate
3401 2025 3682 2097 Αραιείε,

340 2113 483 2170 obiit
504 2112 563 2168 in
591 2111 849 2187 Bytinia;
875 2111 976 2168 sed
1006 2111 1135 2183 ejus
1158 2127 1324 2167 sacra
1352 2126 1489 2167 ossa
1516 2109 1921 2167 Constantino-

340 2202 519 2275 polim
552 2206 692 2257 sunt
717 2200 1094 2276 postmodum
1139 2198 1347 2259 delata.
1381 2196 1683 2254 Antiochia
1725 2198 1918 2254 natale

340 2292 400 2347 S.
435 2288 794 2361 Asclepiadis
826 2287 1082 2361 episcOpi
1114 2291 1169 2343 et
1208 2285 1578 2343 confessoris.
1614 2287 1808 2344 Romae
1859 2293 1914 2342 S.

2098 2118 2291 2176 natale
2318 2123 2414 2175 SS.
2447 2122 2770 2187 martyrum
2802 2116 3009 2173 Felicis
3039 2114 3295 2188 episcopi
3349 2119 3409 2171 et
3438 2114 3688 2173 Audacti

2099 2215 2157 2265 et
2181 2208 2449 2267 Januarii
2470 2207 3031 2281 presbyterorum,et
3046 2202 3350 2263 Fortunati
3369 2208 3433 2261 et.
3444 2202 3685 2277 Sepﬁmi

2098 2298 2407 2357 lectorum.

341 2375 689 2453 Trapiionia:
751 2377 948 2432 uxoris
1008 2375 1165 2433 Decii
1203 2376 1466 2433 Caesaris.
1502 2376 1565 2431 In
1623 2375 1917 2433 territurio
2027 2389 2158 2447 V111
2183 2386 2309 2446 Kal,
2342 2385 2707 2444 Novembris,
2740 2388 2809 2441 In
2836 2381 3043 2442 Galliis
3068 2382 3300 2440 civitate
3348 2382 3686 2440 Suessionis

341 2466 676 2526 Belvacensi
705 2463 901 2539 passio
931 2465 989 2523 S.
1020 2464 1174 2521 Justi
1206 2464 1501 2538 martyris,
1535 2465 1706 2535 cujus
1746 2470 1921 2538 caput

342 2554 653 2632 requiescit
683 2554 740 2610 in
772 2553 1016 2609 basilica
1045 2557 1101 2607 S.
1135 2552 1441 2609 Amatoris.

270 2645 395 2702 XIV
426 2643 713 2702 Kalendas
735 2641 1271 2714 Novembris.Apud
1293 2640 1704 2699 Alexandriam
1727 2641 1919 2699 natale

338 2738 435 2790 SS.
469 2731 748 2793 Ptolomei
778 2736 836 2787 et
860 2730 1023 2788 Lucii
1055 2735 1377 2805 martyrum
1408 2731 1817 2803 pretiosorum.
1856 2732 1917 2787 In

339 2821 649 2885 Antiochia
692 2819 867 2896 Syriae
920 2817 1117 2877 natale
1146 2824 1240 2873 SS.
1276 2817 1493 2893 Pelagi,
1529 2818 1821 2877 Heronicze
1863 2825 1920 2877 et

340 2910 605 2987 Pelagia.

409 3006 534 3077 Ipso
588 2999 677 3059 die
733 2998 911 3055 Gauro
966 2997 1216 3054 sacerdos
1262 3004 1314 3054 et
1359 2996 1596 3056 decanus
1636 2999 1789 3066 obiit,
1823 3001 1921 3073 qui

337 3091 485 3147 dedit
526 3090 805 3149 canonicis
845 3087 900 3143 S.
953 3087 1213 3161 Stephani
1256 3087 1534 3160 praedium
1575 3104 1740 3146 suum
1792 3105 1919 3143 cum

341 3181 511 3237 servis
540 3186 592 3234 et
618 3178 860 3245 ancillis,
891 3191 1049 3232 omne
1077 3175 1218 3250 quod
1265 3174 1457 3232 habuit
1504 3176 1567 3231 in
1610 3177 1748 3231 villa
1794 3181 1919 3234 Cre-
1942 3161 1990 3235 Ο

268 3285 716 3419 Xltifnlzalendas
736 3353 1097 3414 Novembris.
1112 3354 1175 3410 In
1194 3351 1398 3410 Galliis
1429 3351 1661 3410 civitate
1678 3355 1834 3428 Agen
1846 3372 1917 3411 no

343 3445 535 3504 natale
561 3449 618 3503 S.
650 3444 909 3518 Caprasii
940 3442 1232 3518 martyris.
1265 3444 1433 3521 Apud
1462 3442 1768 3499 Aviensem
1793 3460 1918 3516 pro-

340 3536 589 3595 vinciam
646 3532 839 3591 natale
886 3532 1040 3589 beati
1098 3531 1335 3589 Maximi
1391 3530 1575 3588 levitae
1635 3536 1691 3588 et
1758 3550 1918 3589 mar-

340 3625 504 3700 tyris.

410 3712 607 3773 Eodem
634 3712 723 3769 die
751 3711 888 3767 obiit
917 3709 1250 3767 Humbaldus
1280 3710 1615 3766 humilitatis
1660 3728 1724 3766 ac
1773 3712 1922 3768 beni-

338 3802 569 3878 gnitatis
608 3802 901 3872 episcopus,
935 3801 1183 3872 quicum
1227 3800 1418 3854 multis
1466 3798 1713 3871 aediﬁciis
1759 3805 1921 3873 atque

338 3891 693 3954 ornamentis,
717 3888 911 3960 quibus
940 3889 1221 3943 ecclesiam
1250 3889 1401 3945 intus
1444 3892 1496 3943 et
1542 3890 1786 3947 exterius
1825 3891 1919 3946 de-

337 3979 564 4045 coravit,
619 3977 901 4033 ecclesiam
955 3976 1172 4034 Acolaci
1223 3980 1276 4032 et
1330 3977 1612 4037 ecclesiam
1652 3979 1922 4036 Crevenni

338 4086 465 4126 cum
491 4068 716 4126 decimis
744 4084 809 4122 ac
831 4067 1039 4139 pareda
1064 4067 1308 4138 fratrum
1348 4067 1636 4138 stipendiis
1673 4069 1916 4126 donavit.

338 4159 438 4216 Hic
464 4156 734 4229 siquidem
781 4157 927 4211 inter
969 4157 1173 4227 fratres
1215 4171 1350 4227 pace
1391 4156 1550 4227 prius
1598 4158 1916 4228 reformata,

338 4248 643 4307 Jerusalem
668 4262 833 4305 causa
860 4245 1127 4301 orationis
1154 4244 1315 4309 adiit,
1335 4248 1497 4316 atgue
1528 4245 1656 4305 inde
1684 4246 1916 4314 rediens,

336 4340 691 4409 sanctamque
741 4335 975 4408 psalmos
1046 4334 1289 4390 canendo
1351 4334 1459 4389 Deo
1530 4337 1922 4407 confessionem

339 4427 567 4498 faciens,
602 4426 771 4480 maris
795 4425 987 4495 pelago
1014 4424 1355 4495 sepulturam
1379 4426 1685 4496 promeruit
1713 4426 1921 4497 pretio-

341 4533 478 4571 sam.

270 4605 372 4663 Χιῐ
402 4603 525 4660 Kal.
558 4600 921 4660 Novembris.
955 4602 1123 4675 Apud
1153 4600 1550 4659 Nicomediam
1582 4600 1776 4659 natale
1823 4603 1919 4659 SS.

345 4698 670 4767 martyrum
726 4690 906 4758 Dasii,
960 4689 1216 4764 Soticigii
1280 4692 1420 4746 cum’
1472 4707 1551 4745 xu
1611 4690 1920 4749 militibus.

342 4782 557 4839 Eodem
586 4781 679 4837 die
708 4780 895 4841 sancti
944 4780 1126 4854 patris
1167 4780 1350 4835 nostri
1392 4778 1729 4848 Hilarionis,
1752 4782 1922 4852 cujus

344 4870 522 4925 vitam
554 4873 608 4924 S.
640 4870 1028 4942 Hieronymus
1052 4868 1368 4925 virtutibus
1400 4866 1633 4940 plenam
1666 4870 1921 4943 scripsit.

347 4962 413 5013 In
467 4958 696 5017 civitate
747 4958 945 5017 llostia
988 4956 1182 5015 natale
1227 4961 1286 5012 S.
1316 4957 1525 5016 Asterii
1575 4957 1920 5032 presbyteri.

347 5050 481 5119 Ipso
512 5045 606 5102 die
634 5046 920 5104 transitus
948 5051 1004 5103 S.
1038 5045 1291 5104 Viatoris
1334 5044 1588 5103 lectoris.
1623 5045 1685 5102 In
1730 5063 1923 5105 eremo

349 5134 581 5192 comitis
609 5138 664 5191 S.
696 5134 871 5191 Justi.

422 5224 569 5281 Obiit
595 5225 861 5296 Amulfus
890 5225 1081 5291 laicus,
1113 5226 1209 5297 qui
1232 5225 1447 5298 pariter
1486 5240 1613 5279 cum
1658 5226 1927 5295 fratribus

346 5316 461 5370 suis
510 5313 805 5386 Norgaudo
876 5320 928 5371 et
991 5314 1288 5385 Walgaudo
1342 5312 1609 5368 dederunt
1658 5316 1927 5385 fratribus

343 5403 617 5476 praedium
668 5418 832 5459 suum
884 5403 1024 5475 quod
1097 5401 1407 5460 habuerunt
1478 5404 1540 5456 in
1606 5404 1742 5460 villa
1800 5404 1926 5460 Cre-

347 5510 540 5551 venno.

278 5582 349 5636 XI
384 5581 667 5637 Kalendas
726 5582 1090 5641 Novembris.
1150 5577 1567 5652 Hierosolymis
1623 5581 1815 5639 natale
1871 5588 1928 5639 S.

1951 4532 2001 4597 D

2100 2476 2294 2537 natale
2337 2480 2432 2533 SS.
2496 2479 2821 2549 martyrum
2893 2471 3147 2545 Crispini
3200 2476 3259 2529 et
3309 2470 3685 2544 Crispiniani.

2098 2567 2312 2623 Eodem
2344 2565 2438 2621 die
2460 2562 2859 2638 Petragoricas
2889 2561 3122 2619 civitate
3169 2559 3365 2619 natale
3407 2565 3468 2615 S.
3508 2560 3688 2616 Fron-

2098 2656 2254 2715 tonis
2282 2652 2564 2729 episcopi,
2595 2650 2698 2727 qui
2729 2668 2833 2725 per
2858 2650 3137 2709 virtutem
3166 2648 3287 2718 Dei,
3314 2650 3557 2720 accepto
3586 2647 3687 2707 hc-

2098 2745 2231 2805 culo
2250 2749 2309 2800 S.
2340 2742 2493 2802 Petri
2542 2739 2812 2814 apostoli,
2838 2738 3071 2799 socium
3116 2754 3294 2795 suum
3340 2734 3684 2808 Gregorium

2101 2835 2510 2908 presbyterum
2535 2848 2572 2887 a
2600 2833 2787 2887 morte
2831 2827 3071 2900 recepit.
3102 2826 3300 2887 Romae
3344 2829 3683 2883 sanctorum

2098 2927 2421 2998 martyrum
2468 2938 2597 2979 XLV!
2628 2918 2902 2977 militum.
2936 2917 3105 2985 Item,
3149 2916 3351 2975 Romae
3400 2913 3680 2972 Bonifacii

2100 3029 2283 3087 papae.
2317 3011 2381 3071 In
2410 3008 2641 3067 civitate
2670 3006 2902 3065 Gavillii
2921 3005 3212 3080 depositio
3244 3007 3303 3060 S.
3322 3001 3531 3059 Hilarii
3560 3001 3681 3073 epi-

2100 3100 2263 3173 seopi
2312 3099 2432 3156 vita
2486 3102 2544 3154 et
2596 3094 2897 3155 miraculis
2952 3092 3239 3167 praelati.
3274 3092 3341 3149 In
3387 3089 3681 3155 territorio

2101 3188 2391 3249 Turonico
2422 3185 2615 3247 natale
2643 3189 2700 3242 S.
2728 3184 2906 3259 Spani
2940 3181 3237 3255 martyris.

2025 3280 2131 3337 VII
2158 3277 2283 3337 Kal.
2316 3275 2681 3334 Novembris.
2711 3273 2878 3349 Apud
2907 3271 3163 3330 Africam
3193 3268 3674 3327 nataleSS.mar-

2097 3373 2292 3442 tyrum
2323 3364 2631 3440 Rogatiani
2660 3360 2983 3436 presbyteri
3011 3365 3070 3417 et
3106 3357 3480 3419 Felicissimi.
3509 3357 3674 3430 Apud

2098 3456 2391 3554 Ephesum
2421 3449 2791 3511 S.Polieratis
2820 3447 3078 3524 episcopi
3111 3445 3332 3522 egregii
3362 3451 3423 3506 et
3446 3444 3681 3504 nobilia-

2101 3560 2238 3604 Siml
2268 3560 2398 3599 Vll‘l.

2027 3634 2103 3692 VI
2132 3632 2259 3691 Kal.
2319 3629 2686 3689 Novemhris.
2745 3628 2942 3688 Romae
3014 3623 3349 3685 Euvharisti
3410 3639 3573 3699 papae
3627 3625 3683 3677 et

2099 3719 2396 3795 martyris.
2428 3717 2830 3776 Autissiodero
2860 3713 3146 3788 depositio
3198 3713 3353 3771 beati
3409 3710 3683 3769 Desiderii

2101 3809 2380 3883 episcopi.
2414 3812 2480 3862 In
2513 3823 2662 3879 pago
2693 3805 2923 3861 Pictavo
2948 3801 3140 3859 natale
3170 3805 3228 3856 S.
3256 3799 3539 3865 Florentii
3566 3813 3686 3872 pre-

2102 3897 2319 3971 sbyteri
2347 3901 2405 3953 et
2432 3894 2725 3952 monachi.
2754 3898 2819 3951 In
2841 3890 3139 3965 Hispaniis
3170 3888 3423 3947 Helbora
3461 3887 3684 3953 civitate

2102 3986 2294 4045 natale
2324 3989 2419 4040 SS.
2450 3987 2775 4056 martyrum
2806 3978 3114 4048 Vincentii,
3144 3976 3371 4039 Sabinis
3421 3980 3481 4033 et
3518 3974 3683 4033 Chri-

2103 4080 2260 4135 eteae.

2031 4166 2077 4221 V
2107 4164 2231 4227 Kal.
2263 4160 2627 4222 Novembris.
2662 4156 2867 4217 Natale
2924 4158 3233 4217 beatorum
3285 4151 3680 4226 apostolorum

2100 4252 2355 4311 Simonis
2412 4249 2688 4311 Capanei.
2728 4246 2831 4319 qui
2889 4250 2947 4303 et
3001 4244 3226 4305 Zelotcs
3282 4241 3587 4305 scribitur,
3632 4243 3685 4296 et

2102 4340 2405 4407 Thaddrei,
2437 4339 2537 4411 qui
2583 4341 2640 4396 et
2685 4337 2873 4397 Judas
2918 4333 3118 4401 Jacobi
3166 4332 3403 4404 legitur.
3440 4336 3500 4388 et
3550 4327 3683 4387 alibi

2104 4431 2369 4488 Lebbeus
2422 4425 2753 4501 appellatur
2786 4442 2799 4481 :
2832 4441 2865 4480 e
2893 4424 3110 4496 quibus
3156 4420 3489 4481 Thaddeus
3533 4419 3681 4492 apud

2103 4517 2606 4591 Mesopotamiam,
2640 4514 2875 4575 Simeon
2904 4528 3039 4571 vero
3072 4509 3229 4584 apud
3254 4510 3573 4582 (Egyptian:
3604 4506 3686 4562 le-

2103 4608 2262 4681 gitur
2288 4605 2656 4680 praedicasse.
2676 4602 2819 4662 Inde
2855 4599 3039 4662 simul
3066 4597 3368 4663 Persidem
3409 4594 3683 4669 ingressi,

2103 4713 2238 4761 cum
2259 4693 2554 4753 inﬁnitam
2573 4695 2866 4751 catervam
2887 4688 3116 4747 Christo
3137 4686 3220 4742 ibi
3245 4689 3682 4759 aggregassent,

2105 4780 2460 4857 martyrizati
2489 4783 2647 4837 sunt.
2683 4778 2877 4835 Romae
2909 4781 2967 4832 S.
2998 4774 3220 4847 Cyrillae
3251 4771 3533 4848 martyris
3560 4771 3683 4830 ﬁlia

2103 4872 2261 4933 Decii
2292 4868 2682 4944 imperatoris.
2707 4866 2952 4930 Civitate
2981 4863 3171 4927 Meltis
3202 4867 3277 4934 5..
3296 4861 3547 4921 Feronia
3571 4858 3685 4941 cpi.

2105 4959 2266 5034 scapi
2282 4964 2344 5019 et
2368 4957 2742 5020 confessoris.
2776 4952 3035 5016 Parisios
3064 4949 3374 5015 translatio
3411 4954 3471 5007 S.
3502 4954 3684 5009 Gena-

2102 5050 2242 5110 vefie
2269 5046 2535 5123 virginis.

2035 5140 2128 5203 IV.
2157 5137 2281 5199 Kal.
2300 5131 2880 5197 Novembris.Natale
2909 5129 3061 5190 beati
3083 5127 3340 5191 Narcissi
3360 5123 3684 5197 Hierosoly-

2107 5244 2340 5289 morum
2357 5221 3165 5298 episcopi,virisanctitate,et
3185 5215 3477 5295 patientia
3497 5232 3563 5271 ac
3581 5214 3683 5269 ﬁde

2106 5314 2443 5381 laudabilis,
2475 5318 2677 5371 contra
2707 5329 2882 5385 quem
2931 5310 3153 5369 crimen
3200 5306 3350 5371 falso
3395 5304 3683 5377 obiectum

2108 5423 2243 5467 cum
2274 5408 2390 5460 tres
2418 5406 2596 5465 testes
2608 5395 3241 5475 jurassent,imprecati
3273 5398 3419 5457 sunt
3434 5408 3613 5465 super
3629 5406 3683 5445 se

2110 5492 2459 5555 maledicta:
2494 5491 2727 5563 primus
2755 5493 2822 5549 ut
2851 5489 2983 5564 igne
3011 5487 3461 5553 consumeretur
3492 5480 3542 5538 si
3564 5494 3684 5536 vera

2110 5601 2225 5642 nou
2256 5581 2505 5650 diceret;
2529 5578 2823 5636 secundus
2874 5582 2938 5635 ut
2983 5574 3140 5648 regio
3188 5572 3399 5630 morbo
3430 5585 3679 5629 corrum-
