3868 6204
85 358 237 418 1249
1259 352 1612 418 MARTYIH

1999 357 2312 421 I‘lSSlOD.
3340 358 3526 423 £250

156 493 414 562 paretur;
450 488 663 542 tertius
690 490 753 541 ut
776 485 1098 541 luminibus
1128 488 1463 555 orbaretur;
1487 489 1639 561 quod
1665 490 1746 544 ita
1773 492 1830 559 Α
1859 491 1969 546 sub
2001 490 2338 548 Sarracenis
2369 491 2526 563 passi
2556 492 2852 564 leguntur.
2884 493 3138 549 Redouis
3184 494 3242 548 S.
3276 492 3508 567 Melanii

153 576 403 651 singulis
426 575 631 633 statim
664 578 797 650 post
825 575 1151 648 perjurium
1182 575 1585 650 accidit.Apud
1617 577 1742 635 Sin-
1847 578 2104 651 episcopi
2136 583 2194 634 et
2226 580 2603 636 confessoris.

156 666 363 722 do‘nem
385 664 605 722 urbem
627 663 822 719 natale
852 663 910 720 S.
946 663 1111 720 Zebei
1144 665 1463 738 presbyteri
1495 670 1553 722 et
1595 683 1745 722 mar-
1848 666 1947 721 Vll
2015 666 2155 723 Idus
2214 666 2579 724 Novembris.
2648 668 2815 741 Apud
2874 668 3281 725 Alexandriam
3351 670 3504 726 beati

166 754 333 828 tyris.‘
1918 753 2177 810 Achillaai
2216 756 2473 830 episcopi
2520 756 2629 812 viri
2680 758 2803 813 Dei.
2853 758 3022 830 Apud
3071 757 3507 832 Albiginensem

92 840 168 900 Ill
220 841 338 899 Kal.
392 840 756 898 Novembris.
806 839 1047 898 Civitate
1096 839 1411 915 Tingitana
1438 842 1632 915 passio
1682 842 1739 898 8.
1921 843 2126 899 urbem
2160 843 2352 900 natale
2375 844 2432 901 S.
2457 846 2757 901 Amaranti
2783 847 3085 919 martyris.
3126 846 3295 919 Apud
3326 846 3511 902 Peru-

156 929 414 989 Marcelli
463 929 843 986 centurionis.
889 927 1055 1002 Apud
1107 929 1359 985 Africam
1395 931 1489 987 SS.
1527 936 1743 1007 marty-
1922 930 2113 988 sinum
2145 933 2351 989 urbem
2379 930 2559 989 Italiae
2587 933 2781 990 natale
2810 935 2998 991 sancti
3031 935 3364 991 Herculiani
3386 934 3510 1009 epi-

156 1038 285 1077 rum
319 1036 565 1076 numero
592 1036 749 1077 ccxx.
786 1019 952 1091 Apud
984 1018 1352 1077 Antiochiam
1386 1020 1538 1078 beati
1577 1024 1744 1076 Sera—
1924 1021 2083 1093 scopi
2114 1025 2170 1075 et
2200 1022 2495 1095 martyris,
2512 1023 2683 1094 cujus
2713 1039 2929 1096 corpus
2956 1028 3087 1097 post
3118 1023 3510 1081 abscisionem

159 1108 353 1183 pioni's
383 1105 642 1181 episcopi
671 1112 728 1163 et
756 1107 1128 1165 confessoris.
1924 1108 2132 1181 capitis
2187 1110 2266 1164 ita
2304 1110 2535 1167 unitum
2587 1111 2681 1166 die
2730 1111 3181 1186 quadragesimo
3213 1114 3508 1184 repertum

222 1198 375 1254 Obiit
393 1197 634 1253 Andreas
659 1197 965 1269 presbyter,
988 1197 1088 1270 qui
1112 1195 1261 1253 dedit
1286 1197 1545 1253 masinile
1582 1214 1743 1253 suum
1925 1201 2033 1267 est,
2068 1202 2133 1253 ut
2165 1198 2435 1254 meminit
2458 1216 2609 1272 papa
2626 1200 2961 1273 Gregorius,
2993 1216 3059 1255 ac
3085 1201 3134 1256 si
3184 1200 3297 1256 hoc
3344 1199 3512 1256 nulla

150 1285 395 1359 fatribus
441 1298 566 1341 cum
616 1288 777 1341 vinea
827 1284 1141 1342 adhwrente
1186 1286 1245 1339 in
1296 1286 1433 1341 villa
1480 1286 1742 1352 Ferreoli,
1926 1285 2132 1341 incisio
2164 1287 2298 1341 ferri
2330 1287 2635 1360 tetigisset.
2660 1288 2725 1343 In
2765 1288 2949 1344 Frisia
2996 1287 3190 1345 natale
3240 1289 3508 1346 S.Willi-

152 1374 419 1433 similiter
448 1375 508 1428 in
545 1374 682 1428 villa
732 1372 1006 1429 Garricas.
1052 1374 1203 1444 Item,
1252 1373 1391 1429 obiit
1433 1373 1748 1431 Bernartius
1926 1374 2123 1430 brordi
2149 1374 2427 1448 episcopi,
2478 1377 2650 1447 cujus
2698 1381 2863 1432 actus
2913 1377 3069 1433 Beda
3118 1377 3431 1451 presbyter
3450 1378 3509 1434 in

149 1462 454 1537 presbyter,
504 1464 605 1535 qui
649 1460 796 1517 dedit
844 1461 1101 1517 masinite
1130 1476 1293 1517 suum
1315 1463 1583 1534 fratribus
1622 1477 1748 1517 cum
1928 1464 2108 1536 gestis
2139 1463 2460 1537 Anglorum
2494 1464 2791 1520 describit.

153 1555 306 1609 horto
328 1559 382 1608 et
401 1553 563 1606 vinea
592 1552 653 1605 in
681 1551 817 1605 villa
851 1551 1147 1607 Vendonsa.
1508 1548 1511 1551 λ
2000 1553 2149 1609 Obiit
2178 1552 2508 1609 Theodaldus
2527 1554 2873 1626 juvenis,qui
2898 1554 3047 1610 dedit
3072 1559 3290 1627 partem
3316 1559 3511 1629 patro-

87 1641 278 1697 Pridie
304 1640 603 1696 Kalendas
634 1638 994 1695 Novembris.
1032 1638 1227 1695 Romae
1262 1638 1322 1697 Β.
1351 1638 1602 1696 Nemesii
1626 1637 1749 1695 dla-
1925 1642 2069 1697 cinii
2095 1643 2185 1697 sui
2210 1646 2263 1697 et
2295 1641 2614 1698 hereditatis
2657 1656 2777 1699 Siue
2822 1645 3099 1698 canonicis
3127 1645 3191 1700 Ν.
3224 1643 3509 1717 Stephani,

155 1730 282 1786 coni
318 1733 377 1785 et
407 1727 702 1801 martyris,
732 1731 787 1782 et
820 1726 1052 1785 Lucillte
1084 1727 1216 1785 filiae
1260 1729 1514 1802 ejus,qui
1549 1733 1748 1784 octavo
1926 1735 2146 1803 propter
2172 1747 2411 1787 amorem
2440 1731 2645 1803 patria:
2671 1731 2897 1787 caelestis
2921 1736 2973 1787 et
2996 1734 3376 1789 remissionem
3387 1750 3511 1805 pec-

154 1818 273 1874 Kal.
308 1815 674 1890 Septembris
706 1815 1051 1924 decollatus,
1102 1816 1289 1889 pridie
1337 1814 1462 1924 ‘Kal.
1504 1817 1746 1874 Novem-
1779 1858 1829 1924 Β
1926 1824 2173 1877 ratorum
2201 1835 2445 1875 suorum.
2477 1821 2619 1876 Sita
2640 1823 2771 1875 sunt
2797 1828 2981 1875 autem
3011 1823 3148 1892 ipsa:
3178 1839 3261 1877 res
3290 1825 3349 1877 in
3379 1824 3516 1878 vitta

155 1907 276 1963 bris
307 1906 630 1963 honoriﬁce
660 1904 981 1961 translatus
1011 1909 1122 1960 est.
1142 1910 1200 1961 In
1229 1903 1431 1962 Galliis
1455 1904 1751 1962 territurio
1779 1903 1827 1924 ”
1926 1923 2054 1979 quae
2082 1909 2288 1963 dicitur
2317 1908 2762 1974 Cormedus,cum
2788 1909 2999 1981 capella
3028 1913 3082 1965 et
3106 1913 3221 1965 suis
3248 1911 3513 1983 adjacen-

154 1994 570 2052 Virmandensi
599 1998 662 2050 8.
703 1992 962 2060 Quintini
1001 1995 1305 2067 martyris.
1929 1999 2043 2062 liis,
2076 1998 2388 2068 mancipiis;
2436 1998 2629 2063 vincis,
2663 1999 2871 2070 campis
2916 2005 2968 2053 et
3014 1996 3283 2065 domibus,
3326 1999 3397 2055 ad
3427 2002 3521 2055 sui

226 2083 428 2140 Eodem
475 2082 564 2138 die
612 2082 748 2139 obiit
796 2083 1056 2139 Robertus
1094 2084 1444 2156 praepositus,
1478 2086 1576 2157 qui
1602 2081 1753 2139 dedit
1926 2087 2251 2141 memoriam
2281 2084 2642 2142 recolendam.

153 2173 430 2247 fratribus
472 2174 663 2230 vineas
721 2188 867 2240 suas,
916 2177 977 2228 ut
1032 2173 1272 2241 singulis
1328 2175 1491 2228 annis
1546 2174 1603 2227 in
1665 2172 1755 2228 die
1857 2175 1928 2229 VI
1986 2175 2122 2230 Idus
2170 2174 2531 2230 Novembris.
2589 2176 2787 2230 Romae
2841 2174 3036 2231 natale
3089 2193 3125 2231 v
3183 2181 3507 2250 martyrum

154 2265 339 2319 obitus
387 2263 480 2318 sui
532 2263 837 2319 communis
890 2263 1109 2334 refectio
1164 2262 1444 2318 canonicis
1491 2262 1749 2317 exln'bra-
1928 2262 2173 2328 Claudii,
2207 2263 3249 2336 Nicostrati,Symphoriani,Castorii
3280 2264 3509 2321 etSim-

160 2360 272 2407 tur.
1928 2351 2105 2424 plicii.
2140 2351 2275 2424 Ipso
2304 2351 2397 2407 die
2418 2353 2588 2424 juxta
2618 2368 2860 2425 corpora
2888 2369 3093 2409 eorum
3138 2353 3330 2410 natale
3376 2371 3512 2411 san-

719 2476 1135 2533 NOVEMBER.
1929 2446 2156 2496 ctorum
2188 2444 2443 2513 quatuor
2488 2445 2897 2497 coronatorum
2944 2442 3162 2513 Severi,
3192 2440 3509 2509 SBVeriani,

1928 2528 2282 2584 Carnonhori
2314 2535 2371 2584 et
2399 2528 2708 2584 Victorini.

1973 2529 2282 2602 arpophori
2314 2535 2371 2585 et
2399 2529 2708 2585 Victorini.

93 2619 384 2677 Kalendas
397 2617 1072 2675 Novembris.I-‘estivitas
1086 2617 1363 2674 Omnium
1377 2621 1742 2676 sanctorum.
2002 2617 2150 2673 Obiit
2177 2619 2466 2674 Huncncus
2495 2618 2741 2674 sacerdos
2768 2622 2821 2674 et
2843 2617 3082 2675 decanus
3127 2622 3305 2675 sancti
3334 2623 3515 2677 Mam-

163 2709 369 2765 Divino
419 2711 611 2764 castro
661 2706 851 2763 natale
896 2706 1083 2763 sancti
1133 2706 1377 2779 Benigni
1424 2707 1747 2779 presbyteri
1928 2708 2112 2761 metis.

160 2802 215 2853 et
249 2796 548 2870 martyris.
582 2795 796 2851 Eodem
830 2795 924 2851 die
956 2793 1148 2851 natale
1173 2798 1615 2867 SS.martyrum
1638 2795 1752 2851 Caa—
1855 2795 1904 2848 V
1938 2794 2075 2851 ldus
2126 2794 2492 2852 Novembris.
2534 2794 2734 2852 Natale
2781 2798 2844 2852 8.
2904 2797 3190 2854 Theodori
3238 2797 3512 2871 martyris

163 2886 301 2941 sarii
340 2884 571 2942 diaconi
594 2888 650 2943 et
668 2884 884 2940 Juliani
911 2883 1514 2959 presbyteri.Parisius
1534 2889 1587 2939 8.
1599 2884 1748 2941 Mar-
1930 2883 2173 2940 diversis
2202 2885 2515 2939 tormentis
2537 2885 2817 2940 coronati.
2836 2886 3003 2958 Apud
3029 2886 3318 2942 Bituricus
3344 2886 3518 2943 S.Ur-

166 2974 295 3031 celli
332 2972 591 3047 episcopi
635 2975 692 3030 et
736 2971 1113 3029 confessoris.
1151 2972 1286 3046 Ipso
1334 2973 1427 3027 die
1472 2971 1662 3029 natale
1691 2976 1744 3028 8.
1930 2971 2097 3027 sicini
2151 2971 2409 3044 episcopi
2458 2976 2514 3028 et
2559 2973 2911 3029 confessoris
2959 2974 3153 3046 (altera
3197 2991 3373 3030 manu
3404 2991 3417 3029 :
3454 2973 3516 3030 In

164 3063 423 3119 Severini
458 3061 728 3119 monachi
762 3061 832 3117 de
863 3059 1187 3136 Tyburtina
1215 3062 1463 3119 civitate.
1504 3062 1575 3117 Et
1611 3060 1748 3117 alibi
1930 3061 2098 3131 Syria
2122 3060 2352 3116 civitate
2394 3060 2626 3117 Beritho
2675 3061 2870 3134 passio
2918 3066 3131 3118 sanctae
3163 3066 3220 3119 et
3250 3061 3517 3135 gloriosa:

167 3147 362 3208 natale
392 3155 453 3206 8.
493 3149 689 3206 Mariae
732 3149 978 3224 virginis
1020 3153 1077 3206 et
1127 3149 1421 3224 martyris.
1474 3148 1536 3205 In
1584 3148 1749 3204 terri-
1797 3223 1819 3224 ﬂ
1928 3148 2207 3221 imaginis
2240 3149 2469 3205 Domini
2502 3149 2861 3222 Salvatoris).

144 3230 320 3296 'turio
350 3236 598 3296 Biturico
629 3223 864 3294 nomine
897 3238 1075 3295 Dolus
1100 3244 1153 3297 8.
1190 3223 1430 3295 Lusoris
1462 3238 1750 3295 confesso-
1779 3223 1824 3293 C
2006 3237 2154 3294 Obiit
2183 3238 2482 3294 Ademarus
2504 3238 2749 3294 sacerdos
2769 3243 2822 3294 et
2846 3240 3194 3311 praepositus.

168 3330 279 3387 ris.
1860 3327 1934 3384 IV
1961 3327 2098 3383 Idus
2129 3327 2493 3383 Novembris.
2528 3329 2591 3383 In
2624 3328 2923 3383 territurio
2950 3328 3267 3401 Agathensi
3302 3328 3359 3383 in
3384 3328 3519 3384 Ces-

95 3420 166 3474 IV
198 3418 399 3475 Nonas
429 3417 798 3474 Novembris.
857 3416 1053 3473 Roma:
1103 3416 1297 3490 passio
1346 3420 1398 3473 8.
1452 3415 1747 3473 Eustachii
1929 3416 2163 3472 sarione
2192 3416 2385 3472 natale
2413 3420 2755 3472 sanctorum
2789 3422 3113 3489 martyrum
3136 3417 3547 3490 'l‘yberii,‘Mo-'

164 3525 301 3565 cum
340 3522 514 3563 uxore
543 3511 599 3563 et
629 3507 859 3563 duobus
891 3505 1044 3562 (iliis.
1082 3506 1298 3563 Eodem
1332 3502 1423 3561 die
1457 3506 1648 3562 natale
1677 3509 1739 3563 S.
1929 3505 2079 3561 (testi
2110 3510 2168 3561 et
2200 3505 2521 3561 Florentia.
2551 3506 2718 3578 Apud
2752 3505 3119 3561 Antiochiam
3167 3506 3361 3561 natale
3411 3507 3514 3563 SS.

160 3596 453 3652 Victorini
481 3595 755 3669 martyris
786 3595 1249 3652 Pictabionensis
1280 3594 1558 3668 episcopi,
1607 3594 1767 3653 Leo:
1935 3594 2203 3650 Demetrii
2260 3594 2543 3666 episcopi.
2590 3594 2800 3650 Aniani
2860 3594 3117 3662 diaconi,
3153 3594 3405 3650 Eustasii
3461 3600 3521 3651 It

159 3684 319 3741 dicia
350 3684 702 3741 B.Theodoti
734 3682 991 3757 episcopi
1024 3684 1225 3757 Optimi
1258 3683 1748 3740 viri.Monastorio
1929 3682 2178 3739 aliorum
2210 3699 2306 3738 xx.
2348 3681 2680 3739 Aurelianis
2723 3683 2787 3739 8.
2829 3682 3131 3739 Moniioris
3172 3684 3428 3756 episcopi
3460 3687 3518 3740 et

161 3772 540 3848 Augaunensi
574 3770 767 3829 natale
796 3777 852 3828 8.
880 3770 1169 3829 Ambrosii
1203 3772 1448 3830 abbatis.
1928 3771 2533 3828 confessoris.Eodem
2565 3771 2658 3828 die
2689 3770 2882 3829 natale
2912 3773 2970 3828 S.
3005 3769 3237 3828 Martini
3269 3788 3433 3846 papas
3465 3776 3523 3828 st

86 3864 161 3920 lll
192 3863 393 3923 Nonas
425 3861 789 3919 Novembris.
812 3859 1018 3917 Natale
1047 3862 1312 3928 S.Quarti
1345 3860 1747 3935 apostolorum
1929 3860 2231 3933 martyris.

156 3949 464 4024 discipuli.
516 3950 684 4023 Apud
748 3950 1069 4006 Cmsaream
1125 3949 1500 4024 Cappadociae
1556 3949 1748 4006 natale
1858 3950 1935 4007 III
1968 3950 2107 4005 ldus
2137 3948 2500 4005 Novembris.
2536 3949 2598 4005 In
2630 3948 2813 4006 Galiis
2845 3950 3077 4007 civitate
3121 3950 3374 4007 Turonis
3415 3965 3518 4007 na-

154 4043 499 4097 sanctorum
528 4042 851 4114 martyrum
884 4036 1533 4113 Germanni,The0phili
1566 4038 1750 4095 Caesa-
1928 4038 2046 4095 tale
2074 4038 2135 4095 8.
2170 4037 2403 4095 Martini
2431 4038 2689 4111 episcopi
2722 4044 2780 4095 et
2810 4039 3369 4111 confessoris,eujus
3390 4038 3517 4111 glo-

158 4130 230 4185 rii
267 4134 325 4185 et
351 4126 581 4184 Vitalis.
617 4129 677 4182 In
703 4144 852 4202 pago
881 4125 1208 4183 Vilcassino
1237 4131 1300 4184 8.
1340 4126 1492 4183 Clari
1514 4127 1749 4200 presby-
1930 4127 2070 4184 riosi
2101 4127 2458 4199 actuslonge
2478 4127 3006 4201 latequedivulgati
3034 4132 3253 4184 extant.
3285 4132 3348 4182 In
3389 4129 3524 4200 Scy-

156 4218 271 4274 teri
306 4221 364 4274 et
394 4214 693 4290 martyris.
1929 4216 2012 4272 tia
2039 4215 2411 4288 metropolim
2444 4216 2648 4288 Frigize
2674 4214 2977 4271 Salutat-ia:
3006 4215 3202 4287 passio
3231 4214 3520 4271 S.Menna

85 4312 134 4363 ll
169 4307 372 4363 Nonas
401 4304 771 4363 Novembris.
824 4303 991 4378 Apud
1040 4303 1453 4361 Alexandriam
1486 4304 1555 4362 B.
1595 4303 1746 4359 lterii
1925 4304 2111 4361 variis
2134 4304 2442 4360 tormentis
2471 4303 3063 4376 coronati.Lugduno
3094 4302 3290 4375 passio
3322 4301 3515 4359 S.Ve-

153 4388 482 4469 presbyteri
513 4393 772 4450 hominis
793 4394 990 4450 Dei.ln
1016 4392 1313 4450 territurio
1335 4392 1745 4467 Rotomagensl
1929 4392 2059 4448 rani
2088 4391 2367 4463 episcopi.

151 4488 217 4542 8.
278 4482 537 4539 Amantii
583 4482 838 4557 episcopi
905 4487 963 4538 et
1023 4482 1402 4541 confessoris,
1469 4480 1743 4555 Augusti-
2001 4481 2148 4538 Obiit
2178 4480 2484 4552 Stephanus
2512 4480 2904 4553 Cavillonegsis
2930 4482 3234 4553 episcopus.

152 4574 321 4630 duno
351 4570 543 4629 natale
572 4570 758 4628 sancti
792 4569 1039 4627 Patrocli
1070 4570 1330 4645 episcopi
1359 4573 1417 4627 et
1447 4570 1743 4627 confesso-
1772 4591 1820 4658 Ι)
1858 4569 2048 4626 Pridie
2082 4569 2219 4625 ldus
2255 4568 2536 4626 Novemb.
2576 4569 2744 4641 Apud
2786 4570 3041 4625 Africam
3091 4584 3511 4625 commemora-

155 4662 263 4720 ris.
1923 4660 2006 4716 tio
2046 4659 2143 4715 SS.
2178 4661 2502 4732 martyrum
2555 4658 2807 4727 Arcadii,
2860 4658 3184 4726 Paschasii,
3235 4658 3430 4724 Probi.
3462 4661 3522 4714 et

226 4749 427 4806 Eodem
470 4749 559 4806 die
601 4751 756 4820 Hugo
802 4748 962 4807 decus
1007 4748 1349 4822 pontiﬁcium
1379 4749 1558 4805 emisit
1583 4749 1749 4822 spiri-
1933 4747 2286 4815 Eutichiani,
2316 4750 2374 4803 et
2412 4746 2645 4802 Paulilli
2694 4748 2881 4820 pueri.
2936 4747 3106 4819 Apud
3160 4746 3519 4820 provinciam

153 4842 303 4896 tum.
1932 4838 2452 4904 Tarraconenssm,
2484 4836 2719 4893 civitate
2768 4837 3099 4910 Tyrassona
3138 4836 3201 4892 Β.
3243 4835 3519 4892 Emiliani

77 4930 284 4988 Nonas
316 4925 906 4985 Novembris.0bitus
935 4925 1222 4983 Zachariae
1245 4925 1543 5000 prophetae
1562 4926 1747 4999 patris
1931 4924 2251 5000 presbyteri
2283 4929 2341 4981 et
2368 4923 2746 4983 confessoris.

148 5013 442 5074 Johannis
471 5013 774 5090 Baptistae.
808 5019 874 5072 In
900 5014 1215 5071 Terracina
1245 5013 1476 5071 civitate
1496 5014 1742 5087 Campa-
2002 5015 2149 5070 Obiit
2178 5013 2538 5085 Ingelboldus,
2572 5016 2669 5085 qui
2713 5014 2876 5070 villas
2905 5014 2961 5070 S.
2994 5015 3262 5087 Stephani
3290 5017 3519 5073 Cresca-

150 5104 268 5162 niaa
319 5104 512 5161 natale
560 5107 657 5160 88.
704 5108 1031 5177 martyrum
1081 5101 1286 5161 Felicis
1334 5102 1655 5176 presbyteri
1690 5106 1748 5157 et
1925 5120 2081 5170 nam,
2110 5101 2397 5158 Acolacum
2426 5106 2478 5159 et
2514 5103 2942 5158 Villam-novum
2968 5104 3345 5177 reediﬁcavit,
3369 5108 3424 5160 et
3451 5103 3522 5161 ad

151 5193 393 5251 Eusebii
430 5192 720 5251 monachi.
756 5193 954 5269 Capua
974 5192 1205 5248 civitate
1237 5190 1447 5247 natale.
1482 5190 1745 5255 S.Quarti
1927 5188 2109 5247 domos
2135 5190 2374 5261 fratrum
2408 5190 2800 5263 componendas
2844 5191 3169 5262 quingentos
3214 5192 3412 5250 solidos
3455 5191 3523 5248 de

156 5276 521 5339 confessoris
535 5322 547 5341 .
1929 5295 2027 5334 suo
2056 5278 2297 5334 donavit.

79 5369 219 5427 VIII
274 5369 411 5428 ldus
456 5362 825 5428 Novembris.
885 5369 1105 5428 Toniza
1153 5367 1357 5424 Africa
1426 5366 1618 5425 natale
1677 5371 1740 5425 8.
1862 5368 1999 5423 ldus
2029 5364 2682 5433 Novembrisﬁavennae
2707 5365 2903 5424 natale
2934 5375 3275 5428 sanctorum
3307 5374 3524 5447 marty-

152 5454 394 5527 Felicis,
430 5460 601 5531 cujus
634 5458 981 5531 martyrium
1013 5458 1078 5514 Β.
1117 5456 1483 5530 Augustinus
1513 5455 1572 5511 in
1605 5473 1750 5529 quo-
1935 5472 2064 5510 rum
2095 5452 2411 5519 Valentini,
2445 5454 3224 5533 Solutoris,Victoris.Apud
3251 5458 3518 5515 Toletum

160 5548 303 5603 dam
342 5546 571 5620 psalmo
604 5545 947 5603 mirabiliter
974 5546 1235 5619 exponit.
1268 5550 1330 5600 In
1362 5544 1593 5600 Oriente
1623 5544 1755 5600 civi-
1935 5543 2140 5598 urbem
2174 5542 2462 5614 depositio
2489 5544 2816 5619 B.Eugenii
2848 5545 3401 5620 episcopi.’I‘uronis
3422 5564 3523 5607 na-

164 5640 291 5698 tate
332 5634 613 5713 Theopoli
651 5638 993 5695 sanctorum
1038 5634 1241 5692 decem
1279 5637 1626 5711 martyrum,
1652 5633 1754 5710 qui
1931 5631 2051 5693 tals
2078 5631 2144 5695 8.
2183 5629 2391 5689 Briocii
2421 5632 2678 5713 episcopi
2729 5638 2787 5693 et
2824 5633 3198 5699 confessoris.
3235 5634 3524 5698 Autissio-
