3868 6204
324 289 473 352 4251
1107 287 1445 352 APPEND.
1491 292 1594 352 AD
1640 287 1830 355 SIEC.
1875 290 1949 352 x.
1980 323 2060 337 --
2089 289 2582 356 MONUMENTA
2628 293 2948 384 LI'ruae.

391 424 527 477 dero
585 422 839 493 exceptio
872 422 1130 493 corporis
1176 423 1240 478 S.
1310 423 1619 479 Alexandri
1652 428 1707 479 et
1739 424 1801 481 S.
1843 424 1974 497 Cry-
2002 426 2058 492 Α
2155 426 2285 481 duos
2332 427 2576 482 homines
2621 428 2767 499 apud
2814 429 3160 485 Crevennum
3208 445 3345 483 eum
3395 428 3671 483 uxoribus
3710 436 3748 480 ei

390 510 545 567 santi
575 510 1147 583 martyris.Senoncs
1181 511 1414 567 Paterni
1447 512 1744 585 martyris.
2154 516 2289 584 filiis
2321 517 2453 570 suis.

464 608 612 665 Obiit
637 608 892 680 Aldulfus
942 610 1237 681 episcopus,
1297 612 1395 681 qui
1443 611 1687 666 instituit
1732 611 1834 666 hac
1889 609 1979 667 die
2085 605 2161 657 XI
2189 602 2845 663 KalendasDecembris.
2876 604 3079 662 Natale
3100 603 3750 668 beatissimiRutin,de

387 697 452 753 de
477 714 577 753 suo
604 697 870 768 hospitale
897 697 1166 769 fratribus
1192 700 1541 769 refectionem
1563 701 1902 771 praeparari,
2155 707 2270 762 quo
2301 692 2599 765 apostolus
2632 692 2846 750 Paulus
2868 695 2942 750 ad
2974 694 3277 751 Romanos
3297 694 3521 751 scribit
3556 712 3570 749 :
3609 693 3752 749 Sala-

316 794 493 850 XVIII
524 794 815 851 Kalendas
852 794 1378 867 Decembris.Apud
1414 795 1723 852 Trachiam
1745 795 1940 853 civitat

2153 787 2261 836 tate
2306 783 2513 853 Rufum
2562 783 2789 839 electum
2835 787 2888 838 et
2932 792 3167 840 matrem
3194 788 3317 858 ejus
3348 788 3409 839 et
3458 800 3673 861 nicum.
3702 786 3753 837 In

391 883 671 939 Heraclea
687 883 881 939 natale
902 888 1240 939 sanctorum
1258 888 1582 955 martyrum
1602 883 1940 941 Clementini

2150 869 2457 926 Antiochia
2486 876 2822 928 sanctorum
2862 873 3084 942 Basilii,
3118 879 3175 929 et
3205 872 3431 931 Auxilii
3461 879 3526 929 et
3558 871 3750 945 Zephi-

388 970 692 1038 Theodoti,
736 970 1078 1028 Philomini.
1133 972 1303 1044 Apud
1357 972 1769 1028 Alexandriam
1819 972 1971 1029 beati
2151 958 2286 1014 Pini-

385 1059 720 1133 Serapionis
767 1059 1076 1116 clarissimi
1125 1061 1424 1133 martyris.
1466 1066 1529 1117 In
1580 1061 1851 1117 Loadicia
1899 1066 1936 1116 Β

2224 1046 2371 1103 Obiit
2400 1046 2649 1115 Otardus,
2699 1051 2798 1121 qui
2843 1049 2989 1108 dedit
3029 1052 3303 1123 fratribus
3335 1061 3583 1124 propter
3609 1068 3751 1106 amo—

382 1146 673 1203 Αηαιιιοιίί
704 1148 982 1221 episcopi,
2147 1152 2264 1191 rem
2309 1137 2410 1192 Dei
2453 1146 2508 1193 ct
2549 1139 2925 1195 remissionem
2976 1145 3327 1212 peccatorum
3364 1142 3621 1195 suorum
3676 1156 3751 1195 res

456 1236 603 1292 Obiit
632 1237 780 1307 Fet/0
809 1237 969 1293 abba,
2146 1226 2378 1296 optimas
2400 1227 2749 1299 proprietatis
2793 1244 2898 1283 sua:
2944 1230 3005 1283 in
3047 1230 3316 1284 comitatu
3370 1230 3745 1291 Tomotrensi,

318 1325 468 1380 XVII
497 1325 621 1381 Kal.
658 1325 1013 1382 Decembris.
1046 1326 1248 1383 Natale
1277 1332 1335 1382 S.
1367 1327 1571 1384 Felicis
1600 1327 1858 1401 episcopi
1910 1332 1969 1384 et
2146 1314 2207 1367 ίη
2238 1314 2372 1368 villa
2398 1331 2520 1387 (Ιακ
2546 1315 2753 1371 dieitur
2780 1315 3064 1382 Παίονωη»
3098 1321 3151 1372 εί
3196 1319 3260 1371 in
3288 1319 3746 1387 Cirwmimti‘

388 1415 662 1488 martyris
694 1431 827 1471 cum
855 1415 985 1471 aliis
1013 1434 1125 1471 xxx
1156 1416 1335 1472 simul
1380 1417 1795 1490 martyrizatis.
1836 1422 1940 1490 Ipsc

2148 1401 2245 1457 bus
2274 1402 2422 1469 locis,
2452 1419 2576 1459 cum
2602 1405 2974 1471 masinilibus,
3004 1407 3202 1472 vineis,
3233 1409 3452 1479 campis
3478 1417 3538 1462 et
3579 1406 3747 1462 domi-

382 1504 476 1559 die
505 1508 561 1558 S.
594 1504 856 1577 Eugenii,
904 1505 1003 1574 qui
1036 1506 1191 1577 apud
1242 1521 1458 1578 pagum
1510 1505 1965 1563 Parisiacensem
2148 1490 2263 1546 bus-

381 1601 793 1649 consummato
825 1593 1089 1665 martyrii
1118 1610 1295 1650 cursu
1329 1594 1510 1650 beata)
1546 1594 1839 1667 passionis
1869 1612 1963 1651 co-
2073 1581 2124 1631 Χ
2154 1578 2441 1636 Kalendas
2488 1580 2851 1639 Νονθωδτίδσ
2892 1583 3085 1638 Roma?
3135 1587 3194 1638 δ’
3224 1583 3456 1640 “alia
3494 1584 3743 1658 Virginis

381 1697 587 1736 mnam
620 1681 876 1752 percepit,
906 1699 940 1737 ει
971 1682 1244 1738 Domino,
2143 1671 2199 1723 et
2229 1668 2529 1742 martyris.
2571 1673 2735 1737 Item,
2760 1670 2955 1726 Romae
2986 1672 3177 1728 sancti
3210 1672 3405 1729 Mauri
3438 1675 3738 1747 martyris.

454 1769 601 1824 Obiit
663 1769 989 1825 Waltherius
1045 1770 1323 1826 Senonum
1392 1772 1847 1842 archiepiscopus,
1915 1787 1940 1825 ε

2143 1755 2207 1811 In
2238 1756 2497 1814 Caesarea
2527 1758 2718 1814 natale
2745 1763 2802 1813 S.
2836 1761 3079 1834 Longini
3110 1761 3320 1817 militis
3352 1767 3414 1818 et
3440 1764 3738 1836 martyris,

383 1859 674 1915 Gratianus
701 1859 860 1915 abba,
1993 1844 2039 1856 ”
2143 1845 2243 1916 qui
2274 1844 2430 1901 latus
2460 1845 2693 1902 Domini
2723 1846 2925 1904 lancea
2952 1849 3290 1921 perforavit.

312 1948 432 2003 XVI
462 1947 749 2005 Kalendas
780 1948 1424 2022 Decembris.Lugduno
1454 1948 1652 2005 Gallia:
1678 1948 1869 2005 natale
1889 1953 1940 2005 Β.

2213 1933 2358 1990 Obiit
2400 1935 2744 1991 Christianus
2790 1939 3085 2009 episcopus,
3117 1941 3216 2010 qui
3259 1939 3413 1996 dedit
3459 1941 3737 2011 fratribus

2135 2023 2351 2078 Albaris
2395 2024 2589 2080 villam
2615 2024 2685 2079 ad
2729 2027 2822 2080 sui
2864 2041 3188 2082 memoriam
3230 2028 3575 2099 faciendam.
3619 2030 3733 2101 Ipsa

2134 2111 2225 2167 die
2251 2112 2389 2168 obiit
2421 2114 2677 2169 Clemens
2705 2117 2881 2169 omnis
2908 2116 3201 2187 sapientiae
3231 2118 3352 2171 luce
3381 2133 3699 2173 coruscans.

2066 2203 2141 2254 IX
2187 2198 2678 2259 KaLDecembris.
2738 2202 2940 2258 Natale
2986 2201 3052 2258 S.
3093 2203 3419 2260 Clementis
3470 2223 3640 2279 papa
3680 2212 3732 2261 et

2135 2288 2436 2361 martyris.
2479 2289 2695 2345 Eodem
2729 2291 2821 2346 die
2844 2291 3038 2347 natale
3068 2296 3129 2349 S.
3173 2292 3499 2349 Felicitatis
3521 2296 3727 2350 matris

2132 2381 2356 2450 septem
2388 2376 2644 2433 ﬁliorum
2665 2383 3167 2453 martyrum,quos
3183 2382 3523 2440 Antoninus
3540 2383 3725 2456 impe-

2131 2469 2288 2521 rator
2321 2464 2505 2537 jussit
2550 2467 2794 2523 diversis
2840 2468 3147 2541 suppliciis
3205 2471 3486 2537 interire;
3538 2477 3728 2528 mater

2128 2570 2261 2610 vero
2300 2571 2502 2610 eorum
2535 2554 2851 2612 novissime
2882 2557 3160 2615 deoollata
3192 2563 3283 2615 est
3316 2577 3424 2632 pro
3453 2560 3715 2618 Christo.

2129 2647 2190 2700 In
2222 2642 2387 2698 Italia
2416 2643 2768 2699 monasterio
2801 2645 2978 2701 Bobio
3009 2646 3203 2702 natale
3251 2649 3441 2703 sancti
3487 2647 3719 2704 Colum-

2125 2731 2295 2790 banis
2326 2731 2646 2787 abbatis.ln
2670 2748 2819 2805 pago
2847 2733 3101 2790 Asbanio
3134 2735 3327 2791 natale
3350 2736 3712 2793 8.Trudonis

2112 2808 2446 2894 presbyteri
2477 2823 2533 2876 et
2561 2820 2931 2877 confessoris.

2057 2908 2189 2965 VIII
2218 2908 2511 2967 Kalendas
2538 2909 2901 2968 Decembris.
2929 2910 3125 2967 Romae
3154 2912 3350 2969 natale
3375 2916 3708 2969 sanctorum

2123 3002 2447 3071 martyrum
2478 2998 2757 3073 Crysogni
2789 3003 2847 3054 et
2892 2999 3307 3057 Crescentiani.
3343 3002 3547 3058 Castra
3580 3001 3705 3057 Bla-

2119 3085 2211 3143 via
2238 3089 2299 3142 S.
2363 3085 2608 3143 Romani
2639 3087 2960 3161 presbyteri
3009 3092 3066 3144 et
3112 3088 3494 3155 confessoris,
3538 3092 3708 3162 cujus

1971 3155 2015 3224 ί]
2122 3175 2452 3232 sanctitatis
2483 3155 2839 3247 praeconium
2871 3175 3292 3234 miraculorum
3315 3177 3506 3251 gloria
3526 3155 3709 3248 decla-

2120 3266 2233 3320 rat.
2248 3262 2485 3319 Civitate
2505 3263 2773 3319 Corduba
2794 3268 3133 3321 sanctarum
3157 3266 3456 3341 virginum
3490 3266 3700 3323 Florae

2117 3357 2175 3408 ct
2204 3351 2554 3423 Mariamque;
2584 3355 2718 3425 post
2747 3352 3056 3411 diuturnos
3087 3371 3375 3425 carceres,
3406 3372 3513 3429 pro
3542 3355 3697 3412 Chri-

2078 3468 2081 3471 η
2119 3445 2209 3497 sto
2239 3440 2431 3514 gladio
2465 3440 2785 3497 interemta:
2815 3447 2980 3499 sunt.

2188 3530 2335 3586 Obiit
2358 3530 2632 3586 Hictarius
2663 3531 2821 3587 bona?
2847 3533 3153 3598 memoriae,
3184 3534 3283 3605 qui
3319 3532 3470 3589 dedit
3509 3534 3704 3606 fratru-

2118 3620 2215 3676 bus
2260 3621 2373 3675 suis
2414 3621 2475 3675 in
2518 3620 2755 3675 circuitu
2798 3621 3038 3676 civitatis
3085 3623 3274 3677 vineas
3316 3622 3702 3695 adquisitionis

2116 3724 2252 3768 suae.
2301 3708 2499 3765 Eodem
2551 3707 2639 3764 die
2693 3709 3140 3765 anniversarium
3179 3711 3395 3767 Attonis
3430 3712 3697 3779 canonici,

2117 3801 2214 3873 qui
2241 3798 2389 3856 dedit
2415 3796 2685 3870 fratribus
2713 3815 2820 3854 xxx
2853 3798 3045 3865 libras,
3093 3816 3271 3855 servos
3322 3800 3495 3855 etiam
3525 3805 3578 3854 et
3603 3817 3698 3853 an-

2116 3890 2294 3956 cillas,
2341 3903 2609 3960 arpennos
2654 3903 2864 3960 quoque
2910 3889 3199 3944 vinearum
3248 3892 3359 3943 tres
3400 3890 3459 3942 in
3487 3892 3695 3946 Monte-

2119 3983 2286 4045 tenso,
2331 3993 2541 4033 necnon
2587 3992 2745 4032 areas
2772 3992 2891 4048 qua:
2937 3985 3065 4033 sunt
3102 3978 3275 4049 juxta
3329 3977 3389 4033 S.
3441 3977 3699 4049 Stephani

2115 4069 2406 4141 capellam,
2438 4070 2491 4123 et
2537 4082 2727 4122 aream
2773 4082 2945 4121 unam
2980 4070 3109 4122 ante
3153 4067 3376 4121 domum
3400 4082 3699 4138 pauperum

2115 4159 2298 4214 sitam.
2328 4157 2607 4226 Profectus
2633 4158 2713 4210 est
2737 4155 3154 4227 Jerosolymam,
3187 4163 3240 4211 et
3268 4156 3325 4209 in
3379 4171 3442 4210 eo
3488 4156 3696 4219 itinere,

2117 4247 2326 4303 Christo
2351 4245 2667 4310 miserante,
2698 4242 3003 4315 defunctus.

2045 4337 2147 4393 VII
2188 4333 2428 4391 Kalend.
2482 4331 2752 4387 Decemb.
2787 4330 2989 4387 Natale
3034 4335 3091 4388 S.
3143 4330 3297 4387 Petri
3326 4330 3697 4387 Alexandrini

2116 4422 2372 4499 episcopi
2402 4426 2459 4477 et
2487 4420 2780 4493 martyris,
2812 4418 2964 4476 inter
2987 4419 3315 4494 praecipuos
3346 4419 3696 4493 egregii,cui

2114 4518 2245 4588 post
2285 4512 2515 4568 diversa
2533 4508 2855 4565 certamina
2882 4525 2986 4581 pro
3037 4510 3151 4565 ﬁde
3198 4508 3696 4581 Christi,quadam

2115 4607 2285 4660 nocte
2306 4602 2366 4657 in
2387 4598 2592 4655 habitu
2615 4598 2895 4654 Dominus
2919 4598 3193 4671 apparuit
3211 4597 3463 4654 indutus
3478 4596 3695 4654 colobia

2115 4693 2271 4748 linea
2300 4687 2548 4747 candido
2591 4686 2791 4755 nimis,
2815 4687 3115 4744 conscisso
3155 4704 3191 4743 a
3220 4703 3459 4743 summo
3519 4700 3699 4758 usque

2116 4784 2412 4848 deorsum,
2443 4781 2502 4832 et
2531 4774 2823 4832 ambabus
2844 4775 3120 4832 manibus
3151 4774 3551 4848 conjungebat
3569 4790 3695 4831 eum

2115 4871 2270 4927 circa
2298 4870 2503 4941 pectus
2534 4864 2995 4936 suum,quodam
3027 4865 3199 4919 modo
3229 4863 3577 4937 cooperiens
3599 4880 3695 4919 nu-

2116 4960 2357 5017 ditatem
2386 4970 2577 5021 suam,
2610 4956 2667 5008 et
2716 4951 2861 5008 dixit
2906 4953 2978 5008 ad
3028 4970 3163 5009 eum
3197 4969 3213 5008 ι
3245 4951 3395 5021 Quid
3445 4956 3558 5020 est,
3590 4951 3699 5008 Do-

2120 5049 2298 5115 mine,
2332 5043 2488 5117 quod
2518 5041 2684 5097 video
2713 5044 2929 5097 vestem
2980 5045 3145 5097 tuam
3195 5041 3491 5097 scissam?
3522 5041 3591 5096 Et
3618 5057 3697 5095 re-

2119 5134 2359 5211 spondit
2391 5129 2673 5188 Dominus
2697 5145 2710 5184 :
2734 5129 2938 5186 Arrius
2958 5129 3068 5186 hoc
3091 5130 3246 5198 fecit,
3279 5128 3383 5202 qui
3414 5128 3699 5202 separavit

2119 5245 2154 5283 a
2182 5241 2275 5281 me
2302 5219 2585 5295 populum
2611 5222 3015 5291 comparatum
3036 5218 3325 5292 sanguine
3343 5217 3697 5274 meo.Pra:ci-

2118 5315 2213 5388 pio
2243 5326 2401 5369 nunc
2427 5313 2486 5365 et
2514 5322 2722 5363 moneo
2771 5322 2844 5362 ne
2890 5306 3137 5379 recipias
3167 5323 3306 5365 eum
3337 5306 3400 5362 in
3440 5321 3694 5362 commu-

2119 5404 2312 5471 nione,
2344 5403 2461 5456 etc.
2503 5395 2666 5451 Passi
2697 5399 2835 5452 sunt
2867 5399 3064 5452 autem
3094 5412 3233 5453 cum
3262 5412 3331 5453 eo
3361 5412 3433 5451 ex
3461 5395 3693 5469 Egypto

2118 5488 2377 5568 episcopi
2406 5487 2526 5545 fere
2555 5500 2690 5542 cum
2712 5483 2937 5543 clericis
2965 5489 3022 5543 et
3048 5484 3214 5542 laicis
3247 5483 3513 5543 sexcenti
3542 5498 3693 5543 sen-

2120 5583 2309 5661 ginta.

381 2038 647 2093 Eucharii
674 2037 1029 2093 admirandae
1062 2038 1218 2106 fidei,
1240 2038 1368 2094 vitae
1420 2043 1477 2094 et
1524 2038 1798 2094 doctrina:
1828 2037 1955 2093 viri.

378 2132 444 2183 In
474 2126 669 2183 Africa
698 2127 803 2199 SS,
836 2126 1024 2194 Nerei,
1060 2126 1245 2195 Pauli,
1276 2127 1541 2184 Adriani.

308 2216 402 2272 XV
436 2216 723 2273 Kalendas
760 2215 1030 2272 Dccemb.
1068 2215 1237 2287 Apud
1284 2213 1695 2271 Alexandriam
1724 2219 1789 2271 B.
1823 2215 1957 2271 Dio-

346 2306 526 2377 -nysii
558 2304 813 2377 episc0pi
844 2320 1067 2377 magnae
1099 2303 1427 2360 sanctitatis
1454 2304 1587 2361 viri.
1612 2305 1780 2377 Apud
1802 2304 1958 2360 Pon-

376 2401 502 2450 tum
519 2392 709 2449 natale
740 2392 891 2447 beati
928 2393 1186 2465 Gregorii
1205 2392 1953 2467 Neocaesariensisepisc0pi

376 2487 435 2537 et
461 2479 1100 2553 martyris.Aurelianis
1129 2485 1191 2536 8-.
1229 2480 1438 2536 Aniani
1461 2481 1719 2553 episcopi
1740 2486 1798 2537 et
1823 2498 1955 2539 con-

374 2570 612 2626 fessoris
642 2568 813 2639 cujus
844 2571 1089 2622 mortem
1120 2568 1179 2623 in
1210 2574 1526 2640 conspectu
1575 2569 1805 2625 Domini
1841 2571 1949 2625 mi-

374 2656 574 2715 racula
601 2656 804 2712 crebra
848 2659 1163 2712 testantur.
1206 2656 1422 2711 Eodem
1452 2657 1545 2712 die
1573 2657 1856 2726 Cordulaa,
1887 2659 1948 2714 in

372 2745 669 2818 Hispaniis
698 2748 1033 2800 sanctorum
1066 2748 1389 2818 martyrum
1419 2745 1630 2802 Aciseli
1670 2751 1726 2802 et
1754 2746 1945 2803 Victo-

371 2836 490 2903 riae,
540 2834 640 2891 ubi
685 2834 759 2890 ob
805 2833 1369 2890 commendationem
1418 2833 1681 2908 pretiosae
1738 2836 1945 2893 mortis

370 2940 573 2981 eorum
603 2923 807 2980 eodem
829 2921 921 2979 die
942 2939 1087 2979 rosae
1110 2928 1245 2979 ortae
1266 2922 1544 2980 divinitus
1565 2923 1941 2998 colliguntur.

370 3012 622 3069 Turonis
669 3010 855 3069 sancti
905 3010 1165 3085 Gregorii
1220 3012 1476 3085 episcopi
1524 3011 1943 3071 miraculorum

368 3100 602 3159 factoris
615 3142 627 3158 .

440 3200 585 3256 Obiit
614 3201 740 3255 Milo
767 3202 1061 3255 canonicus
1083 3217 1226 3271 puer
1250 3209 1303 3257 et
1330 3201 1630 3273 acolythus,
1663 3204 1759 3273 qui
1793 3202 1940 3259 dedit

365 3292 632 3362 fratribus
660 3292 721 3344 in
749 3291 990 3346 Monteio
1019 3306 1287 3362 arpennos
1314 3292 1602 3346 vinearum
1620 3308 1718 3348 xv.

300 3389 425 3445 XIV
457 3388 747 3445 Kalendas
777 3387 1139 3445 Decembris.
1178 3388 1499 3445 Antiochiae
1529 3388 1722 3445 natale
1746 3389 1941 3446 8.Ηο-

363 3477 523 3532 mani
555 3475 826 3532 monachi
858 3479 917 3532 et
946 3475 1243 3548 martyris.
1278 3476 1491 3533 Eodem
1523 3477 1615 3532 die
1647 3477 1706 3531 in
1736 3477 1939 3533 eadem

361 3566 505 3621 urbe
534 3564 727 3622 natale
757 3566 820 3621 S.
861 3564 1049 3638 Sychii
1085 3566 1381 3637 martyris.
1417 3565 1818 3622 Autissiodero
1840 3566 1939 3622 de-

362 3653 575 3710 dicatio
606 3652 937 3710 basilicas.
979 3654 1254 3710 Germani
1283 3654 1539 3727 episcopi
1586 3672 1721 3711 cum
1767 3671 1939 3729 supe-

362 3741 617 3797 rioribus
647 3742 895 3813 cruptis.
938 3743 1151 3798 Eodem
1202 3742 1296 3798 die
1347 3743 1652 3799 translatio
1681 3745 1938 3817 corporis

360 3830 514 3885 beati
544 3828 1027 3901 prothomartyris
1055 3830 1332 3902 Stephani
1380 3849 1416 3888 a
1459 3832 1839 3906 Jerosolymis
1877 3834 1937 3891 in

343 3917 695 3973 Bizantium
710 3956 723 3974 .

293 4006 423 4062 XIII
452 4004 742 4063 Kalendas
770 4006 1131 4065 Decembris.
1169 4009 1364 4065 Romae
1394 4010 1486 4065 via
1514 4011 1699 4083 Appia
1747 4013 1938 4070 natale

358 4099 421 4152 Β.
463 4094 701 4151 Maximi
726 4095 1045 4168 presbyteri
1075 4102 1132 4152 et
1160 4098 1459 4171 martyris.

288 4185 456 4258 Apud
511 4184 797 4240 Viennam
866 4189 1205 4243 sanctorum
1271 4192 1593 4262 martyrum
1659 4194 1935 4262 Severini,

358 4271 629 4346 Exuperii
661 4278 718 4330 et
749 4273 1048 4332 Feliciani.
1090 4275 1303 4333 Eodem
1332 4277 1426 4333 die
1448 4281 1509 4335 Β.
1550 4279 1750 4336 Fausti
1782 4299 1933 4340 mar-

354 4362 526 4435 tyris.
565 4363 974 4436 Augustiduno
1002 4364 1193 4421 natale
1218 4369 1278 4422 S.
1313 4366 1572 4440 Simplici
1605 4370 1863 4444 episcopi
1881 4378 1938 4429 et

356 4451 656 4525 martyris.
697 4458 838 4525 Ipsa
859 4452 953 4508 die
985 4454 1141 4510 beati
1172 4455 1420 4528 Crispini
1461 4459 1759 4532 martyris.
1791 4465 1932 4519 Item

359 4541 557 4597 Romae
584 4524 797 4597 Gelasii
818 4558 1005 4615 papae.
1297 4524 1317 4528 —
1618 4524 1638 4532 ⁷
1967 4524 2012 4589 D

427 4646 574 4703 Obiit
618 4647 939 4704 Lantbertus
982 4650 1284 4723 presbyter,
1333 4653 1431 4723 qui
1481 4652 1629 4710 dedit
1672 4658 1935 4726 fratribus

354 4736 573 4792 alodum
600 4753 760 4793 suum
790 4740 848 4792 in
878 4740 1013 4793 villa
1041 4754 1168 4812 quae
1203 4740 1409 4796 dicitur
1457 4742 1716 4810 Stabulis,
1748 4754 1801 4802 et
1829 4748 1934 4803 ibi-

356 4825 477 4880 dem
545 4827 607 4879 in
660 4828 1176 4899 circumjacentibus
1251 4829 1399 4886 locis.
1481 4832 1937 4906 Item,Lanfrcdus

350 4913 635 4984 presbyter
687 4916 849 4983 obiit;
899 4918 997 4989 qui
1040 4917 1185 4974 dedit
1238 4920 1507 4990 fratribus
1536 4924 1937 4994 patrimonium

350 5015 508 5055 suum
537 5003 599 5056 in
628 5004 765 5059 villa
796 5004 1069 5063 Gratiaco.

284 5106 391 5163 XII
421 5106 708 5165 Kalendas
738 5110 1099 5172 Decembris.
1154 5114 1346 5171 Romae
1396 5115 1588 5172 natale
1636 5121 1696 5176 S.
1746 5120 1937 5177 Pontii

353 5212 515 5269 papae
533 5201 589 5252 et
617 5201 913 5273 martyris.
946 5203 1113 5275 Apud
1143 5203 1403 5260 Siciltam
1425 5203 1653 5261 civitate
1672 5207 1940 5266 Messana

353 5288 695 5343 sanctorum
772 5288 1018 5361 Ampelii
1067 5294 1121 5346 et
1167 5292 1318 5350 Gaii.
1356 5293 1523 5364 Apud
1586 5288 1937 5355 Cavillonem

354 5378 417 5433 S.
457 5373 718 5433 Silvestri
750 5377 1007 5451 episcopi
1040 5383 1097 5435 et
1125 5379 1495 5436 confessoris.

424 5482 572 5541 Obiit
617 5489 794 5542 [torus
831 5485 897 5543 de
936 5487 1123 5553 Porta,
1154 5488 1252 5559 qui
1286 5503 1387 5559 pro
1429 5488 1722 5546 obtinenda
1742 5508 1934 5565 pecca-

362 5574 542 5635 tomm
582 5591 808 5636 suorum
856 5577 1020 5635 venia
1057 5575 1207 5636 dedit
1258 5577 1535 5634 canonicis
1580 5578 1638 5637 S.
1667 5581 1939 5658 Stephani

3615 291 3750 355 1251
3769 347 3774 351 .
