3868 6204
365 342 523 402 1258

1145 340 1478 403 APPEND.
1525 339 1627 402 AD
1672 342 1863 403 ΒΕΘ.
1910 342 1985 403 Χ.
2016 373 2098 385 --
2128 340 2626 403 MONUMENTA
2669 341 2987 404 LITURG.
3642 337 3742 397 19.56

424 475 588 546 ame
628 474 893 530 Toletum
949 475 1004 529 in
1055 492 1279 530 carcere
1328 476 1539 546 posita,
1571 492 1704 530 cum
1755 474 2015 530 audisset
2044 476 2100 542 Α
2200 475 2464 530 Barbarae
2494 473 2736 547 virginis
2786 479 2842 530 et
2889 473 3191 548 martyris.
3223 471 3406 545 Apud
3458 472 3690 527 Pontum
3710 476 3745 525 Ξ-

433 564 615 620 beata:
647 562 879 619 Eulaliae
898 562 1192 619 cruciatus
1210 569 1266 620 et
1283 564 1642 635 reliquorum
1660 568 2015 636 martyrum,

433 654 534 726 qui
570 658 709 709 tunc
738 652 1516 725 interﬁciebantur,genibus
1544 652 1603 707 in
1637 653 1895 709 oratione
1918 670 2015 726 po-

429 738 963 813 sitis,impollutum
994 740 1221 797 Christo
1251 740 1523 813 spiritum
1571 740 1845 797 reddidit.
1878 746 2011 814 Ipso

428 828 523 885 die
553 828 707 885 beati
736 829 1003 901 Cypriani
1032 829 1262 886 abbatis
1293 830 1661 903 Petragorici.

356 918 433 973 IV
464 920 605 976 ldus
660 919 928 974 Decemb.
972 919 1167 974 Roma:
1224 918 1565 974 Melchiadis
1615 936 1797 993 papae.
1842 920 2009 993 Apud

427 1009 742 1065 Emeritam
778 1007 1068 1080 Hispaniae
1117 1007 1409 1064 civitatem
1457 1007 1651 1063 natale
1681 1012 1736 1063 8.
1771 1008 2010 1064 Eutaliaa

422 1097 665 1171 virginis
693 1102 750 1153 et
781 1096 1074 1169 martyris.
1109 1096 1323 1152 Eodem
1364 1096 1458 1153 die
1505 1098 1659 1169 apud
1711 1098 2008 1169 praefatam

428 1187 632 1243 urbem
664 1186 859 1259 passio
889 1190 945 1241 8.
977 1185 1147 1242 Julia:
1177 1185 1445 1259 virginis,
1480 1203 1606 1258 qua:
1638 1187 1749 1240 fuit
1781 1186 2009 1241 convir-

422 1274 637 1348 ginalis
667 1276 844 1331 beata:
879 1274 1509 1347 EulaliaHispolitana
1530 1275 1755 1331 civitate
1786 1280 2011 1331 sancto-

423 1381 554 1419 rum
589 1369 914 1436 martyrum
946 1363 1302 1436 Carpophori
1330 1363 1673 1436 presbyteri,
1697 1369 1755 1419 et
1774 1363 2008 1419 Abundi

422 1450 678 1508 diaconi.

496 1550 657 1606 Obiit
701 1550 1054 1605 Il'mlimzrus
1108 1551 1497 1623 corepiseopus.
1547 1554 1670 1622 Ipso
1726 1550 1816 1605 die
1872 1551 2007 1606 obiit

417 1638 725 1694 Amalricus
758 1641 938 1705 levita,
971 1641 1069 1711 qui
1095 1639 1242 1695 dedit
1290 1639 1559 1711 fratribus
1604 1639 1879 1712 praedium
1906 1639 2004 1695 ad-

419 1728 733 1798 quisitionis
760 1742 880 1784 sua?
909 1730 966 1783 in
994 1729 1130 1783 villa
1168 1743 1294 1800 quae
1339 1729 1545 1783 dicitur
1588 1730 1924 1796 Castriacus,
1954 1736 2003 1785 et

421 1818 481 1870 in
508 1814 821 1887 confinibus
848 1817 963 1888 ejus
1003 1833 1275 1888 arpennos
1321 1819 1610 1873 vinearum
1659 1835 1756 1882 vn,
1787 1826 2035 1890 propter.

417 1922 657 1961 amorem
688 1907 815 1961 vita:
842 1913 1065 1962 wternse
1091 1910 1143 1961 et
1170 1908 1262 1962 sui
1282 1907 1603 1962 memoriam
1634 1906 1994 1962 rccolendam.

417 1995 614 2050 Eodem
638 1995 725 2050 die
749 1994 882 2050 obiit
914 1995 1209 2050 Reinaldus
1256 1996 1694 2068 archipresbyter
1741 2005 1793 2051 et
1834 2012 1996 2051 cano-

415 2085 693 2156 nicus,qui
720 2084 866 2139 dedit
890 2083 1158 2154 fratribus
1187 2087 1450 2157 optimam
1480 2088 1697 2140 vineam
1726 2093 1778 2141 et
1800 2087 1999 2153 viginti

415 2173 597 2228 modia
626 2174 765 2239 vini,
797 2177 849 2227 et
877 2189 1094 2228 servum
1122 2190 1315 2240 unum,
1343 2181 1395 2229 et
1422 2176 1479 2229 in
1509 2175 1744 2230 claustro
1780 2176 1994 2246 facien-

413 2262 481 2317 do
509 2278 541 2316 c
569 2262 793 2318 solidas.

342 2364 420 2415 Ill
456 2360 594 2415 Idus
623 2360 894 2416 Decemb.
931 2359 1128 2417 Romze
1156 2364 1212 2415 S.
1245 2360 1474 2417 Damasi
1506 2379 1687 2435 papae,
1722 2364 1777 2416 et
1806 2361 1997 2417 natale

414 2456 510 2504 88.
544 2452 869 2521 martyrum
899 2447 1189 2514 Pontiani,
1221 2450 1545 2505 Praetextati
1592 2456 1648 2506 et
1694 2451 1993 2507 Trasonis.

412 2541 478 2597 In
509 2535 713 2592 Galliis
742 2536 973 2591 civitate
1005 2537 1526 2606 Ambianis,natale
1546 2543 1640 2593 SS.
1669 2543 1993 2612 martyrum

412 2624 708 2694 Victorici,
741 2624 1032 2691 Fusciani,
1062 2629 1237 2696 atque
1261 2625 1667 2698 Gentiani,qui
1700 2627 1995 2699 gloriosis-

414 2714 629 2769 simam
659 2730 779 2768 sua:
810 2713 944 2768 fidei
992 2713 1420 2769 confessionem
1455 2715 1740 2786 sanguine
1770 2716 1993 2788 passio-

416 2802 508 2857 nis
538 2802 978 2857 decoraverunt.
1014 2805 1077 2855 In
1110 2800 1406 2874 Hispaniis
1435 2803 1628 2859 natale
1649 2804 1989 2873 S.Eutichii,

413 2891 585 2961 cujus
610 2895 773 2963 gesta
801 2889 1111 2946 habentur.

483 2978 631 3035 Obiit
677 2980 952 3049 Gerberga
1007 2982 1288 3036 cometissa
1342 2998 1485 3036 uxor
1539 2983 1762 3037 Henrtci
1817 2982 1987 3038 ducis.

411 3070 532 3140 Ipsa
576 3068 666 3123 die
711 3069 847 3124 obiit
897 3069 1190 3140 Gozfridus
1242 3070 1486 3126 sacerdos
1542 3074 1705 3143 atque
1755 3071 1991 3127 dccanus

407 3157 694 3214 Senonicw
718 3158 891 3212 urbis.

2194 562 2407 618 Meletii
2440 562 2695 636 episcopi
2727 568 2785 620 et
2817 563 3195 620 confessoris.

2121 652 2243 707 XVI
2275 651 2396 706 Kal;
2427 652 2558 708 Jan.
2591 653 2758 725 Apud
2789 651 3159 709 Antiochiam
3191 650 3518 707 translatio
3548 653 3602 705 et
3629 650 3753 722 dep}

2193 740 2326 797 sitio
2358 740 2620 813 corporis
2651 745 2709 796 8.
2743 741 2951 813 Ignatii
2984 741 3245 814 episcopi
3277 746 3338 795 et
3372 739 3670 813 martyris,
3690 742 3755 811 qui

2193 845 2406 900 passus
2436 833 2525 884 est
2555 828 2749 885 Romae
2782 828 3059 886 Kalendis
3089 829 3428 887 Februarii.
3453 826 3669 884 Eodem
3696 830 3760 884 die

2191 917 2346 973 beati
2380 917 2602 986 Lazari,
2637 935 2812 991 quem
2850 919 3131 975 Dominus
3165 920 3346 975 Iesus
3380 918 3445 973 in
3501 918 3760 988 evangelio

2189 1004 2404 1079 legitur
2434 1007 2813 1063 resuscitasse
2844 1024 2879 1063 a
2907 1008 3175 1063 mortuis.
3209 1011 3359 1063 Item
3397 1006 3591 1062 beata
3638 1004 3763 1059 Mar-

2189 1095 2301 1150 tha:
2332 1094 2548 1151 sororis
2570 1096 2719 1167 ejus.
2752 1102 2817 1151 In
2850 1096 3072 1152 oriente
3113 1098 3272 1169 apud
3323 1095 3762 1166 Eleuteropoiim

2187 1184 2480 1240 civitatem
2526 1188 2621 1239 SS.
2656 1188 2980 1258 martyrum
3026 1184 3496 1258 quinquaginta,
3536 1183 3637 1256 qui
3680 1186 3762 1237 sub

2187 1273 2521 1330 Sarracenis
2549 1273 2710 1346 passi
2742 1279 2900 1330 sunt.

2115 1362 2210 1417 XV
2243 1361 2367 1418 Kal.
2399 1363 2531 1419 Jan.
2560 1363 2726 1434 Apud
2757 1362 3009 1419 Africam
3058 1362 3251 1419 natale
3282 1367 3339 1417 S.
3377 1362 3610 1436 Moysis
3640 1379 3767 1417 mar-

2186 1451 2351 1523 tyris.
2384 1452 2600 1507 Eodem
2631 1452 2725 1507 die
2754 1455 2810 1506 8.
2842 1452 3169 1507 Anatholize
3199 1452 3455 1525 virginis
3488 1455 3553 1507 et
3585 1456 3767 1523 marty-

2186 1539 2287 1595 ris.
2321 1541 2574 1597 Turonis
2602 1544 2657 1595 S.
2691 1539 2918 1596 Gatiani
2952 1541 3125 1613 primi
3171 1539 3437 1613 episcopi
3494 1540 3685 1613 ipsius
3708 1541 3767 1594 ci-

2184 1628 2400 1684 vitatis.

2251 1718 2405 1776 Obiit
2433 1718 2758 1788 Eldegarius
2788 1720 2981 1784 laicus,
3003 1720 3101 1789 qui
3126 1718 3278 1774 dedit
3308 1719 3601 1789 fratribus
3628 1734 3763 1774 omne

2179 1807 2449 1879 prcedium
2476 1824 2639 1862 suum
2684 1810 2740 1863 in
2785 1824 2927 1880 pago
2970 1809 3338 1873 Tornetrensi,
3366 1808 3429 1862 in
3484 1809 3624 1862 villa
3671 1807 3761 1861 ια-

2180 1896 2387 1965 driaco,
2422 1906 2535 1952 tam
2565 1898 2622 1951 in
2652 1899 2825 1952 vineis
2853 1914 3017 1969 quam
3057 1900 3115 1951 in
3168 1899 3353 1960 terris,
3383 1899 3575 1968 pratis
3619 1897 3760 1950 cultu

2177 1994 2230 2040 et
2260 1986 2505 2055 incultis,
2535 1986 2712 2054 silvis,
2746 1985 3011 2051 domibus,
3042 1993 3095 2041 et
3137 2003 3263 2040 cum
3315 1986 3581 2041 omnibus
3624 1985 3760 2055 adja-

2176 2076 2391 2141 centiis,
2420 2091 2519 2146 pro
2549 2076 2891 2131 absolutione
2915 2080 3262 2147 peccatorum
3294 2091 3553 2130 suorum.

2106 2163 2247 2218 XIV.
2283 2163 2405 2219 Kal.
2437 2164 2570 2219 Jan.
2603 2163 3003 2220 Autissiodero
3033 2164 3321 2237 depositio
3373 2164 3533 2219 beati
3568 2162 3759 2236 Grego-

2177 2253 2247 2308 rii
2277 2254 2556 2328 episcopi,
2593 2254 2693 2326 qui
2725 2252 2875 2309 sedit
2899 2270 3086 2309 annos
3109 2270 3211 2322 xn,
3243 2269 3492 2309 menses
3522 2270 3623 2319 vn,
3649 2253 3757 2307 dies

2177 2359 2258 2397 III.
2292 2342 2569 2415 Sepultus
2620 2347 2710 2399 est
2756 2344 2814 2397 in
2862 2340 3109 2398 ecclesia
3155 2345 3213 2397 S.
3246 2341 3555 2397 Germani.
3605 2342 3754 2412 Apud

2114 2454 2119 2459 λ
2174 2432 2485 2503 z‘Egyptum
2545 2431 2697 2487 beati
2748 2431 3001 2487 Nemesii
3052 2430 3354 2502 martyris.
3404 2429 3751 2485 Alexandria

2175 2519 2327 2574 beati
2357 2518 2671 2575 Clementis
2703 2520 3044 2592 presbyteri.

2102 2605 2229 2661 XIII
2263 2606 2386 2662 Kal.
2417 2607 3047 2663 Jan.Beatissimorum
3077 2611 3408 2679 martyrum
3436 2606 3751 2669 Ammonis,

2172 2695 2437 2764 Zenonis,
2470 2695 2775 2765 Ptolomei,
2810 2695 3032 2768 Ingenii
3062 2700 3120 2752 et
3148 2694 3487 2767 Theophili.

2246 2786 2405 2841 Obiit
2432 2785 2655 2841 Etism
2685 2785 3125 2855 archidiaconus,
3160 2787 3258 2857 qui
3298 2783 3459 2839 dedit
3497 2784 3751 2855 fratribus

2173 2890 2257 2930 res
2280 2875 2636 2947 praprietatis
2664 2890 2783 2932 suae
2824 2876 2883 2929 in
2931 2874 3067 2929 villa
3115 2888 3243 2945 quae
3285 2872 3504 2929 dicitur
3541 2875 3751 2929 Gratia-

2168 2979 2280 3029 cus,
2346 2979 2615 3034 arpennos
2679 2965 2971 3019 vinearum
3034 2980 3111 3027 Ix,
3170 2967 3399 3036 propter
3464 2960 3749 3016 remedium

2164 3059 2509 3123 peccatorum
2562 3067 2809 3120 suorum,
2856 3054 3055 3124 suique
3100 3053 3425 3107 memoriam
3485 3066 3750 3105 recensen-

2168 3141 2316 3196 (iam.

337 3250 387 3301 Il
425 3247 561 3303 Idus
592 3213 861 3302 Decemb.
896 3245 1098 3303 Natale
1129 3248 1223 3303 SS.
1260 3248 1660 3322 Hermogenis,
1693 3249 1900 3305 Donati
1929 3253 1987 3305 et

2179 3234 2194 3283 [
2226 3228 2349 3285 Kal.
2374 3230 2505 3287 Jan.
2540 3229 2731 3287 natale
2758 3231 2819 3286 Β.
2851 3229 3086 3285 Τὴοωω
3118 3229 3417 3303 apost,qni
3451 3228 3680 3283 Parthis
3697 3234 3747 3282 ct

411 3336 662 3391 aliorum
691 3352 826 3391 xxu.
857 3336 1023 3407 Apud
1056 3336 1465 3393 Alexandriam
1499 3340 1799 3393 beatorum
1834 3355 1987 3393 mar-

409 3430 606 3496 tyrum
638 3424 988 3495 Epimachii,
1010 3424 1340 3480 Alexandri.
1374 3427 1539 3497 Apud
1566 3426 1987 3498 Septimaniam

408 3513 552 3569 urbe
582 3513 853 3569 Narbona
904 3514 1190 3585 depositio
1238 3515 1389 3570 beati
1441 3515 1600 3571 Pauli
1648 3514 1902 3588 episcopi
1932 3519 1989 3571 et

408 3601 781 3657 confessoris.
819 3606 878 3656 ln
910 3618 1058 3674 pago
1081 3603 1484 3659 Vimmacense
1515 3603 1706 3659 natale
1728 3608 1784 3658 S.
1804 3603 1989 3659 Wale-

408 3691 511 3746 rici
543 3690 913 3758 confessoris,
950 3691 1049 3762 qui
1082 3708 1259 3763 super
1285 3697 1582 3748 Sommam
1607 3693 1847 3748 ﬂuvium
1869 3708 1989 3748 ere-

408 3779 670 3833 miticam
700 3777 878 3833 vitam
910 3778 1095 3834 duxit.

337 3868 479 3921 Idus
529 3865 799 3921 Decemb.
833 3866 999 3937 Apud
1047 3870 1392 3939 Syracusam
1440 3867 1646 3924 Siciliae
1694 3869 1986 3926 civitatem

411 3952 603 4009 natale
632 3957 687 4008 8.
723 3952 911 4007 Luciaa
943 3954 1183 4026 virginis
1213 3961 1269 4011 et
1298 3957 1591 4030 martyris.

480 4061 602 4132 Ipsa
630 4059 722 4115 die
750 4058 887 4115 obiit
916 4061 1160 4117 Matildis
1186 4065 1462 4119 comitissa
1486 4064 1744 4120 Landrici
1760 4066 1983 4138 conjux.

408 4149 606 4206 Eodem
632 4148 721 4204 die
751 4150 1174 4222 Hermengardis
1204 4151 1483 4209 abbatissa
1511 4153 1664 4210 obiit.

334 4256 457 4313 XIX
504 4255 743 4313 Kalend.
803 4256 1089 4313 Januarii.
1141 4259 1309 4332 Apud
1366 4262 1618 4333 Cyprum
1675 4260 1869 4317 natale
1925 4265 1983 4317 8.

407 4344 796 4418 Sphiridionis
826 4346 1081 4420 episcopi
1114 4353 1172 4404 et
1201 4348 1572 4405 confessoris.
1607 4350 1805 4407 Remis
1830 4351 1987 4407 S.Ni-

408 4434 548 4490 casii
582 4434 837 4509 episcopi
867 4440 923 4491 et
944 4437 1346 4510 martyris,qui
1369 4455 1403 4493 a
1425 4439 1727 4495 Wandalis
1748 4456 1852 4512 pro
1875 4440 1986 4494 fide

407 4524 621 4581 Christi
652 4525 808 4580 intra
836 4525 1079 4581 domum
1111 4526 1365 4584 ecclesia)
1397 4528 1716 4585 decollatus
1746 4531 1984 4585 est.Au-

407 4614 715 4669 tissiodero
741 4614 1031 4670 dedicatio
1062 4615 1264 4671 altaris
1303 4616 1559 4673 ecclesia;
1606 4618 1925 4692 superioris
1954 4636 1988 4673 a

406 4703 624 4759 Calixto
673 4720 826 4777 papa
877 4705 926 4758 ΙΙ
970 4706 1139 4774 facta,
1171 4709 1228 4761 et
1276 4710 1342 4761 ut
1388 4706 1728 4763 solemniter
1757 4724 1789 4763 a
1820 4706 1988 4763 nobis

407 4809 641 4864 quoque
674 4809 828 4849 anno
861 4791 1253 4850 celebraretur
1273 4795 1346 4850 ab
1367 4796 1570 4852 eodem
1589 4795 1877 4852 instituta.

405 4880 583 4935 XVIII
616 4881 718 4936 Kal
741 4882 872 4937 Jan.
902 4882 1067 4954 Apud
1098 4882 1351 4939 Africam
1379 4884 1571 4940 natale
1602 4886 1787 4941 sancti
1818 4884 1985 4941 Vale-

408 4967 554 5024 riani
585 4970 839 5042 episcopi
878 4975 936 5026 et
978 4972 1351 5029 confessoris.
1379 4977 1444 5028 In
1477 4974 1774 5030 territurio
1813 4976 1986 5030 Aure-

407 5056 655 5114 lianensi
704 5059 855 5115 beati
908 5060 1209 5116 Maximini
1267 5062 1589 5135 presbyteri
1642 5062 1989 5120 venerabilis

405 5146 734 5203 sanctitatis
767 5148 891 5204 viri.

480 5254 637 5312 Obiit
667 5254 971 5311 Aclevertus
996 5258 1241 5315 sacerdos
1271 5263 1323 5314 et
1350 5259 1603 5316 decenas.

331 5361 486 5419 XVII
516 5361 639 5418 Kal.
671 5362 800 5418 Jan.
852 5360 1053 5417 Trium
1101 5381 1416 5436 puerorum
1463 5366 1719 5435 Ananiae,
1752 5367 1987 5434 Azariaa,

405 5451 683 5520 Misaelis,
716 5467 969 5523 quorum
1000 5467 1243 5524 corpora
1273 5454 1428 5524 apud
1474 5455 1849 5529 Babyloniam
1879 5456 1987 5511 sub

404 5543 660 5614 quodam
692 5556 869 5614 specu
903 5546 1043 5596 sunt
1073 5542 1506 5613 posita.Eodem
1531 5544 1623 5600 die
1647 5544 1839 5601 natale
1861 5545 1992 5601 bea-

401 5635 597 5692 torum
642 5635 971 5711 martyrum
1021 5631 1148 5689 Ruﬁ
1196 5634 1253 5689 et
1297 5630 1531 5689 Zosimi.
1565 5637 1633 5690 In
1663 5633 1896 5694 Tuscia.
1931 5638 1989 5697 8.

2167 3318 2351 3375 Medis
2383 3319 2747 3392 evangelium
2777 3320 3350 3392 praedicans,passus
3379 3323 3469 3375 est
3496 3319 3555 3373 in
3586 3317 3745 3371 India

2167 3425 2201 3462 ν
2232 3408 2428 3464 Nonas
2454 3408 2660 3464 Julias.
2693 3409 2914 3481 Corpus
2935 3409 3064 3480 ejus
3114 3408 3174 3463 in
3220 3405 3521 3463 'civitatem
3570 3421 3741 3478 quam

2166 3496 2292 3569 Syri
2318 3497 2597 3553 Edessam
2624 3503 2854 3562 voeant,
2887 3515 2963 3553 xu
2995 3496 3289 3553 Kalendas
3309 3496 3579 3553 Januarii
3601 3499 3744 3550 tran-

2168 3584 2404 3653 slatum,
2440 3586 2636 3658 ibique
2666 3587 2846 3659 digno
2876 3585 3094 3641 honore
3126 3586 3431 3641 conditum
3461 3589 3571 3639 est.

2236 3675 2438 3730 Electio
2467 3674 2655 3731 domui
2685 3675 2925 3731 Geranni
2952 3676 3209 3747 episcopi,
3241 3676 3341 3746 qui
3368 3673 3518 3729 dedit
3550 3676 3747 3744 fratri-

2169 3764 2266 3819 bus
2308 3765 2638 3833 Logniacum
2684 3765 2878 3820 villam
2923 3773 2977 3819 et
3020 3764 3257 3831 Solium,
3292 3762 3435 3819 unde
3482 3762 3639 3817 debet
3682 3760 3744 3814 ad

2168 3853 2469 3907 luminaria
2499 3854 2854 3908 ecclesiarum
2880 3857 3086 3909 saneta
3116 3853 3343 3918 Μαι-ἰδ’,
3375 3856 3429 3907 et
3453 3852 3631 3905 sancti
3647 3850 3747 3905 Ste-

2162 3941 2357 4013 phani,
2388 3946 2441 3997 et
2481 3943 2661 3998 sancti
2706 3942 2972 3998 Johannis
3015 3942 3262 3999 modium
3308 3942 3437 4009 olei,
3469 3945 3522 3995 et
3565 3942 3747 4011 fratri

2169 4030 2264 4085 bus
2302 4031 2505 4086 libram
2552 4048 2722 4086 unam
2768 4031 3144 4099 denariorum,
3177 4032 3278 4102 qui
3325 4033 3500 4102 ipsam
3549 4034 3743 4084 terrain

2166 4121 2422 4176 tenuerit.
2452 4120 2650 4175 Eodem
2678 4120 2770 4175 die
2795 4120 2932 4176 obiit
2955 4122 3130 4191 Agnes
3157 4119 3225 4175 de
3257 4119 3595 4189 Longiwilla,
3628 4132 3743 4190 qua

2166 4207 2314 4263 dedit
2341 4210 2583 4265 ecclesia?
2617 4210 3043 4280 protomartyris
3069 4213 3133 4266 Β.
3164 4208 3438 4280 Stephani
3479 4209 3742 4262 cortinam

2162 4298 2459 4369 pretiosam
2487 4297 2717 4353 diversis
2745 4298 3020 4353 coloribus
3047 4297 3380 4355 decoratum.

2094 4386 2167 4441 XI
2197 4385 2318 4442 Kal.
2343 4386 2473 4443 Jan.
2508 4386 2702 4441 Romae
2729 4385 2822 4442 via
2852 4385 3139 4441 Lavicana
3166 4385 3318 4442 inter
3345 4385 3509 4441 Duas
3535 4386 3742 4440 Lauros

2168 4474 2359 4531 natale
2389 4492 2496 4531 xxx
2526 4477 2869 4549 martyrum,
2898 4474 3005 4546 qui
3029 4492 3232 4531 omnes
3261 4490 3380 4530 uno
3411 4474 3507 4530 die
3536 4474 3595 4529 in
3619 4490 3743 4546 per-

2166 4563 2462 4620 secutione
2495 4563 2831 4620 Diocletiani
2858 4564 3118 4620 coronati
3149 4563 3481 4635 sunt.Apud
3513 4563 3744 4619 Alexan-

2167 4654 2356 4709 driam
2388 4653 2449 4708 B.
2481 4652 2815 4727 Schyrionis
2846 4652 3143 4725 martyris.
3172 4656 3306 4725 Ipso
3358 4652 3453 4709 die
3502 4652 3741 4708 aliorum

2169 4742 2561 4815 plurimorum
2594 4742 3051 4815 martyrum,qui
3082 4742 3141 4797 in
3171 4741 3423 4798 desertis
3454 4745 3515 4797 et
3542 4739 3746 4797 monti-

2169 4834 2280 4888 bus
2310 4832 2465 4905 apud
2497 4832 2808 4904 Egyptum
2839 4829 3743 4904 aberrantes,fame,siti,frigore,

2168 4920 2469 4994 languore,
2503 4920 2851 4986 latronibus,
2893 4919 3214 4993 bestiisque
3259 4920 3564 4976 consumti
3596 4924 3745 4985 sunt,

2167 5010 2383 5066 Eodem
2443 5009 2535 5065 die
2588 5007 2924 5065 Tbeodosiaa
2976 5008 3219 5080 virginis
3266 5014 3327 5064 et
3365 5006 3667 5081 martyris,
3698 5010 3747 5062 et

2168 5099 2355 5155 sancti
2384 5098 2601 5154 Didimi
2632 5096 2904 5154 monachi
2932 5096 3321 5154 eruditissimi
3351 5096 3486 5153 viri.

2096 5189 2141 5245 X
2172 5187 2296 5245 Kal.
2343 5187 2473 5245 Jan.
2526 5188 2722 5244 Romae
2766 5186 2959 5242 natale
3001 5190 3057 5241 8.
3091 5185 3360 5243 Victoria:
3405 5187 3657 5261 virginis
3697 5189 3749 5241 et

2170 5276 2462 5350 martyris.
2495 5276 2665 5348 Apud
2712 5275 3105 5333 Nicomediam
3153 5278 3250 5331 88.
3281 5280 3617 5349 martyrum
3660 5291 3746 5330 ιι.

2168 5372 2314 5423 Item
2346 5367 2540 5422 Romae
2572 5365 2725 5421 beati
2754 5363 2977 5420 Servuli
3005 5365 3078 5421 de
3126 5381 3241 5436 quo
3287 5364 3501 5421 beatus
3551 5364 3751 5435 Grego-

2170 5457 2293 5512 rius
2325 5454 2529 5511 scribit
2560 5471 2573 5509 :
2607 5453 2714 5519 Qui
2738 5454 2913 5510 rebus
2945 5450 3423 5526 pauperJ'neritis
3452 5458 3653 5509 autem
3675 5452 3749 5506 di-

2169 5562 2268 5601 ves
2300 5545 2408 5600 fuit
2433 5550 2489 5599 et
2516 5547 2707 5599 cetera
2737 5543 2886 5598 mira
2911 5560 3039 5616 quae
3069 5544 3140 5599 de
3159 5559 3225 5599 eo
3247 5542 3750 5616 loquitur.Bodem

2170 5634 2265 5693 die
2308 5631 2501 5693 natale
2528 5636 2585 5691 8.
2618 5630 2941 5691 Heuvatisti
2988 5647 3150 5709 papae
3198 5635 3258 5691 et
3303 5630 3609 5710 martyris.
3637 5633 3754 5689 Anc
