3868 6204
88 361 239 420 i257
1382 361 1721 423 KALEND.
1770 359 1879 421 MA
1891 361 2182 423 NTUAN.
3333 366 3491 426 1258

157 493 465 549 tissiodero
499 494 787 552 dedicatio
831 495 1084 551 ecclesiae
1130 498 1188 549 S.
1221 493 1505 549 Johannis
1538 495 1733 566 Bapfi-
1767 495 1821 561 Α
1919 509 2125 565 gorum
2161 494 2374 548 indicio
2397 496 2778 566 cognovisset.
2801 496 3100 568 trigesimo
3121 497 3324 569 quinto
3355 499 3497 554 anni

155 586 276 637 stin,
1918 583 2075 653 regni
2112 582 2199 636 sui
2232 582 2477 637 interfici
2507 584 2707 654 jussit.
2741 584 2845 649 Qui
2889 602 3043 639 anno
3072 604 3257 651 Xxxw,
3293 587 3497 643 morbo

226 670 373 727 Obiit
412 671 651 727 Abienus
693 672 975 738 diaconus,
1004 675 1103 745 qui
1144 672 1293 729 dedit
1334 673 1605 742 fratribus
1655 689 1738 728 re:
1918 671 2225 726 intercutis
2253 688 2435 743 aquas,
2470 672 2830 728 scatentibus
2867 678 2987 728 toto
3019 691 3256 748 corpore
3284 676 3499 732 vermi-

148 760 505 831 proprietatis
534 776 655 818 suae
684 762 743 815 in
779 762 913 816 villa
943 776 1071 833 qua:
1096 761 1303 817 dicitur
1331 764 1386 816 S.
1420 762 1736 829 Mauricius,
1918 761 2054 825 bus,
2087 760 2504 816 miserabiliter
2532 766 2589 816 et
2618 761 2794 833 digne
2823 762 3089 818 moritur.

152 856 203 903 et
232 850 293 903 in
330 849 469 903 villa
517 863 645 920 qum
689 849 899 905 dicitur
944 851 1207 913 Antoniis,
1258 857 1474 921 propter
1523 852 1742 906 reniam
1992 848 2140 904 Obiit
2164 848 2446 919 Sigrmtus,
2471 852 2571 921 qui
2586 851 2732 906 dedit
2758 851 3027 922 fratribus
3055 866 3310 907 mansum
3339 870 3503 909 suum

150 948 497 1009 peccatorum
522 939 949 1011 percipiendam,
981 948 1031 995 et
1062 939 1131 994 ad
1168 941 1260 995 sui
1300 941 1623 995 memoriam
1651 955 1740 994 ce-
1920 936 2375 993 indomim‘catum
2431 955 2552 995 cum
2597 942 2851 996 omnibus
2886 934 3231 1013 'amendiliis
3276 944 3390 998 suis
3442 959 3503 998 in

155 1027 495 1082 labi-undam.
1606 1076 1611 1079 .
1917 1042 2059 1097 pago
2096 1027 2454 1093 Tometrensi,
2487 1030 2547 1083 in
2579 1030 2713 1084 vitta
2753 1029 3067 1097 Citiei-uaco,
3100 1031 3166 1086 de
3212 1033 3387 1088 vincis
3414 1049 3504 1088 ar-

90 1114 165 1169 IX
198 1114 322 1169 Kal.
342 1115 698 1189 Jan.Vigilia
718 1115 943 1173 Natalis
963 1116 1214 1175 Domini.
1236 1117 1453 1174 Eodem
1475 1117 1566 1171 die
1588 1115 1741 1188 apud
1919 1130 2149 1186 pannos.
2174 1156 2186 1171 .
2210 1155 2222 1171 .
2249 1156 2256 1171 .
2281 1155 2293 1171 .
2322 1116 2388 1171 de
2416 1123 2558 1173 terra
2591 1119 2865 1189 accingas.
2891 1161 2900 1173 .
2926 1159 2937 1174 .
2963 1159 2973 1175 .
2998 1160 3009 1173 .
3050 1120 3120 1175 (id
3144 1132 3361 1175 censum
3412 1136 3503 1185 ra:

158 1204 524 1260 Antiochiam
549 1205 725 1277 Syriae
774 1205 991 1261 natalis
1030 1208 1124 1260 SS.
1148 1205 1439 1279 virginum
1483 1222 1576 1261 xc.
1609 1206 1744 1270 Quae
1923 1203 2097 1257 tribus
2127 1203 2387 1259 dandum.

160 1307 266 1363 per
294 1292 519 1347 diversa
566 1295 859 1349 tormenta
904 1295 1250 1363 martyrium
1301 1309 1744 1349 consummave-
1855 1290 1927 1347 IV
1959 1290 2236 1347 Kal.Jan.
2270 1292 2677 1362 Ilierosolymaa
2709 1293 2991 1367 depositio
3039 1290 3275 1351 Davidis
3324 1297 3479 1373 regis

1924 1379 2086 1451 Apud
2120 1379 2406 1436 Arelatem
2442 1381 2631 1436 natale
2662 1381 2845 1437 sancti
2876 1382 3192 1457 Trophymi
3219 1384 3499 1460 episcopi,

1924 1468 1995 1522 de
2030 1484 2146 1540 quo
2172 1468 2375 1524 scribit
2393 1470 2706 1540 Apostolus
2735 1472 2805 1526 ad
2832 1472 3202 1529 Timotheum
3227 1472 3239 1528 ἐ
3273 1466 3504 1547 Trophy-

1922 1573 2075 1611 mum
2120 1558 2324 1629 reliqui
2372 1560 2656 1628 inﬁrmum
2709 1560 2911 1615 Mileti.
2949 1559 3047 1615 Hic
3098 1562 3169 1616 ab
3223 1562 3502 1634 apostolis

1927 1645 2121 1700 Romae
2153 1646 2459 1701 ordinatus
2489 1648 2819 1719 episcopus,
2850 1648 3077 1720 primus
3104 1648 3501 1706 Arelatensem

1925 1734 2129 1788 urbem
2146 1733 2340 1789 Galliaa
2359 1735 2430 1789 oh
2449 1734 2658 1790 Christi
2680 1735 3042 1809 evangelium
3066 1738 3503 1809 praedicandum

1925 1823 2182 1878 directus
2212 1828 2319 1878 est.
2346 1825 2425 1878 Ex
2454 1825 2625 1895 cujus
2649 1826 2824 1888 l‘onte,
2843 1830 2906 1879 ut
2935 1827 3142 1882 beatus
3169 1843 3319 1899 papa
3349 1827 3504 1883 Zosi-

1923 1928 2057 1967 mus
2080 1912 2305 1979 scribit,
2330 1916 2460 1966 tota;
2481 1913 2676 1968 Galliae
2704 1914 2834 1969 fidei
2859 1914 3076 1970 rivulos
3130 1920 3501 1987 acceperunt.

1927 2001 1986 2055 In
2023 2017 2170 2073 pago
2194 2000 2530 2056 Occimense
2559 2002 2748 2057 natale
2770 2003 2953 2057 sancti
2980 2002 3195 2058 Ebrulﬁ
3219 2004 3509 2060 confesso-

159 1386 319 1446 runt,
348 1381 514 1453 Apud
551 1380 850 1454 Spoletum
886 1381 1078 1438 natale
1121 1383 1180 1437 S.
1213 1382 1472 1455 Gregorii
1505 1382 1745 1454 presby-

159 1470 269 1524 teri
299 1474 357 1525 et
387 1470 681 1542 martyris,
714 1470 815 1542 qui
866 1487 1019 1543 saepe
1071 1476 1372 1543 regyratus
1402 1470 1579 1526 variis
1627 1476 1743 1526 tor-

160 1557 377 1613 mentis
406 1561 494 1613 est
524 1562 857 1614 coronatus.

83 1646 219 1700 VIII
256 1644 374 1701 Kal.
407 1647 537 1702 Jan.
588 1647 881 1702 Bethleem
935 1646 1218 1702 Nativitas
1271 1647 1586 1703 Salvatoris
1633 1648 1743 1703 D0-

160 1734 305 1789 mini
342 1735 523 1792 nostri
555 1735 698 1791 Jssu
731 1738 963 1791 Cunis'ri
998 1736 1322 1791 secundum
1355 1752 1612 1792 carnem.
1643 1737 1747 1791 Eo-

159 1825 294 1879 dem
324 1824 417 1880 die
444 1824 635 1880 natale
658 1825 716 1880 S.
742 1825 1061 1880 Anastasis:
1084 1825 1327 1897 virginis
1361 1830 1417 1881 et
1448 1824 1743 1897 martyris,
1783 1862 1824 1926 Β

158 1930 290 1984 qua:
321 1912 392 1968 de
422 1913 607 1968 Roma
648 1917 846 1968 secuta
896 1918 985 1969 est
1032 1919 1266 1969 sanctos
1295 1913 1391 1985 qui
1426 1914 1495 1968 ad
1529 1917 1746 1985 marty-

158 2003 316 2057 rium
367 2002 748 2057 duccbantur.
787 2002 980 2057 Romae
1013 2004 1069 2057 in
1102 2002 1386 2057 cimiterio
1428 2002 1745 2075 Aproniani

160 2090 361 2162 passio
393 2092 449 2145 S.
484 2090 753 2162 Eugeniae
784 2091 1048 2163 virginis.
1925 2090 2028 2157 ris,
2059 2090 2230 2159 cujus
2260 2094 2424 2162 gesta
2452 2090 2760 2146 habentur.
2794 2091 3190 2148 Antissiodero
3220 2092 3506 2150 dedicatio

84 2179 195 2234 VII
232 2177 354 2233 Kal.
377 2178 508 2233 Jan.
530 2179 695 2251 Apud
715 2179 1135 2252 Jerosolymam
1164 2180 1358 2252 passio
1385 2182 1443 2234 8.
1470 2177 1746 2251 Stephani
1925 2177 2178 2234 ecclesiae
2209 2179 2392 2234 sancti
2429 2178 2728 2235 Michaelis
2758 2183 2815 2235 et
2844 2180 3035 2235 sancti
3062 2179 3394 2237 Clementis.

163 2266 608 2340 protomartyris
652 2272 709 2323 et
751 2267 1002 2333 diaconi,
1035 2269 1135 2340 qui
1196 2285 1311 2323 non
1372 2267 1558 2323 multo
1618 2271 1749 2339 post
1857 2268 1931 2322 Ill
1968 2267 2086 2322 Kal.
2119 2267 2250 2322 Jan.
2283 2268 2448 2339 Apud
2493 2268 2790 2339 Spoletum
2824 2270 3021 2342 passio
3069 2271 3254 2326 sancti
3303 2270 3505 2327 Sabini

162 2357 579 2412 Ascensionem
612 2357 867 2425 Domini,
892 2359 962 2413 ab
990 2356 1271 2430 apostolis
1290 2344 1423 2412 cum
1449 2361 1605 2413 esset
1636 2354 1749 2427 ple-

164 2461 281 2499 nus
312 2444 424 2499 ﬁde
451 2449 506 2499 et
534 2445 752 2517 Spiritu
802 2449 1025 2512 sancto,
1051 2445 1332 2501 diaconus
1371 2449 1460 2500 est
1509 2445 1746 2503 ordina-

164 2539 284 2603 tus,
310 2538 485 2604 atque
514 2534 714 2588 eodem
767 2550 922 2589 anno
964 2551 1080 2606 quo
1112 2538 1167 2589 et
1198 2534 1463 2587 Christus
1514 2550 1745 2605 passus,

163 2642 197 2677 a
229 2623 451 2678 Judaeis
481 2628 568 2679 est
597 2622 913 2695 lapidatus.
939 2624 1153 2678 Eodem
1197 2623 1289 2677 die
1336 2622 1528 2677 natale
1558 2623 1744 2678 sancti

1926 2355 2201 2427 episc0pi,
2229 2357 2577 2428 Exuperan'i
2622 2361 2679 2412 ct
2729 2358 2984 2414 Marcelli
3016 2360 3418 2425 diaronorum,
3450 2364 3508 2417 et

1926 2444 2267 2501 Venustiani
2294 2462 2423 2500 cum
2454 2463 2629 2501 uxore
2659 2450 2713 2501 et
2747 2446 2880 2501 {iliis
2914 2447 3089 2503 simul
3120 2450 3508 2522 martyrizatis

1929 2535 2039 2588 sub
2062 2533 2413 2588 Maximiano
2438 2534 2809 2607 imperatore.
2834 2536 3086 2593 Turonis
3112 2536 3305 2593 natale
3325 2543 3380 2594 μ.
3403 2538 3511 2593 Per

1928 2623 2087 2694 petui
2116 2623 2370 2696 episcopi
2408 2629 2460 2679 et
2495 2625 2867 2681 confessoris.

164 2711 375 2766 Marini
408 2710 719 2767 clarissimi
740 2712 866 2779 viri,
888 2712 985 2784 qui
1014 2712 1274 2784 martyrii
1308 2711 1612 2783 praemium
1635 2711 1747 2766 sub

163 2802 517 2872 imperatore
550 2800 831 2856 Martiano
864 2801 1059 2856 Romae
1091 2802 1339 2872 adeptus
1370 2805 1478 2854 est.

240 2888 386 2944 Obiit
416 2888 758 2959 Ingetboldus
786 2890 962 2945 miles.
1286 2874 1301 2881 ”

90 2979 167 3033 VI
203 2976 331 3033 Kal.
355 2979 488 3034 Jan.
512 2979 675 3051 Apud
705 2978 994 3051 Ephesum
1027 2978 1219 3033 natale
1251 2979 1435 3033 sancti
1464 2976 1749 3032 Johannis

162 3066 413 3140 apostoli
454 3072 511 3123 et
553 3066 919 3141 evangelistaa
951 3067 1144 3124 dilecti
1179 3066 1432 3122 Domini.
1467 3065 1567 3120 Hic
1618 3070 1749 3137 post

162 3155 322 3211 exilii
363 3155 799 3229 relegationem,
840 3160 974 3228 post
1021 3154 1399 3228 Apocalypsis
1448 3153 1746 3221 revelatio-

164 3262 301 3300 nem
332 3227 611 3313 divinam,
637 3250 771 3318 post
800 3227 1078 3318 evangelii
1112 3227 1584 3318 descriptionem,
1620 3260 1749 3298 con-
1780 3227 1822 3291 Ο

84 3379 89 3383 .
165 3338 355 3391 fectus
386 3335 549 3391 senio
579 3339 847 3392 mortuus
877 3339 965 3392 est
998 3338 1126 3407 post
1157 3333 1489 3406 passionem
1523 3331 1747 3388 Domini

165 3442 324 3480 anno
357 3442 545 3492 uvm,
570 3424 754 3479 aetatis
786 3428 981 3479 autem
1015 3440 1133 3477 sum
1163 3422 1542 3494 nonagesimo
1574 3438 1747 3477 nono.

166 3519 235 3568 In
265 3513 532 3585 partibus
558 3511 833 3585 Aquileia:
868 3510 1059 3567 natale
1083 3512 1140 3566 S.
1167 3510 1318 3566 Zoeli
1347 3509 1667 3583 presbyteri
1698 3515 1755 3566 et

165 3602 547 3658 confessoris.

83 3692 138 3746 V
174 3691 303 3748 Kal.
335 3691 468 3747 Jan.
513 3690 808 3747 Bethleem
851 3689 1042 3747 natale
1091 3692 1426 3745 sanctorum
1476 3688 1754 3744 Innocen-

165 3781 343 3849 tium,
368 3797 516 3853 quos
546 3778 804 3836 Herodes
833 3796 967 3835 cum
995 3777 1207 3833 Christi
1240 3777 1599 3833 nativitatem
1633 3777 1753 3833 Ma-

1859 2711 1906 2766 II
1949 2712 2070 2766 Kal.
2099 2712 2232 2767 Jan.
2256 2713 2450 2767 Romae
2482 2713 2671 2767 natale
2701 2714 2758 2769 S.
2794 2714 3053 2771 Silvestri
3088 2732 3248 2789 papae
3281 2719 3337 2770 et
3368 2733 3533 2772 oon—-

1931 2801 2188 2868 fessoris,
2214 2803 2384 2872 cujus
2407 2806 2571 2859 actus
2604 2802 2744 2858 clari
2777 2802 3085 2863 habentur.
3118 2805 3221 2860 Hic
3252 2804 3359 2860 fuit
3381 2810 3513 2878 post

1928 2891 2164 2945 beatum
2208 2891 2437 2945 Petrum
2490 2891 2889 2962 apostolorum
2917 2908 3083 2949 xxxv.
3109 2892 3269 2948 Sedit
3314 2897 3511 2949 autem

1929 2980 1984 3033 in
2015 2978 2352 3050 episcopatu
2407 2995 2592 3033 annos
2638 2995 3037 3046 xx1n,rnenses
3066 2997 3122 3046 ν,
3143 2979 3269 3036 dies
3296 2997 3374 3036 x1.
3411 2979 3515 3037 I-Iie

1928 3066 2138 3139 plenus
2162 3064 2479 3122 virtutibus
2500 3066 2643 3121 obiit
2672 3067 2730 3121 in
2763 3084 2924 3139 pace,
2946 3072 3004 3124 et
3033 3067 3300 3141 sepultus
3330 3073 3419 3124 est
3447 3068 3509 3125 in

1930 3153 2215 3209 cimiterio
2237 3152 2509 3209 Priscilla:
2531 3154 2623 3208 via
2643 3153 2867 3210 Salaria
2889 3156 3076 3228 pridie
3100 3155 3382 3213 Kalendas
3413 3150 3513 3213 Ja-

1933 3242 2145 3298 nuarii.
2170 3242 2335 3313 Apud
2358 3242 2610 3297 Senones
2632 3242 2935 3299 beatorum
2958 3243 3157 3300 Sabini
3180 3240 3435 3317 episcopi
3453 3249 3513 3300 et

1930 3329 2391 3402 Potentiani,qui
2434 3348 2467 3385 a
2504 3330 2690 3387 beatis
2739 3331 3020 3403 apostolis
3066 3333 3139 3387 ad
3190 3332 3510 3405 praedican-

1931 3421 2072 3475 dum
2105 3419 2327 3486 directi,
2353 3419 2652 3491 praefatam
2701 3420 2907 3476 urbem
2953 3421 3216 3494 martyrii
3246 3421 3338 3477 sui
3369 3438 3512 3478 oen-

1933 3509 2183 3565 fessione
2211 3507 2500 3565 illustrem
2528 3508 2809 3565 fecerunt.
2839 3509 3005 3576 Item,
3026 3510 3285 3566 Senones
3315 3510 3512 3584 passio

1933 3598 1993 3652 S.
2027 3595 2319 3652 Columba:
2361 3596 2624 3670 virginis,
2658 3614 2785 3670 quae
2815 3602 3087 3677 superato
3133 3598 3268 3673 igne
3316 3597 3513 3673 gladio

1934 3703 2082 3742 caesa
2112 3690 2222 3741 est.

2007 3774 2153 3830 Obiit
2185 3776 2450 3832 Anseisus
2481 3778 2883 3834 Tricasinensis
2912 3779 3211 3852 episcopus.

977 4126 1832 4223 KALENDABIUM
1898 4125 2640 4219 MANTUANUM

1792 4479 1838 4542 D
1868 4493 1907 4550 g
1935 4477 2165 4532 XVIIII.
2201 4476 2266 4543 K,
2300 4476 2433 4531 Feb.
2471 4473 2679 4531 Felicis
2709 4475 3037 4531 Presbiteri.

1866 4569 1913 4623 A
1942 4566 2145 4620 XVIII.
2180 4564 2367 4620 Mauri
2395 4565 2541 4620 Abh.

1869 4656 1905 4710 h
1948 4659 2122 4710 XVII.
2156 4653 2409 4709 Marcelli
2442 4670 2540 4726 pp.
2574 4658 2631 4707 et
2660 4653 2831 4709 Mart.

1869 4762 1898 4799 c
1946 4744 2086 4800 XVI.
2121 4741 2315 4800 Savini
2342 4742 2610 4815 Episcopi
2643 4747 2699 4798 et
2730 4742 2982 4798 Antonii.

449 4480 575 4538 Jan.
611 4481 776 4536 habet
801 4480 914 4536 dies
944 4496 1097 4545 xxxi,
1132 4481 1250 4535 tun.
1282 4498 1411 4536 xxx.

82 4574 137 4628 A
170 4572 289 4626 KL.
323 4569 458 4625 Jan.
491 4569 870 4625 Circumcisio
900 4568 1432 4628 DominLBonit‘atii
1468 4586 1564 4641 pp.

87 4662 131 4715 b
176 4664 310 4715 IIII.
339 4659 487 4714 Non.
512 4658 636 4714 Oct.
671 4657 870 4730 Steph.
905 4657 1244 4730 Telesphori
1280 4675 1376 4729 pp.

86 4767 123 4805 c
177 4753 278 4803 III.
316 4747 438 4803 Oct.
470 4746 682 4803 Johan.
717 4748 962 4801 Anteros
994 4762 1091 4818 pp.
1122 4751 1181 4801 et
1212 4749 1383 4800 mart.

85 4839 129 4893 d
173 4839 251 4891 II.
288 4836 413 4893 Oct.
456 4838 653 4892 Innoc.
1869 4833 1906 4888 d
1945 4833 2058 4888 XV.
2094 4833 2299 4888 Priscae
2328 4830 2398 4886 V.

86 4943 126 4983 e
176 4925 333 4982 Non.
364 4925 479 4999 vig.
1870 4939 1901 4978 e
1945 4922 2122 4977 XIIII.
2161 4919 2421 4977 Bassiani
2460 4920 2751 4993 Episcopi.

88 5017 124 5071 f
174 5017 335 5069 VIII.
372 5012 456 5069 Id.
487 5012 816 5087 Epiphania
846 5012 1098 5069 Domini.
1870 5012 1898 5064 f
1946 5011 2095 5065 XIII.
2132 5008 2368 5065 Fabiani
2404 5026 2500 5081 pp.
2535 5013 2592 5064 et
2622 5009 2696 5063 M.
2732 5008 2957 5064 Sebast.
2992 5008 3068 5063 M.

87 5121 135 5177 g
174 5105 307 5158 VII.
1871 5117 1909 5173 g
1946 5103 2072 5155 XII.
2098 5097 2338 5171 Agnetis
2372 5100 2433 5153 V.

85 5195 140 5248 A
172 5194 278 5248 Vl.
1868 5189 1914 5242 A
1944 5193 2043 5243 XI.
2077 5184 2363 5242 Vincentii
2396 5190 2454 5241 et
2480 5185 2773 5241 Anastasii
2801 5186 2877 5240 M.

1872 5382 1901 5419 c
1948 5364 2122 5419 VIIII.
2157 5360 2445 5418 Timothei
2475 5362 2757 5434 Apostoli.

1870 5454 1906 5508 d
1949 5456 2098 5507 VIII.
2133 5448 2441 5507 Conversio
2470 5454 2526 5505 S.
2564 5451 2746 5506 Pauli.

86 5387 125 5426 c
174 5374 314 5427 IIII.
346 5368 512 5426 Pauli
546 5368 718 5444 primi
751 5370 973 5425 berem.
1007 5366 1326 5442 Agathonis
1359 5384 1454 5441 pp.
1509 5412 1520 5422 .

87 5459 132 5515 d
173 5463 283 5517 III.
316 5458 516 5532 Yginii
549 5476 645 5531 pp.
679 5462 735 5514 et
773 5458 941 5515 Mart.

88 5566 126 5606 θ
176 5553 257 5607 II.
1868 5558 1898 5596 e
1946 5541 2071 5596 VII.
2105 5535 2300 5595 Paula
2329 5536 2677 5596 Abbatissas.

88 5638 122 5697 f
175 5638 346 5697 Idus.
380 5636 508 5698 Oct.
538 5635 842 5710 Epyphan.
1869 5630 1897 5687 t'
1946 5632 2044 5683 VI.
2074 5623 2354 5688 Vitaliani
2381 5642 2484 5700 pp.

429 5764 695 5827 PATROL.
742 5759 1120 5824 CXXXVIII.
3131 5756 3212 5821 40
