3868 6204
355 338 509 400 126⁵1
1138 345 1475 408 APPEND.
1523 348 1624 409 AD
1669 349 1857 411 SEO.
1905 351 1980 413 Χ.
2015 381 2091 397 -—
2122 350 2614 419 MONUMENTA
2656 359 2976 422 LITUBG.
3607 364 3720 422 1268

446 491 482 529 x
529 491 564 530 a
705 474 744 549 ij
846 475 930 532 Id.
1008 476 1269 551 Simplici
1305 497 1451 534 mar.

523 565 559 620 b
591 563 728 621 Idus
763 566 922 622 Febr.
1002 566 1276 639 Stephani
1310 569 1587 640 episcopi.

339 650 474 723 xviij
526 669 556 708 c
629 654 719 725 xvj
754 653 916 709 Chal.
994 655 1307 722 Valentini,
1342 656 1754 725 Valentiniani,
1790 660 2018 730 Vitalis,
2057 662 2321 731 Felicule,
2355 670 2411 721 et
2438 666 2703 723 Zenonis.
3609 675 3722 732 IXL.

397 740 474 812 vij
527 741 563 796 d
650 759 722 798 xv
749 741 910 800 Chal.
989 746 1247 800 Faustine
1275 753 1328 800 et
1353 747 1528 802 Jovz'te
1546 756 1713 802 mart.
3603 765 3713 822 IXL.

519 846 550 885 e
585 829 710 902 xiiij
744 830 905 886 Chal.
985 832 1242 888 Faustini
1281 832 1426 905 epis.
1462 834 1614 889 Brix.
1647 835 1880 893 Juliane
1912 838 2058 911 Virg.
3603 854 3724 910 IXL.

414 936 484 974 xv
532 919 560 974 f
614 919 712 992 xiij
745 919 906 976 Chal.
986 921 1292 977 Policronii
1325 923 1470 994 epis.

391 1007 476 1078 iiij
525 1023 563 1080 g
634 1009 712 1080 xij
747 1008 908 1064 Chal.
988 1011 1287 1082 Epymenii
1319 1012 1465 1084 epis.
1499 1016 1556 1067 et
1589 1030 1734 1069 mar.

530 1113 566 1150 a
662 1097 718 1168 xj
751 1096 910 1152 Chal.
994 1097 1202 1168 Publii,
1238 1100 1513 1167 Marcelli,
1547 1105 1603 1156 et
1631 1101 1872 1159 Juliani.

399 1184 477 1254 xij
528 1185 563 1238 b
686 1203 721 1240 x
753 1185 914 1240 Chal.
993 1187 1157 1259 Gagii
1192 1189 1336 1260 epis.

449 1273 473 1342 j
525 1288 555 1327 c
657 1275 723 1345 jx
753 1273 916 1329 Chal.
993 1275 1144 1330 Justi
1179 1280 1234 1330 et
1264 1279 1576 1334 Amatoris.

521 1363 556 1416 d
623 1360 724 1430 viii
755 1362 915 1418 Chal.
994 1363 1281 1420 Cathedra
1311 1367 1368 1422 S.
1404 1368 1554 1422 Petri
1589 1376 1774 1440 apost.

3611 1391 3728 1448 IXL.

406 1450 473 1520 jx
520 1467 552 1505 e
642 1449 716 1521 vij
749 1450 908 1506 Chal.
987 1453 1269 1526 Policarpi
1305 1457 1447 1527 epis.
3521 1494 3576 1549 ε,

543 1540 568 1594 r
670 1539 723 1610 vj
755 1539 917 1595 Chal.
995 1543 1210 1615 Mathye
1238 1543 1416 1615 Apost.
3411 1579 3418 1582 -
3522 1539 3556 1549 ”
3609 1567 3728 1623 ω..

340 1626 452 1699 xvij
513 1644 550 1700 g
685 1645 719 1681 ν
749 1627 909 1683 Chal‘
986 1630 1143 1686 Justi
1175 1635 1232 1686 et
1263 1631 1488 1688 Donati.

414 1717 467 1787 vj
520 1733 553 1770 a
627 1714 710 1787 iiij
743 1716 904 1772 Chal.
981 1717 1312 1775 Alexandri.
3242 1801 3244 1804 τ
3511 1748 3576 1799 D.

396 1799 398 1802 ’
513 1806 550 1859 b
641 1804 702 1876 iij
735 1804 894 1862 Chal.
972 1808 1350 1865 Abundantii.

357 1893 458 1965 xiij
509 1911 540 1950 c
661 1894 698 1966 ij
733 1893 894 1951 Chal.
971 1896 1208 1953 Celeris.

404 1981 531 2039 Kal.
982 1987 1184 2042 Martis
1214 1988 1407 2060 prima
1438 1996 1600 2046 necat
1631 1993 1800 2063 cujus
1833 1993 1890 2048 in
1925 1995 2168 2066 cuspide
2200 2002 2410 2069 quarta
2441 2003 2548 2055 est.

994 2074 1195 2132 Dando
1227 2077 1381 2133 diem
1402 2079 1655 2150 primam
1687 2081 1850 2137 dabit
1871 2081 2077 2140 horam
2110 2085 2360 2143 Martius
2391 2087 2600 2160 ipsam.

996 2163 1212 2228 Quarta
1243 2184 1345 2222 nec
1375 2172 1464 2223 est
1493 2170 1712 2224 munda
1742 2172 1911 2242 cujus
1942 2178 2109 2232 nocet
2138 2174 2282 2232 hora
2311 2179 2586 2234 secunda.

1000 2255 1224 2310 Martius
1254 2257 1414 2312 habet
1439 2258 1553 2313 dies
1583 2275 1735 2325 XXXI,
1770 2261 1904 2315 luna
1934 2278 2064 2317 xxx.

396 2339 456 2411 iij
511 2338 545 2394 d
579 2337 793 2394 Martii.
993 2340 1184 2398 Albini
1217 2345 1361 2416 epis.

506 2443 537 2482 e
653 2427 707 2498 vj
766 2427 911 2483 Non.
989 2429 1268 2501 Simplicii
1303 2449 1398 2505 pp.

401 2516 458 2588 xj
510 2515 537 2570 f
673 2532 706 2568 v
761 2517 907 2571 Non.
986 2518 1147 2573 Pauli
1179 2520 1336 2592 Epis.
1371 2522 1524 2578 Brix.

500 2620 537 2676 g
610 2602 692 2675 iiij
751 2605 900 2660 Non.
977 2606 1326 2664 Sanctorum
1358 2627 1504 2665 mar.

364 2693 464 2763 xjx
505 2709 540 2746 a
635 2691 696 2763 iij
755 2693 901 2748 Non.
984 2696 1142 2750 Lucii
1176 2714 1275 2770 pp.
1308 2704 1364 2754 et
1394 2716 1540 2755 mar.

355 2776 454 2853 viij
507 2781 544 2836 b
655 2781 694 2853 ij
753 2782 898 2838 Non.
976 2783 1222 2841 Victoris
1254 2793 1310 2842 et
1339 2789 1615 2844 Victorini
1651 2807 1796 2846 mar.

517 2871 907 2928 cNonasMar.
975 2874 1256 2946 Perpetue
1285 2882 1341 2932 et
1372 2878 1704 2935 Felicitatis.
1739 2882 2014 2941 Gaudiosi
2045 2886 2191 2959 epis.
2225 2887 2376 2943 Brix.
2954 2913 2956 2915 ‘
3089 2913 3094 2917 '
3597 2958 3601 2959 ,

361 2959 452 3030 xvj
502 2960 537 3015 d
586 2959 683 3031 viij
811 2961 895 3016 Id.
973 2962 1131 3018 Cirili
1161 2963 1306 3036 epis.
3593 2994 3720 3050 ηε.

414 3066 448 3102 ν
495 3066 525 3104 e
599 3047 674 3120 vij
807 3049 891 3105 Id.
967 3051 1365 3126 Quadraginta
1396 3056 1684 3114 Martires.

500 3138 526 3192 f
661 3138 715 3210 vj
847 3139 928 3194 Id.
1007 3141 1282 3215 Gorgonii
1315 3148 1371 3199 et
1401 3145 1663 3201 Candidi.

333 3223 433 3300 xiij
486 3243 525 3299 g
671 3244 707 3282 ν
831 3228 913 3284 Id.
991 3230 1185 3286 Eradii
1217 3236 1273 3288 et
1298 3233 1531 3289 Zosimi.

400 3312 445 3386 ij
497 3331 532 3370 a
623 3315 706 3386 iiij
837 3316 920 3373 Id.
997 3318 1254 3391 Gregorii
1290 3336 1386 3392 pp.
1421 3325 1477 3376 et
1505 3322 1765 3381 Doctoris
1797 3327 1855 3382 S.
1890 3327 2163 3388 Ecclesie.
3589 3351 3718 3407 IXL.

453 3442 456 3445 -
493 3403 531 3458 b
642 3403 704 3476 iij
839 3405 920 3461 Id.
1000 3407 1348 3464 Marcedonii
1380 3426 1533 3482 pres.
1567 3416 1625 3468 et
1655 3414 1896 3472 Patricie
1930 3420 2126 3475 uxoris
2157 3422 2304 3493 ejus.

359 3491 366 3494 ’
405 3508 442 3546 x
490 3508 520 3546 c
658 3491 696 3563 ij
829 3493 914 3549 Id.
993 3495 1200 3552 Leonis
1231 3514 1328 3570 pp.
1360 3502 1416 3552 et
1445 3515 1589 3555 mar.

395 3591 404 3601 ‘
486 3580 522 3635 d
564 3580 700 3636 Idus
769 3581 912 3636 Mar.
993 3583 1235 3656 Longini
1268 3603 1412 3641 mar.
1448 3587 1608 3643 Pauli
1638 3594 1692 3644 et
1724 3591 1906 3649 Silvii.

331 3669 467 3740 xviij
501 3685 532 3725 e
587 3670 700 3740 xxij
746 3669 908 3725 Chal.
986 3672 1188 3728 Ciriaci
1221 3675 1379 3729 Diae.
1414 3693 1548 3732 cum
1579 3680 1712 3736 Azo.
1748 3699 1892 3738 mar.

381 3757 459 3828 vij
495 3757 521 3811 f
606 3759 695 3829 xvj
742 3758 903 3813 Chal.
981 3762 1369 3819 Patriciic'onf.
1405 3764 1656 3828 Quiriaci
1687 3771 1830 3842 epis.

488 3859 526 3916 g
621 3861 691 3932 xv
734 3845 894 3900 Chal.
972 3846 1185 3921 Collegi
1217 3850 1448 3907 Diacon.
1486 3855 1745 3912 Anselmi
1777 3861 1920 3932 epis.

385 3948 457 3986 xv
485 3948 520 3986 a
556 3931 680 4002 xiiij
727 3932 890 3988 Chal.
967 3935 1254 3992 Theodori
1287 3956 1442 4010 pres.

367 4018 452 4091 iiij
484 4019 520 4075 b
569 4019 670 4091 xiij
717 4019 879 4076 Chal.
956 4022 1288 4096 Guthpretti
1320 4028 1465 4099 epis.

479 4125 509 4162 c
582 4107 661 4180 xij
709 4107 870 4165 Chal.
951 4110 1241 4167 Benedicti
1274 4115 1538 4172 Abbatis.

3582 4153 3714 4208 IXL.

362 4195 446 4269 xij.
474 4197 510 4252 d
600 4198 656 4269 xj
705 4197 868 4254 Chal.
947 4199 1109 4255 Pauli
1139 4203 1292 4258 conf.
1320 4206 1640 4264 Saturnini.

415 4286 504 4356 je
613 4303 649 4342 x
694 4286 856 4343 Chal.
936 4288 1160 4345 Felicis.

481 4375 508 4429 f
579 4376 647 4447 jx
693 4375 853 4432 Chal.
931 4377 1196 4434 Seleucii.

369 4462 437 4533 jx
463 4478 502 4535 g
533 4463 633 4536 viij
682 4464 843 4521 Chal.
921 4468 1288 4524 Annunciatio
1318 4469 1373 4524 S.
1407 4473 1593 4529 Maria.
3581 4506 3709 4562 1XL.

458 4569 492 4607 a
555 4551 629 4624 vij
680 4553 841 4609 Chal.
919 4556 1184 4612 Pontiani
1219 4561 1413 4630 presb.
1448 4566 1504 4617 et
1536 4563 1784 4624 Maxime
1814 4571 2010 4629 uxoris
2039 4575 2189 4645 ejus.

310 4640 424 4712 xvij
457 4641 493 4696 b
580 4643 634 4713 vj
683 4643 843 4699 Chal.
923 4644 1200 4702 Marciani
1231 4648 1408 4720 episc.
1444 4656 1501 4706 et
1531 4669 1677 4710 mar.

372 4729 426 4800 vj
461 4747 491 4784 c
599 4749 632 4786 v
680 4731 842 4788 Chal.
921 4733 1145 4807 Rogati.

456 4819 491 4873 d
545 4820 626 4891 iiij
678 4821 841 4877 Chal.
919 4823 1294 4881 Theodoricis
1327 4843 1474 4882 mar.

305 4905 427 4976 xiiij
459 4922 488 4960 e
564 4908 624 4978 iij
676 4909 837 4966 Chal.
915 4915 1163 4970 Secundi
1194 4932 1342 4971 mar.

367 4992 490 5064 iijf
579 4996 616 5065 ij
667 4997 826 5055 Chal.
903 5003 1098 5058 Anesi.

429 5081 557 5140 Kal.
900 5091 1112 5162 Aprilis
1141 5094 1368 5150 decima
1398 5101 1427 5152 é
1457 5099 1768 5159 undecima
1797 5122 1831 5160 a
1860 5106 1974 5164 [ine
2006 5110 2286 5167 minatur.

894 5179 1063 5271 lloris
1093 5179 1150 5234 in
1181 5182 1389 5253 primis
1421 5184 1684 5243 decimus
1717 5193 1963 5251 sulI'ocat
1992 5198 2224 5271 Aprilis.

897 5264 1251 5324 Undecimus
1282 5288 1468 5329 nonas
1501 5274 1630 5331 ferit
1661 5276 1796 5334 inde
1827 5264 2066 5358 diesque
2097 5305 2198 5361 per
2227 5289 2418 5346 horas.

895 5353 1100 5424 Aprilis
1131 5357 1288 5414 habet
1317 5360 1432 5416 dies
1463 5380 1592 5432 xxx,
1626 5367 1761 5423 [una
1788 5388 1936 5428 χχιχ.

449 5453 488 5510 g
595 5436 809 5511 Aprilis
882 5442 1185 5514 Agapitus.

368 5526 422 5595 xj
456 5543 490 5616 a
656 5528 799 5584 Non.
879 5529 1061 5587 Niceti
1087 5536 1144 5589 et
1168 5534 1396 5592 Abundi
1425 5539 1850 5616 episcoporum.

453 5614 489 5667 ι)
543 5615 603 5684 iij
655 5617 800 5672 Non.
878 5618 1022 5675 Sixti
1058 5637 1154 5693 pp.
1187 5627 1245 5679 et
1275 5641 1419 5680 mar.
