3868 6204
121 359 299 426 1269

158 515 271 588 xjx
447 513 485 589 ᾖ
564 512 712 574 Non.

158 606 270 679 viij
296 607 332 662 d
359 605 554 664 Nonas
579 608 715 680 Apr.

159 697 332 768 xvje
434 695 529 767 viij
637 695 720 752 Id.

240 785 349 840 vf
450 784 523 856 vij
640 783 721 839 Id.

312 890 350 947 ε
471 873 523 944 vj
639 873 723 926 Id.

156 961 275 1035 xiij
309 978 345 1017 a
489 977 520 1014 ν
638 960 725 1015 Id.

230 1050 352 1123 ijb
448 1048 527 1121 iiij
643 1049 726 1104 Id.

320 1155 352 1195 c
463 1139 522 1210 iij
635 1139 722 1194 Id.

242 1247 283 1285 χ
311 1228 346 1285 d
484 1228 520 1300 ij
633 1227 720 1282 Id.

311 1333 342 1373 e
358 1317 498 1373 ldus
516 1315 731 1388 Aprilis

122 1408 275 1478 xviij
311 1408 338 1462 l'
369 1407 503 1477 xviij
568 1405 728 1462 Chal.

191 1496 276 1568 vij
313 1513 351 1568 g
396 1495 506 1566 xvij
563 1493 724 1550 Chal.

312 1602 346 1640 a
418 1583 509 1656 xvj
561 1581 722 1639 Chal.

203 1692 278 1730 xv
309 1673 346 1728 b
440 1689 509 1728 xv
560 1671 721 1728 Chal.

185 1763 276 1834 iiij
311 1779 342 1818 c
381 1761 504 1832 xiiij
560 1759 722 1818 Chal.

305 1851 342 1907 d
409 1850 506 1922 xiij
562 1850 722 1906 Chal.

193 1942 275 2014 xij
309 1957 342 1997 e
429 1941 508 2012 xij
555 1939 718 1996 Chal.

255 2030 344 2102 jf
455 2029 510 2100 xj
567 2026 728 2085 Chal.

308 2136 347 2192 ε
481 2135 517 2174 x
567 2116 730 2174 Chal.

144 2209 274 2280 viiij
310 2225 345 2266 a
392 2206 511 2278 viiij
567 2205 729 2262 Chal.

307 2299 345 2354 h
409 2296 506 2368 viij
561 2295 724 2353 Chal.

158 2387 277 2460 xvij
319 2403 351 2442 c
435 2386 508 2458 vij
562 2385 723 2441 Chal.

229 2477 283 2547 vj
319 2476 355 2532 d
452 2476 505 2546 vj
561 2473 724 2530 Chal.

317 2580 350 2621 θ
466 2580 498 2617 ν
549 2562 711 2619 Chal.

140 2655 268 2726 xiiij
324 2653 350 2709 ἰ
418 2653 499 2723 iiij
553 2651 716 2709 Chal.

206 2744 267 2816 iij
302 2762 340 2816 g
433 2743 492 2813 iij
549 2740 710 2797 Chal.

301 2850 338 2888 a
456 2833 492 2904 ij
549 2830 712 2887 Chal.

166 2923 295 2980 Kal.

212 3278 266 3349 xj
303 3278 339 3333 b
379 3276 575 3333 Madii.

303 3383 334 3421 c
459 3365 512 3434 vj
568 3365 714 3420 Non.

168 3455 268 3525 xjx
298 3455 333 3510 d
482 3471 516 3507 ν
568 3453 714 3510 Νοη.

163 3543 263 3615 viij
299 3560 330 3599 e
432 3542 514 3615 iiij
569 3543 716 3599 Non.

305 3632 332 3687 f
452 3631 512 3701 iij
569 3631 714 3688 Non.

167 3719 261 3794 xv}
291 3737 331 3794 g
476 3721 512 3792 ij
569 3721 716 3776 Non.

224 3828 258 3865 v
289 3828 324 3866 a
345 3811 540 3866 Nonas
575 3809 712 3866 Mai.

295 3900 332 3954 b
422 3897 520 3970 viij
638 3899 724 3953 Id.

169 3987 339 4059 xiijc
446 3986 522 4056 vij
635 3987 723 4042 Id.

233 4076 268 4146 εί
302 4076 338 4132 d
463 4076 515 4147 vj
630 4075 714 4131 Id.

307 4181 338 4220 e
482 4181 515 4217 v
624 4165 713 4220 Id.

243 4254 329 4309 xl
430 4251 511 4323 iiij
625 4252 709 4308 Id.

303 4358 342 4414 g
452 4340 514 4412 iij
627 4340 710 4397 Id.

136 4431 275 4502 xviii
305 4448 341 4487 a
486 4429 522 4500 ij
637 4431 720 4485 Id.

183 4519 261 4590 vij
297 4520 332 4576 b
395 4519 534 4575 Idus
583 4518 718 4574 Mai.

305 4624 335 4663 c
408 4607 520 4679 xvij
555 4605 718 4663 Chal.

309 4696 345 4751 d
430 4696 527 4767 xvj
561 4694 724 4752 Chal.

193 4783 273 4856 iiij
307 4801 338 4839 e
461 4801 533 4839 xv
561 4782 723 4840 Chal.

304 4871 331 4926 ς
413 4870 532 4942 xiiij
566 4869 727 4928 Chal.

199 4959 274 5030 xij
307 4976 344 5031 g
439 4959 538 5032 xiij
571 4957 735 5016 Chal.

254 5051 278 5119 j
311 5065 346 5104 a
454 5047 528 5119 κῇ
563 5047 726 5104 Chal.

306 5137 343 5192 b
481 5137 536 5207 xj
569 5135 734 5193 Chal.

213 5225 278 5294 jx
307 5241 338 5280 c
507 5242 542 5280 x
571 5223 732 5281 Chal.

302 5313 338 5367 d
469 5314 536 5383 jx
566 5313 727 5370 Chal.

169 5399 282 5469 xvii
315 5417 347 5457 e
446 5401 543 5472 viij
577 5401 737 5458 Chal.

1480 361 1819 423 KALEND.
1866 361 2209 425 BRIXIAN.
3392 337 3552 434 me

790 512 1081 588 Depositio
1114 511 1171 570 S.
1206 511 1502 570 Ambrosii
1533 509 1974 586 archiepisc0pi.

791 604 1023 662 Yrenei.

797 693 1067 750 Celestini
1102 710 1198 766 pp.
1233 698 1289 749 et
1319 710 1464 749 mar.

801 781 1014 839 Pelusii
1047 799 1145 855 pp.
1178 799 1322 838 mar.

799 871 1084 939 Januarii,
1120 869 1419 937 Macharii,
1454 875 1512 925 et
1541 869 1827 928 Successi.

801 959 1132 1016 Translatio
1164 961 1232 1015 S.‘
1257 958 1484 1014 Filastri
1519 959 1696 1031 episc.
1734 959 1881 1016 Brix.

806 1047 1121 1105 Ezechielis
1152 1047 1455 1120 Prophete.
3301 1060 3368 1118 ι),

801 1138 1008 1193 Leonis
1040 1154 1136 1210 pp.

797 1225 1090 1299 Depositlo
1123 1227 1179 1282 S.
1216 1226 1465 1282 Zenonis
1497 1225 1642 1298 epis.

806 1315 1122 1388 Euphemie
1153 1315 1296 1387 virg.
1329 1319 1388 1370 et
1421 1332 1566 1371 mar.

805 1405 1075 1475 Tiburtii,
1108 1403 1419 1469 Valeriani,
1453 1409 1510 1460 et
1542 1403 1778 1460 Maximi
1814 1421 1959 1460 mar.

803 1493 948 1550 Olim
956 1492 1147 1566 piadis
1177 1496 1232 1548 et
1258 1492 1514 1548 Maximi.

801 1581 1106 1638 Karissimi
1144 1599 1290 1637 mar.

801 1671 1124 1727 Innocentii
1159 1671 1315 1742 Epis.
1346 1670 1567 1726 Aniceti
1603 1689 1700 1743 pp.
1732 1675 1789 1726 et
1820 1689 1967 1728 mar.

799 1760 1052 1816 Caloceri
1087 1777 1233 1816 mar.
1267 1760 1440 1816 Elene
1471 1759 1669 1816 Matris
1695 1760 2085 1818 Constantini.

798 1850 1089 1906 Vincentii
1125 1851 1279 1921 Epis.

794 1938 1051 1995 Anacleti
1086 1956 1182 2012 pp.

3295 1953 3360 2010 D.

806 2026 1062 2093 Maximi,
1095 2028 1348 2100 Cipriani
1382 2043 1526 2084 mar.

807 2117 932 2174 Gaii
967 2121 1022 2171 et
1051 2116 1312 2172 Sotheris
1345 2133 1440 2189 pp.
1475 2122 1532 2172 et
1561 2123 1732 2173 mart.

805 2205 1036 2279 Georgii
1068 2223 1214 2261 mar.
1247 2204 1551 2278 Theophili
1586 2205 1772 2278 Episc.
1809 2207 1962 2262 Brix.

803 2295 1038 2351 Honorii
1069 2295 1259 2367 Episc.
1296 2295 1450 2350 Brix.

803 2385 981 2441 Marci
1013 2386 1226 2458 Evang.
1253 2384 1487 2441 Letanie
1518 2386 1786 2456 Majoaes.

800 2473 944 2530 Cleti
975 2491 1073 2547 pp.
1107 2480 1165 2530 et
1197 2491 1342 2530 mar.
1379 2473 1698 2530 Marcellini
1732 2491 1829 2547 pp.

788 2562 1042 2619 Castoris
1074 2579 1221 2618 mar.

791 2651 998 2708 Vitalis
1029 2668 1174 2707 mar.

788 2741 949 2798 Pauli
983 2743 1086 2814 Ep.
1114 2742 1266 2797 Brix.
1302 2743 1568 2814 Torpetis
1600 2759 1727 2798 mar
1759 2745 1776 2764 ⁶
1809 2743 1960 2799 Petri
1989 2743 2132 2801 Mar.

791 2831 1088 2887 Laurentii
1122 2831 1317 2887 Presb.

795 2920 1021 2976 Tertias
1054 2921 1111 2976 in
1146 2921 1293 2976 Maio
1322 2919 1499 2992 lupus
1529 2924 1635 2986 est,
1670 2927 1726 2977 et
1757 2921 2042 2993 septimus
2071 2923 2313 2996 Anguis.

800 3009 1092 3066 Interimit
1120 3010 1293 3065 tertia
1325 3009 1499 3065 Madii
1531 3009 1648 3078 lux,
1681 3010 1940 3082 horaque
1971 3017 2149 3068 sexta.

803 3101 1023 3170 Astque
1054 3097 1191 3154 mali
1223 3096 1403 3154 moris
1435 3098 1684 3154 undcnis
1715 3099 1983 3171 septimis
2012 3099 2192 3157 horis.

800 3187 1013 3244 Modius
1041 3188 1199 3244 habet
1227 3187 1344 3243 dies
1374 3204 1524 3254 xxxn,
1561 3189 1695 3244 luna
1723 3205 1851 3244 xxx.

794 3276 1144 3333 Sanctorum
1178 3275 1581 3348 Apostolorum
1611 3276 1882 3349 Philippi,
1913 3283 1965 3332 el
1995 3279 2196 3335 Jacobi.

792 3364 1092 3420 Athanasii
1125 3363 1314 3437 Episc.

789 3453 1097 3510 Alexandri
1128 3453 1377 3521 Evencii,
1410 3459 1467 3510 et
1496 3454 1838 3511 Theodeori.
1873 3455 2130 3513 Inventio
2159 3457 2218 3513 S.
2251 3458 2469 3515 Crucis.

793 3543 1028 3598 Horiani
1063 3559 1209 3608 mar,
1241 3548 1299 3598 et
1326 3542 1570 3599 aliorum
1602 3543 1693 3598 XL
1723 3544 2050 3602 Martirum.

790 3631 1086 3687 Juviniani
1120 3631 1394 3686 Lectoris.

791 3719 1079 3776 Johannis
1109 3722 1308 3792 Apost.
1343 3720 1401 3775 in
1433 3719 1596 3776 Dolio
1629 3720 1814 3777 Missi.

791 3809 946 3866 Flavi
979 3809 1268 3882 Episcopi.

799 3897 1050 3954 Victoris
1081 3904 1254 3954 mart.

801 3985 1130 4043 Translatio
1155 3989 1498 4042 Sanctorum
1533 3988 1816 4058 Faustini,
1849 3992 1908 4044 et
1934 3989 2142 4045 Jovite.

791 4075 1069 4132 Gordiani
1099 4079 1156 4131 et
1186 4075 1486 4148 Epimachi
1519 4082 1693 4132 mart.
2165 4081 2168 4086 ’

790 4163 980 4220 Maioli
1011 4164 1165 4220 conf.

787 4251 977 4309 Narei.
1010 4252 1280 4320 Archilei,
1316 4258 1373 4309 et
1404 4253 1688 4310 Pancratii
1719 4259 1892 4311 mart.

789 4341 972 4398 Marie
1002 4341 1074 4396 ad
1108 4342 1395 4398 Martires.

798 4429 1067 4486 Victoris.
1095 4429 1320 4499 Felicis,
1353 4435 1408 4487 et
1442 4432 1740 4488 Fortunati
1774 4433 2066 4490 martires.

796 4517 1110 4591 Stephanie
1136 4519 1282 4590 Virg.

797 4606 958 4662 Pauli
990 4606 1179 4680 Episc.

800 4694 935 4752 Sirii
967 4695 1156 4768 Episc.

799 4783 1086 4840 Johannis
1116 4802 1212 4858 pp.
1245 4791 1301 4841 et
1333 4791 1504 4841 mart.

807 4871 1145 4928 Potentiane
1174 4875 1317 4946 virg.
1352 4879 1409 4930 et
1435 4880 1608 4931 mart.

812 4960 1103 5017 Anastasii
1139 4963 1331 5034 Episc.
1359 4963 1510 5018 Brix.

802 5049 1133 5106 Translatio
1165 5050 1361 5107 Sancti
1393 5053 1640 5108 Zenonis
1663 5052 1854 5124 Episc.

809 5137 961 5194 Julie
990 5139 1134 5212 Virg.
1169 5144 1226 5195 et
1257 5145 1412 5196 mart

3395 2219 3536 2275 IXL.

3399 2308 3535 2364 IXL.

3395 2397 3535 2454 IXL.

3393 2665 3529 2724 IXL.

3392 2755 3533 2813 IXL.

3389 3287 3530 3348 IXL.

3279 3465 3344 3522 D.
3393 3467 3535 3525 IXL.

3394 3556 3535 3613 IXL.

3394 3735 3536 3792 IXL.

3401 4265 3539 4322 IXL.

3401 4797 3539 4857 IXL.

3403 5153 3541 5209 IXL.

3402 5239 3540 5298 IXL.

3401 5327 3540 5386 IXL.

809 5225 1088 5282 Desiderii
1121 5228 1310 5301 Episc.
1346 5234 1402 5284 et
1433 5233 1606 5285 mart.

803 5316 955 5372 Alfre
989 5322 1161 5372 mart.

816 5403 1034 5460 Urbani
1069 5421 1166 5477 pp.
1199 5411 1255 5461 et
1288 5411 1458 5462 mart.
