3868 6204
359 316 511 382 1271
1143 333 1476 395 APPEND.
1524 337 1624 396 AD
1673 340 1862 400 S/EC.
1908 342 1978 401 Χ.
2014 376 2090 388 -—
2122 346 2612 415 MUNUMEN'I‘A
2660 359 2977 423 LITURG.

446 456 500 527 vj
536 456 562 511 f
664 458 738 531 vij
774 459 935 527 Chal.
1014 462 1285 521 Eleuterii
1319 485 1416 540 pp.
1449 474 1504 525 et
1536 475 1705 525 mart.
1738 475 2050 546 Augustini
2080 478 2369 555 Episcopi.

528 562 567 618 g
674 549 729 620 vj
761 550 921 607 Chal.
995 554 1284 612 Johandis
1314 575 1411 630 pp.
1444 564 1501 614 et
1532 567 1704 616 mart.

355 632 479 704 xiiij
512 651 546 690 a
689 654 723 692 v
753 639 913 695 Chal.
991 643 1210 710 Cancii,
1237 646 1532 715 Canciani,
1566 655 1622 704 et
1644 650 1996 710 Cancianille
2029 657 2320 717 martires.

411 720 471 793 iij
517 723 554 777 b
646 724 729 797 iiij
762 726 924 785 Chal.
1004 730 1204 787 Sisinii
1236 735 1511 803 Martiris,
1546 742 1603 792 et
1632 738 1944 797 Alexandri
1979 750 2150 803 mart.

535 828 565 867 ο
675 813 734 887 iij
768 816 928 874 Chal.
1005 820 1211 877 Felicis
1254 841 1348 895 pp.
1376 830 1434 881 et
1466 832 1634 883 mart.

439 900 496 971 xj
528 901 564 956 d
688 903 727 976 ij
761 904 923 962 Chal.
1002 909 1309 968 Petronille
1342 914 1486 985 Virg.

442 989 569 1044 Kal.
592 1054 613 1065 ν
998 998 1212 1056 Junius
1245 1001 1302 1056 in
1326 1002 1549 1060 decimo
1582 1006 1947 1077 quindenum
1982 1028 2016 1066 a
2046 1011 2162 1069 ﬁne
2194 1013 2428 1072 salutat.

996 1088 1208 1153 Quinta
1239 1097 1405 1146 nocet
1435 1093 1567 1148 deni
1601 1094 1761 1150 Junii
1785 1098 1928 1153 satis
1960 1099 2106 1156 hora
2136 1102 2273 1158 diei.

995 1175 1164 1231 Horis
1193 1181 1499 1250 quartanis
1531 1182 1862 1254 quindenus
1894 1189 2122 1245 mordet
2153 1195 2217 1247 ut
2248 1196 2457 1267 anguis
2491 1214 2504 1253 :

991 1265 1190 1321 Junius
1219 1268 1381 1324 habet
1407 1269 1521 1325 dies
1551 1288 1680 1338 xxx,
1715 1273 1847 1330 [una
1880 1293 2031 1331 xxxx.

534 1361 565 1400 e
601 1347 781 1403 Junii.
1002 1353 1376 1411 Nichomedis
1410 1363 1581 1414 mart.

409 1520 507 1593 viij
539 1539 577 1596 g
676 1524 739 1597 iij
780 1526 924 1583 Non.
1001 1532 1225 1587 Cratini
1257 1535 1548 1608 Episcopi.
1584 1539 1878 1597 Laurentii
1910 1549 1967 1599 et
1994 1544 2046 1600 xl
2082 1554 2254 1604 mart.

419 1611 509 1681 xvj
543 1628 578 1665 a
702 1613 740 1685 ij
783 1615 929 1672 Non.
1008 1620 1232 1684 Quirini
1267 1623 1531 1697 Episcopi
1565 1631 1619 1681 et
1650 1634 1821 1685 mart.

478 1716 513 1753 v
542 1700 578 1755 b
609 1702 937 1759 NonJunii.
1015 1707 1292 1765 Bonilacii
1322 1712 1776 1788 Archiepiscopi.

543 1804 574 1843 ο
656 1790 753 1862 viij
859 1793 941 1848 Id.
1018 1798 1230 1865 Amati,
1262 1802 1470 1856 Donati
1502 1809 1557 1858 et
1589 1804 1901 1878 Peregrini.

409 1875 510 1947 xiij
545 1876 581 1931 d
676 1879 753 1951 vij
857 1881 941 1937 Id.
1017 1883 1181 1941 Pauli
1212 1893 1269 1943 et
1298 1890 1620 1948 Fortunati.

466 1965 505 2036 ij
540 1983 570 2022 e
699 1969 753 2040 vj
859 1970 943 2026 Id.
1020 1972 1274 2043 Gethuli,
1305 1980 1592 2048 Amancii,
1626 1987 1682 2037 et
1714 1984 2017 2043 Primitivi.

540 2054 568 2108 f
719 2074 753 2112 v
855 2060 939 2115 Id.
1015 2062 1219 2133 Primi,
1250 2072 1308 2122 et
1338 2067 1613 2126 Feliciani
1645 2089 1792 2129 mar.

478 2159 579 2217 χε
668 2145 767 2218 iiij,
857 2148 940 2204 Id.
1020 2151 1431 2213 Panthaleonis
1463 2176 1609 2215 mar.

538 2250 572 2286 a
682 2234 742 2306 iij
857 2237 943 2293 Id.
1024 2240 1280 2299 Bernabe
1308 2246 1589 2316 Apostoli.
1700 2304 1707 2311 κ

346 2317 480 2391 xviij
535 2321 572 2376 b
701 2324 738 2395 ᾖ
865 2326 948 2382 Id.
1027 2330 1321 2402 Basilidis,
1354 2335 1556 2405 Cirini,
1587 2339 1852 2409 Naboris,
1887 2349 1943 2397 et
1973 2345 2196 2402 Nazarii
2229 2366 2374 2407 mar.

405 2407 506 2479 vij'
536 2426 564 2463 c
595 2410 733 2467 Idus
764 2413 947 2470 Junii.
1027 2418 1267 2475 Luciani
1297 2427 1353 2478 et
1382 2424 1705 2481 Fortunati.
1738 2407 1970 2487 Antonii
2003 2433 2162 2492 Cant".

427 2549 436 2559 ,
523 2497 558 2552 d
611 2498 746 2571 xviij
778 2501 940 2557 Chal.
1020 2504 1291 2574 Felicule,
1326 2509 1519 2568 Eliisei
1553 2514 1853 2588 Prophctc.

428 2602 499 2639 xv
528 2603 559 2642 e
633 2588 746 2660 xvij
780 2589 941 2646 Chal.
1020 2592 1132 2648 Viti
1162 2600 1219 2650 ct
1248 2597 1492 2654 Modesti
1526 2619 1671 2658 mar.
1705 2606 2051 2667 Crescentis.

416 2670 501 2744 iiij
534 2674 563 2729 f
645 2678 735 2748 xvj
769 2678 930 2736 Chal.
1009 2682 1203 2739 Fenoli
1238 2685 1585 2761 Presbyteri.

531 2779 571 2836 g
668 2782 738 2820 xv
767 2766 928 2824 Chal.
1004 2769 1197 2827 Albini
1230 2780 1400 2831 mart.

417 2848 495 2922 xij
528 2868 562 2906 a
616 2852 735 2925 xiiij
770 2854 931 2912 Chal.
1012 2858 1188 2916 Marci
1220 2867 1276 2917 et
1307 2863 1828 2958 Marcellinimart.
1862 2875 2058 2933 Ymeri
2089 2880 2375 2958 Episcopi.

472 2940 497 3010 j
532 2938 569 2994 h
627 2940 748 3014 xiiij
780 2943 940 3000 Chal.
1018 2946 1277 3005 Ycrvasii
1310 2955 1366 3007 et
1396 2956 1643 3011 Protasii
1677 2965 1847 3016 mart.

534 3045 565 3083 ο
664 3030 741 3103 xij
777 3031 937 3088 Chal.
1015 3035 1285 3110 Crispini.

446 3115 502 3171 ix
530 3116 566 3172 d
676 3120 734 3191 xj
766 3120 928 3178 Chal.
1005 3123 1228 3182 Silverii
1260 3146 1355 3202 pp.
1391 3136 1448 3187 et
1479 3140 1649 3191 mart.

538 3223 569 3262 c
703 3226 739 3264 χ
768 3210 929 3270 Chal.
1006 3215 1239 3272 Eusebii
1273 3219 1550 3295 episcopi.
1583 3224 1775 3283 Albini
1809 3246 1955 3286 mar.

391 3292 505 3365 xvij
539 3295 568 3349 Γ
669 3297 737 3368 jx
766 3299 940 3394 Chal.
1004 3303 1277 3363 Heltrudc
1309 3292 1490 3383 Virg;
1524 3318 1580 3368 ct
1611 3314 1847 3389 Regine.
1880 3319 2008 3394 Vig.
2036 3327 2092 3378 S.
2124 3324 2213 3381 Jo.

433 3381 487 3452 vj
520 3398 559 3455 g
630 3384 728 3456 viij
805 3388 966 3476 Chal.
997 3392 1267 3450 Nativitas
1291 3396 1349 3451 S.
1370 3381 1638 3458 Johannis
1670 3381 1929 3476 Bvaptiste.

525 3489 559 3526 a
659 3473 733 3546 vij
768 3475 926 3532 Chal.
1005 3480 1271 3553 Prosperi
1302 3485 1591 3560 Episcopi.

359 3557 481 3629 xiiij
515 3560 551 3615 b
670 3563 723 3633 ν]
757 3563 918 3621 Chal.
996 3568 1241 3626 Joannis
1273 3578 1329 3628 ct
1359 3557 1695 3636 Paulimur.
1733 3582 1930 3656 Vigilii
1962 3587 2227 3663 Episcopi
2257 3598 2309 3649 ct
2346 3612 2488 3651 mar.

422 3647 486 3717 iij
522 3665 551 3703 c
695 3669 729 3705 ν
758 3652 917 3709 Chal.
996 3656 1313 3718 Crescentii
1343 3670 1399 3719 et
1429 3647 1840 3739 Crispinum.“
2004 3647 2023 3660 ι
2170 3647 2189 3663 .
2267 3647 2309 3649 κ-

514 3736 550 3791 d
642 3738 723 3833 iiij
757 3741 916 3833 Chal.
995 3747 1205 3805 Leonis
1238 3768 1331 3824 pp.
1556 3736 1683 3831 Vig.
1716 3763 2150 3833 Apostolorum.

422 3824 477 3894 xj
513 3840 543 3878 e
656 3826 717 3898 iij
752 3828 912 3886 Chal.
991 3841 1145 3891 δεον.
1180 3842 1379 3910 Apost.
1409 3844 1571 3900 Patri
1598 3824 1658 3902 et
1676 3824 1867 3906 Pauli.

506 3910 533 3965 f
675 3913 715 3984 ᾖ
748 3915 910 3973 Chal.
989 3924 1434 3985 Commemorutio
1460 3934 1515 3987 S.
1549 3935 1735 3993 Pauli.

397 3999 524 4055 Kal.
995 4011 1106 4066 Ter
1127 4014 1389 4073 decimus
1418 4020 1561 4076 Julii
1591 4024 1814 4083 decimo
1847 4028 1989 4086 invit
2020 4049 2093 4088 an
2126 4033 2417 4093 Kalendas
2452 4056 2465 4094 :

993 4100 1280 4174 Dampnat
1313 4108 1628 4167 trcdecima
1656 4114 1795 4171 Julii
1826 4125 1989 4175 vocat
2014 4120 2158 4178 hora
2186 4127 2461 4182 secunda.

982 4188 1171 4261 Hujus
1201 4197 1258 4249 et
1282 4193 1343 4250 in
1376 4197 1539 4254 novis
1571 4200 1815 4259 dcctmis
1846 4224 2079 4281 quoque
2110 4214 2336 4270 sanciat
2366 4216 2544 4274 horis.

976 4279 1157 4335 Julius
1187 4283 1348 4340 habet
1377 4286 1490 4342 dies
1520 4306 1669 4359 xxxr,
1704 4293 1838 4350 luna
1868 4313 1979 4352 xxx

359 4358 456 4427 xjv‘
482 4375 519 4431 g
548 4358 731 4417 Juliii.
964 4366 1084 4422 Oct.
1121 4371 1315 4428 Sancti
1347 4374 1635 4433 Johannis
1664 4380 1829 4453 Bapt.

346 4446 447 4517 viij
483 4464 517 4501 a
645 4451 697 4521 vj
730 4451 877 4509 Non.
957 4454 1215 4514 Processi
1245 4466 1301 4516 et
1332 4463 1665 4523 Martiniani
1700 4446 1870 4526 M‘art.

483 4536 518 4591 b
668 4556 702 4593 v
731 4540 876 4596 Non.
955 4545 1284 4605 Translatio
1317 4551 1374 4606 S.
1410 4553 1632 4612 Thome
1661 4559 1940 4631 Apostoli.

412 4642 505 4681 vc
605 4626 689 4699 iiij
722 4630 867 4686 Non.
950 4634 1281 4694 Translatio
1313 4645 1368 4696 s.
1404 4642 1640 4701 Martini
1673 4626 1965 4724 Episcopi.

411 4715 507 4770 vd
620 4717 861 4788 iijNon.
942 4724 1287 4796 Agathonis.

475 4822 506 4859 e
636 4806 674 4878 ij
710 4809 856 4865 Non.
933 4811 1056 4868 Oct.
1089 4816 1521 4887 Apostolorum.
1556 4824 1729 4882 Ysaie
1760 4827 2066 4903 Prophete.

339 4889 438 4961 xiij
476 4892 890 4954 eronasJulii.
933 4903 1188 4972 Apolonii
1215 4908 1465 4981 Episcopi
1493 4912 1655 4985 Brit,

403 4977 511 5051 ijg
618 4984 714 5055 viij
775 4988 855 5041 Id.
935 4989 1217 5065 Procopii.

472 5085 506 5122 a
640 5070 716 5141 vij
769 5074 851 5129 Id.
928 5074 1234 5138 .inatholie
1262 5085 1421 5159 Virg.

403 5173 438 5210 x
470 5155 506 5209 b
655 5160 709 5229 vj
754 5162 836 5251 Id.
910 5171 1255 5228 Sanctorum
1289 5155 1643 5247 vijvt‘ratrurn
1676 5182 1990 5243 Felicitatis
2024 5189 2225 5248 Matris
2259 5210 2484 5251 eorum.

482 5262 513 5352 (ξ
759 5249 838 5352 Id.
917 5254 1246 5352 'Ijranslatio
1279 5263 1336 5319 S.
1374 5268 1663 5324 Benedicti
1694 5272 1936 5331 Abbatis
1968 5276 2051 5331 Pii
2086 5296 2181 5352 pp.
2219 5287 2276 5337 et
2307 5249 2448 5339 Mar.

303 5332 437 5405 xwin
472 5333 507 5388 d
650 5335 710 5407 iij
755 5337 838 5392 Id.
915 5341 1159 5399 Naboris
1191 5353 1246 5403 et
1277 5351 1478 5409 Felicis
1509 5356 1677 5414 Mart.

3638 375 3790 436 1272

3634 1484 3766 1541 ΙΧΙ..

3637 2284 3758 2339 IXL.

3628 2641 3749 2697 L‘IL.

3627 2994 3761 3052 IXL.‘

3623 3440 3739 3497 IXL.

3620 3529 3738 3585 IXL.

3616 3798 3732 3852 lXL.

3619 3885 3730 3940 IXL.

3616 3972 3728 4028 IXL.

3611 4417 3724 4473 IXL.

3610 4864 3715 4921 tXL.

3604 4953 3712 5009 lXL.

3460 5217 3594 5275 IXL.
