3868 6204
381 334 533 396 12ἷό
1159 327 1497 390 APPEND.
1543 327 1644 388 AD
1689 326 1876 408 SEC.
1923 328 2000 390 X.
2033 362 2110 374 —
2140 327 2641 396 MONUMENTA
2685 333 2998 398 LITURG.
3647 340 3766 413 {016

1022 463 1296 520 Setember
1323 461 1482 518 habet
1509 461 1624 517 dies
1653 478 1780 538 xxx,
1813 462 1948 516 luna
1978 479 2108 517 xxx.

508 561 599 633 xvi
616 551 1206 632 {SeptembrisJ’risci
1241 567 1386 607 mar.
1419 547 1606 622 Egidii
1641 547 1890 605 abbatis.

549 669 583 707 v
610 647 751 724 giiﬁ
793 646 918 702 Non
1016 641 1166 698 Justi
1194 638 1474 712 episcopi.

606 723 641 795 a
668 737 730 809 iij
790 735 915 791 Non
1020 727 1226 786 Marini
1259 730 1316 782 et
1349 723 1575 780 Leonis.
3487 739 3561 797 υ.

475 830 577 902 xiii
611 828 648 884 b
681 826 720 899 ii
788 823 915 880 Non
1015 816 1256 874 Ruffini.

439 939 444 942 '
613 935 644 974 ο
673 915 976 985 Non.Sept.
1014 905 1256 965 Taurini
1289 908 1345 960 et
1374 901 1592 971 Quinti.

597 1010 633 1065 d
663 1006 760 1078 viij
829 1003 909 1059 Id.
1010 995 1254 1070 Eugenii
1287 991 1558 1067 Episcopi
1589 990 1875 1048 Zacharia
1910 991 2152 1052 Prolata.

537 1119 572 1156 x
603 1115 634 1155 e
662 1095 736 1168 vij
828 1092 910 1149 ιδ.
1018 1083 1319 1143 lllodoaldi
1352 1081 1511 1138 Conf.
1781 1099 1789 1107 -

605 1189 631 1245 f
662 1186 713 1259 vj
829 1181 909 1238 ld.
1016 1176 1284 1233 Nativitas
1311 1173 1366 1228 S.
1401 1169 1585 1227 Marte.
1620 1169 1857 1226 Adriani
1892 1187 2039 1228 mar.
3654 1189 3754 1241 [χι

443 1279 575 1351 xviii
607 1244 713 1350 εὖ
824 1271 907 1328 1d.
1013 1260 1285 1337 Gorgonii
1316 1277 1461 1316 mar-
3758 1244 3769 1253 .

612 1362 758 1434 aiiii
827 1359 908 1417 ld.
1015 1352 1229 1428 Hylarii
1264 1368 1358 1424 pp.

609 1457 647 1511 b
679 1453 737 1525 iij
831 1449 912 1505 Id.
1017 1443 1212 1502 Prothi
1241 1445 1296 1498 et
1324 1437 1569 1496 Jacincti
1602 1453 1747 1493 mar.
1782 1437 2038 1510 Eugenie
2065 1437 2222 1512 Virg.

502 1564 576 1605 xv
620 1543 712 1614 cii
839 1538 922 1594 ld.
1025 1529 1354 1605 Serapionis
1387 1545 1534 1584 mar.

494 1636 578 1707 iiii
612 1633 650 1689 d
683 1631 820 1688 ldus
839 1629 993 1700 Sept.
1016 1623 1363 1678 Sanctorum
1392 1617 1464 1673 29
1494 1633 1638 1707 mar.

608 1719 784 1791 exviii
799 1713 958 1774 Chal.
1011 1708 1259 1768 Cornelii
1291 1711 1348 1763 et
1377 1706 1646 1779 Cipriani.
1682 1703 1970 1791 Exultatio
1996 1708 2054 1762 8.
2085 1707 2305 1764 Crucis.
2747 1726 2758 1736 -
3647 1719 3762 1775 [XL

499 1813 576 1886 xii
611 1788 939 1881 fxvij'Chal.
1018 1797 1352 1857 Nicomedis
1384 1813 1529 1886 mar.
1861 1788 1868 1796 “

547 1885 572 1976 j
601 1917 639 1974 g
657 1899 749 1970 xvj
774 1892 933 1954 Chal.
1011 1887 1332 1963 Euphemie
1359 1885 1517 1957 Virg.
1543 1889 1599 1941 et
1631 1901 1774 1942 mar.

599 2005 729 2048 axv
784 1981 945 2041 Chal.
1026 1979 1313 2036 Restitute
1342 1975 1504 2048 Virg.

503 2083 570 2155 jx
599 2076 770 2148 bxiiij
791 2070 954 2130 Chal.
1013 2065 1306 2140 Eustorgii
1339 2071 1397 2122 et
1425 2063 1618 2121 Satiri.

597 2186 628 2226 ο
647 2166 746 2238 xiii
775 2161 938 2220 Chal.
1012 2155 1275 2215 Januarii
1305 2153 1594 2229 Episcopi.
1627 2151 1804 2209 Sossi.
1842 2153 2016 2219 Festi,
2045 2155 2103 2208 et
2132 2151 2359 2210 Proculi
2390 2170 2535 2212 mar.

459 2260 571 2332 xvii
603 2259 640 2316 d
670 2255 746 2329 xii
768 2251 930 2310 Chal.
1009 2249 1219 2306 Fauste
1248 2245 1406 2319 Virg.
1520 2243 1645 2317 Vig.

519 2350 574 2422 vj
606 2365 638 2405 e
675 2347 730 2418 xj
771 2340 932 2400 Chal.
1011 2337 1209 2394 lalhei
1237 2335 1478 2408 Apostoli
1502 2333 1862 2403 Evangelisw.
3498 2346 3554 2400 ι),
3634 2342 3751 2397 [XL

610 2436 637 2492 ι’
657 2453 693 2491 x
775 2428 932 2486 Chal.
1012 2423 1269 2483 Mauritii
1299 2427 1355 2480 et
1381 2422 1679 2479 Sociorum
1711 2421 1858 2493 ejus.
3629 2433 3754 2488 ιχι,

439 2525 560 2598 xiiii
593 2521 764 2598 gviiij
778 2516 935 2575 Chal.
1015 2512 1183 2572 Tecle
1214 2511 1378 2585 Virg.
1419 2509 1689 2567 Calimeri
1721 2509 1845 2584 Epi.
1879 2509 2003 2568 Lin.
2039 2525 2144 2583 pp.
2183 2513 2243 2566 et
2267 2526 2418 2568 mar.
3630 2523 3751 2579 ιιι,

491 2616 554 2688 iii
589 2633 623 2671 a
650 2609 748 2682 viij
781 2605 944 2664 Chal.
1023 2601 1329 2675 Conceptio
1360 2601 1418 2658 J.
1459 2599 1746 2656 Johannis
1779 2603 1948 2672 Bapt.
3630 2611 3750 2668 1x1”

471 2751 476 2754 .
590 2699 730 2770 bvii
762 2694 924 2752 Chal.
1003 2690 1377 2749 Barduniani.

560 2791 599 2864 ii
633 2807 663 2846 c
693 2787 746 2860 vj
779 2783 937 2842 Chal.
1015 2779 1284 2855 Cypriani
1317 2784 1374 2835 et
1402 2777 1631 2835 Justine
1663 2794 1806 2835 mar.
1839 2777 2044 2850 Vigilii
2070 2778 2360 2852 Episcopi.
3264 2847 3269 2850 _
3623 2789 3745 2845 ιιι,

465 2847 630 2957 ῄιυὰ
661 2896 693 2934 v
721 2847 899 2934 'Chal.
978 2847 1184 2928 Cosme
1214 2873 1271 2926 et
1296 2867 1559 2925 Damiani
1592 2884 1737 2957 mar.
1918 2847 1945 2850 _
2117 2847 2136 2852 —
2284 2847 2304 2852 _
2771 2929 2776 2934 ,
3264 2847 3269 2850 ⁷
3625 2880 3746 2937 ιιι,

596 2987 627 3026 e
658 2967 719 3024 iii
751 2963 911 3024 Chal.
989 2959 1223 3018 Silviani
1256 2959 1527 3033 Episcopi
1561 2956 1718 3015 Brix.
3632 2972 3744 3026 ιιι.

456 3061 557 3121 viii
601 3059 627 3116 f
651 3057 712 3131 iij
754 3053 914 3113 Chal.
993 3051 1280 3109 Festivitas
1309 3048 1669 3107 S.Michaelis
1698 3046 2048 3117 Archangeli.
2097 3038 2105 3046 ’
3626 3059 3744 3114 ιη,

587 3167 624 3223 g
652 3147 692 3221 ii
754 3143 914 3203 Chal.
989 3138 1335 3198 Jeronimini
1371 3135 1693 3210 Presbyteri
1723 3135 2047 3194 Cardinalis
2075 3139 2134 3194 et
2163 3137 2448 3219 Doctoris.
3626 3148 3745 3206 In.

454 3240 582 3300 Kal.
1015 3229 1247 3288 Tertius
1277 3226 1546 3285 Octuhris
1578 3226 1779 3283 Pullus
1812 3227 2011 3283 decem
2043 3226 2102 3282 in
2131 3225 2335 3283 ordino
2365 3231 2551 3284 necat.

1021 3318 1256 3376 Sauciat
1284 3315 1554 3374 Octubris
1587 3315 1646 3370 in
1678 3314 1877 3388 quinis
1905 3313 2112 3371 tertius
2142 3314 2328 3373 horia.

1020 3413 1200 3481 lnque
1231 3407 1323 3463 die
1354 3406 1505 3462 dena
1532 3405 1711 3476 hujus
1742 3403 1893 3474 ferit,
1926 3404 2072 3462 hora
2101 3421 2349 3464 novena.

1023 3497 1252 3555 Octuber
1273 3495 1432 3552 habet
1459 3495 1571 3550 dies
1594 3513 1724 3561 xxx,
1753 3494 1886 3551 luna
1914 3510 2073 3554 xxxx.

377 3653 380 3656 .
448 3599 540 3671 xvj
574 3614 610 3653 a
653 3590 941 3652 Octubris.
1024 3584 1272 3660 Remigii
1303 3583 1598 3657 Episcopi.

500 3705 536 3744 ν
568 3685 606 3741 b
636 3685 688 3756 vj
722 3682 869 3739 Non.
1027 3673 1262 3734 Eusebii
1293 3691 1389 3746 pp.
1424 3677 1482 3728 et
1512 3689 1663 3728 mar.

438 3775 542 3846 xiii
573 3791 604 3828 c
631 3789 667 3826 v
713 3770 859 3826 Non.
1028 3769 1287 3820 Duorum
1318 3762 1811 3835 presbyterorum.

501 3862 539 3934 ii
575 3858 709 3932 diiij
727 3857 875 3915 Non.
1023 3851 1318 3910 Francisci
1349 3851 1508 3908 Conf.
3530 3867 3572 3920 ο

582 3965 613 4005 e
643 3947 704 4020 iij
727 3945 872 4002 Non.
1025 3940 1280 3998 Flaviani
1311 3939 1610 4013 Episcopi.
3624 3952 3738 4014 πῃ,

509 4056 545 4095 x
591 4038 617 4094 l'
643 4035 682 4109 ii
727 4035 874 4092 Non.
1025 4027 1183 4087 Casti
1212 4032 1270 4085 et
1297 4026 1480 4084 Emeli
1515 4044 1528 4083 :
1565 4026 1739 4084 Fidis.
1773 4027 1934 4102 Virg.

581 4143 618 4199 g
645 4125 841 4182 Nonas
856 4121 978 4178 Oct.
1021 4117 1200 4177 Marci
1231 4133 1326 4190 pp.
3635 4131 3750 4188 ιιι,

409 4216 547 4288 xviii
581 4233 616 4273 a
644 4213 741 4285 viij
893 4211 976 4268 Id.
1021 4206 1268 4281 Pellagie
1296 4205 1456 4280 Virg.
1491 4210 1549 4263 et
1574 4223 1720 4264 mar.
3637 4221 3745 4277 ixi,

437 4304 552 4376 xvii
583 4305 620 4360 b
652 4304 727 4375 vii
897 4299 979 4355 ld.
1021 4296 1268 4355 Domini.
1305 4295 1551 4354 Dionisii
1585 4295 1828 4353 Rustici.
1859 4299 1916 4354 et
1943 4295 2262 4355 Eloutherii
2291 4304 2461 4359 αλιι-ι.
3637 4310 3747 4366 ιιι,

578 4411 609 4450 c
638 4393 691 4463 vj
895 4389 974 4446 ld.
1018 4391 1364 4444 Sanctorum
1393 4387 1518 4442 330.
1552 4403 1698 4445 mar.
2861 4410 2868 4414 α

481 4499 554 4539 xv
577 4482 613 4538 d
637 4499 672 4536 v
888 4478 968 4536 Id.
1011 4475 1328 4534 Eustachii.
1365 4473 1619 4548 Agapiti,
1650 4475 1950 4550 Theopisti
1981 4481 2039 4534 et
2069 4476 2380 4552 Theopiste
2411 4493 2557 4535 mar.

462 4571 546 4644 iiii
579 4589 611 4628 e
641 4569 724 4642 iiii
894 4567 978 4623 Id.
1019 4565 1288 4623 Venantii
1320 4563 1611 4637 Episcopi.

580 4659 607 4716 ἴ
630 4658 690 4730 iij
893 4656 975 4714 1d.
1016 4653 1324 4712 Athanasii
1354 4651 1644 4726 Episcopi.

469 4749 551 4810 xii
579 4765 618 4822 g
648 4748 686 4821 ij
899 4745 980 4802 Id.
1025 4742 1232 4801 Calixti
1261 4759 1360 4817 pp.
1393 4746 1452 4798 et
1484 4759 1635 4798 mar.

523 4841 549 4911 j
584 4855 619 4894 a
647 4838 785 4895 ldus
815 4837 941 4895 Oct.
1031 4832 1261 4907 Lupuli.

579 4927 617 4982 b
647 4925 763 4999 xvii
791 4923 951 4982 Chal.
1029 4921 1178 4982 Galli
1208 4921 1451 4980 Abbatis
1486 4927 1551 4993 $2
1582 4937 1615 4977 ο
1645 4921 1748 4995 Ep.
1785 4922 2073 4980 Berardus
2103 4937 2184 4982 in.
2218 4921 2438 4996 cccviii.
2475 4921 2546 4980 de
2567 4921 2797 4982 mediis.
3643 4929 3748 4988 IXL.

485 5015 555 5087 jx
581 5030 612 5070 c
638 5013 731 5085 xvj
789 5011 951 5070 Chal.
1029 5010 1278 5069 Evaristi
1311 5028 1409 5084 pp.

571 5101 711 5160 dxv
790 5098 950 5155 Chal.
1029 5100 1182 5156 Luce
1202 5099 1425 5172 Evang.

408 5191 525 5264 xvii
557 5207 590 5247 θ
618 5188 740 5261 xiiii
786 5187 944 5244 Chal.
1023 5187 1386 5246 Columbani.

473 5280 528 5352 vj
571 5278 599 5336 ἰ
620 5277 718 5350 xiij
789 5275 949 5334 Chal.
1024 5276 1281 5349 Caprasii
1314 5293 1465 5334 mar.
1734 5324 1743 5332 .

555 5385 594 5442 g
623 5367 700 5439 xii
785 5365 948 5422 Chal.
1027 5364 1233 5422 Ursule
1261 5365 1425 5438 Virg.
1463 5368 1522 5422 et
1550 5381 1701 5423 mar.
1733 5380 1866 5422 cum
1899 5363 2062 5422 4000.
2101 5363 2260 5438 Virg.
3642 5370 3741 5433 ω.

410 5456 530 5530 xiiii
556 5475 591 5514 a
613 5457 670 5530 xj
782 5451 942 5513 Chal.
1020 5451 1348 5512 Translatio
1376 5457 1475 5512 SS.
1510 5458 1715 5513 Cosme
1743 5456 1801 5512 et
1827 5452 2094 5512 Damiani
2127 5457 2306 5514 martv.
3509 5471 3579 5532 ι),
