3868 6204
77 361 242 424 1377

145 493 213 567 iij
261 494 302 551 b
449 510 485 550 χ
523 490 682 550 Chal.

257 602 290 640 c
413 584 478 656 jx
517 582 677 640 Chal.

136 673 195 745 η
243 673 283 728 d
380 672 474 744 viij
520 671 680 728 Chal.

96 764 200 834 xjx
243 779 278 818 e
403 761 478 834 vij
520 760 682 817 Chal.

129 850 202 920 jx
245 849 276 905 f
432 851 484 920 vi
527 848 686 906 Chal.

95 936 200 1009 viij
246 953 290 1009 g
450 953 486 991 v
523 935 686 992 Chal.

249 1043 287 1080 a
407 1025 488 1099 iiij
529 1025 694 1082 Chal.

100 1117 196 1188 xvj
246 1115 286 1170 b
435 1115 494 1186 iij
538 1113 696 1172 Chal.

162 1221 201 1256 v
243 1220 278 1258 c
455 1204 492 1277 ij
535 1204 695 1261 Chal.

162 1291 299 1348 Kal.

245 1648 284 1704 d
327 1646 692 1704 Novembris.

99 1735 205 1809 xiij
253 1755 288 1794 e
419 1737 498 1809 iiij
541 1738 689 1793 Non.

172 1826 213 1898 ij
263 1826 291 1882 ς
442 1826 504 1898 iij
547 1827 696 1882 Non.

256 1931 298 1987 g
462 1914 500 1985 ij
543 1915 690 1970 Non.

181 2020 219 2058 x
260 2020 298 2058 a
327 2003 520 2059 Nonas
541 2004 682 2060 Nov.

257 2092 298 2147 b
401 2091 494 2165 viij
602 2093 684 2148 Id.

105 2179 208 2251 viij
254 2197 288 2235 c
421 2182 496 2253 vij
603 2182 684 2238 Id.

123 2269 288 2341 vijd
444 2271 496 2342 vj
603 2271 687 2327 Id.

249 2374 282 2413 e
464 2377 498 2414 v
597 2359 682 2415 Id.

131 2447 278 2502 xvf
413 2446 496 2519 iiij
602 2447 686 2503 Id.

115 2534 205 2606 iiij
250 2551 291 2608 g
438 2535 498 2608 iij
604 2536 687 2592 Id.

255 2641 291 2679 a
457 2625 494 2695 ij
602 2625 684 2681 Id.

128 2711 207 2784 xij
256 2713 292 2767 b
377 2711 514 2767 Idus
544 2713 664 2769 Nov

187 2801 215 2873 j
259 2819 289 2857 c
364 2800 496 2872 xviij
540 2801 700 2858 Chal.

259 2889 296 2944 d
390 2889 500 2960 xvij
545 2889 704 2946 Chal.

164 2978 233 3049 jx
271 2995 304 3034 e
411 2980 501 3051 xvj
545 2979 704 3036 Chal.

281 3066 308 3122 f
432 3085 503 3123 xv
541 3068 701 3125 Chal.

110 3155 229 3226 xvii
272 3173 311 3228 g
376 3155 494 3229 xiiij
537 3156 700 3214 Chal.

165 3246 220 3317 vj
265 3261 302 3300 a
391 3244 492 3317 xiij
535 3245 694 3302 Chal.

270 3333 307 3388 b
417 3333 494 3405 xij
537 3333 696 3393 Chal.

91 3419 215 3494 xiiij
261 3439 293 3478 c
433 3423 486 3495 ai
529 3423 690 3479 Chal.

145 3509 207 3582 iij
253 3511 290 3565 d
456 3529 493 3567 x
531 3511 694 3568 Chal.

257 3616 289 3655 e
365 3600 482 3674 viiij
525 3600 685 3658 Chai.

161 3689 217 3759 ai
267 3688 294 3743 ς
384 3689 480 3761 viij
522 3689 685 3746 Chal.

254 3795 295 3850 ε
402 3778 476 3850 vij
518 3779 680 3836 Chal.

257 3883 293 3921 a
421 3869 475 3940 vj
517 3869 678 3925 Chal.

1425 358 1771 422 KALEND.
1815 358 2162 422 BRIXIAN.

760 488 1032 550 Dorothei
1065 506 1212 548 mar.

753 581 980 638 Vitalis.
1025 580 1248 638 Felicis.
1290 584 1349 636 et
1387 580 1686 637 Bonifacii.

759 670 1066 728 Gaudentii
1108 669 1377 742 Episcopi
1415 667 1569 726 Brix.

762 759 1002 816 Luciani
1041 764 1098 816 et
1127 758 1430 816 Marciani.

765 848 1012 905 Evaristi
1042 865 1141 921 pp.
1176 851 1233 904 et
1265 850 1436 902 mart.
1585 846 1756 920 Vigil.

763 937 1137 1009 Apostolorum
1165 935 1420 1008 Symom's
1449 942 1501 992 et
1528 935 1684 991 lude.

770 1026 1019 1099 Appiani
1051 1023 1341 1098 Episcopi.

775 1114 1052 1171 Donciani
1084 1133 1183 1188 pp.

773 1203 1033 1269 Quintini
1065 1208 1235 1260 mart.
1270 1202 1484 1277 Saphie
1516 1220 1650 1261 cum
1681 1204 1872 1262 tribus
1903 1204 2039 1263 filii
2065 1205 2210 1263 suis.

773 1293 987 1357 Quinta
1017 1289 1365 1348 Nouembris
1395 1308 1536 1349 acus
1565 1309 1672 1349 vox
1701 1292 1876 1350 tertia
1903 1293 2123 1351 mansit
2158 1293 2218 1352 in
2253 1312 2402 1351 urna

769 1381 982 1454 Pungit
1007 1381 1065 1438 in
1097 1380 1314 1437 octavis
1335 1379 1504 1438 horis
1536 1381 1636 1438 lux
1668 1382 1876 1454 quinta
1905 1384 2268 1442 Novembris.

768 1470 949 1541 Cujus
982 1474 1148 1526 terna
1177 1469 1406 1542 nigra'n
1441 1470 1579 1527 facit
1609 1469 1816 1528 horam
1847 1473 2082 1530 confore
2113 1471 2399 1546 quintam.

767 1559 1079 1616 November.
1112 1559 1270 1615 habet
1300 1558 1414 1616 dies
1437 1577 1568 1630 xxx,
1603 1561 1738 1616 (una
1762 1578 1894 1619 xxx.

771 1647 1096 1704 FESTIVITAS
1136 1664 1371 1704 OMNIUM
1412 1649 1784 1707 SANC'I'ORUM.

767 1737 1037 1793 Ofﬁcium
1072 1736 1337 1793 omnium
1372 1737 1810 1794 Defunctorum.

773 1825 1081 1899 Theophili
1114 1827 1217 1899 Ep.
1247 1829 1396 1883 Iacet
1427 1826 1630 1900 Corpus
1657 1828 1729 1883 ad
1756 1828 1812 1884 5.
1842 1827 2145 1887 Iohannem
2173 1828 2242 1886 de
2265 1832 2423 1903 foris.

768 1913 974 1970 Vitalis
1005 1919 1061 1970 et
1088 1913 1352 1988 Agricola
1383 1931 1528 1972 mar.
1565 1916 1791 1973 Proculi
1824 1917 2016 1990 Episc.

761 2003 946 2060 Flecis
975 2004 1175 2059 Presb.
1207 2003 1440 2060 Eusebii
1472 2003 1697 2060 Monac.

765 2092 974 2149 Melani
1007 2091 1196 2166 Episc.

765 2180 968 2254 Rogati
999 2186 1057 2238 et
1085 2180 1288 2237 Donati
1326 2185 1496 2237 lnart.

765 2273 1024 2338 Quatuor
1053 2270 1495 2327 Coronatorum.

760 2357 1042 2415 Theodori
1074 2362 1248 2415 mart.

766 2447 975 2503 Leonis
1005 2447 1198 2520 Episc.

768 2535 1000 2592 Martini
1036 2535 1227 2610 Episc.
1264 2536 1472 2593 Menne
1503 2540 1673 2594 mart.

764 2624 997 2680 Martini
1032 2625 1222 2698 Episc.
1256 2629 1313 2681 et
1343 2625 1510 2682 Mart.

759 2713 1036 2771 Antonini
1066 2717 1237 2769 mart.
1274 2713 1422 2770 Brici
1455 2715 1608 2770 conf.

776 2801 998 2875 Antigii
1025 2803 1216 2876 Episc.

785 2890 986 2947 Felicis
1018 2908 1116 2964 pp.

785 2979 1100 3036 Ruﬁniani.

777 3068 989 3125 Aniani
1020 3069 1183 3126 Conf.

779 3157 1027 3214 Romani
1059 3159 1284 3216 Monac.

773 3246 1044 3303 Ofﬁcium
1076 3247 1134 3304 S.
1168 3247 1444 3306 Caloceri.

773 3335 990 3392 Octavii
1023 3340 1079 3392 et
1111 3337 1385 3394 Fecundi.

769 3425 980 3482 Gelasii
1012 3443 1112 3500 pp.

771 3513 976 3570 Cecilie
1006 3510 1168 3588 Virg.“
1183 3518 1239 3572 et
1270 3517 1442 3570 mart.

763 3601 1078 3659 Clementis
1108 3621 1204 3677 pp.
1239 3608 1296 3660 et
1325 3608 1498 3660 mart.
1533 3603 1881 3663 Columbani
1910 3607 2170 3664 Abbatis.

761 3692 1066 3766 Grisogoni
1097 3697 1269 3749 mart.

758 3780 1072 3838 Katherine
1101 3782 1228 3855 virg
1255 3785 1314 3838 et
1343 3787 1516 3841 mart.

755 3869 1045 3928 Valentini
1076 3871 1267 3945 Episc.

104 3953 204 4026 viij
249 3955 291 4010 h
436 3974 470 4011 v
508 3957 671 4013 Chal.
747 3959 942 4032 Optati
974 3960 1164 4034 Episc.

251 4061 285 4099 ο
395 4045 477 4118 iiij
519 4046 682 4103 Chal.

102 4133 198 4204 xvj
240 4134 280 4189 d
411 4133 472 4208 iij
513 4135 673 4192 Chal.

174 4239 212 4276 v
254 4237 287 4277 e
442 4223 480 4295 ij
524 4224 682 4282 Chal.

177 4310 312 4367 Kal.

264 4664 282 4718 ἰ
323 4665 679 4724 Decembris.

67 4751 222 4826 xiijij
259 4770 298 4826 ε
407 4754 492 4827 iiij
534 4755 682 4813 Non.

259 4859 294 4897 a
430 4842 491 4916 iij
533 4845 679 4902 Non.

255 4931 292 4986 h
450 4932 487 5005 ij
529 4934 674 4991 Non.

255 5036 284 5075 c
316 5019 463 5076 Non.
487 5021 678 5079 Xbris.

64 5107 170 5162 xvii
170 5111 194 5181 j
242 5109 277 5164 d
365 5109 462 5181 viij
594 5113 676 5168 Id.

133 5198 206 5271 vij
252 5215 285 5254 θ
387 5198 462 5272 vij
597 5201 678 5257 Id.

259 5287 286 5341 f
409 5289 462 5360 vj
594 5290 653 5346 Id
665 5331 677 5346 .

125 5393 200 5432 xv
239 5394 278 5450 g
426 5394 461 5431 v
595 5379 679 5437 Id.

759 4048 1040 4122 Trophini
1071 4049 1262 4123 Episc.

752 4137 1008 4196 Grisanti
1039 4141 1095 4194 et
1124 4139 1313 4198 Darie.
1343 4141 1645 4198 Saturnini
1675 4144 1732 4198 et
1757 4140 1945 4199 Mauri
1980 4148 2151 4202 mart.
2185 4147 2301 4219 vig.

759 4228 983 4284 Andree
1012 4230 1210 4301 Apost.

767 4317 874 4372 Dat
902 4318 1174 4375 duodena
1204 4319 1413 4378 choors
1443 4324 1668 4395 septem
1699 4321 1757 4378 in
1790 4322 2110 4394 decemque
2141 4323 2489 4382 decembris.

762 4405 1045 4463 Vulnerat
1072 4406 1130 4464 in
1164 4409 1371 4480 primis
1399 4410 1559 4468 horis
1589 4415 1829 4484 septena
1860 4409 2218 4468 Decembris.

759 4493 819 4549 In
847 4495 1006 4552 senis
1035 4495 1196 4553 horis
1226 4497 1489 4555 decimus
1521 4499 1586 4555 fit
1614 4515 1794 4557 causa
1821 4499 2058 4556 doloris.

754 4582 1039 4641 December
1063 4585 1224 4642 habet
1254 4585 1370 4643 dies
1399 4605 1555 4656 xxxx,
1582 4588 1715 4645 luna
1747 4605 1898 4644 xxxx.

756 4669 1005 4727 Ursicini
1037 4671 1224 4745 Episc.
1259 4675 1412 4730 Brix.

759 4759 1048 4816 Pontiani.

758 4848 1009 4922 Crispini
1041 4853 1097 4906 et
1123 4851 1404 4924 Agricole.

751 4938 1004 4994 Barbare
1033 4937 1178 5012 Virg.

757 5025 1035 5083 Dalmacii
1066 5027 1211 5102 Virg.

753 5114 974 5172 Nicolai
1006 5116 1185 5190 episc.

757 5204 1054 5262 Ordinatio
1085 5208 1143 5263 S.
1176 5209 1467 5265 Ambrosii
1487 5207 1940 5283 Archiepiscopi.

756 5293 1005 5352 Zenonis
1035 5295 1225 5370 Episc.

755 5382 1052 5457 Depositio
1083 5386 1140 5442 S.
1175 5387 1301 5460 Syri
1329 5387 1523 5461 Episc.

3343 369 3498 430 1278

3353 684 3491 742 IXL.

3355 953 3495 1011 IXL.

3350 1669 3489 1728 IXL.

3351 1848 3491 1907 IXL.

3348 2291 3490 2351 IXL.

3355 2739 3494 2797 IXL.

3357 2828 3492 2886 IXL.

3350 3269 3492 3328 IXL.

3351 3536 3492 3595 IXL.

3349 3625 3494 3684 IXL.

3274 3881 3281 3888 '
3348 3805 3491 3863 IXL.

3295 4113 3308 4127 ⁸
3347 4161 3487 4220 IXL.

3280 4325 3284 4329 _
3347 4248 3485 4306 IXL.

3343 4689 3481 4748 IXL.

3333 5133 3452 5194 IXL

3190 5217 3260 5276 ι).
3333 5178 3476 5279 illi:
