3868 6204
37 343 101 401 Α
116 340 230 400 285
1373 338 1564 400 KALE

1970 340 2211 402 UMBR.
3338 337 3497 405 1286

94 472 212 527 'xiii
1757 473 1814 540 Α
1934 471 1988 528 vi
2025 477 2082 528 8.
2116 473 2378 539 Quatuor
2405 471 2675 530 Coronat.
2709 472 2875 530 Mart.

135 559 213 615 xii
253 562 349 613 SS.
384 561 510 614 MM.
545 556 849 624 Eustachi,
877 562 933 613 at
961 560 1086 614 Soc.
1120 558 1268 630 ejus.
1955 580 1987 616 v
2027 561 2321 617 Dedicatio
2353 561 2596 618 Basilica
2623 561 2958 629 Salvatoris,
2987 568 3042 618 et
3073 564 3315 620 Tcodori
3352 565 3498 620 Mur-

154 650 212 722 xj
254 653 312 704 8.
344 647 557 704 Hathei
586 645 844 720 Apostoli
875 651 933 703 at
962 647 1180 721 Evang.
2127 648 2275 706 tiris.
2567 699 2570 702 .

173 756 211 793 x
247 740 342 793 88.
372 739 499 792 MM.
527 736 780 808 lauritij
814 738 871 792 et
900 735 1204 794 Sociorum
1233 736 1382 808 ejus.
1933 737 1986 792 iv
2023 743 2122 794 88,
2157 739 2294 794 ΜΜ.
2319 740 2636 813 Triphonis
2654 739 2973 813 etRespicii
2997 746 3053 796 at
3076 740 3495 814 NimpheVirg.

144 828 218 899 jx
255 831 312 883 S.
345 825 470 882 Lini
507 825 660 899 Pape
690 829 747 882 et
771 829 843 880 ll.
1727 862 1732 868 -
2126 831 2185 884 et
2214 828 2381 884 Mart.

117 917 223 972 viii
1935 915 1995 972 iii
2033 920 2090 972 8.
2124 916 2356 973 Martini
2387 917 2492 990 Ep.
2524 922 2580 973 at
2608 917 2770 974 Conl‘.
2804 923 2860 974 et
2889 923 2944 974 S.
2982 919 3187 974 Manna
3221 919 3389 975 Mart.

134 1005 219 1062 vii
1958 1004 1998 1060 ii
2035 1009 2092 1062 S.
2127 1005 2360 1061 Martini
2392 1007 2542 1080 Pape
2573 1013 2629 1063 at
2660 1007 2827 1064 Mart.

157 1096 219 1152 vi
257 1097 352 1150 SS.
386 1097 514 1151 MM.
549 1092 756 1150 Cosme
786 1096 842 1150 et
872 1091 1161 1152 Damiani.
1844 1093 2002 1149 Idus.
2044 1097 2102 1149 8.
2136 1093 2294 1150 Britii
2327 1095 2596 1169 Episcopi
2628 1101 2683 1153 at
2712 1095 2874 1152 Conf.

187 1200 225 1239 ν
1859 1182 1996 1238 xviii
2039 1183 2162 1239 Kal.

129 1273 219 1327 iiii
1878 1271 1992 1328 xvii

153 1360 218 1418 iii
258 1359 552 1417 Dedicatio
583 1359 824 1417 Basilica
852 1362 910 1417 S.
942 1358 1238 1416 Michaelis
1269 1359 1439 1416 Arch.
1897 1361 1986 1432 xvj

177 1451 215 1505 ii
257 1453 313 1505 8.
341 1448 625 1506 Jeronimi
659 1449 854 1507 Preab.
888 1453 946 1505 at
975 1449 1140 1506 Conf.
1339 1453 1342 1456 ’
1924 1466 1994 1506 xv

65 1557 308 1614 Oetuber
382 1557 541 1613 habet
608 1555 724 1612 dies
775 1573 927 1623 xxxi,
989 1555 1123 1613 luna
1179 1572 1331 1612 xxix.
1391 1556 1512 1614 Non:
1578 1556 1592 1612 l

1694 1565 1737 1614 ει
1895 1537 1991 1594 xiv
2032 1538 2322 1595 Dedicatio
2356 1539 2599 1596 Basilica
2627 1543 2734 1613 Ap.
2769 1539 2921 1596 Patri
2951 1545 3008 1596 at
3037 1540 3221 1598 Pauli.

643 1626 805 1684 hora:
833 1645 945 1696 xlv,
978 1626 1094 1684 dies
1121 1644 1175 1684 x.
1887 1625 1990 1682 xiii
2029 1631 2085 1682 8.
2146 1627 2506 1698 Halisabath,
2585 1633 2641 1684 at
2715 1633 2770 1683 8.
2862 1628 3129 1686 Pontiani
3212 1629 3364 1704 Pape
3448 1633 3506 1687 et

66 1717 204 1773 Kal.
245 1721 302 1772 8.
337 1715 584 1790 Remigij
619 1715 887 1791 Episcopi
922 1720 979 1773 at
1006 1715 1170 1774 Conf.
2129 1715 2298 1773 Mart.

155 1807 211 1862 vi
253 1806 399 1863 Non.
1767 1844 1814 1911 Β
1907 1803 1984 1860 xii

174 1914 213 1951 ν
250 1895 396 1952 Non.
1767 1893 1814 1911 υ
1934 1893 1989 1948 xi

155 1983 213 2039 iv
249 1982 397 2040 Non.
429 1985 486 2038 8.
521 1982 814 2040 Francisci
845 1981 1228 2040 Confassoris.
1954 1997 1990 2037 x
2027 1986 2081 2041 S.
2119 1981 2325 2039 Cecilie
2356 1983 2516 2056 Virg.
2550 1988 2606 2038 et
2631 1983 2799 2040 Mart.

145 2072 210 2127 iii
254 2072 401 2129 Non.
1933 2070 1990 2126 ix
2027 2075 2082 2127 8.
2142 2072 2456 2129 Clementis
2534 2073 2681 2146 Pape
2739 2078 2796 2128 et
2853 2089 2930 2127 m.
2993 2076 3050 2128 et
3105 2074 3161 2127 S.
3227 2069 3499 2128 Felicita-

63 2161 236 2216 Prid.
279 2160 426 2216 Non.
2129 2161 2226 2216 tis.

63 2249 226 2306 Non.
269 2253 363 2304 SS.
423 2251 553 2305 MM.
609 2248 814 2322 Sergii,
877 2249 1102 2321 Baebii,
1157 2249 1434 2320 Marcelli,
1483 2256 1539 2306 et
1580 2253 1736 2325 Apu-
1888 2249 1987 2306 viii
2027 2253 2082 2304 S.
2117 2249 2419 2323 Crisogoni
2453 2251 2530 2306 M.

366 2337 462 2394 lai.
1914 2339 1987 2394 vii
2031 2343 2086 2394 8.
2121 2338 2432 2395 Katherine
2461 2338 2621 2412 Virg.
2656 2343 2713 2394 et
2743 2339 2912 2394 Mart.

109 2427 210 2500 viij
252 2427 394 2484 Idus
422 2431 479 2483 8.
515 2427 798 2500 Reparata
826 2427 988 2502 Virg.
1023 2432 1080 2485 et
1110 2431 1182 2484 Il.
1940 2428 1990 2484 vi
2031 2431 2088 2482 8.
2124 2427 2272 2482 Petri
2301 2427 2677 2484 Alexandrini
2710 2428 2812 2500 Ep.
2846 2433 2904 2483 et
2927 2430 3001 2484 Μ.

138 2516 214 2572 vii
260 2517 396 2573 ldus
433 2521 528 2572 88.
579 2519 707 2572 MM.
760 2517 1024 2588 Dionisii,
1089 2517 1312 2575 Rustici
1357 2521 1416 2574 et
1464 2517 1739 2575 Eleutha-
1961 2534 1994 2572 v
2033 2523 2090 2571 S.
2122 2516 2320 2573 Jacobi
2353 2515 2613 2573 Intercisi
2648 2516 2728 2576 M.

370 2623 460 2662 ru.
1943 2623 1999 2660 ιν

157 2695 213 2752 vi
254 2696 392 2753 Idus
419 2699 477 2753 8.
509 2695 776 2753 Cerbonii
807 2695 912 2770 Ep.
945 2701 1002 2753 at
1031 2695 1194 2754 Conf.
1938 2693 1997 2749 iii
2036 2697 2093 2748 8.
2127 2693 2426 2750 Saturnini
2459 2695 2534 2750 M.
2566 2693 2799 2768 Vigilia.

179 2803 214 2840 v
254 2785 396 2842 Idus
425 2783 656 2844 Transl.
692 2785 754 2842 B.
787 2785 976 2844 Patris
1006 2786 1193 2844 nostri
1221 2786 1532 2859 Augustin.
1964 2782 2002 2837 ii
2041 2783 2266 2839 Andrea
2293 2783 2577 2856 Apostoli.

165 2875 218 2929 iV
258 2875 347 2929 Id-
1849 2891 2140 2948 December
2197 2891 2357 2946 habet
2412 2890 2528 2947 dies
2576 2907 2732 2946 xxxx.
2782 2891 2939 2946 Luna
2985 2905 3142 2946 XXIX.
3189 2888 3311 2945 Non:
3353 2888 3515 2947 habet

151 2963 218 3019 iii
260 2963 344 3020 Id.
2374 2962 2536 3018 hora:
2568 2978 2730 3028 xvm,
2763 2961 2878 3016 dies
2907 2977 2982 3017 vn.

173 3053 214 3108 ii
257 3053 344 3108 1d.
379 3055 434 3109 8.
469 3051 674 3111 Calixti
706 3052 857 3128 Pape
885 3056 942 3111 at
971 3053 1246 3111 Iartiris.
1848 3048 1976 3105 Kal.
2016 3054 2145 3106 Dec.

73 3142 244 3198 Idus.
1949 3137 2002 3193 iv
2042 3137 2166 3193 Non
2197 3140 2254 3192 8.
2287 3135 2524 3194 Bibiane
2555 3136 2714 3211 Virg.
2748 3142 2804 3194 et
2836 3136 2912 3192 M.

92 3230 216 3287 xvii
259 3229 386 3286 Kal.
419 3233 476 3285 s.
506 3229 653 3287 Galli
685 3229 831 3286 Abh.
865 3234 923 3286 et
951 3229 1114 3288 Conf.
1771 3215 1815 3284 C
1937 3225 1998 3298 iij
2649 3290 2662 3304 .

123 3317 223 3374 xvi
1958 3314 1997 3369 ii
2036 3318 2092 3371 S.
2129 3315 2378 3372 Barbare
2407 3315 2474 3372 V.
2509 3319 2566 3372 et
2597 3316 2672 3372 M.

149 3423 225 3462 xv
261 3409 320 3463 8.
357 3407 508 3464 Luce
539 3407 754 3480 Evang.
1851 3404 2068 3461 Nonas.
2099 3408 2155 3459 8.
2188 3404 2376 3460 Sabba
2405 3405 2551 3460 Abb.
2583 3409 2641 3461 at
2670 3404 2836 3462 Conf.

120 3495 225 3551 xiv
1894 3492 1995 3548 viii
2034 3494 2174 3550 ldus
2204 3497 2259 3549 8.
2292 3491 2557 3550 Nicholai
2586 3494 2689 3566 Ep.
2725 3497 2780 3550 et
2809 3492 2970 3550 Conf.

116 3585 226 3640 xiii
1921 3584 1996 3655 vij
2037 3587 2093 3638 S.
2126 3581 2414 3639 Ambrosii
2444 3583 2548 3656 Ep.
2581 3586 2638 3638 et
2667 3583 2831 3639 Conf.

135 3673 222 3729 xii
261 3677 319 3728 8.
356 3671 635 3746 llaryonis
664 3673 886 3729 Ahb.et
917 3673 1080 3744 Conf.
1107 3678 1162 3731 et
1193 3674 1463 3732 undecim
1489 3673 1740 3733 millium
1951 3673 2004 3727 vi
2047 3671 2360 3744 Conceptio
2393 3672 2454 3729 B.
2491 3671 2566 3729 M.
2605 3689 2835 3744 semper
2864 3671 2930 3728 V.

369 3761 701 3836 Virginum.
1971 3779 2004 3816 v

156 3851 220 3922 Xj
1952 3851 2006 3907 iv
2043 3852 2308 3908 Deletum.

190 3957 227 3995 χ
1939 3939 2003 3996 iii
2041 3941 2305 3997 Deletum.

170 4029 230 4083 ix
1959 4027 1999 4085 ii

120 4117 226 4173 viii
269 4121 364 4174 SS.
398 4120 524 4175 MM.
568 4117 818 4176 Crisanti
865 4123 922 4176 et
969 4119 1156 4189 Daria,
1189 4122 1247 4176 et
1274 4119 1468 4177 Sancti
1498 4119 1743 4178 Miniatii
1852 4118 2012 4175 Idus.
2046 4123 2102 4175 8.
2134 4119 2308 4176 Lucia
2337 4117 2405 4176 V.
2437 4123 2494 4174 et
2524 4119 2598 4178 M.

365 4208 638 4266 Martiris.
1903 4208 1999 4264 xix
2039 4208 2165 4266 Kal.

146 4296 232 4354 vii
272 4300 329 4352 8.
361 4297 606 4355 Evaristi
636 4298 790 4372 Pape
821 4302 878 4357 et
906 4300 1072 4356 Hart.
1864 4297 2002 4354 xviii

165 4385 222 4441 vi
262 4383 494 4458 Vigilia.
1885 4387 2000 4442 xvii

185 4490 220 4530 ν
258 4477 354 4532 88.
385 4476 492 4549 Ap.
526 4476 786 4535 Simonis
818 4481 876 4534 et
902 4477 1051 4536 Jude
1902 4475 1993 4531 xvi

167 4562 224 4662 iv
1770 4589 1819 4654 Β
1931 4581 2002 4619 xv

157 4667 225 4705 lll

1909 4670 2002 4711 XlV

175 4739 217 4794 ii
259 4739 490 4813 Vigilia.
1896 4741 1998 4796 xiii

142 4849 445 4906 November
498 4849 659 4906 habet
713 4849 830 4907 die:
885 4865 1042 4919 xxxi,
1094 4849 1231 4906 luna
1260 4865 1392 4906 xxx.
1424 4851 1550 4908 No.1:
1579 4849 1741 4907 habet
1925 4830 2006 4886 Χίί
2045 4835 2103 4886 8·
2136 4829 2360 4886 Τίλοωθ
2393 4826 2657 4900 APOStOIi

602 4921 763 4978 horas
791 4937 906 4989 xv1,
934 4921 1048 4979 dies
1078 4938 1200 4978 VIII.
1945 4921 2000 4976 xi

107 5003 241 5062 Kal.
296 5005 436 5064 Nov.
493 5008 729 5066 Festum
804 5008 1070 5067 omnium
1127 5011 1224 5065 SS.
1284 5013 1342 5066 et
1398 5012 1456 5066 8.
1517 5008 1737 5066 Cesarii
1967 5027 2004 5066 x

365 5096 535 5154 Mart.
677 5099 682 5104 ’
1943 5097 2004 5154 ix

170 5184 224 5239 iv
263 5183 410 5241 Non.
436 5185 910 5244 Anniversarium
939 5184 1206 5243 omnium
1228 5183 1512 5244 Fidelium
1535 5184 1736 5243 defun-
1897 5186 1999 5243 viii
2039 5185 2324 5244 Nativitas
2354 5182 2586 5242 Domini
2619 5182 2814 5240 Nostri
2844 5180 2983 5240 Jesu
3021 5177 3255 5235 Christi.

239 5281 243 5285 '
363 5278 613 5331 ctorum.
1916 5276 1997 5332 vii
2035 5281 2094 5332 S.
2124 5273 2402 5348 Stephani
2434 5271 2688 5330 Protom.

146 5361 210 5433 iij
255 5360 402 5419 Non.
437 5367 444 5372 ’
1940 5365 1996 5420 vi
2037 5369 2093 5420 8.
2125 5359 2411 5421 Johannis
2440 5363 2546 5433 Ap.
2580 5366 2638 5417 et
2667 5362 2766 5418 Ev.

174 5449 214 5504 ii
249 5453 349 5506 SS.
383 5450 519 5510 MM.
553 5451 783 5521 Vitalis,
816 5457 872 5509 et
900 5450 1184 5526 Agricola.
1959 5470 1993 5508 v
2032 5456 2128 5508 SS.
2161 5450 2297 5506 MM.
2333 5450 2759 5506 Innocentium.

69 5538 292 5595 Nonas.
1935 5541 1991 5595 iv
2030 5547 2088 5598 8.
2121 5540 2342 5596 Thome
2372 5536 2694 5612 Archiepis.
2727 5543 2783 5596 at
2814 5537 2978 5594 Conf.
3351 5605 3358 5612 _
3709 5567 3795 5655 Α.

105 5626 202 5655 ..ξζζ
249 5627 305 5655 LI
364 5632 396 5655 Ω
457 5629 740 5655 τινι-..-ΔΞ
774 5630 922 5655 Πλκο
1924 5629 1984 5655 εεε

105 5626 206 5684 viii
246 5627 330 5686 Id.
364 5632 421 5686 8.
457 5629 744 5688 Laonardi
774 5630 936 5686 Conf.
1924 5629 1990 5685 iii
3701 5655 3707 5665 ι

133 5715 214 5774 vii
1942 5717 1987 5777 ii
2025 5723 2084 5777 8.
2113 5715 2371 5776 Silvestri
2403 5715 2554 5792 Pape
2584 5721 2641 5774 et
2670 5715 2834 5776 Conf.

3217 5783 3619 6013 τ’
