3868 6204
102 364 256 427 1289
1378 362 1722 427 KALEND.
1775 363 2234 428 VALLUMBR.
3357 374 3515 434 1290

98 498 137 552 F
323 495 382 550 ii.
461 495 610 551 Non.
1781 508 1829 571 Α
1864 500 1909 551 Α
2016 498 2134 553 viii.
2166 499 2327 555 Chal.
2406 500 2716 573 Conceptio
2748 504 2803 556 8.
2840 501 3131 558 Johannis

95 586 139 641 G
327 579 343 595 ’
430 589 579 640 Non.
692 584 904 640 Sancta
937 583 1119 639 Maria
1149 583 1219 638 de
1269 581 1427 652 Nive,
1462 589 1518 640 et
1544 584 1601 640 S.
1636 584 1749 641 Do-
1862 588 1903 642 B
2040 587 2138 644 vii.
2174 588 2334 645 Chal.

738 671 935 727 minici
968 671 1320 728 confessoris
1347 676 1480 745 -ᾒειᾷρ
1862 676 1902 731 0
2066 677 2140 731 vi.
2175 677 2339 735 Chal.

281 761 401 817 viii.
479 762 565 817 Id.
688 761 829 817 Sixti
863 760 1207 818 Felicissimi
1238 766 1294 817 et
1323 760 1573 834 Agapiti.
1860 765 1906 820 D
2087 784 2140 821 v.
2174 766 2337 824 Chal.
2415 767 2623 824 Cosme
2652 771 2709 824 et
2733 768 3021 825 Damiani.

279 869 377 925 vii.
481 869 567 924 Id.
680 867 889 925 Donati
936 868 1125 940 Episc.
1154 872 1213 924 et
1238 868 1370 939 ιεβῇ
1407 867 1749 939 Transﬁgu-
1858 854 1901 908 Ε
2038 855 2145 911 ίίὶίυ
2180 856 2345 912 Chal.
3016 856 3033 867 '

735 958 880 1013 ratio
912 955 1144 1012 Domini
1173 956 1389 1012 Nostri,
1861 945 1902 1000 F
2068 944 2149 1002 iii.
2185 944 2341 1002 Chal.
2424 946 2721 1003 Dedicatio
2750 950 2806 1004 S.
2834 946 3157 1007 Michaelis.

317 1046 392 1101 vi,
470 1046 555 1101 1d,
633 1044 831 1101 sancti
862 1044 1104 1117 Cyriaci,
1860 1030 1907 1086 G
2088 1031 2148 1088 ii.
2182 1032 2343 1089 Chal.
2420 1034 2614 1089 Sancti
2647 1034 2987 1090 Hieronimi.

343 1152 394 1189 v.
471 1135 558 1190 Id.
633 1134 761 1207 Vig.
796 1135 855 1189 S.
892 1131 1209 1201 Laurentii,
1241 1137 1296 1188 et
1324 1138 1455 1207 Μ
1502 1133 1747 1190 Romani
1859 1120 2054 1176 Tertia
2083 1123 2375 1194 Septemb.
2410 1122 2600 1195 vulpis
2635 1142 2647 1179 :
2682 1122 2818 1179 ferit
2847 1140 2882 1179 a
2910 1124 3054 1196 pede
3084 1124 3254 1180 dena.

773 1222 942 1277 Mart.
2193 1212 2304 1266 Oct.
2338 1212 2494 1267 habet
2520 1212 2637 1268 dies
2666 1212 2826 1281 xxxi,
2861 1229 2995 1267 .una
3024 1229 3177 1272 xxix.

287 1311 389 1367 iiii,
466 1312 553 1367 ιὰ,
630 1312 689 1366 8,
761 1310 1078 1367 Laurentii,
1857 1302 1905 1352 Α
2122 1299 2244 1355 Oct.
2279 1300 2474 1357 Sancti
2505 1299 2755 1374 Remigii
2788 1300 2947 1373 Epis.

310 1400 390 1456 iii.
472 1401 557 1456 Id.
636 1400 695 1456 s.
763 1400 1049 1473 Tyburtii.
1862 1388 1903 1441 Β
2047 1388 2121 1442 vi.
2155 1388 2299 1444 Non.

2069 1494 2123 1533 v.
2158 1478 2303 1534 Non.

443 1579 583 1635 Idus
654 1577 891 1649 Ypoliti,
925 1581 983 1633 et
1010 1577 1294 1634 Cassiani.
1859 1564 1903 1619 D
2026 1564 2129 1621 iiii.
2164 1566 2310 1621 Non.

245 1668 362 1738 xjx.
395 1666 556 1723 Chal.
636 1668 792 1739 Sept.
829 1666 1084 1723 Eusebii.
1116 1666 1248 1739 Vig.
1857 1654 1897 1708 E
2050 1654 2132 1710 iii.
2165 1655 2310 1712 Non.

203 1756 361 1811 xviii.
394 1755 558 1812 Chal.
637 1755 969 1827 Assumptie
1000 1756 1059 1811 S.
1094 1756 1293 1811 Marie.
1855 1744 1898 1797 Ρ
2070 1744 2129 1799 ii.
2163 1746 2307 1802 Non.

2167 1834 2315 1891 Non.
2392 1839 2448 1890 8.
2483 1835 2660 1893 Marci
2693 1852 2789 1908 pp.

2014 1922 2133 1978 viii.
2211 1925 2297 1979 Id.
2329 1928 2384 1979 8.
2419 1925 2727 1996 Reparate.

2040 2012 2139 2069 vii.
2216 2014 2301 2068 Id.
2337 2014 2613 2083 Donnini,
2647 2013 2891 2081 Rustici,
2924 2017 2980 2069 et
3010 2012 3357 2070 Eleutherii.

2067 2100 2143 2155 vi.
2220 2102 2305 2157 Id.
2338 2106 2392 2157 8.
2426 2102 2676 2158 Carboni
2708 2103 2897 2175 Episc.

2089 2207 2142 2245 v.
2228 2192 2307 2246 Id.

228 1844 362 1901 xvii.
394 1844 557 1901 Chal.

252 1934 364 1989 xvi.
400 1933 560 1989 Chal.
637 1934 763 1989 Oct.
796 1932 990 1988 Sancti
1024 1932 1343 1989 Laurentii.

275 2039 367 2078 xv.
401 2021 564 2078 Chal.
642 2022 702 2077 S.
732 2021 988 2095 Agapiti.

257 2111 368 2166 xiv.
403 2111 560 2169 Chal.
641 2112 699 2167 S.
733 2110 1012 2168 Ludovici
1048 2111 1154 2183 Ep.
1187 2110 1257 2167 de
1305 2108 1519 2165 Ordine
1569 2107 1751 2164 Mino-

767 2218 899 2257 rum
936 2198 1075 2266 itit:

89 765 136 818 A

93 871 132 926 B

93 1047 132 1103 C

93 1136 138 1192 D

95 1313 135 1368 E

95 1402 134 1457 F

90 1491 136 1546 G
331 1490 392 1544 ii.
470 1490 554 1544 Id.
633 1490 691 1545 S.
762 1488 903 1544 Date
932 1488 1091 1561 Virg.
1126 1488 1265 1555 ᾗῇ

88 1581 134 1633 Α

89 1668 132 1723 Β

88 1756 129 1810 0

89 1845 133 1900 D
228 1845 362 1901 xvii.
394 1845 557 1901 Chal.
1284 1932 1293 1941 '
1777 1884 1823 1948 Β

88 1934 130 1988 E
252 1934 364 1988 xvi.
400 1933 560 1988 Chal.
637 1934 763 1988 Oct.
796 1932 990 1988 Sancti
1024 1932 1343 1988 Laurentii.

94 2022 134 2076 F

91 2113 134 2166 G

88 2292 135 2345 A
244 2290 366 2346 xiii.
397 2289 560 2345 01181.
637 2286 1578 2347 S.BernardiAb.etConfessoris
1616 2286 1747 2354 Η
1859 2278 1901 2331 Ε
2043 2278 2144 2334 iiii.
2222 2280 2308 2335 Id.

88 2379 131 2431 :i
264 2379 365 2435 xii.
399 2378 563 2435 Chal.
1860 2368 1902 2460 1‘:
2065 2368 2147 2460 ίὲῗ·
2225 2370 2310 2460 ω-
2453 2459 2523 2460 η
2657 2450 2668 2460 .

93 2467 136 2522 0
289 2467 364 2524 xi.
398 2466 557 2523 Chal.
636 2468 757 2523 Oct.
818 2473 875 2526 8.
926 2478 1073 2525 mar.
1125 2466 1416 2523 Timothei
1472 2464 1748 2537 Simpbo-
1855 2457 1905 2599 ἓ
2086 2456 2311 2601 ii.IdId.
2344 2463 2399 2515 8.
2435 2456 2769 2532 0811811⁷91).

768 2558 938 2602 rinni-
2214 2564 2304 2602 IIS.

94 2647 140 2702 D
305 2663 360 2701 χ,
395 2646 556 2703 Cha],
634 2575 939 2720 Vigflam.
1855 2575 1903 2688 ἓ
2046 2575 2376 2693 xviiflGhal.
2454 2638 2599 2694 Non.
2634 2636 2781 2694 Galli
2812 2636 3077 2692 Abbatis.

92 2735 137 2789 Ε
285 2735 360 2791 ix.
393 2734 556 2791 Chal.
633 2739 689 2790 S.
726 2735 1139 2792 Bartholomei.
1856 2726 1896 2778 C
2064 2726 2176 2782 XVi.
2211 2727 2368 2783 Chal.

2094 2834 2184 2872 xv.
2218 2816 2379 2872 01181.
2456 2821 2512 2872 8.
2547 2817 2714 2873 Luca:
2745 2814 3145 2889 Evangelistae.

2037 2905 2180 2961 xiiii.
2214 2905 2376 2962 Chal.

95 3001 143 3057 G
270 3000 369 3057 vii.
403 3001 562 3058 01181.
1858 2994 1900 3049 F
2062 2993 2181 3049 xiii.
2218 2993 2379 3049 Chal.

92 3092 140 3144 A
290 3092 366 3146 vi.
400 3090 560 3147 Chal.
1858 3083 1903 3139 G
2084 3082 2181 3139 xii.
2215 3082 2373 3139 Chal.
2450 3083 2880 3157 S.Bylarionis,
2949 3088 3007 3141 et
3060 3086 3200 3157 ξίξῇ
3255 3084 3505 3156 quadra-

94 3180 138 3234 B
317 3197 368 3235 v.
404 3179 563 3235 Chal.
640 3180 975 3254 Augustini.
1010 3180 1317 3236 Hermetis.
2530 3174 2691 3248 ginta
2721 3173 2996 3231 militum.

93 3267 137 3322 C
264 3268 370 3324 iiii.
405 3267 564 3324 Chal.
642 3268 958 3324 Decollatio
988 3273 1041 3324 S.
1078 3268 1365 3325 Johannis
1393 3267 1624 3322 Sabine.
1777 3259 1821 3325 C
1857 3267 1904 3321 A
2083 3264 2161 3320 xi.
2196 3262 2355 3320 Chal.

98 3361 143 3411 l)

93 3446 138 3501 Ε

100 2824 139 2879 F
247 2823 366 2879 viii.
401 2823 563 2880 Chal.
639 2829 695 2879 S.
730 2824 982 2894 Genesii,
1033 2831 1089 2879 et
1134 2828 1190 2878 S.
1241 2821 1514 2878 Eudovici
1575 2820 1748 2875 Fran-

769 2929 970 2969 corum
1003 2914 1120 2969 Rex
1147 2911 1286 2977 itit

1857 1302 1905 1352 Α

1862 1388 1903 1441 Β

1858 1475 1900 1530 0

1859 1564 1903 1619 D

1857 1654 1897 1708 E

1855 1742 1898 1797 F

1859 1831 1906 1887 G

1860 1923 1907 1975 A

1864 2010 1905 2064 Β

1860 2098 1901 2153 0

1862 2187 1908 2245 D

1859 2277 1901 2331 E

1860 2366 1902 2422 F

1859 2457 1905 2511 G

1855 2546 1903 2599 A

1859 2634 1901 2688 Β

1856 2726 1896 2778 0

1856 2815 1902 2872 D

1856 2906 1899 2960 E

1858 2994 1900 3049 F

1858 3083 1903 3139 G

2102 3372 2158 3410 x.
2193 3355 2353 3411 Chal.

320 3445 381 3500 ii.
416 3446 575 3501 01181.
651 3450 707 3502 8.
730 3446 949 3502 Juliani
980 3446 1250 3519 Martyris
1285 3444 1424 3511 ἧςᾕᾷ
1855 3443 1896 3498 0
2083 3443 2159 3499 ix.
2195 3443 2355 3499 Chal.

290 3268 370 3324 iii.
405 3267 564 3324 Chal.
642 3268 958 3324 Decollatio
988 3273 1041 3324 S.
1078 3268 1365 3325 Johannis
1393 3267 1624 3322 Sabine.
1777 3267 1821 3325 C
1857 3267 1904 3321 A

290 3358 375 3412 iii.
408 3356 568 3413 Chal.
648 3357 857 3413 Felicis
886 3361 944 3413 et
970 3357 1235 3414 Audacti.
1856 3360 1898 3410 Β

320 3445 381 3500 ii.
416 3446 575 3501 01181.
651 3450 707 3502 8.
730 3446 949 3502 Juliani
980 3446 1250 3519 Martyris
1285 3444 1424 3511 ἧςᾕᾷ
1855 3443 1896 3498 0
2083 3443 2159 3499 ix.
2195 3443 2355 3499 Chal.

166 3534 416 3608 Augusti
449 3552 597 3608 nepa
626 3535 820 3608 prima
847 3552 861 3591 :
895 3537 1059 3608 fugat
1087 3536 1159 3591 de
1191 3536 1305 3591 line
1335 3534 1596 3590 secunda
1855 3533 1900 3588 D
2045 3533 2166 3587 viii.
2199 3532 2359 3589 Chal.
2435 3536 2490 3588 S.
2520 3533 2799 3603 Miniatis,
2833 3532 3109 3602 Grisanti,
3142 3536 3199 3588 et
3229 3532 3417 3588 Darie.

1856 3623 1897 3677 E

1857 3712 1898 3767 F

362 3624 629 3697 Septemb.
661 3626 822 3681 habet
847 3625 963 3681 dies
992 3642 1122 3691 xxx,
1158 3626 1310 3680 tuna.
1344 3640 1476 3679 xxx.
1856 3623 1897 3677 E
2067 3622 2163 3679 vii.
2198 3622 2358 3679 Chal.

90 3715 134 3770 F
350 3717 481 3785 Sep.
512 3717 569 3769 8.
602 3713 803 3787 Reguli
835 3714 959 3787 Epi.
1857 3712 1898 3767 F
2088 3712 2162 3767 vi.
2198 3711 2359 3767 Chal.
2437 3712 2567 3785 Vig.
2626 3712 3038 3785 Apostolorum
3105 3710 3394 3786 Symonis,
3450 3715 3509 3767 et

88 3803 139 3859 G
211 3802 318 3858 iiii.
352 3803 499 3857 Non.
2529 3801 2715 3858 Judae.

86 3895 138 3947 Α
241 3890 324 3946 111.
358 3891 503 3947 Non.
538 3891 839 3948 Ordinatio
868 3896 926 3947 8.
959 3892 1219 3965 Gregorii
1251 3893 1436 3964 Papae.
1857 3894 1901 3948 G
2108 3908 2160 3949 ν.
2197 3890 2357 3947 01181.
2434 3891 2842 3964 Apostolorum
2894 3890 3183 3965 Symonis,
3215 3895 3273 3946 et
3319 3889 3506 3947 Judaa.

90 3981 135 4036 Β
264 3980 325 4035 ii.
359 3980 506 4037 Non.
1854 3983 1902 4036 A
2058 3980 2160 4037 iiii.
2196 3980 2359 4037 Chal.

88 4070 133 4125 C
361 4069 507 4126 Non.
1858 4070 1901 4124 B
2075 4069 2155 4125 iii.
2191 4069 2354 4126 Chal.
2429 4074 2487 4126 8.
2522 4071 2795 4128 Germani
2829 4071 3019 4145 Episc.

88 4159 137 4214 D
170 4158 292 4214 viii.
371 4159 456 4214 Id.
1859 4157 1901 4213 C
2102 4157 2161 4212 ii.
2196 4158 2358 4215 Chal.
2434 4159 2566 4232 Vig.
2601 4160 2877 4217 Omnium
2907 4163 3277 4215 Sanctorum.

90 4248 137 4303 E
191 4247 292 4302 vii.
370 4248 454 4304 Id.
1932 4246 2164 4302 Tertius
2195 4247 2441 4304 October
2468 4248 2701 4321 gladius
2733 4249 2958 4305 decimo
2990 4247 3193 4305 ordine
3223 4246 3419 4301 nectit.

89 4336 134 4392 F
218 4334 293 4392 vi.
372 4336 458 4392 1d.
535 4337 664 4393 Nat.
698 4341 754 4392 8.
789 4336 989 4393 Maria.
1255 4327 1263 4335 ’
2206 4340 2343 4393 Νου.
2377 4338 2537 4392 habet
2566 4337 2680 4393 dies
2706 4355 2837 4407 xxx,
2870 4339 3003 4393 luna
3033 4354 3162 4392 xxx.

91 4427 141 4482 G
244 4442 300 4480 v.
376 4426 462 4481 Id.
539 4431 595 4482 8.
627 4425 931 4500 Gargonii.
1861 4425 1906 4480 D
2125 4425 2265 4481 Nov.
2302 4425 2605 4483 Festivitas
2632 4427 2897 4483 omnium
2927 4429 3294 4482 Sanctorum.

89 4518 141 4570 A
382 4515 468 4571 Id.
545 4520 601 4571 S.
634 4515 809 4572 Salvii
839 4515 1128 4588 Episcopi.
1860 4516 1904 4570 E
2077 4514 2182 4569 iiii.
2216 4515 2360 4571 Non.

94 4605 140 4659 Β
224 4602 309 4658 111.
388 4605 473 4660 Id.
550 4610 897 4661 Sanctorum
930 4604 1147 4671 Prothi,
1181 4608 1239 4660 et
1267 4603 1499 4660 Jacinti.
1783 4629 1832 4692 Β
1864 4606 1905 4660 F
2103 4602 2186 4658 iii.
2220 4603 2365 4660 Non.

92 4694 138 4749 C
250 4692 314 4747 ii.
389 4693 475 4749 Id.
1867 4696 1914 4751 G
2127 4692 2187 4749 ii.
2222 4693 2369 4749 Non.
2444 4692 2655 4750 Vitalis
2682 4700 2740 4751 et
2767 4693 3048 4769 Agricole.

93 4780 146 4836 D
187 4781 350 4838 Idus.
1869 4786 1915 4841 A
2236 4784 2383 4839 Non.

95 4870 142 4924 E
174 4868 331 4926 xviii.
366 4869 528 4927 01181.
604 4872 730 4927 Oct.
764 4871 947 4928 Exalt.
980 4880 1047 4945 ᾖ
1083 4871 1357 4938 Cornelii,
1380 4870 1655 4944 Cipriani.
1871 4878 1914 4927 B
2050 4872 2170 4927 viii.
2249 4874 2337 4929 Id.
2413 4871 2662 4946 Appiani
2698 4878 2754 4929 et
2786 4872 3091 4930 Leonardi.

98 4959 143 5014 F'
201 4958 338 5014 xvii.
373 4957 534 5015 Chal.
1868 4964 1909 5019 C
2073 4960 2169 5016 vii.
2249 4962 2332 5017 Id.

99 5047 151 5103 G
223 5046 337 5103 xvi.
372 5047 532 5105 Chal.
612 5049 785 5105 Lucie
814 5055 871 5105 et
900 5049 1250 5107 Geminiani.
1873 5053 1915 5108 D
2096 5051 2171 5106 vi.
2250 5052 2334 5108 Id.
2415 5052 2674 5117 Quatuor
2703 5051 3147 5107 Coronatorum.

99 5138 150 5192 A
251 5153 342 5192 xv.
376 5136 537 5194 Chal.
1871 5140 1914 5195 E
2117 5156 2171 5194 v.
2248 5140 2334 5195 Id.
2412 5138 2699 5195 Theodori
2758 5144 2816 5196 et
2871 5138 3066 5194 Sancti
3113 5136 3427 5194 Salvatoris
3457 5134 3523 5201 ᾗ

105 5225 150 5281 Β
208 5223 356 5279 xiiii.
390 5224 551 5281 Chal.
1871 5231 1913 5285 F
2065 5227 2170 5284 iiii.
2248 5230 2335 5285 Id.

104 5313 149 5369 C
223 5312 346 5369 xiii.
379 5312 542 5371 Chal.
1873 5320 1922 5376 G
2092 5316 2177 5373 iii.
2255 5318 2342 5373 Id.
2418 5321 2475 5373 S.
2505 5316 2761 5373 Martini.
2794 5322 2851 5375 8.
2884 5317 3113 5387 Menne.

105 5402 154 5458 D
253 5401 353 5459 xii.
386 5401 547 5460 Chal.
580 5402 708 5477 Vig.
741 5407 797 5459 S.
834 5404 1068 5459 Matbei.
1870 5410 1917 5465 A
2116 5406 2178 5463 ii.
2254 5408 2341 5463 Id.

106 5492 149 5547 E
282 5492 359 5546 xi.
392 5491 556 5548 Chal.
584 5496 639 5548 S.
674 5492 891 5549 Mathei
919 5495 1119 5563 Apost.
1874 5503 1919 5553 Β
2170 5496 2331 5552 ldus.
2407 5502 2463 5553 8.
2496 5495 2662 5552 Britii
2697 5496 2986 5570 Episcopi.

108 5581 151 5638 F
306 5598 361 5636 x.
401 5580 561 5638 01181.
592 5580 856 5639 Mauricii
886 5596 1020 5638 cum
1048 5579 1229 5637 Sociis
1260 5579 1405 5635 suis.
1874 5586 1917 5643 C
1987 5583 2143 5641 xviii.
2176 5583 2339 5642 Chal.

108 5669 178 5730 G.
230 5668 376 5728 viiii.
409 5670 566 5728 Chal.
1516 5666 1541 5685 ’
1872 5678 1920 5741 D
2011 5674 2146 5733 xvii.
2179 5673 2344 5735 Chal.

432 5798 699 5866 PATROL.
743 5794 1129 5863 CXXXVIII.
3127 5805 3205 5870 41
