3868 6204
354 379 498 438 1291
1113 375 1442 437 APPEND.
1495 378 1597 435 AD
1879 370 1948 431 X.
1985 405 2061 416 -ο
2093 367 2594 434 MONUMENTA
2637 368 2955 431 LITURG.
3640 364 3758 425 4292

352 512 393 565 E
506 510 617 565 xvi.
656 510 815 565 Chal.
2036 510 2083 572 Α
2118 507 2161 560 G
2275 523 2326 558 v.
2364 505 2446 559 Id.
2524 504 2643 575 Syri
2674 501 2968 575 Episcopi.

351 600 393 656 F
530 617 619 656 xv.
651 598 813 655 Chal.
2113 597 2160 650 Α
2248 593 2332 649 iiii
2364 594 2450 649 Id.

349 692 396 744 G
476 686 621 745 xiiii.
655 687 821 743 Chal.
898 691 955 742 8.
991 686 1244 744 Fridiani
1277 686 1433 759 Epis.
1475 685 1613 753 ἑέᾲῇ
2115 683 2158 738 Β
2267 681 2330 737 iii
2361 683 2451 737 Id.

348 779 396 834 A
495 777 616 832 xiii.
650 775 813 832 Chal.
2115 772 2156 827 C
2294 771 2332 826 ii
2366 772 2451 827 Id.

352 867 395 923 B
518 865 617 921 xii.
654 866 819 921 Chal.
2116 860 2161 916 D
2370 861 2532 915 Idus.
2565 863 2621 915 8.
2654 858 2839 915 Lucize
2871 859 3025 932 Virg.

350 956 392 1013 C
537 955 613 1010 xi.
648 954 809 1011 Chal.
2115 951 2157 1005 E
2231 949 2327 1005 xix
2373 948 2534 1006 Chal.

351 1045 397 1101 D
559 1062 613 1100 x.
649 1043 810 1099 Chal.
886 1048 942 1098 8.
977 1042 1203 1099 Cecilie.
2117 1038 2336 1094 vaiiii
2372 1037 2534 1093 Chal.

352 1132 395 1188 E
538 1130 612 1187 ix.
646 1130 808 1187 Chal.
886 1130 1201 1188 Clementis
1232 1148 1327 1203 pp.
1359 1134 1415 1185 8.
1449 1128 1814 1185 Columbani.
2115 1130 2161 1181 G
2235 1126 2347 1182 xvii
2377 1125 2537 1182 Chal.

351 1220 394 1275 F
494 1220 613 1274 viii.
648 1219 810 1275 Chal.
887 1219 1214 1293 Crisogoni.
2116 1220 2162 1273 A
2255 1215 2345 1271 xvi
2377 1214 2536 1271 Chal.

352 1309 395 1364 G
514 1307 611 1365 vii.
646 1308 810 1364 Chal.
886 1312 943 1364 8.
978 1309 1245 1382 Prosperi
1273 1308 1564 1381 Episcopi.
2120 1306 2160 1361 Β
2270 1321 2340 1359 xv
2372 1303 2533 1359 Chal.

351 1399 397 1452 A
542 1397 618 1451 vi.
652 1395 813 1453 Chal.
892 1397 1427 1470 GaudentiiEpisc.
1558 1432 1563 1435 -
2118 1394 2159 1449 C
2258 1393 2351 1448 xiv
2381 1391 2542 1447 Chal.

352 1485 396 1540 B
566 1503 620 1540 v.
654 1485 814 1540 Chal.
890 1485 1090 1541 Jacobi
1120 1485 1400 1542 intercisi.
2120 1483 2165 1538 D
2252 1480 2351 1537 xiii
2383 1480 2547 1537 Chal.

353 1573 397 1629 C
520 1573 623 1629 iiii.
657 1573 821 1629 Chal.
2119 1571 2160 1627 E
2280 1569 2357 1625 xii
2388 1568 2550 1625 Chal.
2582 1572 2639 1623 8.
2672 1569 2909 1624 Thema:
2940 1567 3235 1641 Apostoli.

354 1663 401 1719 D
539 1664 624 1719 iii.
656 1664 817 1719 Chal.
896 1664 1023 1737 Vig.
1052 1669 1106 1720 8.
1141 1666 1403 1729 Andreae,
1433 1670 1487 1719 8.
1533 1662 1829 1718 Antonini.
2122 1661 2162 1715 F
2308 1659 2363 1714 xi
2393 1657 2553 1714 Chal.
2614 1700 2619 1705 .

356 1752 398 1808 E
560 1752 624 1809 ii.
658 1751 819 1808 Chal.
897 1757 952 1807 8.
986 1753 1224 1809 Andreae
1254 1753 1535 1825 Apostoli.
2122 1750 2168 1805 G
2330 1766 2365 1803 x
2395 1746 2557 1803 Chal.

430 1842 643 1907 Quinta
674 1842 996 1897 November
1017 1845 1305 1915 atquejus
1332 1843 1500 1899 tertia
1522 1842 1737 1898 mansit
1760 1842 1816 1895 in
1842 1856 2007 1895 urna.
2043 1879 2089 1944 Β
2121 1841 2163 1893 Α
2313 1838 2367 1891 ix
2398 1834 2560 1891 Chal.
2592 1836 2715 1908 Vig.
2750 1834 3082 1890 Nativitatis
3113 1834 3370 1890 Domini.

690 1933 810 1986 Dec.
846 1932 1002 1985 habet
1033 1931 1149 1986 dies
1178 1933 1331 1999 xxxi,
1367 1933 1498 1987 luna
1530 1947 1678 1986 xxrx.
2043 1923 2089 1944 υ
2125 1933 2165 1982 Β
2273 1926 2370 1981 viii
2402 1925 2561 1981 Chal.
2597 1924 2878 1979 Nativitas
2911 1924 3167 1991 Domini,
3206 1928 3262 1979 et
3291 1928 3350 1991 8,
3381 1923 3700 1979 Anastasie.

359 2021 401 2076 F
646 2021 780 2077 Dec.
2122 2017 2163 2071 C
2296 2014 2372 2069 vii
2402 2013 2564 2069 Chal.
2594 2018 2650 2068 8.
2683 2012 2984 2084 Stephani.

358 2110 403 2166 G
588 2109 691 2165 iiii.
726 2112 870 2168 Non.
2120 2105 2166 2160 D
2312 2104 2365 2159 vi
2396 2102 2554 2160 Chal.
2591 2107 2647 2158 S.
2681 2100 2972 2158 Johannis
3003 2100 3391 2174 Evangeliste.

357 2202 405 2254 A
615 2200 696 2254 iii.
730 2201 877 2256 Non.
2120 2195 2161 2250 E
2332 2211 2366 2247 v
2396 2191 2559 2248 Chal.
2594 2194 2999 2247 Innocentum.

361 2288 403 2343 B
630 2289 689 2344 ii.
724 2290 872 2346 Non.
2122 2284 2162 2338 Ρ
2282 2282 2365 2336 iiii
2397 2280 2559 2337 Chal.

356 2375 399 2431 C
723 2378 869 2434 Non.
2121 2374 2165 2428 ϐ
2315 2371 2372 2425 iii
2405 2369 2563 2427 Chal.

357 2465 403 2520 D
551 2466 671 2521 viii.
750 2468 833 2523 ld.
911 2472 967 2522 8.
1001 2467 1262 2524 Nicholai
1297 2467 1583 2541 Episcopi.
2121 2464 2165 2516 A
2338 2460 2375 2514 ii
2407 2458 2570 2516 Chal.
2601 2459 2874 2533 Sylvestri
2905 2476 3004 2532 pp.

360 2554 402 2607 E
574 2554 669 2609 vii.
748 2557 832 2610 Id.
911 2556 1209 2611 Ordinatio
1240 2560 1294 2612 8.
1332 2554 1644 2611 Ambrosii.
2195 2549 2302 2605 Dat
2343 2550 2614 2605 duodena
2656 2550 2827 2605 chors
2885 2554 3111 2621 septem
3169 2548 3234 2604 in
3293 2549 3614 2619 decemque
3666 2544 3749 2601 De-

363 2642 403 2696 1"
604 2643 678 2697 vi.
759 2645 839 2698 ld.
918 2650 973 2700 S.
1008 2646 1253 2701 Zenonis
1285 2644 1573 2717 Episcopi.
3506 2636 3747 2708 [cembea

996 2941 1549 3028 LUCENSIS
1610 2940 2290 3027 KALENDARII
2350 2936 3139 3026 FRAGMENTUM

354 3239 652 3305 November
681 3250 838 3306 habet
867 3250 982 3305 dies
1011 3268 1141 3315 xxx,
1178 3252 1309 3306 luna
1355 3268 1474 3307 vero
1523 3269 1650 3307 xxx.
1684 3252 1803 3307 Nor
1850 3253 2009 3309 habet
2037 3254 2080 3321 C
2226 3251 2302 3321 xij
2337 3248 2498 3306 Chal.

876 3324 1036 3377 Ιιονιιδ
1066 3340 1178 3389 XIV,
1212 3324 1326 3378 dies
1361 3340 1479 3378 νιιι·
2244 3341 2297 3412 xj
2332 3338 2493 3394 Chal.
2525 3342 2581 3392 S.
2614 3337 2959 3393 Columbani
3005 3336 3250 3399 Abbatis
3277 3339 3415 3407 £59k
3441 3342 3495 3392 et
3543 3350 3743 3409 presen-

358 3425 484 3482 Kal.
521 3428 657 3482 Nov.
698 3428 1005 3483 Festivitas
1038 3428 1301 3484 omnium
1332 3434 1699 3495 Sanctorum,
1730 3433 1784 3485 et
1812 3430 2006 3486 Sancti
2578 3426 2721 3482 tatio
2749 3430 2807 3481 8.
2841 3426 3070 3493 Menne,
3102 3424 3322 3497 duplex
3355 3427 3570 3497 majus.

913 3518 1126 3573 Cesarii
1160 3519 1453 3592 martyris.
2258 3535 2295 3571 x
2325 3516 2485 3572 Chal.
2517 3519 2573 3572 8.
2606 3515 2824 3571 Ceciliaa
2854 3532 2908 3571 v.
2934 3520 2992 3571 et
3017 3531 3098 3571 m.

464 3606 518 3658 iv
550 3606 696 3660 Non.
730 3610 935 3661 Sancte
967 3607 1315 3662 Eusthachie
1345 3607 1487 3681 virg.
2242 3607 2298 3660 ix
2327 3604 2489 3660 Chal.
2523 3609 2578 3659 8.
2613 3604 2931 3675 Clementis
2960 3604 3111 3677 Pape
3141 3608 3200 3659 et
3233 3621 3311 3659 m.

439 3692 520 3763 iiij
552 3694 695 3749 Non.
728 3696 919 3749 Sancti
954 3696 1292 3752 Eulfrosinc.
2203 3694 2298 3765 viij
2334 3693 2492 3749 Chal.
2526 3697 2582 3748 8.
2618 3693 2925 3765 Grisogoni
2955 3709 3033 3747 m.

482 3781 520 3851 ij
554 3781 699 3835 Non,
731 3783 921 3837 Sancti
956 3784 1266 3838 Eum-asini
1295 3785 1483 3855 Episc.
1516 3790 1571 3839 et
1602 3786 1763 3841 conf.
2222 3783 2298 3856 vij
2332 3782 2493 3837 Chal.
2528 3788 2584 3837 8.
2617 3782 2881 3839 Caterine
2910 3799 2963 3837 ν.
2997 3787 3053 3837 et
3086 3798 3164 3837 m.
3199 3785 3256 3836 et
3286 3783 3478 3838 sancti
3512 3777 3739 3853 Pcospei'i

499 3869 715 3924 Nonas.
748 3874 1090 3926 Sanctorum
1127 3890 1268 3927 mm.
1304 3873 1509 3928 Vitalis
1539 3879 1595 3928 et
1624 3876 1906 3947 Agricole.
2581 3872 2739 3944 Epis.
2774 3876 2832 3928 et
2859 3871 3020 3927 Conf.

426 3956 524 4027 viij
562 3957 717 4012 ldus.

2239 3962 2293 4032 vj
2328 3959 2488 4016 Chal.
2520 3966 2577 4015 8.
2619 3959 2928 4017 Gaudentii
2967 3959 3128 4015 Conf.
3193 3957 3335 4024 ’κῇ
3393 3963 3455 4015 et
3507 3963 3563 4013 8.
3618 3954 3738 4011 Petri

451 4047 527 4118 vij
562 4046 722 4102 Idus.
2574 4048 2947 4106 Alexandrini
2981 4047 3271 4121 EpiSCOpi,
3303 4053 3364 4103 et
3404 4045 3684 4120 martyris.

467 4136 519 4208 vj
555 4136 712 4192 Idus.
744 4139 1088 4194 Sanctorum
1122 4143 1445 4213 martyrum
1479 4144 1734 4213 quatuor
1758 4142 2006 4199 Corona-
2263 4157 2298 4193 v
2327 4139 2490 4196 Chal.
2523 4142 2579 4194 8.
2611 4138 2810 4196 Jacobi
2843 4137 3101 4194 inter-eisi
3134 4154 3215 4193 ω.

815 4231 1031 4284 torum.
2250 4228 2303 4282 iv
2333 4226 2497 4283 Chal.

482 4332 516 4371 ν
548 4316 704 4372 Idus.
739 4316 986 4373 Basilica
1032 4318 1225 4374 Sancti
1275 4318 1610 4389 Salvatoris,
1643 4326 1701 4378 et
1729 4324 1785 4376 8.
1821 4322 2005 4378 Theo-
2235 4316 2296 4387 iij
2332 4315 2490 4372 Chal.
2524 4316 2655 4388 Vig.
2687 4316 2969 4389 Apostoli,
3004 4319 3062 4373 et
3089 4321 3146 4373 8.
3176 4317 3483 4372 Saturnini
3518 4333 3596 4372 in.

814 4407 939 4463 dori
969 4424 1049 4463 m.
2254 4406 2293 4478 ij
2327 4404 2487 4461 Chal.
2520 4405 2716 4461 Sancti
2748 4404 3007 4478 Apostoli
3038 4406 3277 4462 Andreas
3309 4405 3605 4478 :-Duplex.

456 4493 508 4548 iv
540 4494 698 4551 Idus.
731 4498 1076 4551 Sanctorum
1111 4501 1430 4571 martyrum
1465 4498 1728 4570 Respitii,
1763 4504 1820 4555 et
1848 4501 1983 4555 Nim

2206 4513 2395 4569 mnber
2421 4512 2581 4569 liabet
2604 4511 2720 4568 dies
2752 4530 2903 4580 xxxx,
2940 4514 3074 4569 tuna
3101 4529 3225 4570 vero
3252 4518 3585 4570 xxvaVar
3609 4510 3733 4566 Ιωὺιι

813 4584 943 4656 phe,
977 4588 1034 4640 et
1064 4585 1400 4657 Triphonis.
2033 4625 2078 4687 Β
2558 4586 2719 4643 horas
2748 4601 2905 4650 xvm,
2936 4584 3053 4641 dies
3083 4599 3206 4641 vero
3233 4602 3312 4640 v1.

442 4672 503 4743 iij
541 4674 700 4727 Idus.
734 4678 789 4728 8.
826 4674 1056 4728 Martini
1091 4675 1246 4746 Epis.
1279 4680 1334 4732 et
1367 4675 1528 4732 Conf.
1562 4680 1619 4731 et
1642 4680 1697 4732 8.
1723 4678 1885 4734 Mene
1916 4696 1996 4735 m.
2033 4672 2075 4687 ³³
2216 4672 2271 4728 iv
2295 4673 2441 4728 Non.
2476 4677 2822 4729 Sanctorum
2855 4674 2986 4730 MM.
3024 4673 3367 4740 Grisanti,et
3397 4674 3588 4730 Darie.
3618 4676 3667 4727 et
3688 4673 3728 4722 8.

464 4762 501 4832 ij
538 4762 697 4817 Idus.
732 4766 788 4816 8.
824 4762 1056 4817 Martini
1088 4763 1238 4836 Pape
1267 4770 1322 4819 et
1357 4781 1434 4819 m.
2558 4762 2764 4818 Sabbaa
2800 4762 3043 4818 Abbatis
3082 4762 3220 4829 ᾗῇ
3244 4767 3301 4821 et
3321 4766 3378 4818 8.
3411 4761 3630 4819 Ansani
3670 4774 3728 4813 in.

346 4850 570 4904 Idibus.
607 4849 729 4923 [sic]
760 4854 815 4906 8.
850 4851 1035 4907 Bricci
1069 4850 1258 4924 Episc.
1284 4857 1338 4908 et
1369 4853 1533 4908 Conl‘.
2206 4850 2267 4922 iij
2303 4851 2451 4905 Non.
2485 4854 2540 4905 8.
2575 4850 2804 4906 Sabinae
2833 4868 2886 4906 v.
2921 4856 2977 4908 et
3009 4869 3089 4908 m.

380 4937 514 5006 xviij
548 4937 707 4994 Chal.
742 4941 866 4996 dec.
2231 4940 2270 5011 ij
2305 4940 2450 4996 Non.
2484 4944 2539 4995 8.
2572 4939 2823 4997 Barbare
2854 4958 2905 4996 v.
2940 4946 2999 4997 et
3026 4959 3107 4997 m.

405 5025 515 5095 xvij
552 5025 711 5082 Chal.
2248 5030 2261 5083 i
2296 5030 2440 5085 Non.
2473 5032 2525 5084 S.
2558 5028 2831 5086 Dalmatii
2860 5029 3049 5102 Episc.
3085 5035 3144 5087 et
3182 5047 3262 5087 m.
3293 5030 3427 5098 Η
3448 5034 3510 5088 et
3534 5034 3589 5086 8.
3617 5025 3727 5082 Sab-

424 5114 513 5186 xvj
548 5114 712 5170 Chal.
2524 5118 2608 5173 bis
2637 5118 2846 5175 Abbat.

447 5221 517 5258 xv
549 5203 710 5259 Chal.
744 5208 799 5261 S.
831 5208 1060 5280 Ergonii
1095 5210 1255 5264 Cont’.
1404 5211 1494 5265 Sol
1524 5213 1583 5265 in
1612 5211 1936 5280 Sagittario.
2164 5208 2259 5279 viij
2293 5209 2454 5263 Idus.
2487 5212 2542 5262 8.
2579 5207 2795 5265 Nicolai
2827 5209 3018 5282 Episc.
3052 5214 3111 5267 et
3138 5210 3302 5267 Conf.

426 5293 519 5349 xiv
550 5292 710 5349 Chal.
740 5298 795 5350 8.
838 5296 1085 5352 Fridiani
1135 5299 1237 5369 Ep.
1280 5302 1337 5353 et
1365 5297 1528 5354 Conf.
1569 5298 1707 5365 ἐξὲᾶὲ
1738 5305 1794 5356 ct
1824 5302 1991 5357 dedi-
2179 5298 2254 5368 vij
2289 5298 2447 5353 Idus.
2483 5302 2538 5352 8.
2572 5297 2865 5354 Ambrosii
2895 5299 3087 5373 Episc.
3122 5299 3372 5373 Duplex.

803 5383 953 5438 catio
987 5385 1228 5439 Basilice
1276 5387 1683 5458 Apostolorum
1736 5389 1886 5445 Petri
1936 5396 1992 5447 et
2197 5388 2250 5459 vj
2287 5387 2445 5442 Idus.
2477 5386 2786 5460 Conceptio
2816 5388 2893 5444 M.
2926 5387 2998 5445 V.

803 5472 987 5538 Pauli,
1022 5473 1232 5545 duplex
1265 5475 1481 5531 minus.
2220 5494 2253 5530 v
2282 5477 2445 5532 Idus.
2478 5479 2534 5530 8.
2567 5475 2679 5531 Siri
2714 5476 2813 5549 Ep.
2849 5483 2907 5533 et
2935 5477 3103 5535 Conf.

405 5560 504 5636 xiij
538 5560 699 5619 Chal.
731 5566 788 5619 8.
813 5561 1082 5618 Pontiani
1113 5579 1209 5637 pp.
1245 5568 1299 5619 et
1332 5581 1408 5619 m.
1441 5571 1506 5638 ᾗ
1534 5570 1592 5624 et
1621 5572 1832 5627 sancte
1878 5569 1989 5626 Hc-
2197 5565 2251 5623 iv
2283 5565 2441 5621 Idus.
2474 5568 2531 5620 8.
2564 5562 2789 5621 Eulatie
2819 5583 2895 5636 v.,
2934 5565 3074 5634 ᾗῇ
3103 5572 3162 5627 et
3189 5569 3385 5625 Sancti
3418 5562 3721 5625 Melchiadis

797 5650 1073 5710 lisabeth.
2548 5652 2638 5710 dis
2668 5670 2765 5731 pp.
2800 5659 2860 5714 et
2889 5672 2971 5715 m.
