3868 6204
291 330 445 415 I299
1074 326 1411 388 APPEND.
1454 324 1558 387 AD
1602 322 1793 387 SEO.
1836 322 1911 384 X.
1946 355 2023 366 —
2052 318 2554 385 MONUMENTA
2596 315 2909 380 LITURG.
3552 310 3682 375 1300

388 463 449 537 iij
489 461 651 521 Chal.
726 465 820 518 SS.
854 460 1077 528 Felicis,
1109 464 1166 516 et
1192 458 1436 516 Adaucti
1469 459 1798 515 martirum.
1963 456 2020 523 Α
2173 472 2209 510 v
2316 454 2380 509 Id
2453 456 2511 507 8.
2544 450 2848 508 Martialis.

406 554 445 626 ij
488 551 650 613 Chal.
727 556 783 608 S.
816 550 981 607 Pauli
1010 549 1302 623 Episcopi,
1336 553 1393 605 et
1420 547 1804 604 Confessoris.
2147 545 2212 615 jv
2321 543 2407 599 Id.
2448 586 2460 598 .
2498 584 2509 597 .
2549 584 2561 596 .

292 661 598 734 Ssptember
625 658 783 734 habet
811 666 994 734 autem
1034 658 1157 734 dies
1201 674 1331 722 xxx,
1367 657 1673 734 lunaxxx.
1706 657 1941 725 Signum
2442 674 2510 734 ιζ
2542 672 2555 687 ·

510 732 782 801 Virginis.
807 732 925 786 No.2:
952 730 1109 785 habet
1138 728 1300 784 horas
1319 718 1427 795 'xn,
1461 728 1583 784 dies
1610 743 1709 784 χιι.
1769 718 1792 725 ⁷

1769 718 1792 725 ⁷
2163 723 2203 794 ij
2317 723 2402 778 Id.
2479 725 2533 776 8.
2567 718 2777 792 Calysti
2808 719 2974 792 Papa:
3004 722 3063 775 et
3093 724 3268 774 mart.

416 820 610 877 Tertia
639 817 997 892 Septembris
1024 816 1217 890 vulpis
1248 816 1375 873 ferit
1406 834 1439 871 a
1469 817 1613 890 pede
1643 818 1813 873 dena.
2325 813 2409 869 Id.
2449 855 2462 867 .
2498 852 2511 866 .
2548 853 2560 865 .

524 908 651 965 Kal.
726 912 824 963 SS.
856 908 989 963 MM.
1023 906 1224 973 Prisci,
1257 905 1433 973 Felix,
1463 911 1520 963 et
1551 905 1768 979 Peguli.
2106 902 2219 975 xvij
2260 901 2421 958 Chal.
2497 905 2554 956 8.
2587 898 2734 955 Galli
2762 898 2926 956 Conf.

402 1000 468 1072 jv
504 999 651 1055 Non.
727 1001 784 1052 8.
816 997 969 1054 Justi
1000 996 1159 1069 Epis.
1191 1000 1248 1053 et
1276 1001 1331 1052 8.
1364 996 1643 1053 Antonini
1676 1002 1848 1053 mart.
2129 993 2220 1063 xvj
2263 991 2426 1047 Chal.
2462 1032 2477 1047 .
2514 1035 2526 1048 .
2563 1034 2576 1046 .

402 1088 463 1161 iij
504 1088 721 1144 Non....
2155 1099 2226 1137 xv
2263 1080 2425 1137 Chal.
2501 1085 2557 1135 8.
2590 1082 2758 1137 Lucae
2789 1080 3006 1151 Evang.
3039 1081 3097 1132 et
3141 1078 3197 1132 8.
3229 1074 3504 1149 Aquilini
3549 1075 3679 1149 Epis.

430 1178 468 1250 ij
509 1178 655 1234 Non.
730 1178 785 1231 S.
821 1174 1075 1232 Marcelli
1107 1180 1279 1232 mart.
2583 1173 2637 1225 et
2667 1168 2832 1224 Conf.

509 1265 657 1321 Non.
732 1263 1006 1335 Exceptio
1035 1268 1091 1317 8.
1124 1263 1380 1320 Marcelli
1411 1280 1556 1319 mar.
1590 1262 1886 1320 Cluniaco.
2122 1261 2216 1333 xjv
2255 1259 2417 1316 Chal.
2494 1260 2587 1316 Sol
2611 1260 2672 1314 in
2694 1258 3059 1329 Scorpionem.

365 1354 463 1427 viij
577 1355 660 1410 Id.
736 1358 792 1409 8.
828 1352 1160 1420 Eleutherii,
1186 1359 1242 1409 et
1261 1352 1580 1409 Zaccharias
1622 1353 1939 1426 Prophetas.
2096 1350 2195 1420 xiij
2238 1348 2399 1405 Chal.
2475 1353 2531 1404 8.
2568 1344 3250 1420 Hylarionisheremitae.

392 1443 469 1515 vij
583 1444 735 1500 Id....
2117 1439 2194 1511 xij
2236 1436 2398 1495 Chal.
2474 1442 2530 1494 8.
2566 1436 2911 1503 Modesti,et
2938 1432 3333 1490 SS.undecim
3377 1430 3561 1488 millia
3578 1431 3683 1487 Vir-

411 1533 466 1605 vj
580 1533 663 1588 Id.
740 1531 1405 1599 NativitasS.Maria2,et
1431 1530 1943 1588 S.Adrianimart.
2549 1525 2777 1599 ginum.

430 1639 467 1677 ν
575 1622 660 1678 Id.
733 1623 791 1676 8.
823 1620 1097 1693 Gorgonii
1130 1624 1302 1676 mart.
2142 1618 2199 1689 xj
2242 1615 2403 1671 Chal.
2479 1619 2535 1671 S.
2569 1614 2801 1681 Donati,
2849 1611 3050 1678 Scotti,
3095 1610 3391 1677 Fesolani,
3442 1607 3681 1683 Philippi,

408 1712 474 1782 jv
582 1711 666 1766 Id.
742 1715 797 1765 S.
843 1710 1023 1766 Ylarii
1081 1710 1266 1783 Papae,
1321 1713 1378 1765 et
1421 1712 1527 1766 800
1583 1710 1750 1767 Mart.
1786 1715 1842 1768 et
1888 1717 1943 1767 S.
2553 1701 2806 1771 Eusebii,
2840 1699 3115 1757 Severini.

832 1798 1007 1895 Salvii
1035 1799 1197 1895 Conf.
1980 1830 2025 1895 Β
2169 1812 2206 1849 x
2243 1792 2405 1895 Chal.
2482 1796 2538 1848 S.
2569 1788 3087 1895 Sexeripo'rothei.

408 1888 470 1961 iij
584 1889 665 1945 Id.
740 1893 797 1944 S.
832 1889 966 1944 MM.
999 1888 1173 1957 Proti,
1206 1892 1263 1945 et
1290 1889 1559 1945 Jacincti.
1980 1877 2025 1895 ’³
2151 1884 2206 1954 xj
2247 1882 2407 1939 Chal.
2482 1886 2577 1937 SS.
2609 1879 2837 1951 Vitalis,
2870 1878 3100 1947 Felicis,
3133 1883 3191 1934 et
3216 1882 3275 1933 8.
3307 1877 3502 1934 Cresci
3534 1880 3678 1932 mart.

426 1978 466 2050 ij
578 1978 661 2035 Id.
738 1983 794 2034 8.
826 1979 1199 2036 AmatiConf.
2105 1971 2203 2043 viij
2246 1969 2407 2026 Chal.
2485 1969 2777 2025 Florentia
2818 1972 2873 2022 S.
2901 1965 3164 2022 Miniatis
3185 1982 3324 2021 cum
3356 1964 3534 2021 sociis
3560 1964 3678 2019 suis.

581 2068 664 2124 Id.
2136 2059 2211 2131 vij
2254 2059 2415 2116 Chal.
2490 2063 2547 2114 8.
2576 2057 2791 2114 Verani
2820 2058 2993 2112 mart.

325 2155 459 2228 xviij
500 2153 664 2212 Chal.
740 2155 861 2211 Oct.
912 2159 969 2211 8.
1001 2156 1135 2212 ΜΜ.
1168 2155 1436 2227 Cornelii,
1469 2161 1526 2213 et
1566 2157 1858 2230 Cypriani,
1892 2162 1949 2214 et
2150 2149 2204 2220 Vj
2246 2148 2405 2204 Chal.
2481 2145 2864 2217 S-Policarpi.
2891 2148 2951 2201 et
2979 2142 3178 2216 vigilia
3199 2140 3680 2216 Apostsymonis,

797 2243 1082 2299 Exaltatio
1110 2247 1167 2298 8.
1199 2244 1419 2300 Crucis.
2552 2241 2611 2291 et
2638 2235 2823 2291 Judze.

354 2331 467 2403 xvij
509 2331 669 2388 Chal.
749 2333 807 2388 S.
841 2332 976 2389 MM.
1009 2332 1363 2400 Nicomedis,
1395 2337 1451 2389 et
1480 2334 1800 2391 Mamiliali.
2158 2345 2193 2383 ν
2249 2326 2409 2383 Chal.
2484 2325 2710 2381 Natalis
2738 2326 2939 2396 Apost.
2969 2321 3262 2396 Symonis,
3296 2325 3359 2378 et
3382 2320 3561 2377 Judaa.

370 2421 462 2492 xvj
503 2420 667 2477 Chal.
742 2426 799 2476 8.
832 2420 1038 2487 Luciae,
1070 2426 1128 2477 et
1173 2422 1521 2492 Geminiani,
1572 2427 1625 2479 et
1681 2428 1735 2479 S.
1780 2425 1945 2481 Eufe-
2144 2419 2209 2488 jv
2245 2416 2405 2472 Chal.
2481 2418 2538 2469 S-
2571 2412 2829 2470 NaI‘CiSGi
2861 2410 3014 2485 Ερίεο

799 2509 927 2566 mia:
956 2510 1101 2583 Virg.
2142 2506 2203 2578 iij
2246 2504 2405 2561 Chal.
2481 2509 2538 2560 S.
2569 2501 2820 2576 Gergani
2851 2501 3013 2557 Conf.

398 2615 471 2654 xv
508 2596 669 2653 Chal.
747 2598 838 2654 Sol
867 2600 930 2653 in
961 2599 1123 2654 libra.
2171 2595 2210 2666 ij
2252 2593 2413 2651 Chal.

374 2687 471 2787 xj.v
507 2685 673 2742 Chal.
748 2690 805 2741 8.
838 2686 1162 2759 Trophimi.

2147 2705 2354 2787 vember
2383 2702 2792 2787 habeo-autem.
2818 2698 2937 2787 dies
2984 2714 3113 2763 xxx,
3147 2698 3283 2787 tun};
3313 2713 3448 2751 xxx.
3477 2695 3674 2764 Signum

365 2773 465 2847 xiij
506 2774 667 2831 Chal.
742 2779 838 2831 88.
870 2776 1005 2831 ΜΜ.
1036 2776 1322 2843 Januarii,
1355 2777 1527 2845 Festi,
1558 2783 1614 2835 et
1644 2780 1945 2837 Desiderii.
2285 2774 2516 2845 Scorpii.
2548 2778 2673 2831 Nox
2698 2771 2861 2826 habet
2887 2771 3047 2825 horas
3075 2785 3192 2835 xvr,
3221 2769 3342 2823 dies
3372 2781 3474 2826 vm

388 2863 467 2936 xij
507 2863 667 2920 Chal.
743 2866 1100 2936 Equinotium
1120 2868 1457 2922 autumnale.
1481 2871 1703 2924 Sancta:
1724 2871 1947 2927 Fausta;
2057 2865 2270 2930 Quinta
2296 2861 2639 2919 Novembris
2666 2877 2808 2916 acus
2836 2860 2924 2914 vis
2966 2858 3140 2913 tertia
3181 2856 3410 2913 mansit
3439 2857 3497 2911 in
3536 2868 3675 2909 urna.

802 2953 952 3027 Virg.
2180 2970 2214 3006 v
2251 2952 2410 3008 Chal.
2489 2952 2724 3007 Festum
2781 2948 3048 3004 omnium
3103 2950 3225 3013 88.,
3276 2951 3340 3002 et
3383 2950 3441 3001 S.
3496 2940 3676 2999 Cesarii

408 3043 463 3115 xj
506 3041 667 3099 Chal.
742 3045 798 3097 8.
832 3042 1044 3099 Mathei
1072 3044 1271 3115 Apost.
1304 3047 1362 3100 et
1389 3046 1601 3118 Evang.
2555 3045 2729 3095 mart.

433 3149 470 3186 x
506 3130 666 3187 Chal.
744 3135 799 3186 S.
836 3131 1092 3187 Mauritii
1124 3149 1256 3188 cum
1284 3134 1458 3190 sociis
1498 3135 1642 3191 suis.
1989 3198 2021 3205 _
2158 3134 2221 3205 jv
2261 3132 2408 3188 Non.
2444 3172 2456 3185 .
2494 3171 2507 3184 .

397 3220 466 3291 jx
502 3219 666 3276 Chal.
742 3223 799 3276 8.
834 3219 961 3275 Lini
993 3238 1089 3294 pp.
1123 3224 1180 3277 et
1207 3226 1262 3276 8.
1294 3221 1475 3278 Tecla:
1504 3224 1650 3297 Virg.
1802 3288 1815 3299 ε
1979 3198 2022 3264 C
2155 3198 2217 3293 iij
2260 3222 2407 3277 Non.
2484 3224 2540 3274 S.
2575 3215 2870 3273 Eufrosini
2902 3214 3065 3271 Conf.

367 3307 465 3363 viii
507 3308 667 3366 Chal.
744 3311 854 3365 Hic
884 3310 1175 3367 inditiones
1198 3312 1492 3383 incipiunt.
1524 3313 1724 3386 Ilioque
1751 3316 1949 3385 ﬁnitur
2180 3311 2219 3384 ij
2260 3310 2405 3367 Non.
2482 3312 2569 3363 Ss.
2605 3306 2740 3363 MM.
2773 3303 3004 3371 Vitalis,
3036 3306 3094 3359 et
3119 3301 3430 3375 Agricolae.

796 3399 942 3455 locus
999 3399 1353 3456 inditionum.
1384 3401 1694 3475 Conceptio
1751 3404 1947 3461 Sancti
2260 3401 2407 3456 Non.

795 3487 1104 3543 Johannis.
1478 3487 1485 3493 ’
1576 3474 1593 3475 7
2105 3489 2202 3562 viij
2316 3490 2400 3545 1d.
2477 3491 2533 3543 8.
2558 3482 2807 3559 Appiani
2831 3482 3092 3552 Couf.,et
3127 3484 3186 3534 S.
3210 3474 3675 3539 LeonardiConi.,

383 3573 460 3647 Vij
501 3573 735 3632 Chal-m
2254 3618 2261 3625 .
2550 3581 2608 3631 et
2657 3572 2945 3630 Dedicatio
2987 3574 3042 3625 8.
3076 3568 3373 3625 Johannis
3425 3564 3676 3640 Baptista.

384 3663 463 3734 vj.
506 3663 666 3721 Chal.
743 3669 799 3721 8.
832 3666 1067 3722 Eusebii
1124 3668 1275 3723 Conf
1320 3671 1378 3724 et
1431 3673 1653 3726 Sancta:
1700 3671 1943 3729 Justinaa
2125 3668 2199 3739 vij
2313 3666 2398 3722 Id.
2474 3665 2680 3721 Hiemi:
2711 3662 2935 3717 initium
2954 3660 3113 3714 habet
3137 3657 3252 3713 dies
3282 3657 3379 3713 91.

792 3754 937 3829 Virg.
969 3760 1026 3812 et
1053 3757 1321 3829 Cypriani
1352 3764 1524 3815 mari.
2144 3758 2200 3829 vj
2314 3757 2397 3812 Id.
2474 3758 2569 3809 SS.
2601 3753 2860 3817 Quatuor
2888 3751 3333 3804 Coronatorum.

421 3858 469 3891 v.
495 3841 659 3897 Chal.
735 3847 822 3898 Ss.
858 3844 995 3899 MM.
1026 3844 1270 3912 Cosmae,
1303 3851 1359 3902 et
1390 3849 1674 3904 Damiani.
2166 3864 2199 3903 ν
2310 3845 2393 3901 Id.
2469 3847 2525 3898 8.
2557 3839 2842 3897 Theodori
2874 3841 3044 3893 mart.
3077 3840 3133 3892 et
3161 3840 3217 3891 8.
3252 3834 3583 3892 Salvatoris.

395 3930 459 4000 jv
495 3929 728 3986 Chal....
2132 3937 2197 4007 jv
2305 3935 2389 3990 Id.

389 4016 450 4087 iij
493 4016 654 4074 Chal.
730 4018 984 4075 Victoria
1011 4025 1067 4075 S.
1102 4021 1399 4079 Michaelis
1428 4024 1795 4098 Archangeli.
1980 4070 1981 4073 η
2130 4026 2191 4097 iij
2305 4024 2391 4080 Id.
2466 4026 2522 4077 S.
2556 4018 2789 4077 Martini
2820 4018 2980 4090 Epis.
3012 4018 3069 4071 et
3094 4019 3151 4070 8.
3176 4014 3417 4070 Manna;
3453 4013 3605 4069 mari.

409 4106 449 4177 ij
491 4105 652 4162 Chal.
729 4111 785 4163 8.
819 4108 1152 4182 Hyeronimi
1176 4110 1443 4167 Presb.et
1474 4117 1530 4167 S.
1559 4115 1783 4187 Sophia:
1806 4134 1939 4174 cum
2158 4116 2198 4187 ij
2314 4113 2399 4169 Id.
3182 4146 3188 4153 ο

791 4196 1024 4255 ﬁliabus
1055 4198 1201 4255 suis.
2233 4203 2392 4257 Idus.
2425 4206 2481 4255 S.
2514 4198 2680 4254 Britii
2710 4195 2900 4269 Episc.
2933 4196 2992 4250 et
3019 4192 3180 4249 Conf.

293 4302 533 4358 Octuber
559 4301 864 4378 habetote:
901 4321 1053 4378 xxxi,
1086 4306 1221 4362 tuna
1269 4324 1421 4362 xxxx.
1454 4308 1688 4378 Signum
1736 4312 1934 4370 Librae.
2046 4293 2182 4363 κνίῇ
2224 4290 2384 4346 Chal-
2419 4332 2431 4344 -
2472 4332 2484 4345 -

681 4376 802 4431 No.1:
824 4376 983 4432 habet
1008 4377 1168 4433 horas
1196 4395 1312 4447 XIV,
1345 4379 1459 4435 dies
1489 4376 1543 4435 χ’.
2071 4381 2187 4453 xvij
2229 4378 2389 4436 Chal.
2426 4421 2438 4433 .
2478 4422 2490 4433 .

288 4460 521 4517 Tertius
549 4462 821 4519 Octubris
846 4463 1088 4521 Gladius
1119 4466 1345 4522 decimo
1376 4468 1579 4523 ordine
1610 4470 1807 4526 nectit.
2089 4470 2178 4540 xvj
2221 4467 2381 4523 Chal.
2420 4510 2431 4522 .
2469 4508 2482 4521 .

370 4549 446 4621 vij
489 4549 648 4606 Chal.
727 4552 1163 4626 Oct.S.Remigi
1185 4555 1345 4611 Conf.
1375 4559 1431 4611 et
1451 4556 1723 4614 Germani
1747 4559 1933 4631 Episc.
1968 4564 2013 4628 D
2114 4575 2185 4613 xv
2222 4556 2382 4613 Chal.
2459 4556 2549 4611 Sol
2582 4556 2642 4610 in.
2667 4551 3059 4620 Sagittarium.
3090 4551 3148 4601 S.
3182 4546 3441 4619 Eugenii
3474 4543 3617 4601 Conf.

392 4639 447 4710 vj
490 4640 637 4696 Non.
726 4644 782 4696 8.
815 4641 1148 4716 Leodegarii
1180 4644 1358 4717 Epist.
1393 4648 1446 4700 et
1479 4662 1557 4701 m.
2098 4649 2193 4720 xjv
2231 4646 2388 4702 Chal.
2463 4649 2520 4699 S.
2555 4640 2810 4699 Fridiani
2841 4637 2997 4711 Epis.
3023 4641 3081 4693 et
3107 4633 3275 4691 Conf.

419 4728 787 4788 vNon....

2080 4736 2181 4808 xiij
2224 4734 2384 4791 Chal.
2420 4776 2432 4789 .
2469 4774 2481 4788 .

393 4814 459 4884 jv
496 4815 643 4872 Non.
718 4821 774 4872 S.
809 4817 1097 4874 Francisci
1128 4818 1290 4876 Conf.
1320 4820 1392 4876 de
1431 4820 1633 4877 ordine
1663 4821 1933 4879 Fratrum
2105 4826 2183 4897 xij
2224 4823 2384 4880 Chal.
2459 4825 2515 4877 8.
2546 4817 2823 4877 Ponziani
2853 4818 3039 4889 Papae.

820 4905 1135 4963 minorum.
2113 4914 2170 4986 xj
2212 4912 2373 4968 Chal.
2410 4954 2423 4967 .
2459 4953 2471 4965 .

386 4989 448 5062 iij
489 4991 635 5049 Non.
712 4993 950 5062 Placidi,
985 4996 1181 5052 Eventi
1214 4997 1432 5053 Fausti.
2149 5020 2185 5058 χ
2223 5001 2382 5057 Chal.
2458 5005 2514 5055 8.
2548 4996 2767 5055 Ceciliae
2791 4996 2937 5067 Virg.

402 5076 442 5150 ij
484 5078 630 5135 Non.
706 5085 763 5135 S.
798 5082 974 5139 Marci
1024 5086 1190 5158 Papae
1240 5089 1296 5142 et
1333 5089 1528 5153 mart.,
1562 5091 1616 5142 S.
1652 5087 1931 5156 Marcelli,
2105 5092 2174 5163 jx
2209 5089 2368 5146 Chal.
2445 5093 2502 5144 S.
2533 5084 2844 5144 Clementis
2875 5084 3048 5139 mart.
3072 5083 3130 5135 et
3174 5077 3530 5136 Columbani
3556 5073 3672 5133 Abb.

785 5174 843 5226 et
870 5173 1095 5244 Apulei.
2503 5181 2561 5234 et
2586 5181 2643 5232 8.
2676 5170 2989 5231 Felicitatis
3020 5173 3197 5226 mart.

402 5346 437 5356 ,,
485 5255 633 5356 Νίίπξ·
715 5351 742 5356 _
829 5348 866 5356 ,
1063 5355 1068 5356 ί
1212 5351 1220 5356 Α
1624 5355 1638 5356 ί
1839 5354 1845 5356 Α
2075 5267 2170 5339 viij
2213 5266 2371 5323 Chal.
2449 5263 3014 5338 S.Gorgoniimart.

361 5346 438 5418 vij
550 5346 633 5402 Id.
710 5351 766 5403 S.
829 5348 1111 5422 Reparate
1171 5351 1340 5426 virg.,
1382 5358 1438 5408 et
1490 5357 1577 5410 Ss.
1622 5354 1928 5424 Dominici,
2090 5356 2165 5429 vij
2207 5355 2367 5411 Chal.
2444 5356 2625 5410 Hiems
2653 5355 2850 5409 oritur.
2872 5356 2928 5405 8.
2954 5347 3228 5419 Prosperi
3261 5347 3464 5419 Episc.

540 5442 543 5445 ’
778 5437 1044 5505 Dionisii,
1078 5440 1322 5507 Rustici,
1345 5447 1401 5498 et
1430 5442 1762 5500 Eleutherii.
2110 5447 2163 5517 vj
2205 5444 2363 5501 Chal.
2438 5449 2494 5503 S.
2528 5440 2837 5499 Gaudentii
2867 5438 3026 5496 Conf.
3286 5434 3291 5441 ’
3442 5436 3449 5442 ’

386 5524 437 5592 vj
554 5518 636 5581 Id.
712 5531 768 5583 S.
803 5528 1051 5585 Victoris
1099 5533 1294 5595 mart.,
1327 5535 1382 5585 et
1428 5532 1620 5588 Sancti
1668 5534 1929 5591 Cervonii
2136 5552 2169 5589 v
2205 5532 2366 5589 Chal.
2443 5538 2499 5588 S.
2533 5532 2734 5589 Jacobi
2768 5527 3052 5586 intercisi.

775 5618 939 5675 Conf.
2106 5626 2170 5695 jv
2207 5621 2368 5678 cun.
2408 5662 2419 5676 .
2457 5662 2469 5676 .
