3868 6204
105 346 268 412 1395

1531 342 1767 407 MISSA
1810 340 2130 407 LATINA.

3375 328 3533 402 {-306

1436 670 1758 759 MISSA
1816 672 2217 758 LATINA

188 989 399 1061 Incipit
429 989 587 1046 Ordo
616 988 1148 1043 Sacramentorum.
1178 988 1239 1042 In
1266 988 1490 1059 primis,
1508 986 1769 1060 quomodo
1796 983 1854 1052 Α
1882 986 2031 1042 catis
2060 984 2296 1040 nostris.

109 1078 365 1134 sacerdos
414 1078 763 1149 Apologetica
811 1077 1082 1132 celebrare
1123 1076 1328 1143 debeat,
1368 1083 1661 1147 antequam
1705 1075 1775 1131 ad

109 1170 431 1227 Missurum
474 1167 889 1223 celebrationem
932 1164 1165 1222 accedat.
1200 1166 1322 1221 Mox
1368 1172 1661 1237 antequam
1685 1182 1774 1221 sa-

110 1257 481 1313 cerdotalibus
524 1254 788 1311 induatur
833 1256 1083 1321 vestibus,
1113 1255 1164 1310 si
1210 1255 1355 1310 locus
1383 1253 1663 1320 acciderit,
1693 1255 1777 1310 vel

113 1354 330 1417 tempus
358 1345 688 1416 permiserit,
717 1345 878 1413 ﬂexis
906 1344 1133 1415 genibus
1175 1360 1359 1398 coram
1388 1342 1572 1398 Altare
1600 1350 1780 1398 cantet

118 1434 210 1490 VII
242 1435 491 1489 Psalmos
503 1434 866 1506 paenitentiw,
893 1449 1017 1487 cum
1039 1433 1259 1504 litania,
1282 1449 1390 1504 qua
1409 1434 1569 1504 ﬁnita
1606 1432 1772 1488 dicat.

115 1524 295 1579 Pater
338 1527 555 1580 noster.
591 1522 773 1578 Credo
806 1522 862 1576 in
894 1522 1077 1578 Deum
1127 1521 1356 1578 Patrem
1404 1521 1777 1594 omnipoten-

112 1617 238 1667 tem
278 1629 291 1665 :
321 1619 441 1684 post
468 1613 568 1666 has
596 1627 797 1682 preces.

191 1709 423 1781 Exurge
443 1708 687 1765 Domine
711 1708 924 1780 adjuva
942 1725 1072 1776 nos,
1094 1712 1151 1765 et
1172 1709 1391 1764 redime
1415 1726 1522 1765 nos
1542 1713 1780 1782 prOpter

115 1815 339 1854 nomen
371 1802 561 1854 tuum.

193 1887 392 1959 Dirige
423 1904 515 1943 me
545 1888 600 1942 in
636 1887 873 1943 veritate
920 1892 1042 1955 tua,
1073 1892 1130 1944 et
1175 1888 1316 1944 doce
1367 1902 1460 1943 me
1492 1904 1505 1941 :
1543 1888 1681 1959 quia
1712 1892 1776 1943 tu

115 1993 185 2031 es
223 1976 505 2032 Dominus
534 1976 797 2033 Salvator
826 1994 1013 2043 mens,
1049 1981 1106 2032 et
1136 1982 1189 2033 te
1219 1977 1475 2033 sustinui
1510 1982 1630 2033 tota
1660 1977 1773 2032 die.

196 2064 592 2121 Reminiscere
632 2065 1080 2122 miserationum
1118 2070 1353 2122 tuarum
1402 2067 1639 2121 Demine
1673 2083 1685 2120 :
1722 2069 1780 2121 et

117 2155 666 2211 misericordiarum
696 2160 956 2223 tuarum,
988 2172 1116 2228 qua:
1148 2172 1181 2211 a
1209 2155 1420 2211 saeculo
1452 2159 1609 2212 sunt.

197 2242 419 2299 Delicta
448 2244 774 2316 juventutis
818 2260 980 2310 meae,
1015 2247 1071 2299 et
1099 2243 1462 2316 ignorantiae
1493 2262 1654 2300 meas
1707 2260 1779 2300 ne

118 2332 468 2389 memineris
498 2332 762 2388 Domine.
1591 2381 1595 2385 .

196 2421 532 2477 Secundum
557 2421 1020 2478 misericordiam
1044 2426 1206 2478 tuam
1227 2428 1519 2479 memento
1544 2424 1655 2478 mei
1679 2426 1737 2477 tu
1761 2438 1774 2477 :

115 2513 365 2582 propter
392 2510 708 2567 bonitatem
740 2516 902 2568 tuam
937 2512 1197 2568 Domine.

195 2599 437 2671 Propter
465 2612 678 2656 nomen
706 2604 876 2655 tuum
920 2600 1167 2657 Domine
1208 2600 1615 2673 propitiaberis
1646 2612 1778 2674 pec-

117 2692 256 2745 cato
287 2704 444 2756 meo;
477 2688 731 2744 multum
761 2693 850 2745 est
879 2689 1057 2744 enim.

196 2775 326 2831 Non
357 2775 730 2848 derelinquas
762 2794 854 2832 me
894 2777 1136 2834 Domine
1163 2778 1319 2834 Deus
1371 2795 1559 2845 meus,
1591 2796 1663 2835 ne
1691 2778 1789 2835 die,

120 2864 409 2920 scesseris
441 2882 474 2920 a
505 2882 616 2921 me.

198 2952 570 3025 Complaceat
600 2954 705 3011 tibi
756 2955 1016 3025 Domine,
1051 2960 1116 3012 ut
1162 2973 1336 3014 eruas
1382 2954 1780 3014 mezDomine

122 3043 197 3097 ad
236 3043 633 3113 adiuvandum
666 3060 759 3100 me
791 3045 1031 3117 respice.

200 3132 315 3187 Fac
344 3148 571 3188 mecum
602 3133 844 3196 Domine
865 3135 1101 3208 signum
1136 3135 1193 3190 in
1226 3135 1397 3202 bono,
1432 3139 1498 3191 ut
1524 3134 1777 3203 videant,

124 3219 232 3293 qui
264 3233 358 3274 me
386 3220 653 3288 oderunt,
685 3226 741 3277 et
782 3223 1238 3291 confundantur,
1269 3223 1550 3295 quoniam
1581 3228 1643 3280 tu
1677 3224 1783 3280 Do-

126 3308 293 3365 mine
322 3309 595 3382 adjuvisti
628 3325 741 3382 me,
768 3315 826 3368 et
851 3312 1188 3370 consolatus
1218 3329 1280 3368 es
1310 3330 1423 3369 me.

200 3398 413 3454 Manus
441 3402 553 3455 tum
577 3399 819 3457 Domine
850 3402 1110 3457 fecerunt
1136 3416 1249 3470 me,
1270 3405 1327 3458 et
1347 3401 1784 3473 plasmaverunt

124 3503 257 3552 me;
290 3487 366 3542 da
395 3487 537 3543 mihi
576 3488 935 3545 intellectum
968 3494 1033 3546 ut
1060 3490 1283 3547 discam
1316 3491 1594 3548 mandata
1622 3495 1743 3547 tua.

198 3585 416 3642 Servus
455 3589 594 3642 tuus
641 3604 773 3643 sum
832 3604 938 3660 ego
970 3589 1045 3644 da
1074 3588 1221 3644 mihi
1272 3588 1657 3658 intellectum,
1718 3596 1784 3645 ut

119 3671 313 3730 sciam
345 3675 684 3731 testimonia
712 3681 833 3732 tua.

1956 1076 2160 1130 Libera
2194 1091 2301 1130 nos
2329 1074 2484 1129 Deus
2528 1073 2585 1128 in
2631 1071 2998 1129 mirabilibus
3026 1070 3185 1129 tuis:
3210 1075 3268 1128 et
3300 1070 3533 1145 da‘glo-

1884 1165 2031 1220 riam
2066 1164 2287 1219 nomini
2318 1168 2440 1218 tuo.

1954 1254 2212 1309 Extende
2253 1253 2494 1308 Domine
2534 1251 2838 1309 brachium
2884 1255 3050 1306 tuum
3079 1268 3091 1306 :
3117 1254 3175 1306 et
3202 1248 3387 1306 libera
3414 1250 3537 1305 ani-

1886 1360 2014 1399 mas
2044 1346 2295 1411 nostras,
2330 1358 2402 1397 ne
2433 1357 2761 1414 pereamus.
3352 1414 3359 1419 ἱ

1957 1434 2243 1488 Memento
2283 1430 2466 1487 nostri
2516 1430 2761 1485 Domine
2810 1429 2867 1484 in
2918 1428 3283 1502 bencplacito
3332 1426 3533 1501 populi

1886 1522 1969 1577 tui
2007 1538 2019 1575 :
2052 1520 2223 1578 visita
2254 1538 2359 1576 nos
2392 1519 2449 1574 in
2483 1518 2722 1575 salutari
2758 1522 2877 1573 tuo.

1958 1612 2178 1667 Memor
2206 1615 2330 1666 esto
2381 1607 2621 1665 Domine
2663 1606 3130 1682 congregationis
3161 1612 3273 1664 tua:
3306 1624 3319 1662 :
3354 1614 3532 1680 quam

1886 1700 2199 1775 possedisti
2220 1701 2303 1758 .ab
2335 1698 2521 1755 initio.

1956 1790 2195 1845 Custodi
2226 1806 2333 1845 nos
2359 1788 2624 1858 Domine,
2649 1791 2714 1843 ut
2736 1786 3024 1860 pupillam
3052 1786 3203 1843 oculi
3231 1802 3244 1840 :
3269 1786 3380 1843 sub
3412 1803 3537 1842 um-

1884 1880 1989 1936 bra
2019 1878 2244 1934 alarum
2276 1882 2512 1934 tuarum
2545 1880 2780 1950 protege
2810 1893 2937 1932 nos.

1957 1969 2197 2041 Protege
2228 1985 2334 2022 nos
2378 1966 2622 2022 Domine
2653 1983 2688 2021 a
2719 1965 2862 2022 facie
2910 1964 3260 2037 impiorum;
3295 1964 3397 2035 Qui
3429 1981 3536 2023 nos

1888 2057 2148 2113 afﬂixeru
2159 2060 2239 2111 nt.

1957 2148 2093 2202 Esto
2123 2145 2292 2201 nobis
2340 2144 2585 2201 Domine
2615 2143 2674 2199 in
2710 2148 2887 2199 Deum
2940 2145 3347 2215 protectorem,
3379 2146 3436 2198 et
3476 2143 3532 2198 in

1886 2236 2128 2292 domum
2162 2233 2391 2308 reiugii,
2425 2237 2490 2289 ut
2522 2232 2714 2289 salvos
2745 2250 2852 2288 nos
2884 2231 3083 2287 facias.

1809 2358 1858 2423 Β
1958 2325 2093 2379 Esto
2149 2323 2319 2379 nobis
2376 2322 2619 2378 Domine
2676 2320 2854 2377 turris
2908 2319 3293 2388 fortitudinis,
3329 2318 3538 2375 afacie

1890 2430 2133 2468 lIllIlllCl.

1965 2502 2044 2557 Da
2072 2501 2241 2558 nobis
2270 2500 2517 2556 Domine
2562 2498 2846 2556 auxilium
2876 2499 2947 2554 de
2976 2496 3372 2563 tribulatione,
3401 2497 3539 2569 quia

1887 2608 2038 2647 vana
2065 2590 2226 2646 salus
2256 2589 2533 2646 hominis.
3292 2643 3296 2648 .

1960 2680 2023 2736 In
2057 2679 2297 2736 Domino
2319 2678 2600 2735 iaciemus
2620 2676 2893 2734 virtutem
2917 2693 2930 2731 :
2952 2680 3010 2732 et
3031 2675 3155 2749 ipse
3182 2675 3256 2730 ad
3287 2674 3538 2730 nihilum

1891 2770 2140 2825 deducet
2170 2767 2517 2825 tribulantes
2550 2784 2676 2823 nos.

1964 2857 2088 2914 Fiat
2118 2875 2229 2931 pax
2255 2857 2315 2913 in
2335 2856 2547 2913 virtute
2576 2860 2700 2923 tua,
2723 2859 2780 2912 et
2799 2854 3163 2912 abundantia
3190 2853 3251 2909 in
3277 2854 3540 2911 turribus

1890 2952 2115 3091 tulicus
2148 3039 2210 3089 tu
2259 3048 2572 3089 conversus
2620 3029 2937 3086 viviticabis
2969 3046 3098 3097 nos,
3129 3031 3186 3083 et
3231 3027 3396 3100 plebs
3441 3032 3545 3084 tua

1891 3124 2186 3180 laetabitur
2212 3123 2268 3177 in
2302 3125 2377 3177 te.

1963 3212 2214 3269 Ostende
2245 3211 2417 3266 nobis
2460 3209 2704 3266 Domine
2750 3206 3211 3264 misericordiam
3243 3210 3405 3261 tuam
3439 3222 3452 3261 :
3488 3209 3545 3261 et

1893 3301 2149 3359 salutare
2181 3305 2349 3357 tuum
2383 3301 2458 3356 da
2488 3298 2676 3355 nobis.

1965 3392 2307 3448 Sacerdotes
2347 3390 2431 3444 tui
2477 3388 2799 3444 induantur
2839 3385 3076 3457 justitia
3108 3401 3121 3440 :
3155 3389 3213 3440 et
3242 3385 3425 3440 sancti
3458 3384 3541 3441 tui

1892 3480 2169 3537 exultent.

1969 3569 2208 3625 Domine
2242 3572 2389 3623 Deus
2417 3567 2701 3622 virtutum
2741 3568 3012 3623 converte
3042 3581 3149 3619 nos
3174 3581 3187 3619 :
3215 3566 3274 3619 et
3304 3563 3543 3619 ostende

1896 3658 2100 3714 faciem
2134 3662 2299 3714 tuam
2334 3672 2345 3711 :
2379 3660 2437 3711 et
2468 3654 2610 3712 salvi
2640 3653 2882 3711 erimus.

198 3762 486 3836 Egmdem
519 3764 759 3821 nomine
799 3765 858 3820 in
902 3764 1153 3822 salutem
1193 3767 1391 3840 populi
1424 3766 1511 3822 ιυί
1544 3784 1557 3822 ε
1592 3767 1650 3822 in
1687 3784 1779 3823 sa-
1811 3726 1853 3792 (ἶ
1963 3747 2209 3804 Domine
2228 3744 2436 3802 exaudi
2456 3744 2781 3801 orationem
2804 3759 2994 3798 meam
3024 3745 3115 3798 :et
3134 3741 3357 3798 clamor
3379 3756 3545 3798 meus

118 3850 313 3907 lutem
345 3867 479 3907 cum
511 3851 740 3909 Christo
773 3858 894 3910 tuo.

184 3939 480 3997 Converte
525 3946 634 3997 nos
685 3943 834 3999 Deus
884 3942 1161 4001 salutaris
1208 3948 1451 4001 noster:
1489 3947 1546 4001 et
1592 3950 1783 4002 averte

121 4029 280 4085 iram
314 4032 474 4085 tuam
505 4048 539 4085 a
570 4030 760 4087 nobis.

198 4116 452 4189 Dignare
483 4119 724 4176 Domine
760 4120 853 4176 die
884 4120 996 4176 isto
1029 4137 1043 4175 :
1077 4121 1205 4177 sine
1255 4126 1489 4195 peccato
1538 4140 1644 4179 nos
1675 4141 1781 4180 cu-

120 4205 372 4262 stodire.

198 4294 475 4352 Miserere
502 4297 685 4353 nostri
717 4298 978 4366 Domine,
1016 4299 1295 4355 miserere
1325 4301 1529 4357 nostri.

202 4383 331 4438 Fiat
361 4384 762 4442 misericordia
789 4391 891 4442 tua
922 4386 1162 4444 Domine
1191 4405 1370 4461 super
1398 4406 1505 4445 nos
1538 4407 1550 4445 :
1577 4407 1780 4462 quem-

120 4472 450 4528 admodum
482 4474 847 4545 speravimus
878 4475 939 4530 in
972 4480 1048 4531 te.
1618 4524 1627 4533 κ

199 4561 575 4616 Peccavimus
594 4579 728 4618 cum
749 4562 1015 4635 patribus
1033 4565 1507 4639 nostris,injuste
1527 4567 1780 4640 egimus,

120 4648 498 4720 iniquitatem
528 4650 774 4708 fecimus
800 4652 1067 4709 Domine.

200 4737 447 4794 Domine
494 4756 567 4795 ne
626 4740 964 4798 memineris
1017 4742 1395 4815 iniquitatum
1445 4749 1781 4803 nostrarum

118 4825 509 4897 antiquarum
534 4844 547 4882 :
572 4828 686 4884 cito
709 4828 1031 4902 anticipent
1058 4848 1166 4888 nos
1200 4832 1613 4889 misericordia
1644 4839 1778 4905 tuae,

120 4914 272 4987 quia
301 4926 589 4987 pauperes
621 4917 757 4973 facti
790 4935 997 4976 sumus
1028 4920 1227 4976 nimis.

195 5004 281 5059 Ad
279 5005 305 5075 j
313 5020 424 5059 uva
444 5021 551 5061 nos
567 5010 718 5062 Deus
734 5005 1011 5064 salutaris
1028 5014 1252 5079 noster;
1277 5015 1518 5083 propter
1528 5011 1777 5085 gloriam

1893 3837 1965 3893 ad
1996 3841 2051 3893 te
2082 3835 2293 3892 veniat.

2021 3944 2113 3999 llis
2142 3950 2329 3999 autem
2348 3941 2601 4015 precibus
2640 3940 2833 4015 ﬁnitis,
2866 3939 3014 3996 dicat
3039 3937 3286 3995 sacerdos
3316 3937 3413 4005 has

2567 4012 2877 4069 Orationes.

1960 4123 2246 4179 Dominus
2274 4120 2601 4178 vobiscum.
2965 4117 3211 4174 Oremus.

1962 4212 2344 4284 Omnipotens
2395 4209 2707 4267 mitissime
2736 4212 2935 4272 Deus,
2975 4205 3199 4277 respice
3254 4204 3545 4277 propitius

1891 4317 2092 4373 preces
2123 4317 2304 4365 meas,
2328 4302 2386 4354 et
2415 4298 2597 4354 libera
2625 4312 2725 4351 cor
2764 4300 2962 4351 meum
2994 4294 3064 4349 de
3096 4292 3385 4348 malarum
3416 4296 3544 4347 t‘en-

1892 4389 2107 4446 tatione
2164 4386 2682 4459 cogitationum,et
2739 4382 2923 4439 sancti
2983 4381 3239 4454 Spiritus
3294 4379 3542 4453 dignum

1889 4478 2014 4534 fieri
2048 4475 2452 4533 habitaculum
2484 4490 2729 4530 merear.
3294 4531 3305 4543 ,

1965 4569 2135 4634 Deus,
2169 4566 2261 4621 cui
2296 4563 2595 4636 proprium
2624 4566 2716 4618 est
2744 4559 3013 4617 misereri
3045 4564 3296 4630 semper,
3330 4560 3388 4615 et
3418 4574 3549 4630 per:

1889 4673 2037 4722 cere,
2071 4654 2301 4726 suscipe
2329 4650 2795 4726 deprecationem
2826 4651 3185 4717 nostram,et
3211 4646 3368 4718 quod
3398 4644 3544 4702 deli-

1890 4750 2117 4802 ctorum
2148 4748 2352 4799 catena
2397 4737 2748 4811 constringit
2793 4736 3092 4793 miseratio
3146 4739 3259 4791 tua:
3310 4734 3545 4807 pietatis

1891 4834 2173 4890 absolvat.

1962 4921 2179 4979 Exaudi
2209 4934 2549 4992 quaesumus
2592 4915 2829 4972 Domine
2868 4913 3202 4986 supplicum
3234 4929 3454 4985 preces,
3491 4917 3548 4969 et

1890 5008 2293 5067 conﬁtentium
2324 5007 2430 5063 tibi
2475 5022 2645 5079 parce
2685 5003 2962 5076 peccatis,
2993 5007 3060 5059 ut
3104 5002 3325 5074 pariter
3373 5001 3545 5058 nobis

122 5093 388 5149 nominis
416 5092 503 5148 tui
556 5095 796 5152 Domine
824 5094 1008 5153 libera
1055 5114 1182 5164 nos,
1217 5103 1275 5154 et
1320 5101 1609 5172 propitius
1655 5107 1778 5160 esto
1807 5098 1857 5163 D
1887 5097 2316 5172 indulgentiam
2348 5097 2575 5152 tribuas
2606 5091 2920 5165 benignus,
2953 5096 3012 5148 et
3040 5108 3265 5164 pacem.

120 5182 386 5255 peccatis
418 5182 636 5238 nostris
666 5189 902 5257 prapter
931 5203 1143 5243 nomen
1178 5191 1367 5245 tuum.

197 5279 447 5336 Domine
479 5295 595 5335 non
624 5283 949 5338 secundum
981 5288 1216 5356 peccata
1248 5291 1447 5342 nostra
1477 5286 1654 5343 facias
1685 5305 1783 5345 no-

121 5364 254 5421 bis:
282 5382 475 5438 neque
503 5367 828 5424 secundum
861 5369 1200 5441 iniquitates
1231 5378 1464 5430 nostras
1495 5376 1783 5433 retribuas

122 5454 320 5510 nobis.

192 5542 276 5599 Ne
305 5542 708 5600 reminiscaris
751 5547 988 5603 Domine
1039 5547 1251 5635 dilecta
1297 5555 1520 5617 nostra,
1552 5551 1641 5607 vel
1675 5552 1781 5608 Pa-

117 5637 360 5688 rentum
395 5634 731 5692 nostrorum
757 5651 769 5688 :
796 5652 982 5708 neque
1003 5634 1315 5693 vindictam
1339 5655 1541 5696 sumas
1563 5640 1633 5696 de
1653 5658 1781 5713 pec-

1962 5197 2343 5267 Omnipotens
2360 5192 2714 5265 sempiterne
2730 5194 2881 5246 Deus
2898 5189 3359 5246 misericordiam
3379 5192 3541 5245 tuam
3613 5210 3616 5213 ·

1891 5286 2058 5343 nobis
2080 5283 2322 5341 ostende
2342 5280 2728 5355 supplicibus,
2743 5284 2809 5334 ut
2826 5279 2928 5352 qui
2951 5278 3023 5336 de
3044 5279 3386 5335 meritorum
3406 5293 3546 5350 qua-

1890 5376 2051 5431 litate
2079 5371 2425 5438 dii‘ﬁdimus,
2454 5387 2569 5425 non
2611 5367 2927 5440 judicium,
2960 5369 3062 5425 sed
3112 5366 3542 5439 indulgentiam

1890 5463 2233 5520 sentiamus.

1961 5549 2344 5621 Omnipotens
2362 5548 2519 5605 Deus
2551 5546 3014 5604 misericordiam
3046 5546 3208 5599 tuam
3230 5543 3403 5599 nobis
3425 5543 3544 5616 pla-

1891 5644 2055 5696 catus
2114 5637 2410 5708 impende,
2443 5641 2510 5693 ut
2567 5635 2668 5710 qui
2725 5639 2781 5694 te
2826 5630 3250 5692 contemnendo
3308 5631 3544 5705 culpam
