3868 6204
310 306 465 371 i307

306 442 665 502 incurrimus
683 488 697 513 ,

340 552 533 609 Postea
560 569 787 624 surgens
815 555 1260 629 adinduendum
1288 574 1343 613 se
1379 559 1711 615 vestimentis
1743 576 1920 615 sacer-

800 627 1071 683 dotalibus
1094 630 1276 701 primo
1305 629 1469 685 dicat.

379 712 905 771 Intervenientibus
934 734 1037 789 pro
1068 717 1238 773 nobis
1288 719 1565 775 omnibus
1620 720 1873 788 Sanctis,
1903 725 1961 777 et

307 801 507 859 electis
536 803 674 871 tuis,
699 804 957 861 actiones
990 811 1224 863 nostras
1254 825 1596 880 quaesumus
1630 810 1961 878 Domine,et

308 890 624 963 aspirando
682 895 951 965 praeveni,
1000 899 1057 951 et
1114 897 1444 968 adjuvando
1492 916 1860 972 prosequere,
1895 904 1961 957 ut

309 980 501 1036 omnis
531 982 735 1049 oratio,
762 985 818 1037 et
848 988 1055 1040 cuncta
1084 990 1283 1042 nostra
1303 988 1561 1059 operatio
1591 1006 1626 1043 a
1654 993 1709 1044 te
1732 1006 1962 1063 semper

306 1067 569 1142 incipiat,
602 1074 658 1126 et
689 1088 790 1144 per
821 1076 875 1127 te
904 1076 1093 1146 empta
1123 1074 1379 1131 ﬁniatur.

519 1160 662 1214 Tunc
691 1161 832 1216 lavct
859 1179 1058 1217 manus
1088 1165 1232 1219 hunc
1262 1183 1475 1222 versum
1503 1167 1750 1224 dicendo.

381 1247 607 1304 Lavabo
640 1248 792 1306 inter
819 1250 1176 1310 innocentes.

1013 1343 1255 1399 Oremus.

382 1426 612 1498 Largite
661 1430 933 1487 sensibus
983 1432 1199 1493 nostris
1245 1435 1619 1508 omnipotens
1668 1437 1841 1504 Deus,
1896 1441 1961 1493 ut

309 1514 463 1570 sicut
479 1516 573 1572 hic
584 1518 839 1573 exterius
852 1519 1172 1578 abluuntur
1188 1523 1635 1596 inquinamenta
1650 1542 1957 1594 manuum,

309 1602 394 1658 sic
417 1620 451 1659 a
469 1608 526 1659 te
558 1600 917 1663 mundcntUr
945 1609 1192 1669 interius
1213 1612 1563 1685 pollutiones
1590 1615 1962 1685 mentium,et

309 1697 534 1749 crescat
563 1694 623 1750 in
655 1694 824 1752 nobis
855 1704 1239 1771 augmentum
1283 1705 1956 1761 sanctarumvirtutum.

489 1780 625 1837 Cum
651 1800 706 1839 se
733 1789 950 1842 exuerit
977 1789 1311 1859 quotidianis
1335 1793 1589 1858 vestibus,
1614 1794 1779 1849 dicat.

1090 313 1423 379 APPEND.
1472 316 1578 379 AD
1623 316 1812 380 SEC.
1861 318 1937 380 X.
1970 350 2047 364 —-
2074 315 2589 419 MONUMENTA‘
2617 316 2932 383 LITURG.

3586 315 3718 379 13m

785 447 1115 507 conﬁtendo
1191 448 1419 507 veniam
1501 467 1952 523 consequamur.
1983 454 2039 522 Α
2069 456 2164 508 tus
2195 451 2495 509 humiliter
2523 450 2777 526 postulo,
2809 454 2876 509 ut
2903 468 2973 508 ex
3001 449 3573 508 commemoratione
3602 468 3715 524 pas-

2069 540 2252 599 sionis
2282 546 2418 610 tuae,
2451 542 2590 597 ﬁam
2634 541 2738 597 tibi
2783 540 3031 597 Domine
3059 540 3206 597 Jesu
3239 538 3476 596 Christe
3516 539 3715 613 jugiter

2067 631 2386 704 gratiosus,
2421 629 2521 704 qui
2552 631 2719 700 vivis,
2754 633 2864 686 etc.

2143 720 2150 727 ’
2704 720 2783 774 Ad
2815 719 3090 775 Casulam.

2140 809 2322 866 Indue
2353 826 2445 866 me
2476 809 2720 866 Domine
2758 807 3105 865 sacerdotali
3130 807 3401 880 justitia,
3433 810 3500 863 ut
3536 807 3714 863 induci

2069 914 2295 954 merear
2328 897 2389 953 in
2421 895 2802 953 tabernacula
2831 895 3213 968 sempiterna.

2599 987 2785 1042 Oratio
2813 987 2894 1042 ad
2921 985 3197 1041 Casulam.

2141 1075 2324 1131 Indue
2356 1091 2449 1131 me
2477 1074 2723 1131 Domine
2744 1077 3086 1131 ornamento
3117 1073 3509 1138 humilitatis,
3531 1079 3585 1131 et
3604 1074 3717 1131 cha-

2069 1163 2282 1232 ritatis,
2305 1168 2364 1220 et
2385 1164 2636 1221 concede
2657 1163 2802 1219 mibi
2824 1162 3245 1237 protectionem
3273 1166 3484 1219 contra
3504 1162 3712 1218 hostem

2067 1252 2493 1321 insidiatorem,
2528 1258 2593 1308 ut
2620 1252 2845 1310 valeam
2896 1270 3041 1325 puro
3082 1253 3282 1317 corde,
3303 1255 3364 1307 et
3411 1256 3580 1308 casto
3608 1269 3716 1308 cor-

2068 1358 2206 1415 pore
2236 1341 2479 1423 laudare
2502 1359 2712 1399 nomen
2745 1347 2913 1398 tuum
2939 1344 3211 1398 sanctum
3244 1341 3305 1397 in
3336 1340 3546 1397 secula
3573 1358 3720 1397 secu-

2066 1429 2280 1487 lorum.
2312 1432 2515 1489 Amen.

2495 1524 2633 1578 Cum
2666 1520 2977 1593 Mappulam
3003 1522 3294 1592 acceperit.

2141 1608 2468 1665 Investione
2499 1609 2671 1667 istius
2702 1608 2992 1683 mappulaa
3027 1610 3278 1665 subnixe
3309 1607 3601 1681 deprecor
3626 1608 3716 1663 Do-

2070 1697 2338 1762 mine,ut
2385 1698 2470 1754 sic
2519 1715 2725 1771 operer
2778 1698 2839 1754 in
2896 1697 3201 1771 temporali
3261 1696 3713 1763 conversatione,

1993 1829 2039 1894 B
2069 1792 2361 1858 quatenus
2377 1786 2640 1860 exemplo
2661 1786 2924 1859 priorum
2947 1790 3180 1859 patrum
3202 1785 3264 1840 in
3287 1785 3497 1841 futuro
3516 1802 3716 1841 merear

2072 1874 2404 1894 __“____g.__
2747 1874 2848 1894 πη
2889 1873 3070 1894 ηψπ,
3114 1878 3195 1894 At-

380 1870 704 1929 Conscinde
751 1874 990 1932 Domine
1038 1895 1273 1936 saccum
1311 1898 1528 1949 meum,
1563 1887 1621 1939 et
1663 1883 1962 1941 circumda
1993 1870 2039 1894 υ
2071 1874 2408 1947 Ρθνθηοίῐϐν
2435 1876 2709 1948 Βᾶυάθΐθ·
2746 1874 2853 1930 P9P
2881 1873 3081 1930 omnia
3108 1878 3219 1929 εδε-

310 1975 403 2014 me
433 1957 637 2017 laetitia
666 1962 931 2021 salutari.

380 2065 483 2123 llos
505 2069 741 2143 psalmos
780 2072 1004 2128 interim
1033 2074 1158 2152 dum
1191 2086 1424 2152 paratur
1457 2080 1753 2152 episcopus,
1784 2082 1890 2136 cir-

725 2152 1051 2202 cumstantes
1080 2146 1280 2203 Clerici
1305 2146 1539 2206 cantent.

380 2228 563 2293 Quam
582 2228 792 2287 dilecta
816 2233 1193 2292 tabernacula
1211 2241 1321 2293 etc.
1341 2238 1694 2296 Benedixisti
1715 2240 1961 2298 Domine

308 2319 525 2373 terram
557 2322 666 2374 etc.
692 2320 915 2378 Inclina
944 2325 1186 2381 Domine
1228 2343 1430 2384 aurem
1464 2333 1626 2385 tuam
1658 2334 1768 2386 etc.
1804 2331 1960 2387 Fun-

308 2407 587 2463 «lamenta
617 2409 746 2481 ejus
768 2411 827 2466 in
851 2414 1150 2471 montibus
1171 2419 1280 2472 etc.
1307 2417 1549 2475 Domine
1574 2419 1731 2476 Deus
1752 2419 1961 2476 salutis

310 2512 474 2641 gaesa
498 2496 722 2554 Credidi
756 2504 993 2573 propter
1031 2505 1184 2576 quod
1230 2504 1461 2564 locutus
1491 2525 1646 2565 sum.
1670 2509 1960 2567 Memento

398 2602 573 2641 mine.

398 2602 573 2642 mine.

584 2675 923 2734 Induendum
954 2680 1025 2735 ad
1052 2682 1241 2754 Ephot,
1270 2686 1355 2740 vel
1386 2688 1684 2743 Amictum.

382 2762 669 2820 Humeros
702 2781 861 2823 meos
909 2770 1096 2826 sancti
1143 2772 1397 2844 Spiritus
1444 2776 1636 2848 gratia
1678 2780 1806 2850 tege
1852 2783 1961 2835 Do-

312 2850 489 2919 mine,
525 2868 809 2926 renesque
841 2872 1003 2913 meos
1032 2858 1190 2916 vitiis
1221 2863 1497 2919 omnibus
1525 2864 1785 2938 expulsis
1814 2884 1959 2939 pree-

311 2939 478 3012 cinge
507 2941 579 2996 ad
620 2942 1068 3004 sacriﬁcandum
1100 2948 1205 3004 tibi
1249 2950 1481 3019 viventi,
1513 2957 1572 3009 et
1602 2956 1867 3027 regnanti
1900 2956 1960 3012 in

310 3028 507 3086 secula
536 3030 888 3091 seculorum.

976 3126 1055 3182 Ad
1082 3129 1293 3185 Albam.

2523 1964 2658 2019 Cum
2687 1964 2987 2036 Mapultam
3016 1961 3279 2018 induerit.

2142 2058 2224 2109 Da
2254 2054 2494 2109 Domine
2534 2052 2811 2108 virtutem
2860 2050 3138 2107 manibus
3189 2050 3340 2107 mcis
3390 2051 3467 2107 ad
3517 2052 3718 2108 abster-

2068 2143 2321 2215 gendam
2352 2158 2589 2199 omnem
2621 2139 2913 2198 maculam
2945 2139 3341 2210 immundam,
3367 2144 3437 2196 ut
3460 2140 3592 2197 sine
3618 2139 3719 2214 pol-

2069 2230 2293 2289 lutione
2349 2231 2585 2301 mentis,
2636 2234 2695 2287 et
2741 2229 3001 2303 corporis
3043 2227 3271 2287 valeam
3329 2229 3440 2285 tibi
3498 2231 3713 2287 servire.

2067 2323 2274 2379 Amen.

2567 2410 2647 2466 Ad
2675 2409 2979 2466 induendas
3006 2426 3227 2465 mnus.

2139 2503 2376 2559 Creator
2403 2501 2582 2557 totius
2613 2503 2888 2557 creatura:
2919 2498 3165 2572 dignare
3186 2514 3282 2554 me
3312 2498 3625 2572 indignum
3652 2498 3719 2553 fa-

2070 2590 2299 2648 mulum
2330 2594 2499 2648 tuum
2531 2588 2898 2646 indumentis
2920 2586 3169 2660 justitiaa
3196 2592 3255 2643 et
3282 2586 3498 2644 laetitia
3528 2588 3717 2643 indue-

2070 2697 2150 2749 re,
2180 2686 2245 2737 ut
2274 2681 2440 2754 puris
2470 2679 2769 2737 mentibus
2801 2682 2936 2734 ante
2965 2680 3358 2751 conspectum
3391 2681 3562 2733 tuum
3592 2675 3722 2733 assi-

2070 2775 2220 2827 stere
2252 2786 2476 2827 merear
2504 2769 2784 2826 mundus.

2692 2858 2772 2914 Ad
2800 2856 3103 2923 Annulum.

2140 2948 2451 3006 Circumda
2470 2947 2714 3005 Domine
2743 2946 2958 3021 digitos
2990 2961 3152 3001 meos
3183 2944 3425 3011 virtute,
3451 2950 3509 3001 et
3529 2944 3719 3001 decora

2070 3037 2513 3095 sacriﬁcatione.

2690 3126 2771 3183 Ad
2800 3125 3105 3183 Rationale.

380 3207 693 3267 Circumda
722 3229 815 3269 me
840 3213 1083 3273 Domine
1105 3218 1239 3274 fidei
1271 3220 1476 3288 armis,
1498 3226 1563 3277 ut
1584 3223 1656 3279 ab
1688 3223 1961 3297 iniquita-
1989 3204 2031 3270 C
2143 3223 2224 3274 Da
2240 3217 2409 3275 nobis
2425 3216 2668 3273 Domine
2684 3216 2984 3273 veritatem
3001 3219 3166 3270 tuam
3191 3213 3450 3270 ﬁrmiter
3465 3212 3715 3278 retinere,

310 3300 436 3353 tum
467 3298 700 3372 sagittis
731 3305 935 3360 erutus
954 3304 1558 3380 valeamsequitatem,
1583 3314 1642 3367 et
1662 3312 1954 3383 justitiam
2066 3309 2125 3364 et
2151 3307 2479 3363 doctrinam
2507 3304 2769 3362 veritatis
2799 3303 2955 3378 plebi
2986 3308 3100 3360 tua
3131 3303 3313 3376 digne
3338 3304 3590 3376 aperire.

310 3387 625 3445 custodire.

872 3483 1057 3541 Oratio
1086 3485 1157 3541 ad
1184 3486 1397 3543 Albam.

383 3564 765 3641 Omnipotens
829 3573 1184 3645 sempiterno
1252 3580 1425 3644 Deus,
1495 3580 1551 3633 te
1617 3578 1963 3652 suppliciter

308 3672 501 3721 exoro,
536 3661 599 3712 ut
628 3658 833 3715 fraude
863 3661 1129 3719 omnium
1170 3665 1531 3723 fuscatorum
1561 3673 1793 3737 exutus,
1828 3668 1965 3725 alba

309 3749 471 3800 veste
500 3744 745 3802 indutus
777 3751 833 3804 te
865 3751 1029 3823 sequi
1076 3770 1301 3810 merear
1348 3756 1418 3811 ad
1466 3773 1664 3829 regna,
1700 3758 1798 3813 ubi
1829 3775 1964 3814 vera

311 3837 452 3889 sunt
481 3835 715 3907 gaudia.

922 3927 1001 3983 Ad
1031 3930 1348 3999 Cingulum.

383 4010 785 4087 Gircumcinge
815 4014 1049 4073 lumbos
1075 4035 1235 4075 meos
1257 4021 1498 4077 Domine
1527 4040 1673 4079 zona
1694 4024 1960 4096 justiﬁes,

313 4104 369 4157 et
397 4099 751 4159 circumcide
778 4102 917 4160 vitia
947 4106 1158 4176 cordis,
1191 4111 1249 4164 et
1277 4109 1537 4182 corporis
1567 4113 1703 4168 mei.

856 4195 936 4251 Ad
959 4198 1429 4267 praecimtorium.

384 4279 674 4356 Praecinge
707 4300 801 4340 me
845 4284 1089 4342 Domine
1138 4286 1371 4357 virtute,
1397 4293 1456 4345 et
1484 4306 1632 4362 pone
1678 4290 1965 4348 immacu-

312 4369 492 4427 latam
523 4372 679 4429 viam
716 4391 929 4432 meam.

972 4466 1052 4521 Ad
1083 4467 1307 4523 Stolam.

380 4549 539 4606 Stola
561 4551 811 4623 justitize
841 4554 1142 4610 circumda
1165 4556 1410 4612 Domine
1438 4557 1719 4613 cervicem
1751 4575 1963 4625 meam,
1999 4576 2046 4639 Ι)

311 4643 371 4695 et
399 4640 472 4695 ab
503 4641 662 4696 omni
712 4642 1084 4714 corruptione
1131 4644 1349 4717 peccati
1410 4646 1655 4718 puriﬁca
1710 4652 1966 4703 mentem

314 4744 503 4785 meam
513 4771 526 4784 .

872 4822 1058 4877 Oratio
1083 4822 1153 4877 ad
1178 4823 1406 4879 Stolam.

384 4904 660 4981 Dirumpe
703 4910 947 4966 Domine
974 4910 1209 4967 vincula
1257 4915 1628 4984 peccatorum
1677 4930 1964 4981 meorum,

313 4999 378 5052 ut
399 4996 544 5069 jugo
574 5001 685 5052 tuae
717 4999 1012 5057 servitutis
1053 5000 1289 5058 innixus
1319 5001 1542 5059 valeam
1581 5001 1687 5058 tibi
1717 5019 1854 5058 cum
1886 5002 1965 5058 ti-

314 5101 495 5154 more,
530 5089 588 5141 et
616 5090 938 5146 reverentia
967 5089 1259 5146 famulari.

968 5179 1048 5235 Ad
1078 5180 1305 5237 Subtile.

386 5264 567 5322 Indue
593 5282 685 5322 me
705 5265 950 5324 Domine
968 5270 1313 5326 vestimento
1336 5270 1565 5339 salutis,
1591 5274 1649 5327 et
1667 5271 1969 5328 circumda

315 5373 409 5412 me
436 5353 617 5412 lorica
646 5354 1025 5413 fortitudinis.

899 5446 977 5501 Ad
1007 5447 1387 5513 Dalmaticum,

386 5534 736 5591 Indumenta
766 5535 874 5591 hoc
905 5535 1097 5607 typieo
1137 5536 1465 5608 priscorum
1497 5538 1733 5595 Patrum
1760 5540 1875 5595 ritu
1908 5540 1966 5595 in

317 5622 555 5677 modum
588 5623 777 5679 crucis
808 5624 1143 5681 tramitibus
1174 5626 1485 5696 purpureis
1506 5630 1771 5684 contexto
1801 5627 1971 5685 vesti-

2139 3401 2430 3470 Postquam
2458 3395 2729 3467 infulatus
2755 3395 2925 3466 fuerit
2965 3392 3115 3449 dicat
3142 3393 3290 3448 hanc
3320 3393 3652 3449 Orationem.

2141 3485 2300 3559 Rogo
2329 3489 2385 3540 te
2422 3483 2709 3540 altissime
2752 3481 3030 3551 Sabaoth,
3064 3480 3238 3538 Pater
3279 3486 3513 3549 sancte,
3547 3486 3611 3537 ut
3638 3497 3717 3536 me

2068 3574 2270 3632 tunica
2288 3572 2574 3630 castitatis
2596 3570 2854 3646 digneris
2876 3570 3199 3643 accingere,
3222 3574 3281 3625 et
3307 3586 3480 3627 meos
3500 3569 3720 3627 lumbos

2070 3663 2303 3721 baltheo
2332 3662 2419 3720 tui
2450 3662 2670 3719 amoris
2698 3660 2923 3717 ambire
2965 3676 3033 3715 ac
3078 3676 3246 3715 renes
3275 3659 3482 3715 cordis
3512 3677 3581 3716 ac
3608 3676 3724 3715 cor-

2071 3753 2231 3827 poris
2263 3752 2376 3809 mei
2417 3750 2721 3807 charitatis
2769 3751 2904 3823 igne
2956 3765 3253 3822 perurere,
3285 3752 3591 3820 quatenus
3634 3766 3724 3821 pro

2072 3842 2326 3917 peccatis
2356 3840 2503 3897 meis
2534 3839 2757 3914 possim
2789 3839 2964 3911 digne
2992 3837 3376 3907 intercedere,
3402 3843 3468 3893 et
3495 3839 3728 3895 astantis

2071 3930 2271 4005 populi
2304 3935 2677 4004 peccatorum
2718 3928 2950 3985 veniam
2989 3925 3335 3999 promereri,
3368 3944 3441 3981 ac
3472 3926 3730 4000 paciﬁcus

2072 4020 2442 4094 singulorum
2474 4017 2698 4074 hostias
2723 4015 3049 4082 immolare,
3077 4031 3170 4071 me
3191 4031 3436 4087 quoque
3469 4016 3733 4072 audacter

2072 4109 2319 4165 Domine
2340 4108 2412 4163 ad
2434 4111 2491 4163 te
2513 4106 2889 4162 accedentem
2924 4120 3042 4159 non
3079 4102 3242 4158 sinas
3273 4103 3504 4174 perire,
3526 4104 3627 4160 sed
3657 4103 3732 4157 di-

2072 4215 2252 4272 gnare
2296 4213 2389 4253 me
2442 4196 2749 4262 mundare,
2785 4193 2999 4260 lavare,
3034 4182 3267 4256 ornare,
3300 4196 3363 4246 et
3410 4191 3650 4257 leniter,
3678 4208 3734 4247 ac

2074 4287 2323 4360 benigne
2343 4286 2662 4358 suscipere,
2688 4284 2857 4340 Pater
2878 4279 3389 4352 sanctissime,qui
3409 4298 3560 4337 cum
3582 4280 3731 4348 Filio,

2073 4380 2131 4432 et
2160 4373 2381 4448 Spiritu
2413 4378 2615 4431 sancto
2645 4371 2791 4428 vivis
2833 4375 2891 4427 et
2939 4386 3152 4442 regnas
3200 4368 3359 4425 Deus
3412 4370 3478 4424 in
3532 4369 3733 4426 saecula

2075 4464 2445 4521 saeculorum.
2480 4464 2680 4518 Amen.

2528 4551 2657 4609 Inde
2685 4552 2948 4623 confessio
2976 4548 3281 4607 saecularis.

2152 4642 2394 4699 Domine
2415 4645 2565 4697 Deus
2591 4640 2985 4713 omnipotens,
3010 4637 3109 4710 qui
3136 4654 3198 4693 es
3230 4637 3452 4702 trinus,
3477 4641 3538 4693 et
3570 4654 3736 4697 unus.

2074 4737 2131 4790 et
2150 4732 2370 4804 ubique
2391 4746 2668 4805 praesens,
2682 4729 2790 4784 tibi
2812 4727 3094 4784 conﬁteor
3107 4726 3305 4783 omnia
3327 4729 3578 4797 peccata
3595 4742 3736 4790 mea,

2075 4839 2202 4894 quas
2235 4820 2285 4877 si
2315 4837 2431 4876 non
2453 4819 2780 4886 conﬁterer,
2805 4822 2861 4872 te
2890 4821 3089 4873 tamen
3109 4815 3292 4871 latere
3317 4831 3437 4869 non
3470 4820 3736 4887 possunt,

2076 4911 2216 4984 quia
2244 4908 2474 4983 peccavi
2505 4908 2684 4965 nimis
2725 4907 2786 4962 in
2827 4903 3301 4980 cogitationibus,
3326 4902 3388 4959 in
3419 4902 3740 4960 locutioni-

2076 5001 2208 5069 bus,
2231 4997 2595 5070 diversisque
2625 4996 2901 5070 operibus
2947 4994 3140 5063 malis,
3162 4998 3219 5050 et
3257 4991 3491 5060 multis,
3515 4998 3577 5050 et
3608 4994 3737 5066 quia

2074 5106 2180 5164 ego
2211 5087 2410 5155 miser,
2434 5091 2491 5143 et
2518 5084 2875 5143 miserabilis
2895 5085 3140 5141 Domine
3170 5086 3411 5155 propter
3430 5082 3736 5148 duritiam,

2073 5182 2131 5234 et
2160 5176 2485 5250 nequitiam
2525 5176 2720 5232 cordis
2770 5175 2906 5243 mei,
2943 5173 3059 5230 nisi
3110 5177 3175 5229 tu
3228 5172 3477 5243 adjuves
3532 5188 3651 5239 me,
3683 5172 3736 5225 in

2074 5268 2206 5341 ipsa
2233 5269 2603 5340 peccatorum
2631 5281 2897 5321 meorum
2923 5260 3111 5319 morte
3131 5262 3407 5334 perduro,
3430 5267 3737 5333 propterea

2076 5360 2314 5430 propter
2341 5360 2396 5412 te
2428 5354 2705 5411 miserere
2736 5354 2872 5419 mei,
2896 5352 2997 5425 qui
3026 5351 3173 5408 vivis
3202 5354 3261 5409 et
3290 5366 3533 5423 regnas.

2110 5448 2205 5503 His
2233 5446 2486 5502 omnibus
2514 5446 2618 5500 rite
2633 5444 2867 5516 peractis
2885 5442 3035 5498 dicat
3055 5443 3349 5513 Episcopus
3374 5455 3559 5512 preces
3584 5439 3701 5495 llas.

2146 5537 2375 5608 Exurge
2392 5533 2635 5590 Domine
2653 5533 2866 5622 adjuva
2881 5548 2989 5588 nos
3010 5548 3022 5586 :
3043 5532 3112 5587 Et
3127 5530 3352 5587 redime
3373 5546 3483 5586 nos
3506 5531 3736 5600 propter

2079 5642 2291 5682 nomen
2323 5628 2517 5680 tuum.
