3868 6204
66 372 235 436 1309

1490 370 1725 433 MISSA
1779 370 2098 433 LATINA.

3342 363 3501 428 1310

142 508 274 565 Fiat
302 507 713 565 misericordia
745 511 850 563 tua
881 505 1118 585 Domine
1150 523 1326 579 super
1358 521 1463 561 nos
1488 521 1501 559 :
1528 505 1737 570 Qnem-
1769 504 1821 572 Α
1855 505 2067 561 Sancta
2109 505 2457 585 Sanctorum
2507 500 2968 559 incarnationem
3020 499 3314 574 Unigeniti
3371 497 3499 556 Filii

62 596 404 653 admodum
437 596 814 670 speravimus
841 595 900 651 in
935 601 1009 662 te,

143 686 309 742 Dens
340 690 405 742 tu
437 702 755 742 conversus
797 684 1116 740 viviﬁcabis
1164 701 1269 741 nos
1294 702 1306 740 :
1332 684 1400 739 Et
1425 683 1590 757 plebs
1641 687 1743 740 tua

60 773 380 831 laetabitur
408 776 468 830 in
500 780 578 851 te.

141 862 412 921 Ostende
444 863 611 920 nobis
644 864 883 921 Domine
914 862 1373 920 misericordiam
1425 869 1589 919 tuam
1621 878 1636 917 :
1671 863 1740 919 Et

64 952 344 1009 salutare
370 958 540 1008 tuum
570 954 645 1010 da
675 953 864 1009 nobis.

144 1043 237 1098 Ne
268 1042 452 1099 intres
482 1044 541 1099 in
563 1043 856 1114 judicium
888 1060 1022 1098 cum
1054 1043 1236 1099 servis
1278 1044 1394 1099 tuis
1446 1042 1687 1099 Domine
1721 1058 1733 1097 :

63 1128 233 1195 Quia
265 1148 384 1187 non
407 1132 833 1203 justiﬁcabitnr
863 1133 923 1189 in
955 1137 1269 1206 conspectu
1300 1136 1399 1189 tuo
1430 1131 1623 1189 omnis
1652 1132 1737 1188 vi-

63 1236 248 1276 νεῐιε.

146 1308 404 1365 Domine
452 1325 521 1365 ne
572 1309 909 1367 memineris
958 1309 1341 1383 iniquitatum
1401 1315 1734 1368 nostrarum

63 1398 467 1471 antiquarum
489 1417 501 1454 :
522 1397 644 1453 Cito
670 1399 993 1472 anticipant
1022 1417 1131 1457 nos
1162 1399 1571 1457 misericordia:
1600 1404 1733 1466 tuae,

64 1488 224 1560 quia
255 1504 545 1561 pauperes
578 1488 714 1543 facti
749 1506 957 1545 sumus
988 1489 1188 1545 nimis.

146 1576 454 1649 Propitius
483 1581 605 1634 esto
636 1577 888 1651 peccatis
919 1577 1135 1635 nostris
1174 1579 1418 1636 Domine
1451 1596 1463 1635 :
1496 1583 1738 1653 Propter

68 1682 304 1721 nomen
333 1670 500 1722 tuum
531 1666 794 1722 Domine.

145 1753 401 1811 Domine
456 1755 663 1811 exaudi
722 1758 1045 1813 orationem
1100 1774 1288 1814 meam
1339 1776 1352 1814 :
1398 1759 1466 1814 Et
1518 1757 1738 1815 clamor

66 1861 254 1900 meus
286 1844 358 1900 ad
392 1848 447 1900 te
474 1845 685 1901 veniat.

347 1938 669 2006 Sequuntur
698 1934 1004 2001 Orationes,
1226 1940 1478 1994 Oremus.

148 2023 265 2077 Fac
298 2038 390 2077 me
416 2039 610 2095 quasso
633 2024 1005 2097 omnipotens
1031 2029 1178 2081 Deus
1200 2024 1279 2081 ita
1291 2026 1527 2098 jnstitia
1546 2026 1733 2093 indui,

67 2116 139 2167 ut
173 2110 238 2167 in
273 2115 611 2167 sanctorum
637 2116 873 2169 tuorum
908 2130 1132 2170 merear
1160 2114 1510 2172 exultatione
1534 2115 1733 2183 laetari,

64 2206 379 2273 quatenus
410 2202 764 2258 emundatus
793 2204 865 2258 ab
888 2204 1163 2261 omnibus
1184 2205 1458 2261 sordibus
1480 2210 1739 2279 peccato-

64 2307 214 2345 rum
247 2290 611 2345 consortium
643 2291 936 2365 adipiscar
977 2293 1085 2348 tibi
1135 2292 1493 2365 placentium
1538 2300 1736 2351 Sacer-

65 2380 312 2443 dotnm,
365 2395 576 2451 meque
625 2384 726 2435 tua
774 2380 1176 2437 misericordia
1205 2381 1416 2438 avitiis
1461 2384 1736 2440 omnibus

64 2471 275 2531 exuat,
314 2483 495 2541 quem
547 2472 743 2524 reatus
798 2468 1044 2543 propriis
1100 2470 1469 2528 conscientia;
1513 2478 1732 2545 gravat.

66 2556 189 2621 Qui
222 2557 333 2612 etc.

843 2647 991 2703 Alia.

152 2736 345 2790 Aures
377 2737 488 2789 tuae
518 2734 752 2808 pietatis
786 2734 1013 2793 mitisse
1038 2741 1187 2794 Dens
1218 2737 1437 2813 inclina
1466 2740 1738 2812 precibus

73 2822 254 2889 meis,
285 2827 342 2879 et
369 2823 560 2896 gratia
590 2825 776 2881 sancti
808 2825 1061 2897 Spiritus
1092 2826 1360 2883 illumina
1388 2845 1488 2884 cor
1517 2846 1733 2896 meum,

71 2917 143 2969 ut
176 2912 303 2968 tuis
348 2912 640 2985 mysteriis
689 2914 865 2987 digne
914 2915 1269 2982 ministrare,
1305 2921 1479 2989 atque
1525 2921 1738 2975 aeterna

70 3001 373 3057 charitate
405 2999 644 3076 diligere
675 3018 920 3060 merear.
942 3004 1066 3069 Per,
1098 3008 1207 3059 etc.

497 3091 577 3146 Ad
606 3093 891 3148 incensum
918 3094 1323 3165 imponendum.

148 3180 216 3235 In
252 3179 488 3235 nomine
521 3180 728 3247 Patris,
763 3185 819 3236 et
846 3180 994 3250 Filii,
1026 3186 1084 3237 et
1113 3183 1367 3256 Spiritus
1417 3183 1603 3240 sancti
1660 3184 1739 3240 sit

66 3266 457 3325 benedictum
491 3268 599 3325 hoc
624 3269 930 3325 incensum
954 3270 1012 3325 in
1045 3271 1281 3327 odorem
1304 3273 1610 3329 suavitatis
1632 3273 1734 3330 Do-

68 3357 243 3412 r‘nino
277 3361 335 3412 et
364 3357 422 3413 in
455 3357 863 3415 remissionem
911 3360 1177 3415 omnium
1227 3365 1597 3434 peccatorum
1631 3380 1736 3419 no-

71 3449 372 3502 strorum.
402 3446 606 3502 Amen.

469 3534 547 3590 Ad
576 3535 934 3592 osculandum
961 3539 1351 3608 Evangelium.

146 3623 273 3678 Pax
297 3622 510 3679 Christi
543 3623 600 3678 in
636 3624 951 3681 visceribus
978 3627 1194 3683 nostris
1219 3634 1577 3700 permaneat.

219 3710 363 3767 Cum
390 3712 671 3782 egreditur
698 3716 989 3787 Episcopus
1018 3714 1082 3772 de
1112 3719 1372 3774 Sacrario
1398 3717 1543 3774 dicat
1571 3738 1588 3773 :

1768 1877 1815 1942 B

1852 595 1938 650 tui
1969 594 2198 650 Domini
2230 582 2411 651 nostri
2444 588 3211 663 obsecrantes,postnlamus
3234 589 3500 663 benigni-

1851 687 2030 740 tatem
2061 684 2391 756 tnam,qnia
2411 682 2468 738 in
2491 683 2698 738 timore
2719 681 3012 747 sumus,et
3029 677 3499 746 tremare,volen~

1849 776 1937 828 tes
1995 773 2263 829 assistere
2312 776 2444 828 ante
2494 775 2785 839 sanctum,
2819 773 2876 825 et
2928 766 3247 841 gloriosum
3306 767 3499 824 Altare

1848 866 2110 930 tunm,nt
2141 862 2375 918 emittas
2406 878 2583 933 super
2614 876 2721 916 nos
2752 860 2973 915 donum
3018 856 3216 930 gratiae
3245 855 3499 929 Spiritus

1848 951 2119 1019 sancti,et
2140 952 2377 1007 innoves
2394 950 2623 1006 animas
2640 951 2956 1015 nostras,et
2975 950 3311 1020 corpora,nt
3336 962 3501 1001 mun-

1848 1042 1921 1097 do
1950 1041 2121 1097 corde
2151 1040 2465 1097 offeramus
2494 1039 2599 1094 tibi
2622 1036 3225 1103 sacriﬁeinm,donnm
3248 1033 3501 1091 fructife-

1848 1148 1979 1187 rum
2012 1130 2071 1185 in
2101 1129 2507 1186 remissionem
2540 1130 2909 1201 peccatorum
2939 1128 3295 1191 nostrorum,
3319 1127 3377 1179 et
3395 1138 3497 1196 po-

1848 1221 1969 1295 puli
2000 1219 2105 1288 tui,
2138 1236 2241 1293 per
2269 1218 2538 1293 gloriam,
2571 1221 2630 1273 et
2657 1214 3089 1271 humanitatem
3114 1213 3253 1270 Jesu
3278 1212 3493 1269 Christi

1847 1309 1950 1366 filii
1980 1309 2087 1379 tui,
2120 1308 2221 1381 qui
2248 1313 2441 1364 tecum
2475 1312 2583 1362 etc.

1848 1401 2042 1456 Coram
2072 1399 2253 1454 Altare
2277 1404 2458 1453 autem
2483 1404 2629 1452 stans
2658 1411 2782 1450 cum
2821 1394 3185 1456 Processione,
3211 1393 3496 1464 proferens

1951 1472 2337 1541 confessionem
2368 1469 2455 1523 det
2484 1468 2886 1535 indulgentiam
2915 1466 3188 1523 Ministris
3226 1465 3388 1519 hanc.

1918 1559 2346 1633 Indulgentiam
2395 1562 2453 1613 et
2500 1556 2908 1612 remissionem
2956 1554 3083 1626 ipse
3130 1551 3495 1608 occultorum

1845 1649 2107 1705 omnium
2152 1648 2415 1721 cognitor
2464 1663 2568 1719 per
2619 1644 2931 1700 Dominum
2978 1645 3247 1698 nostrum
3293 1640 3495 1697 Jesum

1845 1741 2143 1797 Christum
2176 1738 2363 1794 filium
2395 1753 2717 1804 suum,una
2739 1752 2874 1791 cum
2896 1732 3116 1807 Spiritu
3139 1736 3339 1789 sancto
3366 1748 3498 1787 con-

1844 1829 2144 1886 tritionem
2178 1826 2734 1901 spiritus,gemitum
2765 1823 3043 1891 cordis,et
3071 1820 3497 1879 confessionem

1846 1918 1965 1976 oris
1993 1919 2167 1976 vestri
2202 1917 2413 1974 blande
2439 1920 2495 1971 et
2524 1912 2934 1971 venerabiliter
2964 1912 3262 1984 suscipere
3295 1910 3497 1983 digne-
3540 1931 3544 1935 ι

1849 2014 1962 2073 tur,
1986 2007 2204 2080 quique
2235 2004 2465 2061 mulieri
2498 2001 2802 2077 peccatrici
2832 2000 3031 2057 omnia
3060 2004 3297 2073 peccata
3321 1998 3495 2055 dimi-

1846 2102 2003 2153 serat
2030 2094 2504 2168 1acbrymanti,et
2534 2092 2743 2148 latroni
2767 2091 2841 2146 ad
2866 2106 3043 2145 unam
3068 2086 3493 2144 confessionem

1847 2187 2101 2243 claustra
2147 2185 2378 2257 aperuit
2433 2180 2714 2248 Paradisi,
2749 2180 2874 2252 ipso
2922 2195 3023 2235 vos
3073 2175 3495 2249 redemptionis

1846 2293 1967 2331 sua:
1998 2273 2309 2348 participes
2341 2274 2412 2327 ab
2442 2270 2602 2326 omni
2627 2268 2860 2324 vinculo
2890 2271 3260 2341 peccatorum
3300 2263 3495 2321 absol-

1845 2369 2023 2432 vat,et
2047 2364 2311 2420 membra
2338 2362 2710 2434 aliquatenus
2735 2356 3037 2415 debilitata
3061 2372 3179 2411 sua:
3206 2352 3496 2410 medicina

1847 2452 2258 2511 misericordia:
2296 2455 2519 2519 sanata,
2554 2448 2781 2522 corpori
2830 2450 3043 2504 sanctae
3090 2442 3358 2500 Ecclesia:
3402 2459 3495 2498 re-

1848 2544 2062 2600 deunte
2093 2542 2284 2617 gratia
2304 2540 2774 2610 restituat,atqne
2795 2537 2852 2592 in
2876 2539 3225 2609 perpetuum
3248 2531 3497 2589 solidata

1849 2630 2277 2696 custodiat.Qni
2305 2629 2446 2685 vivit
2474 2632 2530 2685 et
2561 2629 2782 2701 regnat.

2046 2723 2184 2777 Data
2214 2716 2838 2846 indulgentiaoadnectat
2865 2715 2963 2770 has
2995 2714 3296 2804 Orationes.

2596 2804 2795 2846 remus.

2596 2804 2795 2846 remus.

1917 2873 2296 2945 Omnipotens
2327 2869 2681 2942 sempiterne
2710 2868 2863 2923 Deus
2894 2870 2949 2921 te
2970 2863 3274 2920 humiliter
3297 2863 3496 2935 depre-

1879 2980 2066 3030 amur,
2100 2965 2165 3015 nt
2191 2976 2304 3015 non
2337 2975 2444 3015 nos
2475 2957 2778 3030 permittas
2808 2952 3172 3027 perire,quia
3200 2956 3300 3006 tua
3329 2966 3493 3006 crea-

1846 3056 1978 3107 tura
2008 3048 2343 3114 snmus,sed
2367 3046 2618 3102 concede
2636 3043 2803 3099 nobis
2823 3041 3080 3114 spatium
3097 3039 3225 3095 vita:
3240 3038 3494 3104 vivendi,

1846 3145 1912 3196 nt
1940 3143 2073 3196 ante
2103 3139 2259 3193 diem
2290 3136 2479 3193 exitus
2508 3132 2692 3190 nostri
2724 3149 2827 3205 per
2845 3146 3042 3187 veram
3065 3126 3488 3199 paenitentiam,

1766 3244 1809 3311 ρ
1850 3230 2143 3301 fidemque
2173 3229 2478 3292 rectam,et
2500 3239 2706 3297 puram
2731 3219 3154 3311 confessionem
3175 3217 3280 3273 tibi
3311 3214 3497 3272 omni-

1844 3318 2064 3394 potenti
2096 3315 2342 3373 Domino
2371 3314 2432 3370 in
2462 3314 2572 3370 hac
2612 3310 2883 3386 praesenti
2928 3308 3049 3366 vita
3095 3305 3324 3380 placere
3371 3317 3493 3361 me-

1844 3423 2102 3465 reamur.
2138 3406 2246 3460 Per
2275 3408 2381 3460 etc.

2598 3490 2742 3545 Alia.

1914 3577 2128 3631 Praesta
2184 3588 2524 3647 quasnmns
2592 3568 2983 3641 omnipotens,
3044 3569 3101 3621 et
3159 3563 3491 3621 misericors

1842 3666 2015 3732 Deus,
2050 3670 2116 3719 ut
2146 3667 2343 3719 reatus
2372 3660 2556 3717 nostri
2588 3657 2876 3715 confessio
2925 3653 3353 3727 indulgentiam
3391 3668 3491 3707 va-

1840 3754 1957 3812 leat
1986 3753 2280 3828 percipere
2310 3751 2674 3807 delictorum.
2704 3748 2811 3804 Per
2833 3751 2943 3802 etc.

138 3800 471 3871 Deducme
504 3801 748 3857 Domine
778 3802 838 3857 in
869 3803 963 3859 via
983 3808 1168 3872 tua,et
1187 3805 1482 3878 ingrediar
1510 3808 1568 3863 in
1591 3809 1733 3865 veri-

55 3892 189 3943 tate
222 3892 328 3958 tua
350 3906 363 3955 ;
382 3887 607 3944 laetetur
627 3906 725 3945 cor
746 3896 1036 3958 meum,ut
1065 3892 1269 3948 timeat
1299 3911 1511 3950 nomen
1534 3900 1726 3954 tuum.

50 3957 419 4032 Voluntaria
451 3977 748 4034 sacricabo
779 3977 905 4047 tibi,
940 3984 998 4035 et
1025 3981 1344 4038 confitebor
1373 3984 1598 4041 nomini
1630 3990 1729 4043 tuo

50 4064 343 4134 Domine,
377 4066 656 4137 quoniam
685 4066 905 4123 bonum
932 4073 1042 4124 est.

164 4236 169 4237 γ
531 4156 830 4211 Ecclesium
858 4159 1077 4215 intrans
1105 4158 1273 4215 dicat.

130 4241 407 4298 Introibo
440 4242 499 4298 in
530 4243 774 4300 domum
806 4249 968 4301 tuam
999 4245 1263 4314 Domine,
1289 4252 1345 4304 et
1376 4251 1628 4310 adorabo
1655 4255 1726 4309 ad

44 4329 363 4402 templum
396 4335 664 4387 sanctum
697 4336 868 4389 tuum
893 4332 953 4388 in
986 4333 1195 4391 timore
1226 4340 1347 4393 tuo.

134 4418 394 4475 Domine
424 4420 609 4476 deduc
632 4436 724 4476 me
747 4421 803 4476 in
818 4423 1056 4493 jnstitia
1075 4427 1177 4482 tua
1198 4431 1432 4499 propter
1455 4427 1725 4488 inimicos

43 4524 257 4573 meos,
291 4506 479 4581 dirige
509 4508 569 4564 in
602 4516 914 4583 conspectu
938 4528 1076 4581 meo
1106 4513 1258 4570 viam
1291 4519 1473 4572 tuam.

127 4599 348 4652 Averte
377 4596 621 4653 Domine
649 4597 849 4654 oculos
889 4616 1070 4668 meos,
1107 4618 1178 4657 ne
1223 4602 1459 4660 videant
1505 4608 1726 4664 vanita-
1757 4614 1805 4679 Ι)

40 4690 206 4751 tem,
246 4684 308 4739 in
352 4683 445 4741 via
486 4689 590 4742 tua
633 4686 857 4743 vivifica
905 4705 1019 4756 me,
1055 4694 1204 4747 Deus
1253 4693 1545 4766 propitius
1599 4698 1745 4753 esto'

41 4773 209 4831 mihi
247 4774 557 4846 peccatori.

39 4880 301 4958 Interim
320 4895 443 4934 cum
482 4882 829 4939 Processione
865 4884 1175 4958 egrediens,
1210 4888 1281 4944 ad
1327 4890 1532 4958 gradus
1582 4890 1726 4948 hunc

158 4951 452 5022 psalmum
475 4968 578 5023 pro
607 4969 662 5008 se
690 4969 813 5009 cum
845 4951 1235 5014 deducentibus
1263 4951 1388 5015 eum
1416 4968 1613 5017 cantet.

123 5038 425 5096 Dominus
454 5039 603 5113 regit
634 5058 750 5107 me,
782 5046 839 5098 et
867 5043 1012 5099 nihil
1045 5045 1187 5101 mihi
1223 5046 1407 5104 deerit
1436 5053 1541 5106 etc.

2594 3838 2741 3894 Alia.

1911 3922 2289 3979 Famulorum
2320 3926 2555 3976 tuorum
2586 3933 2928 3990 quaesumus
2976 3913 3221 3971 Domine
3264 3910 3493 3969 delictis

1838 4010 2159 4085 ignosce,et
2188 4010 2287 4082 qui
2321 4009 2549 4083 placere
2575 4009 2646 4064 de
2675 4005 2904 4064 actibus
2934 4003 3152 4061 nostris
3193 4019 3309 4058 non
3336 4001 3491 4058 vale-

1839 4117 1972 4156 mus
2000 4100 2309 4157 Genitricis
2341 4099 2446 4154 ﬁlii
2479 4098 2565 4154 tui
2599 4095 2829 4153 Domini
2862 4094 2962 4151 Dei
3002 4091 3207 4159 nostri,
3240 4095 3297 4147 et
3346 4090 3489 4146 isto-

1838 4206 1991 4255 rum,
2025 4193 2199 4262 atqne
2231 4188 2498 4244 omnium
2531 4187 2881 4242 Sanctorum
2921 4186 3157 4237 tuorum
3205 4180 3488 4234 interces—

1837 4277 1999 4335 sione
2030 4277 2342 4334 salvemnr.
2376 4277 2482 4331 Per
2510 4274 2785 4329 eumdem
2816 4275 2924 4327 etc.

1836 4376 2039 4431 Deinde
2068 4378 2127 4431 in
2166 4373 2349 4430 eodem
2397 4374 2508 4428 loco
2552 4370 2888 4443 presbyteris
2938 4365 3484 4443 illumducentibus,

1906 4454 1958 4503 et
2009 4447 2253 4502 diaconis
2308 4438 2568 4515 praebeat'
2608 4438 2855 4497 osculum
2884 4440 3068 4515 pacis,
3104 4438 3316 4515 ipsique
3368 4443 3490 4515 post

1905 4526 2178 4596 acceptam
2204 4507 2392 4596 pacem
2432 4515 2501 4596 ali
2529 4515 2794 4596 episcolgo,
2820 4507 3053 4596 singuli
3071 4507 3486 4596 ‘ascendant'ad

1905 4580 2077 4644 cornu
2104 4580 2317 4652 attdris,
2350 4580 2654 4643 osculantes
2694 4580 2852 4639 illud.
2885 4580 2963 4637 Et
2989 4580 3228 4652 redeant
3255 4581 3485 4650 presby-

1907 4662 2013 4715 teri
2040 4659 2111 4714 ad
2138 4659 2443 4714 ducendum
2480 4657 2802 4727 Episcopum
2828 4654 2899 4709 ad
2929 4653 3181 4717 altare,et
3209 4651 3270 4705 in
3298 4666 3483 4706 ascen-

1904 4730 2077 4787 dendo
2105 4731 2251 4787 dicat
2281 4731 2583 4786 orationem
2611 4727 2752 4783 hanc
2782 4744 2801 4782 :

1907 4819 2193 4876 Dominus
2220 4819 2545 4874 vobiscum.

1905 4909 1973 4964 Et
2004 4924 2138 4964 cum
2170 4906 2381 4981 spiritu
2410 4911 2531 4962 tuo.

2532 4998 2787 5051 Oremus.

1902 5076 2081 5132 Aufer
2108 5094 2143 5132 a
2175 5075 2343 5132 nobis
2374 5091 2715 5148 quaesumus
2747 5071 2986 5129 Dsmine
3017 5071 3357 5144 iniquitates
3388 5087 3485 5126 no-

1903 5129 2069 5132 '_7'7"
2113 5129 2141 5132 ﬁ
2176 5129 2281 5132 “““““⁷
2327 5129 2336 5130 ί
2386 5129 2448 5148 ⁷⁸η
2485 5129 2492 5130 “
2553 5129 2556 5130 ⁷
2700 5129 2707 5130 “
3125 5129 3139 5144 ι

121 5215 196 5269 v.
720 5129 856 5185 cum
888 5132 1071 5188 νῶτα·
1411 5228 1421 5238 ,
1611 5227 1621 5238 ,
1832 5169 2004 5231 stras,
2042 5170 2108 5220 ut
2155 5165 2225 5221 ad
2278 5168 2479 5220 sancta
2532 5166 2869 5219 sanctorum
2932 5161 3095 5233 puris
3154 5175 3487 5216 mereamur

179 5232 314 5269 11⁸28.
344 5218 466 5269 tua.
502 5221 558 5269 et
588 5217 834 5269 baculus
866 5225 1003 5269 tuna
1032 5226 1138 5269 nte-
1165 5228 1286 5269 01m
1320 5226 1471 5269 ﬁmm
1500 5226 1724 5269 ςηιηηη-
1974 5252 2028 5269 ,ιι
2159 5253 2170 5266 υ
2227 5258 2236 5269 .
2319 5253 2330 5264 -

179 5217 314 5288 irga
342 5218 466 5310 tua,
502 5217 834 5310 etbacnlus
866 5225 1003 5277 tuus
1032 5226 1138 5277 ctc.
1165 5228 1286 5295 Quo
1315 5226 1471 5297 ﬁnito
1499 5226 1724 5299 subjun-
1831 5217 2126 5310 ὧὲξιξδῖιέ

36 5307 509 5414 qi’iffiafiifwm
555 5307 697 5361 hanc
726 5327 743 5362 :
775 5308 1062 5366 Dominus
1117 5312 1442 5372 vohigcum'
1472 5316 1540 5371 Et
1584 5334 1718 5373 cum
1829 5307 2388 5414 pervenerit
2431 5341 2501 5395 ad
2548 5342 2732 5395 Attare
2780 5342 3024 5411 imponat
3068 5354 3171 5410 per
3212 5353 3269 5391 se
3318 5336 3481 5390 Anti-

39 5397 276 5466 spiritu
310 5398 435 5451 tuo.
2082 5397 2096 5414 ⁸
2127 5397 2159 5398 id
2192 5397 2195 5398 ⁷
2222 5397 2226 5398 ν
2523 5412 2784 5482 phonam.

1899 5490 2155 5547 Introibo
2188 5490 2260 5545 ad
2292 5489 2473 5546 altare
2504 5491 2625 5556 Dei,
2660 5492 2732 5547 ad
2764 5486 3207 5559 Dominum,qni
3230 5485 3485 5541 lmtiﬁcat

1819 5582 2130 5652 juventnm
2165 5595 2374 5633 meum.
2411 5597 2537 5635 cum
2569 5582 2807 5636 Psalmo.
2842 5578 3049 5634 Judica
3081 5593 3171 5631 me
3221 5580 3388 5635 [‘uens,
3425 5577 3483 5628 et

1827 5669 2094 5725 discerne
2122 5684 2363 5725 causam
2397 5685 2590 5724 meam
2621 5668 2693 5725 de
2723 5672 2913 5741 gente.

767 5489 1020 5557 oremus.

121 5569 380 5626 Domine
411 5571 566 5626 Deus
597 5572 986 5646 omnipotens,
1022 5576 1121 5649 qui
1149 5594 1209 5632 es
1244 5585 1577 5653 magnus,et
1606 5582 1714 5637 mi-

39 5657 264 5721 rabilis
316 5659 624 5729 Dominus,
654 5661 755 5731 qui
805 5664 973 5721 nobis
1022 5666 1250 5723 donasti
1299 5667 1607 5725 introitum
1655 5670 1713 5726 in
