3868 6204
371 306 526 371 1315

1155 308 1490 372 ΑΡΡΕΝΠ.
1536 310 1639 371 AD
1685 310 1875 373 S/EC.
1920 310 1983 372 X,

2168 309 2639 375 lONUMEN'l‘A
2676 312 2996 377 LITURG.

3641 317 3763 376 ηις
3828 317 3837 405 i

368 446 549 504 etiim
569 460 682 498 non
711 445 952 497 mortem
976 443 1471 514 peccatorum,sed
1498 442 1673 498 vitam
1696 444 2016 507 desideras,
2050 447 2103 512 Α
2134 444 2250 499 sive
2280 462 2471 499 errore
2502 444 2841 516 ignorantia
2872 445 3320 512 commisimus,
3354 444 3543 517 pietas
3568 448 3748 503 Βοωῑέ

372 549 467 589 me
498 530 802 599 miserum,
837 529 1217 601 fragilemque
1269 536 1627 602 precatorem
1675 531 2019 587 delictorum

365 622 643 679 sordibus
671 620 910 692 plenum
946 637 980 685 a
1008 625 1111 675 tua
1140 620 1349 691 pietate
1381 636 1494 674 non
1531 618 1798 691 repellas,
1832 636 2023 691 neque

364 709 641 783 respicias
671 709 743 764 ad
774 712 1013 781 peccata
1041 723 1189 775 mea,
1227 724 1355 778 qua
1401 706 1552 763 male
1589 707 1831 764 vivendo
1863 726 2019 764 com-

363 798 519 867 misi,
550 799 649 853 sed
680 798 753 853 ad
786 798 1109 853 immensas
1150 795 1581 852 misericordias
1612 801 1765 864 tuas,
1801 797 2018 869 quibus

362 888 615 961 gratuito
638 903 879 942 munere
898 885 1277 957 peccantibus
1302 885 1608 941 subvenire
1639 886 2012 955 consuevisti,

361 977 599 1033 obsecro
620 975 816 1047 itaque
841 973 1106 1039 Domine,
1125 978 1191 1029 ut
1210 973 1289 1028 im
1299 989 1523 1029 memor
1533 973 1617 1029 sis
1641 978 2012 1046 peccatorum

361 1081 649 1132 meorum,
670 1068 727 1120 et
748 1080 973 1121 memor
1002 1062 1535 1119 misericordiarum
1572 1067 1828 1130 tuarum,
1860 1069 2011 1131 vota,

358 1170 676 1227 precesque
704 1169 866 1209 meas
896 1151 1204 1225 dignanter
1235 1152 1606 1225 suscipias,et
1625 1152 2013 1209 dissimulatis

358 1242 692 1316 fragilitatis
723 1258 864 1298 mea
896 1240 1170 1313 peccatis,
1207 1240 1361 1296 labia
1393 1256 1524 1296 mea
1570 1242 1817 1313 aperias,
1851 1247 1907 1298 et
1937 1243 2009 1297 ad

357 1332 782 1388 confessionem
811 1347 904 1386 me
931 1334 1043 1385 tua
1074 1329 1268 1385 laudis
1299 1329 1563 1402 placatus
1591 1331 1891 1400 admittas,
1910 1332 2010 1404 qui

355 1437 458 1493 per
486 1419 948 1477 incarnationem
980 1423 1039 1475 et
1068 1418 1497 1475 humanitatem
1530 1424 1592 1474 ι).
1629 1419 1761 1475 Ν..Ι.
1797 1419 2011 1475 Christi

356 1509 459 1565 filii
491 1510 575 1565 tui
609 1508 821 1565 dedisti
856 1524 1057 1580 pacem
1088 1507 1523 1575 hominibus,et
1544 1508 1867 1564 calestium
1898 1508 2009 1564 col-

352 1598 571 1671 legium
601 1596 976 1670 Angelorum,
1011 1597 1087 1659 da
1116 1612 1208 1651 me
1237 1598 1294 1651 et
1313 1596 1384 1650 de
1415 1600 1525 1651 tua
1557 1595 1715 1669 pacis
1745 1597 2008 1653 ubertate

352 1686 581 1758 repleri,
614 1690 671 1741 et
711 1686 781 1765 de
832 1685 1124 1757 Angelica
1171 1683 1463 1740 societatis
1516 1685 1738 1741 unitate
1782 1684 2003 1753 lateri;

349 1776 552 1847 sicque
584 1792 674 1831 me
701 1766 877 1830 facias
900 1773 992 1829 his
1012 1772 1433 1845 temporalibus
1460 1774 1668 1830 officiis
1700 1774 2002 1840 interesse,

350 1869 415 1919 ut
435 1864 506 1920 ad
531 1868 664 1920 tuas
688 1862 1118 1918 misericordias
1132 1862 1190 1917 in
1203 1866 1486 1919 aternum
1505 1879 1639 1918 cum
1658 1861 1776 1918 illis
1798 1864 2004 1919 decan-

347 1953 560 2009 tandas
577 1953 871 2025 perpetuis
887 1950 1201 2007 electorum
1224 1956 1460 2007 tuorum
1489 1952 1683 2007 choris
1700 1952 2000 2025 aggregari

346 2041 668 2115 pracipias.
704 2042 806 2097 Per
833 2045 942 2097 etc.

344 2142 538 2197 Finita
568 2141 825 2210 Angelica
874 2138 1038 2194 laude
1078 2138 1356 2195 missalem
1404 2140 1704 2194 orationem
1735 2138 1880 2193 dicat
1908 2156 1996 2194 sa-

413 2212 615 2267 cerdos.
650 2210 859 2266 Deinde
904 2211 1059 2266 lectio
1112 2212 1386 2276 recitetur,
1419 2218 1472 2265 et
1499 2212 1644 2265 inter
1691 2211 1994 2277 lectionem,

414 2287 467 2338 et
510 2284 875 2353 evangelium,
935 2282 993 2336 id
1036 2290 1113 2337 est
1156 2289 1389 2353 temmre
1433 2280 1748 2353 Gradualis,
1806 2289 1858 2336 et
1904 2282 1995 2335 Al-

414 2354 585 2409 leluia
640 2352 705 2408 ac
766 2354 1088 2423 Sequentice,
1145 2352 1423 2425 episcopis
1494 2352 1641 2408 dicat
1715 2353 1813 2407 has
1870 2368 1995 2409 ora-

412 2426 582 2481 tiones
611 2442 630 2479 :

410 2515 557 2569 Ante
586 2511 787 2568 oculos
817 2516 952 2568 tuos
980 2512 1219 2571 Domine
1239 2516 1409 2580 Deus,
1428 2510 1795 2567 conscientia
1826 2510 1994 2567 testis

339 2602 576 2669 assisto,
606 2616 811 2673 rogare
844 2617 959 2655 non
991 2601 1365 2672 audeo.quod
1400 2601 1715 2672 impetrare
1740 2616 1853 2655 non
1878 2617 1993 2655 me-

338 2702 486 2763 reor,
518 2695 581 2744 tu
612 2688 728 2745 scis
760 2688 1017 2755 Domine,
1053 2706 1180 2761 qua
1230 2693 1485 2761 aguntur
1533 2688 1589 2742 in
1633 2689 1821 2755 nobis,
1854 2705 1991 2744 eru-

337 2779 633 2855 bescimus
685 2777 872 2846 fateri,
915 2777 1069 2849 quod
1129 2794 1243 2833 non
1300 2777 1582 2832 timemus
1632 2777 1985 2833 admittere:

334 2868 525 2925 verbis
556 2867 661 2923 tibi
691 2871 920 2923 tantum
952 2867 1351 2939 obsequimur,
1386 2866 1557 2922 corde
1589 2867 1989 2932 mentimur,et

335 2958 490 3030 quod
513 2957 657 3013 velle
678 2974 783 3013 nos
808 2955 1081 3024 dicimus,
1106 2955 1258 3012 nolle
1280 2954 1497 3012 nostris
1520 2955 1746 3011 actibus
1772 2972 1985 3028 appro-

332 3049 563 3123 bamus.
597 3047 709 3103 Sed
754 3062 923 3119 parce
974 3044 1213 3101 Domine
1270 3044 1716 3111 conlidentibus,
1750 3045 1984 3117 ignosce

332 3135 729 3208 precantibus,
763 3136 1037 3191 miserere
1066 3139 1121 3190 te
1152 3133 1512 3207 rogantibus.
1546 3134 1614 3188 Et
1645 3133 1784 3205 quia
1815 3149 1980 3189 meus

329 3242 540 3281 sensus
569 3224 629 3279 in
655 3223 1038 3280 sacramentis
1096 3223 1215 3278 tuis
1270 3223 1542 3277 infirmus
1598 3227 1706 3291 est,
1734 3227 1789 3277 et
1819 3222 1975 3294 apud

328 3316 383 3368 te
404 3330 519 3369 non
542 3294 760 3369 habent
791 3316 1121 3385 peccatores
1145 3311 1322 3367 verba
1343 3310 1469 3366 sine
1488 3310 1752 3375 crimine,
1773 3314 1984 3382 prasta

326 3401 591 3473 Domine,
625 3407 689 3458 ut
718 3401 767 3456 si
795 3417 863 3456 ex
893 3401 1063 3456 nobis
1094 3400 1372 3473 indignis,
1406 3398 1538 3454 duri
1586 3397 1777 3454 cordis
1806 3399 1982 3454 verba

327 3479 441 3546 non
474 3490 727 3563 suscipis
754 3506 857 3563 per
884 3490 1262 3562 temetipsum
1292 3489 1522 3544 veniam
1550 3487 1838 3559 largiaris.
1872 3486 1979 3551 Qui

323 3579 471 3636 vivis
496 3585 607 3636 etc.

1084 3669 1230 3723 Alia.

332 3758 337 3761 ‘
395 3747 623 3803 Christe
635 3764 805 3820 parce
825 3748 1098 3805 miserere
1124 3748 1259 3815 mei,
1277 3764 1395 3802 non
1424 3746 1747 3803 secundum
1772 3744 1979 3802 merita

324 3853 475 3903 mea,
509 3837 610 3892 sed
643 3836 968 3892 secundum
1013 3834 1474 3907 misericordiam
1505 3839 1692 3890 tuam.
1724 3833 1852 3890 Noli
1884 3851 1977 3890 me

323 3925 618 3996 despicere
657 3926 1038 3996 peccatorem.
1071 3923 1196 3979 Noli
1248 3939 1342 3978 me
1385 3924 1714 3995 reprobare,
1747 3924 1848 3979 sed
1876 3939 1973 3978 su-

322 4012 481 4085 scipe
508 4029 600 4068 me
630 4012 953 4068 secundum
1005 4010 1303 4083 eloquium
1351 4015 1541 4077 tuum,
1576 4016 1633 4067 et
1676 4011 1886 4079 vivam,
1918 4016 1976 4067 et

318 4120 439 4169 non
479 4102 803 4159 confundas
833 4117 926 4157 me
957 4102 1029 4157 ab
1059 4099 1458 4173 expectatione
1490 4117 1618 4156 mea
1648 4118 1661 4156 :
1699 4102 1974 4157 miserere

319 4191 434 4248 mei
462 4190 728 4262 Domine,
761 4190 902 4263 quia
930 4188 1159 4263 peccavi
1186 4188 1313 4257 tibi,
1347 4190 1422 4246 da
1451 4189 1595 4245 mihi
1635 4190 1854 4245 fontem
1886 4189 1968 4245 la-

318 4281 712 4355 chrymarum,
738 4280 867 4336 fons
888 4279 1037 4345 vita,
1061 4284 1118 4335 et
1141 4278 1240 4335 lux
1260 4277 1522 4348 luminis,
1548 4279 1800 4335 concede
1826 4277 1969 4334 mihi

318 4371 376 4426 in
410 4369 684 4443 prasenti
739 4369 859 4425 vita
910 4386 1105 4425 veram
1162 4368 1563 4441 panitentiam
1615 4368 1685 4423 de
1716 4368 1968 4441 peccatis

318 4458 484 4527 meis,
512 4463 570 4515 et
613 4458 673 4514 in
730 4459 884 4514 bono
940 4458 1452 4531 perseverantiam.
1487 4456 1726 4513 Domine
1757 4457 1964 4513 exaudi

314 4548 635 4605 orationem
669 4565 863 4604 meam
893 4565 906 4603 :
939 4547 1046 4613 Qui
1078 4547 1219 4603 vivis
1247 4551 1353 4602 etc.

1073 4637 1220 4692 Alia.

384 4720 731 4785 Quasumus
755 4716 1104 4773 immensam
1129 4717 1400 4788 pietatem
1419 4719 1580 4770 tuam
1594 4715 1747 4771 Deus
1769 4732 1841 4770 ne
1860 4732 1965 4771 nos

313 4822 416 4878 pro
447 4813 646 4861 nostra
678 4805 987 4878 iniquitate
1039 4805 1414 4873 condemnes,
1448 4805 1549 4860 sed
1580 4821 1684 4877 pro
1712 4808 1814 4860 tua
1843 4804 1964 4878 pie-

311 4898 427 4950 tate
450 4894 506 4948 in
531 4894 624 4950 via
643 4899 799 4950 recta
819 4895 1119 4967 disponas,
1143 4910 1247 4950 nec
1268 4894 1422 4949 sicut
1451 4909 1746 4949 meremur
1775 4891 1965 4948 delin-

311 4982 627 5054 quentibus
676 4983 969 5051 irascaris,
1002 4984 1102 5039 sed
1150 4982 1445 5055 fragilitati
1494 4985 1703 5037 nostra
1750 4980 1965 5037 invicta

310 5070 566 5126 bonitate
596 5071 1334 5144 subvenias,omnibusque
1363 5072 1693 5128 errantibus
1724 5069 1964 5144 indulge

300 5163 471 5234 juxta
502 5159 967 5232 magnitudinem
999 5161 1230 5235 pietatis
1258 5167 1387 5215 tua.

1068 5251 1211 5306 Alia.

376 5327 667 5386 Mordacis
696 5328 1063 5386 conscientia
1094 5329 1373 5397 stimulis,
1405 5332 1462 5384 et
1491 5328 1836 5385 delictorum
1856 5345 1959 5385 no-

304 5424 564 5476 strorum
596 5418 995 5475 recordatione
1042 5420 1383 5476 commoniti
1414 5417 1730 5475 Dominum
1761 5419 1956 5475 indul-

304 5510 510 5582 gentia
541 5510 946 5581 deprecamur,
979 5512 1045 5563 ut
1071 5508 1383 5580 quidquid,
1406 5509 1579 5575 dicto,
1605 5507 1774 5576 facto,
1800 5509 1956 5581 cogi-

303 5596 521 5658 tatione
551 5596 930 5677 deliquimus,
963 5597 1083 5659 sive
1136 5595 1373 5655 lubrica
1432 5596 1616 5654 atatis
1673 5595 1955 5672 impulsu,

2135 534 2317 589 nostri
2351 534 2669 601 solvere,ac
2692 536 3015 608 perdonare
3043 536 3353 608 dignetur,
3381 540 3447 590 ut
3474 540 3531 591 te
3560 539 3766 592 Domine

2132 626 2448 691 annuente,
2478 622 2778 679 valeamus
2827 642 2963 696 qua
2988 622 3147 683 mala
3194 629 3341 680 sunt
3397 624 3702 691 declinare,
3726 634 3767 681 et

2130 727 2259 783 qua
2290 712 2444 767 bona
2487 716 2627 767 sunt
2672 718 3103 786 consequenter
3146 713 3404 786 explere,
3437 718 3494 769 et
3520 715 3659 786 quia
3684 733 3766 771 nes

2128 799 2314 856 fecisti
2362 801 2437 856 ad
2497 804 2599 855 tua
2656 804 3027 857 sacramenta
3079 800 3395 872 pertinere,
3428 805 3492 855 tu
3539 800 3767 859 clemen-

2127 892 2216 943 ter
2236 888 2294 943 in
2316 889 2484 945 nobis
2506 905 2709 944 eorum
2746 906 2967 945 munus
2990 906 3232 961 operare
3275 889 3671 962 omnibusque
3696 909 3767 946 er-

2125 977 2393 1033 rantibus
2422 977 2682 1051 indulge,
2691 979 2863 1050 juxta
2883 979 3355 1052 magnitudinem
3386 979 3628 1051 pietatis
3652 985 3765 1034 tua.

2877 1068 3023 1123 Alia.

2193 1155 2253 1211 Si
2276 1160 2409 1211 ante
2430 1154 2630 1212 oculos
2652 1161 2784 1212 tuos
2803 1155 3069 1225 Domine,
3094 1156 3302 1230 culpas
3331 1175 3485 1230 quas
3516 1159 3765 1227 fecimus,

2120 1248 2178 1300 et
2197 1243 2401 1317 plagas
2422 1262 2592 1317 quas,
2615 1244 2702 1300 vel
2736 1245 3088 1302 durissimas
3117 1244 3179 1301 in
3208 1244 3319 1300 hac
3342 1245 3464 1301 vita
3502 1248 3627 1319 pati
3656 1265 3766 1319 pos

2120 1351 2329 1390 sumus
2351 1335 2744 1401 conferamus,
2767 1334 2965 1390 minus
2985 1339 3093 1399 est,
3113 1336 3270 1407 quod
3294 1336 3763 1408 patimur,majus

2120 1427 2227 1493 est,
2252 1423 2406 1496 quod
2430 1439 2726 1479 meremur
2747 1440 2761 1491 ;
2785 1423 3004 1495 peccati
3018 1440 3253 1495 panam
3266 1424 3564 1479 sentimus
3576 1430 3631 1481 et
3651 1442 3760 1498 pet

2118 1512 2287 1568 candi
2318 1512 2702 1585 pertinaciam
2751 1530 2867 1569 non
2920 1512 3208 1569 evitamus
3238 1532 3253 1581 ;
3283 1513 3345 1568 in
3377 1513 3633 1586 ﬂagellis
3662 1516 3760 1569 tuis

2117 1600 2403 1674 fragilitas
2415 1606 2612 1658 nostra
2626 1601 2934 1676 frangitur,
2948 1606 3005 1657 et
3026 1601 3308 1674 iniquitas
3328 1620 3445 1657 non
3472 1606 3728 1659 mutatur
3748 1623 3756 1663 :

2117 1706 2283 1745 mens
2331 1695 2545 1764 agrota
2601 1695 2926 1763 torquetur,
2959 1694 3017 1746 et
3047 1690 3235 1753 cervix
3262 1692 3416 1747 dura
3447 1708 3568 1748 non
3600 1693 3758 1748 ﬂecti-

2116 1780 2244 1847 tur;
2272 1778 2387 1833 vita
2417 1778 2477 1833 in
2507 1777 2704 1835 dolore
2735 1780 3014 1852 suspirat,
3048 1784 3102 1835 et
3129 1784 3325 1835 tamen
3359 1781 3417 1835 in
3454 1798 3631 1854 opere
3660 1799 3756 1837 non

2114 1883 2175 1922 se
2205 1868 2497 1922 emendat.
2554 1867 2610 1922 Si
2668 1872 3060 1940 expectamur,
3122 1885 3238 1924 non
3297 1870 3756 1944 eorrigimur;si

2107 1955 2397 2022 vindicas,
2427 1972 2541 2012 non
2574 1956 2879 2025 duramus,
2916 1957 3266 2013 confitemur
3290 1958 3353 2013 in
3384 1961 3753 2032 correptione,

2108 2045 2263 2116 quod
2276 2044 2540 2111 fecimus,
2555 2044 2960 2102 obliviscimur
2974 2045 3033 2100 in
3054 2046 3414 2115 visitatione,
3430 2040 3589 2120 quOd
3613 2049 3754 2105 flevi-

2108 2149 2269 2202 mus;
2294 2134 2342 2189 si
2367 2132 2736 2205 impresseris
2749 2151 2993 2191 manum
3007 2135 3271 2191 facienda
3281 2136 3753 2208 promittimus,si

2106 2223 2362 2295 suspend
2370 2221 2484 2278 eris
2497 2221 2693 2295 gladiu
2703 2241 2757 2278 m
2774 2224 3063 2296 promissa
3076 2241 3189 2279 non
3206 2224 3461 2281 facimus
3479 2250 3495 2294 ;
3512 2228 3562 2283 si
3577 2226 3753 2297 ferias,

2104 2310 2431 2367 clamamus
2444 2316 2507 2367 ut
2523 2329 2728 2384 parcas
2744 2332 2757 2377 ;
2775 2312 2823 2368 si
2837 2312 3049 2384 parcis,
3068 2315 3284 2369 iterum
3311 2318 3367 2369 te
3385 2332 3752 2387 provocamus

2105 2402 2169 2455 ut
2181 2400 2382 2468 ferias;
2401 2400 2447 2456 si
2463 2402 2751 2473 angustia
2771 2402 3028 2468 veniunt,
3044 2405 3280 2475 tempus
3295 2404 3559 2475 petimus
3579 2405 3751 2477 pani-

2103 2489 2324 2556 tentia;
2359 2489 2408 2544 si
2439 2489 2842 2546 misericordia
2871 2491 3198 2559 subveniat,
3223 2492 3536 2548 abutimur
3554 2494 3754 2567 patien-

2100 2578 2203 2645 tia,
2237 2595 2363 2649 qua
2397 2578 2653 2650 pepercit
2686 2595 2698 2633 :
2733 2579 2923 2634 adhuc
2963 2568 3136 2653 plaga
3163 2579 3329 2637 illata
3356 2582 3455 2636 vix
3485 2582 3750 2655 praeterit,

2099 2665 2275 2721 etiam
2305 2683 2421 2721 non
2464 2666 2663 2723 recolit
2710 2684 2877 2723 mens
2922 2668 3171 2740 ingrata,
3207 2670 3367 2741 quod
3398 2669 3641 2742 pertulit
3668 2688 3681 2725 :
3709 2672 3749 2725 si

2098 2754 2272 2810 citius
2292 2772 2397 2810 nos
2418 2756 2712 2825 exaudias,
2729 2773 2798 2812 ex
2818 2756 3218 2829 misericordia
3240 2756 3686 2826 insolescimus;
3708 2762 3748 2814 si

2096 2844 2343 2911 tardius,
2366 2859 2435 2899 ex
2455 2844 2823 2916 impatientia
2847 2861 3313 2901 murmuramus.
3340 2846 3387 2901 Ο
3411 2846 3749 2902 Ποωίιιετοο

2093 2931 2293 2989 lumus
2321 2937 2378 2990 te
2403 2950 2651 3001 servare,
2675 2923 2830 3006 quod
2853 2934 3077 2998 feceris,
3113 2951 3228 2991 non
3257 2934 3545 2992 timemus
3565 2937 3740 3009 negli-

2092 3038 2248 3095 gere,
2271 3023 2427 3095 quod
2440 3022 2696 3094 jusseris
2720 3039 2734 3090 ;
2756 3022 2938 3078 habes
2959 3022 3203 3078 Domine
3224 3024 3579 3080 confitentes
3604 3041 3737 3091 reos,

2091 3128 2261 3185 parce
2306 3111 2446 3184 quia
2474 3112 2608 3185 pius
2637 3127 2719 3167 es.
2753 3111 3051 3180 Vovimus,
3084 3112 3244 3184 quod
3288 3112 3406 3168 nisi
3468 3112 3739 3179 dimittas,

2092 3205 2245 3257 recte
2275 3218 2383 3256 nos
2415 3200 2627 3273 punias
2653 3218 2666 3269 ;
2692 3201 2792 3256 sed
2824 3201 2978 3273 apud
3010 3205 3066 3257 te
3088 3206 3179 3257 est
3209 3200 3401 3258 multa
3429 3203 3741 3271 miseratio,

2091 3293 2148 3346 et
2190 3290 2525 3362 propitiatio
2574 3289 3025 3362 perabundans;
3059 3294 3275 3363 prasta
3332 3290 3466 3347 sine
3527 3292 3739 3359 merito,

2091 3379 2243 3451 quod
2275 3395 2572 3452 rogamus,
2602 3378 2703 3451 qui
2734 3377 2922 3434 fecisti
2947 3378 3049 3450 qui
3080 3383 3137 3434 te
3167 3380 3739 3453 rogarent.Claman-

2088 3468 2248 3524 tibus
2276 3473 2472 3524 autem
2505 3467 2577 3523 ad
2606 3471 2663 3523 te
2694 3466 2864 3523 nobis
2894 3466 3137 3523 Domine
3189 3468 3497 3525 miserere.
3528 3468 3739 3525 Movent

2088 3557 2360 3629 pietatem
2390 3560 2553 3613 tuam
2579 3574 2685 3612 vox
2730 3556 2919 3613 fidelis
2963 3562 3021 3613 et
3070 3556 3304 3625 ﬂebilis,
3337 3564 3523 3631 atque
3554 3558 3652 3614 illa
3677 3558 3737 3612 de

2088 3660 2205 3716 qua
2224 3647 2411 3699 totum
2433 3660 2741 3717 speramus
2776 3643 2964 3716 pietas
2989 3660 3104 3700 nou
3125 3649 3361 3718 reputet
3382 3647 3542 3718 quod
3564 3647 3736 3702 offen-

2086 3733 2304 3800 dimus,
2351 3733 2493 3788 dum
2551 3732 2788 3805 respicit
2837 3733 2993 3804 quod
3052 3748 3373 3806 rogamus;
3409 3738 3469 3790 et
3507 3750 3644 3790 cum
3669 3734 3736 3790 sit

2085 3822 2326 3896 grandis
2349 3821 2586 3879 miseria
2605 3837 2733 3878 esse
2753 3838 2860 3878 nos
2881 3838 3029 3891 reos,
3054 3822 3247 3894 major
3265 3823 3377 3878 tibi
3401 3823 3481 3879 sit
3499 3824 3735 3880 clemen-

2082 3911 2165 3967 tia
2189 3927 2327 3984 erga
2356 3928 2463 3967 nos
2495 3910 2760 3967 miseros.
2796 3911 2961 3984 Erige
3008 3928 3114 3967 nos
3158 3910 3410 3968 Domine
3455 3912 3612 3969 Deus
3642 3929 3733 3967 no-

2081 4003 2220 4069 ster,
2243 4005 2300 4056 et
2320 3999 2502 4056 alleva
2540 3998 2940 4056 misericordia
2963 4005 3086 4069 tua,
3112 4004 3178 4055 ut
3196 4001 3624 4056 communione
3651 4017 3733 4055 sa-

2081 4088 2243 4158 lutis,
2275 4092 2333 4146 et
2361 4089 2574 4162 gaudio
2607 4087 2933 4157 charitatis,
2959 4088 3101 4144 dum
3133 4088 3249 4161 ipsi
3272 4078 3501 4145 salvari
3524 4106 3593 4144 ex
3612 4105 3734 4143 mu-

2080 4193 2217 4233 nere
2254 4182 2354 4234 tuo
2398 4177 2689 4250 cupimus,
2722 4177 2896 4233 etiam
2947 4177 3059 4233 fide
3102 4183 3159 4234 et
3203 4194 3344 4250 pace
3395 4182 3733 4234 cunctarum

2078 4267 2343 4339 gentium
2377 4266 2760 4339 gaudeamus.
2797 4266 2900 4323 Per
2927 4270 3038 4322 etc.

2829 4356 2973 4411 Alia.

2144 4447 2292 4501 Ante
2321 4447 2698 4516 conspectum
2747 4447 2858 4499 tua
2908 4443 3336 4501 inastimabilis
3386 4444 3730 4517 majestatis,

1998 4551 2046 4616 D
2078 4537 2281 4589 sancta
2308 4532 2586 4599 Trinitas,
2617 4535 2674 4588 et
2702 4548 2838 4587 vera
2878 4531 3084 4589 Unitas
3114 4533 3497 4605 omnipotens
3528 4540 3731 4589 aterne

2076 4628 2228 4678 Deus
2261 4639 2375 4678 non
2415 4621 2541 4677 sine
2571 4620 2769 4676 debita
2797 4622 3139 4690 reverentia,
3162 4625 3425 4677 attamen
3458 4621 3632 4678 nulla
3657 4620 3731 4676 of-

2074 4711 2190 4766 ﬁcii
2220 4709 2504 4783 dignitate
2547 4708 2681 4765 vilis
2723 4710 3042 4766 admodum
3100 4697 3368 4782 precator
3418 4711 3661 4777 accedo,
3686 4714 3735 4764 et

2075 4815 2210 4857 rens
2248 4799 2616 4856 conscientia
2665 4799 2878 4857 assiste
2925 4800 3114 4869 testis,
3142 4816 3355 4856 accuso
3392 4816 3506 4874 ego
3538 4817 3658 4869 me,
3685 4806 3731 4853 et

2074 4907 2189 4946 non
2221 4906 2452 4955 excuso,
2494 4888 2594 4944 sed
2626 4904 2823 4944 coram
2854 4888 3103 4945 testibus
3135 4905 3148 4943 :
3183 4887 3415 4944 scilicet
3448 4889 3732 4944 omnium

2073 4979 2420 5034 Sanctorum
2469 4982 2704 5033 tuorum
2754 4976 3039 5050 reliquiis,
3068 4976 3156 5033 vel
3188 4976 3474 5033 omnibus
3508 4977 3732 5034 Sanctis

2070 5068 2188 5124 tuis
2212 5068 2271 5122 in
2294 5065 2457 5135 calo,
2486 5071 2545 5122 et
2568 5065 2628 5121 in
2661 5069 2835 5133 terra,
2858 5066 3136 5123 confiteor
3166 5082 3375 5121 omnes
3408 5066 3730 5137 injustitias

2070 5173 2232 5212 meas
2260 5154 2387 5223 tibi,
2411 5158 2701 5227 quatenus
2723 5170 2826 5226 per
2862 5170 3065 5210 eorum
3109 5153 3338 5219 merita,
3362 5158 3424 5208 et
3455 5154 3730 5211 interces-

2069 5245 2265 5301 siones
2285 5244 2550 5300 remittas
2571 5259 2801 5298 omnem
2819 5243 3035 5314 peccati
3061 5244 3175 5299 mei
3197 5241 3733 5315 impietatem,un

2067 5349 2173 5406 ego
2194 5332 2424 5405 peccavi
2457 5332 2515 5387 in
2547 5331 2779 5399 calum,
2805 5336 2861 5388 et
2883 5348 3076 5388 coram
3102 5336 3158 5388 te
3182 5351 3196 5399 ;
3231 5331 3413 5387 etiam
3446 5348 3574 5387 non
3603 5346 3728 5387 sum

2066 5421 2283 5495 dignus
2310 5420 2500 5477 vocari
2535 5419 2691 5475 filius
2724 5425 2883 5486 tuus,
2917 5424 3291 5493 peccatorum
3331 5418 3619 5476 sordibus
3650 5420 3728 5472 in-

2064 5508 2320 5578 volutus,
2349 5509 2449 5565 sed
2484 5513 2548 5563 tu
2578 5507 2938 5581 occultorum
2971 5508 3235 5581 cognitor
3278 5500 3567 5564 miserere
3597 5504 3723 5570 mei,

2065 5602 2123 5657 et
2144 5597 2430 5658 resuscita
2450 5612 2543 5655 me
2563 5597 2634 5654 de
2658 5600 2843 5654 morte
2864 5597 3070 5655 anima
3094 5613 3258 5668 mea,
3284 5602 3343 5653 et
3364 5592 3721 5672 septiformis
