3868 6204
135 380 272 440 1325

1525 373 1755 434 MISSA
1798 371 2113 433 LATINA.

3360 367 3385 424 1
3398 364 3515 425 326

118 511 387 565 ηιιῐρδίωιιο
419 508 687 564 omnium
721 511 1086 580 peccatorum
1119 523 1404 574 meorum,
1439 511 1496 560 et
1522 510 1756 560 cuncto-
1786 507 1839 573 Α
1871 504 1971 559 tibi
1996 504 2170 559 offero
2198 520 2298 575 pro
2324 502 2848 558 innumerabilibus
2880 501 3124 572 peccatis
3148 503 3320 571 atque
3343 498 3520 553 offen-

130 618 244 653 rum
279 599 541 653 ﬁdelium
576 602 805 652 tuorum
844 597 1126 665 vivorum,
1163 614 1228 652 ac
1260 598 1684 652 defuncturum.

214 689 314 741 Pro
340 688 644 758 semetipso,
676 694 725 741 et
751 701 848 757 pro
879 692 1074 741 cuncto
1100 685 1299 756 papqu
1332 682 1662 739 Christiano.

186 775 307 830 Tibi
342 775 587 830 Domino
629 773 871 830 creatori
920 790 1049 828 meo
1081 774 1255 828 offero
1286 772 1537 827 hostiam
1571 771 1762 843 placa-

124 863 285 919 tionis
315 880 416 935 pro
450 862 679 919 delictis
710 861 879 929 meis,
904 865 960 917 et
980 861 1179 934 populi
1211 860 1466 931 tui,peto
1501 859 1760 926 Domine,

121 956 180 1007 ut
207 952 303 1008 des
334 952 505 1007 nobis
535 951 765 1007 veniam
815 951 1079 1006 omnium
1131 954 1501 1022 peccatorum
1536 951 1763 1003 nostro-

123 1056 261 1095 rum.

514 1148 758 1202 antistite
804 1150 1006 1209 nostro,
1040 1153 1089 1199 et
1126 1160 1224 1215 pro
1270 1152 1461 1198 cuncto
1507 1144 1670 1212 clero,
1702 1159 1766 1197 ac

492 1235 594 1290 pro
622 1219 774 1273 omni
799 1218 997 1289 populo
1040 1217 1369 1272 Christiano.

186 1307 305 1361 Tibi
337 1306 578 1363 Domino
611 1306 855 1361 creatori
888 1322 1017 1361 meo
1049 1304 1226 1360 offero
1280 1303 1536 1358 hostiam
1572 1301 1766 1374 placa-

122 1396 307 1461 tionis,
340 1402 397 1450 et
423 1395 615 1450 laudis
646 1411 749 1466 pro
782 1411 895 1460 me,
929 1398 986 1449 et
1017 1411 1119 1465 pro
1152 1410 1282 1464 rege.
1317 1397 1536 1457 nostro,
1571 1397 1626 1445 et
1657 1409 1763 1445 an-

122 1483 293 1539 tistite
318 1488 537 1552 nostro,
567 1499 633 1537 ac
658 1500 761 1554 pro
784 1486 993 1537 cuncto
1019 1480 1231 1553 populo
1253 1480 1603 1546 Christiano,
1634 1484 1764 1550 peto

120 1573 369 1640 Domine,
404 1577 469 1628 ut
497 1573 600 1627 des
634 1572 801 1637 nobis
832 1571 1008 1625 vitam
1044 1576 1339 1625 aeternam.

120 1664 396 1734 Episcopus
428 1678 568 1728 vero,
587 1661 672 1715 vel
684 1662 967 1732 presbyter
986 1659 1286 1714 oblationes
1307 1659 1578 1728 accipiens
1600 1657 1763 1710 dicat.

183 1750 419 1821 Suscipe
451 1754 652 1804 sancta
680 1748 932 1803 Trinitas
978 1747 1125 1802 hanc
1173 1746 1553 1812 oblationem,
1589 1761 1762 1817 quam

118 1839 211 1893 tibi
241 1839 407 1893 oti‘ert
438 1837 694 1892 famulus
727 1842 864 1892 tuus
897 1837 962 1891 Ν.
996 1841 1052 1891 et
1084 1841 1315 1907 pra-sta,
1351 1840 1414 1889 ut
1442 1835 1498 1888 in
1531 1849 1767 1904 conspe-

115 1932 265 1982 ctum
300 1931 467 1981 tuum
500 1926 606 1981 tibi
641 1924 876 1997 placens
908 1925 1185 1981 ascendat
1214 1928 1325 1979 etc.

122 1150 218 1203 Pro
248 1163 388 1216 rege,
418 1155 469 1202 et

114 2035 233 2089 Post
281 2040 523 2104 acceptas
581 2032 878 2088 oblationes
932 2049 987 2104 αῖ
1012 2033 1176 2095 clero,
1208 2032 1299 2104 vel
1324 2030 1487 2104 plebe
1536 2030 1766 2104 accipiat

179 2100 440 2160 diaconus
494 2105 558 2159 de
608 2120 777 2158 manu
851 2103 1177 2158 sabdiaconi
1247 2100 1485 2157 oblatam
1542 2103 1621 2155 ita
1678 2100 1761 2155 (li-

179 2177 364 2232 cenda.
758 2250 761 2251 ν

178 2284 493 2354 Acceptum
518 2281 594 2337 sit
614 2279 997 2352 omnipotenti
1022 2280 1156 2345 Deo,
1173 2283 1228 2334 et
1245 2278 1520 2335 omnibus
1539 2276 1786 2359 sanctis.

115 2371 235 2441 ejus
266 2369 620 2425 sacriﬁcium
648 2375 838 2424 tuum.

119 2478 444 2547 Veniensque
490 2475 750 2531 diaconus
810 2482 933 2547 ante
980 2477 1287 2545 episcopum
1341 2475 1532 2545 oﬂ'erat
1583 2472 1764 2527 dicens

694 2547 791 2601 hoc
819 2544 1180 2620 oﬁ‘crtoriuml

186 2636 426 2708 Suscipe
456 2634 697 2690 Domine
741 2639 939 2689 sancte
982 2634 1150 2688 Pater
1199 2633 1351 2688 hanc
1394 2631 1766 2697 oblationem,

118 2732 171 2781 et
200 2726 309 2781 hoc
340 2723 695 2780 sacriﬁcium
740 2722 933 2779 laudis
966 2723 1023 2776 in
1058 2721 1338 2777 honorem
1370 2721 1629 2776 nominis
1661 2718 1766 2786 tui,

122 2820 183 2870 ut
206 2832 343 2871 cum
392 2813 675 2870 suavitate
722 2812 999 2867 ascendat
1048 2811 1116 2866 ad
1168 2827 1339 2866 aures
1372 2810 1603 2883 pietatis
1634 2813 1765 2864 tua}.

121 2905 222 2959 Per
247 2909 361 2958 etc.

116 2995 179 3049 Et
216 2995 499 3064 episcopus
544 2991 818 3061 accipiens
873 2989 1199 3044 oblationem
1247 3006 1280 3042 a
1332 2988 1558 3042 diacono
1604 2986 1766 3041 dicat.

183 3077 575 3153 Acceptabilis
606 3078 682 3133 sit
712 3076 1091 3148 omnipotenti
1126 3077 1240 3131 Deo
1272 3076 1486 3132 oblatio
1519 3081 1637 3130 tua.

122 3182 264 3235 Tunc
288 3194 430 3250 puro
460 3176 617 3232 corde
644 3173 843 3248 offerat
883 3175 1108 3230 Domino
1155 3174 1393 3230 oblatam
1441 3176 1516 3228 ita
1561 3173 1766 3227 dicens.

188 3276 435 3348 Suscipe
491 3276 691 3329 sancte
746 3273 913 3328 Pater
963 3272 1333 3342 omnipotens
1380 3276 1590 3326 aeterne
1623 3275 1770 3325 Deus

119 3367 271 3422 hanc
326 3361 765 3419 immaculatam
823 3360 1097 3427 hostiam,
1128 3378 1303 3432 quam
1355 3378 1460 3432 ego
1490 3360 1772 3432 indignus

121 3453 383 3510 famulus
404 3456 542 3506 tuus
562 3450 666 3505 tibi
689 3450 865 3505 offero
900 3450 1008 3504 Deo
1042 3464 1172 3504 meo
1203 3449 1327 3504 vivo
1359 3455 1416 3504 et
1449 3466 1601 3518 vero,
1635 3447 1775 3520 quia

116 3548 173 3599 te
196 3559 303 3615 pro
324 3544 540 3595 aeterna
559 3538 747 3595 salute
768 3542 990 3593 cuncta:
1014 3537 1275 3594 Ecclesiae
1303 3542 1412 3593 tuae
1434 3536 1777 3609 suppliciter

116 3648 313 3688 exoro.
350 3629 457 3685 Per
484 3632 595 3683 etc.

880 3716 1022 3770 Alia.

190 3805 442 3878 Suscipe
470 3803 928 3861 clementissime
960 3804 1128 3859 Pater
1157 3803 1380 3859 hostias
1413 3800 1778 3874 placationis,

117 3905 173 3955 et
199 3896 425 3961 laudis,
458 3910 606 3966 quas
654 3892 758 3948 tibi
809 3890 983 3948 offero
1031 3909 1136 3965 ego
1186 3892 1464 3964 indignus
1525 3890 1782 3946 famulus

113 3994 287 4054 tuus,
324 3984 463 4056 quia
487 3988 548 4037 tu
594 3982 712 4038 scis
758 3982 1100 4054 ﬁgmentum
1134 3997 1352 4046 meum,
1383 3980 1522 4052 quia
1551 3979 1783 4053 peccavi

115 4077 179 4131 in
210 4074 537 4144 conspectu
572 4076 690 4138 tuo,
722 4075 781 4126 et
818 4066 939 4124 non
981 4087 1113 4125 sum
1146 4070 1361 4141 dignus
1392 4069 1495 4124 tibi
1528 4069 1782 4125 hostiam

117 4166 361 4227 offerre,
386 4161 485 4216 sed
519 4165 582 4215 tu
613 4159 890 4228 clemens,
915 4163 971 4216 et
988 4159 1319 4215 misericors
1349 4157 1588 4231 indulge
1616 4156 1782 4226 mihi,

116 4259 175 4309 et
208 4248 645 4321 indulgentiam
695 4253 1049 4320 quaerentem
1095 4247 1358 4319 placatus
1399 4247 1628 4318 suscipe
1659 4246 1778 4302 Cle-

119 4336 521 4398 mentissime.
555 4337 661 4403 Qui
692 4337 838 4392 vivis
869 4341 978 4392 etc.

118 4450 255 4504 Ista:
313 4446 586 4499 orationes
641 4459 763 4498 cum
817 4443 1116 4498 oblationes
1158 4441 1470 4515 oﬁeruntar
1505 4443 1574 4497 ad
1617 4444 1790 4498 altare

148 4526 153 4529 '
194 4515 455 4641 dieculam
482 4523 630 4582 sunt,
661 4521 713 4570 et
739 4522 815 4570 est
856 4515 969 4570 haec
1014 4514 1213 4584 prima
1248 4514 1584 4585 quotidiana,
1618 4522 1668 4570 et
1698 4531 1787 4583 ge-

197 4603 347 4641 nera
374 4603 439 4641 is.

197 4603 439 4643 neruus.

198 4675 455 4747 Suscipe
488 4678 689 4730 sancta
715 4673 971 4729 Trinitas
1002 4673 1152 4729 hanc
1203 4673 1580 4740 oblationem,
1615 4690 1791 4745 quam

122 4762 237 4822 tibi
282 4764 465 4820 offero
497 4763 555 4818 in
589 4762 932 4819 memoriam
976 4762 1419 4829 incarnationis,
1452 4761 1792 4829 nativitatis,

122 4852 457 4930 passionis,
491 4849 956 4918 resurrectionis,
981 4849 1342 4906 ascensionis
1366 4851 1587 4906 Domini
1613 4850 1796 4905 nostri

122 4947 276 5001 Jesu
302 4941 541 5007 Christi,
566 4945 621 4996 et
642 4939 699 4994 in
724 4940 1005 4995 honorem
1039 4945 1373 4995 sanctorum
1406 4944 1662 5005 tuorum,
1698 4937 1799 5010 qui

124 5032 241 5088 tibi
280 5028 633 5102 placuerunt
661 5028 733 5082 ab
766 5026 933 5081 initio
969 5026 1194 5092 mundi,
1228 5030 1285 5081 et
1314 5043 1514 5082 eorum
1546 5044 1798 5099 quorum

124 5120 319 5176 hodie
353 5117 637 5173 festivitas
666 5115 1010 5180 celebratur,
1040 5120 1098 5169 et
1128 5131 1378 5185 quorum
1414 5115 1507 5172 hic
1539 5116 1797 5182 nomina,

126 5216 191 5266 et
224 5205 497 5278 reliquiae
528 5204 836 5271 habentur,
867 5206 930 5258 ut
960 5201 1075 5258 illis
1106 5203 1369 5274 proﬁciat
1399 5206 1468 5259 ad
1499 5204 1799 5273 honorem,

128 5297 320 5354 nobis
371 5298 567 5349 autem
617 5292 690 5348 ad
740 5292 1013 5358 salutem,
1047 5295 1110 5345 ut
1138 5290 1222 5345 illi
1266 5309 1470 5349 omnes
1500 5310 1604 5365 pro
1633 5294 1803 5348 nobis

130 5383 510 5442 intercedere
539 5380 857 5455 dignentur
878 5380 935 5434 in
968 5378 1152 5445 ccclis,
1178 5396 1428 5451 quorum
1462 5381 1802 5455 memoriam

128 5474 386 5549 agimus
418 5471 479 5526 in
512 5471 701 5527 terris.
735 5469 842 5525 Per
865 5473 973 5523 etc.

760 5560 868 5613 Pro
898 5558 1198 5628 semetipso.

214 5649 472 5721 Suscipe
505 5652 707 5704 sancta
737 5646 995 5702 Trinitas
1044 5644 1194 5700 hanc
1224 5645 1597 5715 oblationem,
1629 5665 1807 5720 quam

1871 592 2136 646 sionibus
2187 592 2350 657 meis,
2396 597 2459 645 ut
2504 591 2789 663 praeterita
2840 590 2980 644 milii
3027 590 3308 653 dimittas,
3343 590 3396 642 et
3446 584 3516 639 de

1871 680 2085 735 futuris
2114 698 2204 735 me
2238 680 2556 746 custodias,
2591 697 2694 753 pro
2728 678 2914 735 salute
2946 678 3201 750 corporis
3227 684 3282 734 et
3310 679 3518 733 anima:

1872 786 2033 835 τηρεε,
2070 775 2133 823 ut
2160 769 2253 823 hic
2284 774 2337 824 te
2370 770 2623 823 donante
2656 769 2933 824 mandata
2962 772 3062 823 tua
3092 767 3437 835 custodiam,
3466 771 3525 823 et

1870 857 1930 911 in
1963 858 2159 912 futuro
2191 858 2429 929 praemia
2461 864 2674 913 aeterna
2704 855 2981 930 consequi
3014 872 3256 912 merear.
3289 857 3414 912 Per.

2406 966 2531 1020 Alia
2556 981 2656 1036 pro
2686 965 2987 1035 semetipso.

1943 1054 2184 1125 Suscipe
2216 1057 2418 1109 sancta
2444 1054 2699 1109 Trinitas
2748 1052 2899 1107 hanc
2931 1051 3309 1118 oblationem,
3344 1068 3522 1124 quam

1873 1142 1978 1197 tibi
2012 1142 2187 1197 offero
2221 1160 2321 1214 pro
2356 1159 2445 1198 me
2476 1147 2792 1214 peccatore,
2814 1145 2869 1197 et
2895 1141 3223 1197 miserrimo
3254 1141 3521 1197 omnium

1874 1229 2198 1292 hominum.
2234 1235 2289 1286 ct
2328 1248 2430 1303 pro
2475 1231 2621 1286 meis
2670 1230 2920 1303 peccatis
2966 1229 3519 1302 innumerabilibus,

1875 1319 2092 1391 quibus
2124 1320 2350 1391 peccavi
2383 1337 2577 1375 coram
2603 1326 2653 1374 te
2676 1320 2733 1374 in
2757 1320 2947 1386 dictis,
2974 1319 3030 1374 in
3056 1318 3323 1389 factis,in
3358 1319 3519 1391 cogi-

1876 1407 2214 1474 tationibus,
2242 1413 2303 1463 ut
2324 1409 2613 1480 praeterita
2644 1408 2787 1462 mihi
2820 1408 3175 1474 dimittas,et
3206 1408 3275 1462 de
3306 1407 3521 1463 futuris

1878 1512 1968 1550 me
1998 1497 2315 1562 custodias,
2348 1501 2403 1551 et
2454 1515 2554 1568 pro
2603 1497 2851 1552 sanitate
2900 1497 3179 1569 corporis,
3213 1502 3268 1551 et
3310 1496 3520 1551 animae

1874 1601 2035 1650 mere,
2069 1590 2124 1639 et
2156 1604 2258 1658 pro
2289 1585 2607 1657 gratiarum
2633 1586 2857 1641 actione
2880 1587 2949 1641 de
2970 1585 3088 1641 tuis
3114 1585 3524 1657 bouis,quibus

1876 1674 2135 1745 quotidie
2168 1679 2315 1728 utor.
2353 1675 2590 1730 Domine
2624 1680 2813 1729 averte
2846 1674 3048 1729 faciem
3082 1680 3241 1729 tuam
3274 1692 3307 1729 a
3332 1691 3527 1746 pecca-

1875 1762 1951 1816 tis
1984 1764 2147 1829 meis,
2177 1768 2234 1818 et
2264 1780 2468 1817 omnes
2498 1763 2835 1835 iniquitates
2868 1780 3027 1819 meas
3057 1764 3203 1819 dele.

1950 1852 2162 1906 Exaudi
2196 1851 2439 1907 Domine
2485 1870 2682 1907 vocem
2727 1852 3151 1924 deprecationis
3190 1869 3350 1923 meae,
3383 1853 3525 1908 dum

1877 1956 1975 1994 oro
2007 1941 2078 1994 ad
2110 1944 2184 2007 te,
2219 1941 2356 1995 dum
2418 1940 2627 1995 extollo
2685 1958 2896 1995 manus
2945 1957 3106 1994 meas
3136 1942 3209 1996 ad
3241 1941 3524 2013 templum

1875 2034 2143 2084 sanctum
2179 2038 2361 2084 tuum.
2400 2030 2634 2086 Domine
2665 2030 2869 2085 exaudi
2896 2029 3216 2086 orationem
3248 2035 3526 2098 me”am,et

1877 2116 2096 2173 clamor
2120 2135 2286 2173 meus
2316 2119 2385 2173 ad
2417 2123 2472 2173 te
2501 2119 2711 2174 veniat.

2388 2225 2649 2296 Apologia
2673 2225 2998 2280 Sacerdotis.

1943 2313 2179 2384 Suscipe
2219 2313 2643 2369 confessionem
2698 2330 2888 2369 meam
2936 2312 3110 2368 unica
3148 2329 3283 2385 spes
3312 2313 3521 2369 salutis

1873 2417 2012 2455 mea:
2046 2400 2309 2466 Domine,
2346 2406 2491 2456 Deus
2532 2419 2717 2469 meus,
2752 2402 2889 2474 quia
2913 2402 3142 2474 peccavi
3176 2402 3234 2457 in
3265 2402 3390 2475 lege
3421 2409 3523 2458 tua

1877 2488 1933 2543 in
1966 2488 2518 2561 cogitationibus,in
2550 2492 2761 2551 verbis,
2787 2491 2844 2546 in
2880 2491 3066 2558 factis,
3097 2496 3154 2547 et
3185 2490 3373 2547 multa
3395 2496 3535 2547 sunt

1878 2580 2110 2648 peccata
2144 2594 2291 2645 mea,
2326 2582 2382 2633 et
2414 2578 2713 2651 negligens
2758 2581 2900 2635 sum’
2922 2580 2993 2634 de
3019 2597 3190 2652 opere
3223 2580 3343 2646 Dei,
3375 2585 3434 2636 et
3463 2581 3535 2636 de

1877 2667 2081 2721 ordine
2097 2684 2245 2731 meo,
2268 2667 2406 2738 quia
2424 2668 2651 2739 peccavi
2670 2669 2740 2723 de
2758 2685 2906 2723 vana
2921 2669 3125 2741 gloria,
3146 2670 3216 2724 de
3239 2668 3533 2741 superbia,

1878 2756 1948 2810 de
1979 2755 2355 2822 detractione,
2386 2756 2456 2811 de
2509 2756 2910 2821 fornicatione,
2944 2757 3016 2812 de
3064 2758 3240 2825 furto,
3275 2757 3345 2812 de
3390 2754 3536 2812 falso

1877 2844 2234 2910 testimonio,
2267 2845 2336 2899 de
2368 2845 2643 2916 perjurio,
2676 2847 2747 2900 de
2778 2846 3084 2912 adulterio,
3110 2846 3181 2901 de
3208 2862 3378 2916 opere
3411 2845 3533 2912 Dei,

1878 2934 2031 3003 quod
2073 2948 2177 3003 ego
2229 2932 2587 3005 negligenter
2635 2933 2763 3000 feci,
2797 2935 2868 2989 de
2904 2934 3378 3005 concupiscentia
3407 2950 3533 2988 car-

1878 3019 2017 3087 nali,
2043 3022 2111 3075 de
2137 3021 2277 3088 risu,
2302 3022 2371 3076 de
2394 3021 2619 3086 auditu,
2645 3023 2714 3077 de
2737 3022 2885 3090 visu,
2903 3022 2973 3077 de
2995 3021 3151 3095 gula,
3176 3022 3248 3077 de
3267 3020 3527 3092 crapula,

1876 3108 1965 3163 vel
2000 3109 2068 3163 de
2099 3110 2373 3166 omnibus
2424 3109 2594 3164 malis
2655 3110 2839 3178 meis;
2874 3127 3001 3181 qua:
3032 3127 3137 3183 ego
3169 3109 3532 3183 negligenter

1879 3198 2165 3266 commisi,
2193 3198 2417 3254 veniam
2440 3199 2574 3254 inde
2596 3204 2726 3271 peto
2748 3198 3156 3271 Domine,quia
3176 3197 3527 3271 culpabilem

1878 3303 1970 3342 me
2000 3304 2300 3359 PCgUOSCO.

2635 3378 2780 3435 Alia.

1953 3466 2128 3533 Deus,
2161 3466 2259 3539 qui
2315 3483 2416 3538 per
2464 3484 2529 3522 os
2589 3467 2761 3522 David
2813 3466 3043 3523 locutus
3102 3484 3186 3536 es,
3226 3472 3440 3535 vovete,
3474 3473 3532 3524 et

1886 3554 2106 3610 reddite
2139 3554 2378 3610 Domino
2401 3555 2517 3610 Deo
2549 3560 2763 3621 vestro,
2785 3560 2840 3611 te
2872 3555 3213 3628 suppliciter
3242 3574 3435 3623 exoro,
3466 3560 3533 3612 ut

1886 3660 1979 3698 me
2010 3643 2296 3698 famulum
2330 3648 2496 3699 tuum
2528 3644 2835 3717 vigilanter
2863 3645 3180 3712 custodias,
3213 3651 3269 3701 et
3289 3644 3531 3702 oblatio-

1889 3748 2042 3797 nem,
2069 3749 2247 3804 quam
2269 3732 2371 3787 tibi
2398 3749 2499 3804 pro
2523 3734 2867 3805 memetipso
2889 3735 3085 3801 offero,
3118 3735 3535 3791 interveniente

1890 3821 2067 3875 Beata
2106 3821 2289 3876 Maria
2336 3838 2565 3893 semper
2612 3821 2846 3895 Virgine
2893 3822 3207 3879 clementer
3261 3823 3537 3897 accipias,

1892 3910 1988 3981 qui
2022 3908 2166 3964 vivis
2197 3914 2306 3964 etc.

2637 4002 2783 4058 Alia.

1964 4088 2205 4159 Suscipe
2235 4092 2437 4145 sancta
2467 4090 2723 4146 Trinitas
2774 4091 2924 4147 hanc
2954 4091 3328 4161 oblationem,
3361 4107 3538 4163 quam

1893 4194 1998 4249 ego
2029 4177 2327 4249 indignus,
2356 4183 2413 4232 et
2452 4185 2720 4250 peccator
2750 4179 3006 4234 famulus
3036 4185 3172 4234 tuus
3203 4179 3306 4234 tibi
3337 4180 3541 4235 offerre

1895 4283 2183 4338 praesumo
2205 4283 2307 4338 pro
2330 4257 2693 4321 absolutione
2716 4272 3084 4339 peccatorum
3106 4284 3391 4334 meorum,
3407 4284 3544 4339 qua-

1896 4359 2068 4410 tenus
2092 4359 2145 4409 te
2176 4354 2419 4409 Domino
2445 4355 2761 4410 miserante
2792 4356 2935 4410 mihi
2971 4356 3336 4423 remissio,et
3358 4354 3546 4411 indul-

1897 4443 2091 4516 gentia
2122 4448 2489 4517 peccatorum
2522 4445 2891 4500 concedatur.

2055 4553 2160 4606 Pro
2187 4553 2583 4622 familiaribus,
2617 4568 2680 4607 ac
2706 4553 2995 4623 fratribus,
3027 4561 3078 4609 et
3104 4554 3400 4609 sororibus.

1975 4648 2215 4720 Suscipe
2261 4653 2461 4705 sancta
2504 4649 2758 4706 Trinitas
2787 4649 2938 4704 hanc
2968 4649 3342 4718 oblationem,
3372 4667 3550 4720 quam

1905 4739 2007 4794 tibi
2041 4739 2217 4794 offero
2266 4756 2369 4810 pro
2421 4756 2513 4795 me
2561 4743 2878 4812 peccatore,
2908 4743 2963 4794 et
2993 4744 3203 4794 nostrae
3235 4756 3551 4813 congrega-

1904 4828 2082 4884 tionis
2112 4828 2316 4895 salute,
2340 4833 2396 4884 et
2417 4846 2520 4901 pro
2542 4828 2897 4884 omnibusin
2921 4828 3151 4885 Christo
3174 4829 3476 4897 fratribus,
3499 4833 3557 4886 et

1907 4916 2205 4985 sororibus
2237 4917 2547 4984 nostris,et
2577 4934 2679 4989 pro
2710 4917 2869 4972 omni
2902 4918 3114 4989 populo
3144 4917 3558 4985 Christiano,et

1909 5022 2012 5076 pro
2043 5004 2318 5060 omnibus
2349 5004 2745 5077 eleemosynas
2776 5005 2944 5060 nobis
2974 5006 3344 5076 facientibus,
3375 5012 3433 5063 et
3453 5022 3557 5080 pro

1910 5092 2002 5148 his
2035 5094 2231 5159 etiam,
2252 5094 2350 5165 qui
2371 5111 2432 5150 se
2450 5094 3002 5149 commendaverunt
3024 5095 3080 5149 in
3104 5101 3335 5152 nostras
3355 5096 3562 5152 oratio-

1911 5198 2034 5248 nes,
2070 5186 2126 5237 et
2157 5181 2256 5252 qui
2291 5182 2472 5237 nostri
2526 5182 2867 5238 memoriam
2918 5183 2977 5238 in
3026 5184 3151 5240 suis
3199 5184 3561 5241 orationibus

1910 5270 2148 5337 habent,
2183 5274 2248 5324 ut
2276 5269 2368 5325 hic
2405 5271 2634 5326 veniam
2680 5271 3032 5343 recipiamus
3082 5277 3473 5344 peccatorum,
3507 5276 3565 5329 et

1914 5359 1972 5413 in
1999 5358 2193 5413 futuro
2222 5358 2462 5430 praemia
2492 5360 2767 5432 consequi
2799 5376 3130 5416 mereamur
3160 5366 3394 5417 aeterna.

2259 5465 2366 5520 Pro
2399 5466 2552 5536 Rege,
2585 5472 2636 5521 et
2658 5466 2856 5537 populo
2888 5466 3215 5523 Christiano.

1988 5560 2228 5632 Suscipe
2258 5565 2461 5617 sancta
2489 5562 2745 5619 Trinitas
2794 5563 2943 5618 hanc
2981 5563 3355 5631 oblationem,
3389 5581 3571 5638 quam

1918 5650 2022 5705 tibi
2075 5649 2374 5706 offerimus
2427 5668 2531 5724 pro
2581 5652 2734 5726 Rege
2782 5656 2999 5722 nostro,
3033 5656 3088 5708 et
3123 5670 3231 5708 sua
3260 5653 3575 5717 venerabili

3494 5826 3543 5847 μ’·
