3868 6204
336 355 486 415 1327

1132 354 1467 416 APPEND.
1516 354 1619 413 AD
1665 353 1852 413 S/EC.
1900 349 2583 413 X.—MONUMENTA
2631 351 2950 415 LITUHG.

3605 351 3739 413 εδει

329 486 511 559 prole,
559 492 615 543 et
669 491 823 543 statu
886 488 1045 561 regni
1109 488 1225 555 sui,
1281 493 1336 542 et
1394 505 1497 560 pro
1556 485 1715 541 omni
1773 484 2442 558 populoAquzesumus
2464 483 3528 557 bujusaquae,etvinimysteriaejus
3556 485 3738 541 divini-

328 575 681 643 Christiano,
704 581 762 634 et
781 594 885 649 pro
907 576 1382 650 eleemosynariis
1403 575 1639 644 nostris,
1664 579 1721 631 et
1742 592 1844 648 pro
1866 574 1979 643 his,

2090 572 2227 629 tatis
2241 589 2371 629 csse
2388 578 2709 639 consortes,
2722 572 2825 646 qui
2837 572 3231 629 humanitatis
3246 578 3462 629 nostra
3484 573 3735 647 dignatus

328 664 430 737 qui
462 665 645 721 nostri
673 664 1018 721 memoriam
1051 665 1111 721 in
1142 664 1267 721 suis
1298 662 1592 721 continuis
1619 661 1982 719 orationibus
2089 665 2180 717 est
2206 660 2334 718 fieri
2365 661 2658 735 particeps
2684 661 2859 719 Jesus
2889 660 3183 718 Christus.

325 752 562 821 habent,
595 757 661 810 ut
689 752 783 809 hic
813 753 1042 810 veniam
1075 753 1361 826 recipiant
1407 755 1803 825 peccatorum,
1835 754 1893 808 et
1920 751 1981 806 in
2094 760 2241 816 Tunc
2264 761 2540 817 Diaconu;
2566 761 2796 817 caucam
2819 759 3019 835 egerat
3045 776 3211 833 super
3237 761 3736 835 αιωκαεράωμ

324 842 524 898 futuro
603 842 884 915 consequi
970 841 1211 916 praemia
1314 845 1531 898 aeterna
1624 844 1978 897 mercantur.

325 932 432 988 Per
458 936 568 988 etc.

793 1023 901 1076 Pro
930 1020 1169 1077 Ecclesia
1198 1019 1502 1077 Catholica.

396 1109 639 1182 Suscipe
670 1112 873 1165 sancta
900 1109 1160 1165 Trinitas
1190 1109 1340 1164 hanc
1389 1108 1763 1174 oblationem,
1798 1125 1976 1183 quam

324 1214 428 1271 pro
485 1198 739 1254 Ecclesia
784 1202 887 1254 tua
941 1203 1144 1254 sancta
1194 1197 1477 1254 catholica
1527 1198 1631 1254 tibi
1681 1199 1877 1265 offero,
1911 1202 1979 1254 ut

322 1286 429 1342 tibi
484 1292 651 1361 grata
706 1288 802 1355 sit,
855 1291 914 1343 et
970 1286 1082 1360 ipsi
1140 1286 1420 1344 salutaris
1480 1303 1711 1360 semper
1768 1287 1974 1343 exista.

324 1374 431 1430 Per
460 1381 568 1432 etc.

846 1470 956 1522 Pro
985 1465 1161 1522 salute
1190 1466 1456 1521 vivorum.

391 1554 635 1627 Suscipe
678 1558 881 1612 sancta
907 1554 1166 1610 Trinitas
1203 1553 1355 1609 hanc
1386 1552 1761 1620 oblatianem,
1796 1570 1975 1625 quam

320 1642 423 1699 tibi
456 1644 632 1698 oﬂ'ero
664 1659 767 1714 pro
800 1642 987 1698 salute
1022 1640 1224 1697 famuli
1258 1641 1325 1697 N.
1352 1641 1458 1709 tui,
1483 1645 1773 1714 quatenus
1798 1645 1849 1696 te
1880 1641 1978 1697 do-

320 1734 495 1786 nante
549 1735 818 1803 percepta
873 1730 1042 1787 venia
1098 1734 1491 1803 peccatorum,
1549 1730 1677 1784 vitae
1740 1747 1975 1803 quoque

319 1820 685 1891 sempiterna:
737 1820 1023 1875 immensa
1072 1819 1289 1892 gaudia
1335 1819 1627 1892 percipere
1659 1822 1969 1875 mereatur.

949 1910 1054 1964 Pro
1086 1908 1341 1978 inﬁmis.

387 1996 629 2069 Suscipe
660 2001 860 2054 sancta
887 1996 1141 2052 Trinitas
1184 1996 1334 2052 hunc
1384 1995 1759 2064 oblationem,
1792 2014 1971 2069 quam

317 2084 423 2139 tibi
451 2085 627 2141 oll'ero
659 2102 763 2157 pro
793 2084 1029 2141 infirmo
1062 2084 1281 2140 famulo
1321 2089 1421 2140 tuo
1450 2085 1518 2139 N.
1544 2088 1610 2139 ut
1647 2086 1881 2153 mentis,
1916 2088 1972 2141 et

316 2173 573 2245 corporis
598 2179 827 2247 recepta
848 2175 1118 2242 sanitate,
1145 2173 1203 2229 in
1225 2173 1470 2229 ecclesia
1498 2177 1600 2227 tua
1630 2177 1833 2229 sancta
1863 2173 1969 2229 tibi

315 2260 520 2318 laudes
543 2262 771 2329 referat,
796 2267 855 2319 et
875 2264 945 2318 de
974 2262 1192 2319 verbere
1214 2267 1313 2318 tuo
1343 2265 1555 2317 aeterna
1584 2261 1820 2333 praemia
1839 2279 1968 2318 con-

316 2349 481 2421 sequi
514 2356 825 2407 mereatur.

939 2445 1048 2496 Pro
1074 2441 1346 2512 defuncto.

383 2529 624 2601 Suscipe
653 2530 867 2585 Sancta
908 2528 1162 2613 Trinitas
1194 2529 1344 2585 hanc
1374 2528 1750 2595 oblationem,
1786 2545 1963 2602 quam

312 2615 417 2671 tibi
448 2617 624 2673 offero
672 2634 775 2688 pro
826 2617 1021 2673 anima
1053 2617 1255 2673 famuli
1284 2618 1365 2673 tui
1403 2618 1470 2673 N.
1504 2623 1569 2673 ut
1597 2635 1701 2690 per
1732 2618 1838 2674 hoc
1872 2635 1965 2673 sa-

310 2704 496 2760 lutare
526 2705 878 2761 sacriﬁcium
912 2711 1156 2778 purgata
1189 2710 1527 2762 sanctorum
1559 2710 1794 2761 tuorum
1823 2724 1964 2763 con-

308 2792 489 2848 sortio
520 2794 833 2850 coadunari
862 2800 1172 2850 mereatur.
1208 2795 1315 2850 Per
1339 2799 1447 2850 etc.

914 2887 1024 2939 Pro
1062 2882 1355 2958 defunctis.

376 2969 617 3044 Suscipe
648 2976 850 3028 sancta
879 2971 1137 3029 Trinitas
1186 2972 1338 3028 hanc
1369 2971 1747 3045 oblationem,
1781 2990 1962 3047 quam

308 3058 413 3116 tibi
434 3060 609 3117 offero
631 3077 734 3133 pro
756 3060 1066 3117 animabus
1086 3060 1464 3130 famulorum,
1488 3061 1961 3136 famularumque

305 3152 564 3220 tuarum,
598 3153 657 3204 et
687 3148 947 3221 requiem
999 3154 1272 3206 aeternam
1324 3149 1508 3205 dones
1536 3150 1620 3206 eis
1650 3151 1803 3207 inter
1827 3154 1961 3207 tuos

2871 833 2999 888 icat.

2161 928 2409 985 Immola
2472 928 2720 986 Domino
2777 928 3136 987 sacriﬁcium
3188 928 3407 998 laudis,
3463 934 3522 988 et
3576 930 3735 991 reddo

2086 1016 2386 1074 Altissimo
2412 1021 2563 1087 vota,
2588 1017 2668 1074 sit
2692 1017 2976 1075 Dominus
3002 1018 3239 1091 adjutor
3267 1023 3429 1083 tuus,
3460 1019 3734 1079 mundun

2088 1108 2144 1162 te
2176 1105 2370 1174 faciat,
2404 1111 2463 1164 et
2491 1107 2635 1163 dum
2664 1106 2925 1164 oraveris
2953 1107 3024 1164 ad
3056 1124 3192 1164 eum
3222 1107 3501 1165 exaudiat
3529 1112 3606 1164 te.

2085 1204 2151 1260 Et
2230 1204 2490 1261 Sacerdos
2564 1205 2791 1263 adicem
3176 1205 3327 1264 dicat
3403 1204 3733 1280 ofertoriau

2834 1285 2998 1334 istud.

2157 1372 2470 1431 Oti‘erimus
2492 1374 2595 1430 tibi
2619 1373 2864 1432 Domine
2887 1373 3130 1432 calicem
3152 1374 3455 1443 salutaris,
3472 1379 3532 1433 et
3548 1377 3733 1449 depre-

2086 1479 2291 1520 camur
2335 1462 2709 1521 clementiam
2763 1468 2950 1533 tuam,
2983 1469 3049 1521 ut
3078 1464 3139 1520 in
3170 1469 3493 1539 conspecta
3538 1465 3735 1523 divina

2087 1552 2414 1625 majestatis
2444 1557 2557 1609 tua:
2589 1570 2723 1611 cum
2754 1554 2931 1610 odore
2960 1554 3272 1633 suavitatis
3300 1555 3601 1614 ascendat.

2665 1642 2925 1715 Sequitur
2952 1640 3161 1699 Oratio.

2155 1729 2399 1785 Domine
2426 1730 2581 1786 Deus
2611 1729 2752 1786 Jesu
2771 1730 3137 1803 Christe,qui
3158 1728 3221 1787 in
3247 1747 3420 1787 cruce
3450 1731 3731 1805 passionis

2083 1820 2217 1886 tum,
2246 1818 2318 1874 de
2347 1818 2526 1874 latere
2555 1823 2656 1874 tuo
2688 1818 3059 1891 sanguinem,
3090 1823 3151 1875 et
3177 1835 3398 1891 aquam
3448 1820 3606 1875 unde
3634 1819 3731 1876 tibi

2084 1905 2394 1963 Ecclesiam
2453 1923 2847 1974 consecrares,
2904 1924 3147 1964 manare
3200 1906 3466 1976 voluisti,
3511 1907 3731 1981 suscipe

2080 1993 2187 2049 hoc
2209 1994 2561 2050 sacrificium
2583 1994 2763 2051 Alteri
2793 1998 2896 2051 tuo
2927 1995 3393 2069 superpositum,
3414 2000 3471 2053 et
3494 1996 3728 2053 concedo

2078 2083 2556 2149 clementissime,
2589 2088 2654 2139 ut
2681 2100 2787 2157 pro
2819 2084 3220 2156 redemptione
3240 2088 3466 2152 nostra,
3488 2084 3724 2141 etetiam

2077 2173 2258 2228 totius
2289 2173 2494 2228 mundi
2526 2172 2587 2228 in
2619 2177 2996 2246 conspectum
3031 2172 3248 2228 Divina:
3279 2172 3604 2245 Majestatis
3625 2179 3723 2228 tua

2077 2276 2212 2315 cum
2241 2261 2418 2317 odore
2449 2260 2759 2317 suavitatis
2788 2262 3085 2318 ascendat.
3117 2261 3229 2328 Qui
3258 2260 3406 2318 vivis
3431 2267 3545 2319 etc.

2277 2361 2460 2416 Posito
2492 2359 2673 2416 Colice
2699 2376 2865 2432 super
2892 2360 3073 2417 altare
3099 2360 3252 2418 dicat
3275 2360 3545 2419 sacerdos.

2147 2456 2422 2513 Oblatum
2454 2457 2558 2513 tibi
2589 2457 2834 2514 Domine
2861 2457 3104 2515 calicem
3136 2457 3461 2526 sanctifica,
3476 2464 3545 2515 ut
3566 2459 3723 2519 nobis

2079 2544 2367 2618 unigeniti
2414 2543 2499 2600 tui
2531 2550 2592 2601 D.
2626 2545 2694 2601 N.
2728 2545 2871 2602 Jesu
2914 2544 3128 2603 Christi
3178 2546 3427 2618 sanguis
3480 2546 3597 2603 fiat.
3625 2546 3718 2610 Qui

2075 2638 2267 2690 tecum
2298 2639 2406 2690 etc.
2438 2662 2445 2667 ι

2177 2724 2321 2778 Tum:
2351 2722 2630 2780 benedicat
2654 2731 2908 2795 utrosque
2935 2723 3144 2780 elevata
3172 2740 3368 2790 manu,
3399 2731 3453 2780 et
3472 2722 3631 2778 dimi.

2144 2812 2208 2867 ln
2243 2812 2479 2869 nomine
2510 2813 2719 2880 Patris,
2750 2818 2810 2869 et
2837 2811 2988 2880 Filii,
3021 2817 3080 2868 et
3120 2813 3383 2886 Spiritus
3414 2813 3615 2879 sancti,
3642 2811 3717 2868 sit

2073 2901 2394 2974 signatum,
2418 2901 2774 2969 ordinatum,
2804 2902 3264 2970 sanctificatum,
3289 2906 3346 2957 et
3368 2900 3717 2957 benedictum

2071 2989 2179 3046 hoc
2209 2990 2566 3046 sacrificium
2595 3007 2833 3046 novum.

2753 3079 3046 3154 Adjungat.

2142 3167 2287 3225 Veni
2337 3168 2734 3225 sanctiﬁcator
2779 3166 3153 3240 omnipotens
3200 3172 3418 3225 aeterne
3471 3170 3715 3232 Deus,“

307 3242 563 3331 sanctos,
590 3242 647 3294 et
675 3237 908 3331 electos,
927 3243 991 3294 ut
1019 3238 1078 3294 in
1107 3237 1345 3294 illorum
1372 3239 1665 3296 consortio
1692 3240 1808 3295 vita
1837 3256 1960 3313 pcr-
1992 3222 2035 3290 Ο
2074 3222 2318 3315 δειλέᾷίο
3056 3222 3484 3331 ﬁghm‘m,
3510 3222 3712 3321 ρυίνί.

258 3376 271 3387 ,
307 3325 581 3382 fruantur
610 3331 843 3384 aeterna.
876 3328 982 3383 Per
1011 3332 1121 3384 etc.

1061 3413 1211 3473 Alia.

376 3503 619 3577 Suscipe
647 3508 848 3561 sancta
879 3504 1136 3561 Trinitas
1184 3504 1335 3561 hanc
1378 3505 1752 3575 oblationem,
1781 3524 1959 3581 quam

306 3592 411 3648 tibi
438 3593 743 3649 oll'erimus
773 3610 876 3665 pro
907 3595 1182 3650 omnibus
1230 3595 1286 3649 in
1330 3594 1412 3650 tui
1445 3595 1702 3651 nominis
1734 3598 1958 3654 confes-

304 3680 469 3737 sione
489 3680 946 3747 det‘unctis,utte
969 3681 1263 3737 dexteram
1297 3681 1603 3738 auxilii'tui
1628 3686 1959 3758 porrigente

301 3768 430 3823 vitae
448 3768 722 3839 perennis
739 3768 999 3841 requiem
1019 3769 1289 3839 habeant,
1312 3776 1367 3825 et
1384 3788 1416 3826 a
1434 3772 1620 3844 pomis
1642 3773 1957 3846 impiorum

302 3854 861 3928 segregati,semper
880 3856 940 3911 in
971 3861 1083 3912 tua:
1114 3856 1306 3913 laudis
1339 3858 1538 3915 laetitia
1566 3867 1952 3932 perseverent.

302 3942 410 3997 Per
438 3946 547 3999 etc.

746 4033 854 4088 Pro
884 4033 1136 4089 omnibus
1167 4036 1517 4091 universalis.

369 4120 617 4193 Suscipe
647 4125 850 4177 sancta
879 4121 1137 4177 Trinitas
1187 4122 1339 4179 hanc
1382 4124 1755 4197 oblationem,
1781 4144 1960 4200 quam

297 4225 403 4282 pro
433 4209 668 4266 seniore
701 4214 918 4277 nostro,
950 4214 1010 4267 et
1038 4216 1249 4267 cuncta
1289 4215 1737 4287 congregatione
1769 4217 1957 4274 sancti

299 4297 471 4366 Petri,
494 4298 758 4371 meisque
778 4300 1444 4372 parentibus,fratribus,
1463 4302 1956 4374 benefactoribus,

299 4384 591 4455 ﬁdelibus,
623 4388 851 4456 amicis,
887 4388 1149 4460 meisque
1188 4389 1554 4462 pr0pinquis,
1588 4396 1648 4447 et
1679 4393 1958 4451 omnibus

299 4474 841 4543 circumstantibus,
863 4477 1227 4549 cunctisque,
1260 4478 1361 4549 qui
1392 4495 1456 4534 se
1489 4479 1634 4535 mibi
1664 4495 1960 4538 commen-

298 4563 602 4632 daverunt,
635 4568 695 4619 et
724 4563 827 4635 qui
859 4581 963 4637 pro
997 4581 1090 4620 me
1119 4569 1308 4632 orant,
1342 4582 1445 4621 seu
1473 4582 1578 4637 pro
1609 4567 1825 4639 quibus
1857 4570 1954 4625 de-

299 4650 454 4707 bitor
493 4669 622 4707 sum
673 4669 909 4709 exorare
942 4656 1061 4708 tam
1094 4653 1256 4721 vivis,
1290 4670 1468 4726 quam
1500 4655 1814 4723 defuuctis,
1849 4659 1955 4714 tibi

298 4739 494 4807 oll‘ero,
528 4744 820 4813 quatenus
850 4744 904 4796 te
945 4741 1191 4797 Domino
1243 4742 1575 4811 miserante,
1608 4744 1696 4800 eis
1725 4749 1782 4801 et
1811 4746 1957 4802 mihi

298 4827 586 4894 remissio,
620 4833 679 4885 et
733 4829 1099 4902 indulgentia
1157 4834 1527 4902 peccatorum
1583 4835 1955 4902 concedatur,

297 4922 351 4971 et
384 4915 499 4971 vita
529 4921 745 4973 interna
776 4918 1158 4974 condonetur.
1192 4918 1299 4974 Per
1324 4922 1436 4975 etc.

542 5006 684 5060 Tunc
714 5009 959 5078 imponat
987 5008 1224 5064 oblatam
1254 5008 1442 5073 altari,
1474 5017 1525 5064 et
1555 5009 1722 5065 dicat.

368 5093 680 5149 Sanctiﬁca
737 5094 979 5152 Domine
1037 5096 1187 5152 hanc
1244 5096 1622 5164 oblationem,
1666 5103 1730 5154 ut
1789 5100 1958 5158 nobis

298 5181 580 5257 unigeniti
609 5181 733 5238 Filii
760 5183 845 5238 tui
878 5186 1101 5240 Domini
1133 5186 1315 5242 nostri
1340 5186 1477 5242 Jesu
1503 5187 1715 5245 Christi
1747 5206 1959 5262 corpus

300 5273 421 5329 fiat.
453 5270 561 5337 Qui
594 5274 788 5326 tecum
821 5272 960 5328 vivit.
990 5278 1098 5329 etc.

297 5378 500 5435 Deinde
554 5378 830 5454 Diaconus
885 5381 1123 5449 accipiat
1166 5396 1208 5454 7a
1263 5380 1605 5454 subdiacono
1662 5386 1872 5454 vinum,
1910 5393 1963 5441 et

579 5451 805 5506 misceat
835 5465 959 5505 cum
974 5467 1121 5522 aqua
1152 5453 1208 5525 in
1240 5453 1427 5519 calice,
1460 5454 1668 5510 dicens.

365 5539 543 5606 Deus,
566 5538 666 5611 qui
689 5537 962 5594 humanae
987 5538 1331 5595 substantiis
1357 5542 1699 5614 dignitatem
1724 5544 1961 5601 mirabi-

295 5627 428 5685 liter
456 5628 790 5696 condidisti,
822 5631 879 5685 et
915 5625 1248 5683 mirabilius
1296 5628 1649 5699 relormasti,
1683 5634 1757 5689 da
1788 5633 1961 5690 nobis

2072 3345 2158 3401 vis
2187 3350 2297 3402 etc.

2070 3448 2262 3501 Postea
2309 3445 2582 3516 accipiens
2624 3444 2916 3516 episcopus
2972 3443 3096 3516 titus
3124 3459 3162 3499 a
3189 3442 3425 3501 diacono
3475 3450 3637 3516 ponat
3659 3442 3711 3499 is

2594 3514 2960 3583 thuribulum,
2992 3514 3197 3572 dicens.

2141 3613 2247 3669 Per
2284 3611 2763 3669 intercessionem
2810 3611 2997 3671 sancti
3046 3611 3334 3669 Gabrielis
3380 3609 3711 3684 Archaageli

2069 3702 2280 3757 stantis
2310 3718 2345 3757 a
2374 3701 2593 3757 dextris
2620 3700 2835 3757 Alteris
2865 3700 3108 3771 incensi,
3141 3705 3200 3756 et
3228 3701 3499 3757 omnium
3529 3701 3712 3757 electo.

2069 3805 2200 3845 rum
2222 3806 2464 3846 suorum
2489 3788 2795 3847 incensum
2828 3789 2989 3846 istud
3021 3788 3303 3846 Dominus
3330 3788 3609 3863 dignetur
3633 3788 3713 3843 be—

2069 3878 2356 3948 nedicere,
2391 3882 2448 3934 et
2477 3878 2538 3934 in
2569 3878 2807 3935 odorem
2832 3877 3138 3936 suavitatis
3164 3876 3455 3949 accipere.

2068 3978 2198 4034 llwc
2258 3978 2433 4034 oratio
2505 3975 2737 4033 dicenda
2807 3984 2907 4042 est,
2964 3975 3095 4033 dum
3152 3977 3376 4032 menso
3450 3977 3615 4035 misso
3662 3976 3717 4029 ia

2139 4048 2487 4121 thuribulum
2524 4049 2703 4121 ipsum
2746 4047 3092 4105 thuribulum
3114 4063 3280 4120 super
3296 4063 3536 4119 mrtem,
3564 4053 3617 4107 et
3633 4062 3717 4103 cev

2141 4120 2299 4175 licem
2328 4118 2779 4176 circumducitur.

2141 4215 2428 4274 Memores
2449 4233 2681 4283 sumus,
2705 4220 2916 4273 aeterne
2939 4221 3107 4285 Deus,
3134 4214 3303 4272 Pater
3332 4214 3719 4289 omnipotens.

2067 4304 2507 4378 gloriosissimas
2565 4304 2858 4379 passionis
2923 4304 3053 4363 Filii
3110 4303 3218 4369 tui,
3279 4301 3718 4361 resurrectionis

2066 4394 2243 4450 etiam
2277 4395 2427 4467 ejus,
2460 4399 2517 4450 et
2547 4393 2911 4451 ascensionis
2940 4394 3070 4466 ejus
3098 4392 3158 4448 in
3197 4391 3437 4449 caelum.
3473 4392 3717 4453 Petimus

2067 4498 2204 4556 ergo
2236 4483 2599 4556 Majestatem
2631 4487 2817 4550 tuam,
2850 4486 2916 4538 ut
2943 4482 3263 4539 ascendant
3292 4498 3503 4556 preces
3533 4478 3717 4539 humi-

1986 4590 2036 4659 Ι)
2066 4570 2248 4627 litatis
2279 4576 2487 4627 nostra
2517 4588 2635 4628 una
2663 4588 2799 4627 cum
2830 4570 3071 4627 incenso
3101 4570 3216 4626 isto
3246 4569 3309 4626 in
3342 4576 3715 4643 conspectum

2067 4664 2179 4715 tuae
2211 4659 2556 4729 clementiae,
2585 4665 2644 4717 et
2671 4661 2987 4717 descendat
3012 4675 3188 4733 super
3211 4658 3381 4717 hanc
3402 4675 3643 4732 panem,
3666 4661 3717 4714 et

2068 4765 2245 4821 super
2264 4749 2419 4805 hunc
2440 4748 2677 4806 calicem
2701 4748 3004 4822 plenitudo
3020 4747 3381 4805 Diviaitatis:
3408 4747 3717 4807 descendat

2068 4837 2246 4892 etiam
2267 4838 2506 4895 Domine
2523 4837 2624 4894 illa
2644 4838 2830 4895 sancti
2852 4835 3716 4910 spiritusincomprebensihilis

1951 4978 1969 4995 ,
2069 4926 2499 4999 invisibilisque
2538 4928 2836 4999 maiestas,
2870 4927 3023 4984 sicut
3064 4926 3366 4999 quondam
3395 4924 3462 4982 in
3490 4925 3716 4985 Patrum

2070 5014 2290 5070 hostias
2318 5016 2727 5072 descendebat.
2758 5015 2865 5071 Per
2890 5015 3165 5073 eumdem
3193 5013 3467 5086 ejusdem
3492 5018 3611 5071 etc.

2069 5111 2405 5171 Circumiens
2436 5121 2615 5171 autem
2647 5115 2824 5170 altare
2869 5130 3004 5184 cum,
3036 5114 3259 5169 incenso
3304 5112 3611 5184 Episcopus
3633 5112 3720 5166 ad

2654 5186 2949 5258 Presbyter
2972 5183 3142 5241 dicat.

2139 5279 2450 5338 Incensum
2491 5282 2648 5339 istud
2681 5300 2716 5339 a
2743 5287 2800 5341 te
2828 5282 3225 5348 benedictum,
3252 5279 3544 5341 ascendat
3572 5280 3644 5339 ad
3668 5283 3716 5335 to

2069 5369 2333 5441 Domine,
2367 5376 2425 5428 et
2454 5372 2770 5430 descendat
2797 5388 2975 5445 super
3011 5388 3121 5429 nos
3165 5368 3574 5429 misericordia
3603 5374 3708 5427 tu.

2753 5461 3027 5533 Sequitur.

2140 5547 2439 5621 Dirigatur
2453 5548 2635 5606 oratio
2654 5567 2803 5619 mea,
2819 5550 2973 5607 sicut
3002 5550 3311 5606 incensum
3332 5548 3392 5604 in
3406 5548 3707 5620 conspectu

2070 5639 2171 5691 tuo
2201 5638 2459 5693 Domine.
