3868 6204
157 337 318 402 1333

915 549 1075 606 dunt

234 655 444 710 Panem
478 655 775 713 caelestem
808 656 1111 729 accipiam,
1140 661 1196 713 et
1228 675 1440 714 nomen
1474 659 1698 715 Domini
1733 661 1815 715 in-

152 744 396 801 vocabo.

744 834 1003 906 Sequitur
1030 839 1225 893 oratio.

232 932 528 1005 Perceptio
556 933 815 1005 corporis
846 933 931 989 tui
953 934 1193 990 Domine
1212 935 1350 991 Jesu
1382 936 1808 1010 Christe,quam

151 1021 439 1095 indignus
469 1038 705 1078 sumere
745 1039 1055 1095 prmsumo,
1080 1040 1194 1079 non
1230 1024 1373 1080 mihi
1403 1027 1706 1098 proveniat
1737 1028 1808 1083 ad

142 1110 466 1183 judicium,
489 1116 547 1166 et
590 1111 1157 1181 condemnationem,
1187 1115 1286 1169 sed
1334 1132 1436 1186 pro
1466 1119 1567 1171 tua
1598 1117 1810 1189 pietate

150 1199 344 1271 prosit
390 1198 533 1254 mihi
594 1199 667 1254 ad
724 1202 990 1256 tutamen
1050 1201 1285 1267 mentis,
1308 1206 1364 1257 et
1410 1205 1809 1277 corporis,qui

150 1304 291 1344 cum
325 1288 490 1344 Patre
516 1292 624 1343 etc.

915 1379 1059 1433 Alia.

225 1476 353 1531 Fiat
368 1474 513 1531 mihi
535 1475 777 1530 obsecro
800 1476 1039 1532 Domine
1060 1475 1167 1531 hoc
1186 1483 1616 1534 sacramentum
1639 1483 1806 1536 tuum

147 1566 311 1638 quod
370 1564 670 1637 indignus,
725 1569 782 1620 et
836 1568 1105 1637 peccator
1161 1583 1452 1637 praesumo
1512 1570 1807 1642 percipere

146 1656 414 1711 conﬁsus
442 1655 513 1709 de
542 1659 646 1709 tua
676 1653 838 1727 larga
880 1653 1189 1709 clementia
1218 1656 1290 1710 ad
1322 1656 1547 1712 viscera
1578 1657 1806 1715 miseri-

146 1744 360 1800 cordia:
383 1748 516 1809 tuae,
535 1747 591 1799 et
607 1742 877 1815 gratiam,
898 1742 1125 1809 salutis,
1146 1745 1217 1799 ad
1242 1745 1548 1801 sanitatem
1574 1747 1803 1817 animm,

147 1838 209 1890 et
238 1832 519 1906 corporis,
543 1831 1070 1904 remissionemque
1100 1834 1367 1889 omnium
1408 1840 1801 1905 peccatorum,
1836 1854 1882 1918 Β

150 1938 213 1979 ut
245 1939 363 1978 non
394 1923 465 1978 ad
490 1922 805 1993 judicium,
824 1922 925 1978 sed
949 1922 1020 1977 ad
1037 1922 1383 1992 remedium,
1409 1923 1551 1979 illud
1579 1942 1805 1983 merear

144 2013 446 2086 percipere
473 2010 738 2067 Salvator
769 2011 994 2078 mundi,
1028 2016 1136 2067 etc.

654 2111 793 2167 Cum
816 2125 1011 2181 corpus
1041 2112 1300 2165 sumitur.

215 2209 442 2280 Corpus
471 2206 535 2262 D.
570 2207 639 2262 N.
670 2207 722 2262 J.
758 2209 816 2263 C.
850 2207 928 2262 sit
960 2207 1103 2263 mihi
1136 2208 1460 2264 remedium
1492 2211 1798 2282 sempiter-

139 2314 290 2354 num
321 2296 382 2351 in
410 2295 589 2351 vitam
621 2299 918 2352 aeternam.

214 2386 451 2460 Quando
476 2385 700 2440 calicem
732 2387 788 2440 in
828 2402 1024 2441 manus
1053 2388 1251 2458 accipit
1277 2388 1525 2443 sacerdos
1555 2388 1722 2445 dicat.

139 2475 293 2543 Quid
326 2473 645 2530 retribuam
678 2471 924 2529 Domino
971 2491 1075 2545 pro
1123 2475 1417 2543 omnibus,
1453 2494 1580 2547 qua:
1630 2478 1797 2534 retri-

136 2564 272 2621 buit
315 2562 481 2618 mihi.
514 2562 767 2619 Calicem
815 2561 1094 2619 salutaris
1139 2564 1444 2635 accipiam,
1479 2570 1536 2620 et
1585 2583 1794 2622 nomen

136 2651 375 2710 Domini
417 2652 715 2707 invocabo.
752 2652 1023 2708 Laudans
1061 2652 1338 2709 invocabo
1370 2653 1707 2721 Dominum,
1741 2660 1798 2711 et

136 2744 216 2799 ab
250 2740 505 2797 inimicis
536 2740 682 2796 meis
713 2741 910 2797 salvus
941 2758 1059 2797 ero.

729 2838 988 2910 Sequitur
1012 2841 1207 2895 oratio.

210 2935 697 3003 Communicatio,
731 2941 788 2991 et
831 2937 1197 2993 conﬁrmatio
1237 2939 1518 3010 corporis,
1555 2944 1612 2995 et
1659 2958 1793 2995 san-

134 3024 339 3099 guinis
373 3029 433 3080 D.
466 3025 533 3081 Ν.
566 3025 619 3082 J.
655 3027 712 3080 C.
748 3023 931 3097 prosit
961 3024 1103 3080 mihi
1140 3025 1197 3080 in
1230 3026 1631 3082 remissionem
1667 3046 1789 3083 om-

134 3114 305 3169 nium
336 3118 703 3185 peccatorum
746 3129 1032 3182 meorum,
1057 3116 1113 3169 et
1151 3120 1449 3169 conservet
1480 3132 1572 3171 me
1602 3116 1673 3170 ad
1706 3116 1794 3170 vi-

134 3209 260 3259 tam
294 3206 592 3258 aeternam.

679 3292 807 3347 Atia
835 3291 905 3346 ad
934 3300 1243 3363 utrumque.

206 3388 453 3446 Domine
485 3392 685 3444 sancte
712 3389 880 3445 Pater
900 3389 1269 3461 omnipotens
1299 3392 1510 3445 zeterne
1542 3389 1695 3445 Deus
1717 3392 1792 3447 da

130 3477 281 3534 mihi
315 3478 421 3533 hoc
443 3481 748 3549 corpus,et
769 3478 1117 3551 sanguinem
1144 3477 1266 3532 Filii
1292 3477 1398 3543 tui,
1424 3478 1505 3534 ita
1533 3496 1785 3547 sumere,

127 3571 196 3622 ut
230 3584 334 3639 per
363 3566 471 3621 hoc
504 3583 731 3621 merear
778 3565 1186 3622 remissionem
1217 3566 1482 3622 omnium
1524 3573 1786 3639 peccato-

128 3673 265 3712 rum
299 3655 654 3727 accipere,et
681 3659 781 3711 tuo
813 3660 1015 3711 sancto
1045 3655 1265 3727 Spiritu
1300 3655 1527 3726 repleri,
1557 3656 1693 3727 quia
1723 3662 1785 3712 tu

127 3762 193 3801 es
229 3744 405 3811 Deus,
429 3748 485 3799 et
505 3746 713 3816 praeter
734 3748 789 3799 te
816 3761 929 3799 non
954 3747 1044 3799 est
1073 3742 1246 3811 alius,
1272 3744 1444 3815 cujus
1465 3743 1784 3816 gloriosum

128 3850 347 3889 nomen
382 3837 685 3905 permanet
716 3834 773 3888 iu
806 3831 1004 3889 secula
1034 3832 1384 3888 seculorum.
1419 3834 1622 3888 Amen.

624 3929 759 3986 Cum
784 3932 1013 4000 sanguis
1041 3932 1299 3986 sumitur.

197 4027 457 4101 Sanguis
488 4032 551 4083 Ι).
584 4028 652 4083 Ν.
686 4028 738 4084 J.
770 4027 984 4085 Christi
1029 4029 1323 4085 custodiat
1353 4046 1446 4084 me
1495 4028 1553 4084 in
1604 4030 1781 4086 vitam

116 4122 400 4175 aeternam
414 4160 426 4174 .

470 4210 596 4263 Post
622 4216 933 4279 perceptam
974 4209 1432 4264 communionem.

192 4304 435 4361 Domine
456 4305 510 4360 J.
536 4306 596 4361 C.
619 4304 725 4361 Fili
750 4304 846 4361 Dei
878 4305 1010 4374 vivi,
1037 4304 1136 4377 qui
1169 4322 1237 4360 ex
1265 4304 1561 4361 voluntate
1592 4307 1780 4363 Patris

110 4397 468 4467 cooperante
501 4394 723 4466 Spiritu
755 4398 958 4451 sancto
997 4410 1099 4467 per
1135 4397 1381 4450 mortem
1416 4397 1575 4450 tuam
1608 4413 1775 4451 mun-

110 4484 260 4540 dum
294 4482 623 4549 viviﬁcasti,
655 4482 840 4539 libera
870 4500 962 4539 me
1004 4500 1108 4556 per
1137 4482 1246 4539 hoc
1278 4500 1511 4539 sacrum
1545 4500 1774 4557 corpus,

1577 341 1815 408 MISSA
1858 346 2175 410 LATINA.

157 472 381 542 Quando
405 490 623 559 corpus
652 476 997 559 Dominicum
1022 475 1269 559 sacerdos
1302 478 1358 534 in
1393 496 1587 536 manus
1620 480 1818 553 accipit
1843 480 1898 548 Α

3424 357 3575 447 1331

2682 486 2826 543 Alia.

1994 572 2248 628 Verbum
2282 590 2415 629 caro
2449 575 2666 631 factum
2699 582 2813 645 est,
2840 582 2897 634 et
2924 577 3210 635 habitavit
3240 581 3299 637 in
3332 584 3519 641 nobis.

1995 680 2227 736 Calicem
2248 697 2373 737 vero
2393 699 2515 737 cum
2543 691 2885 740 sacrosancta
2914 688 3297 743 commixtione
3326 690 3501 747 dando

2502 757 2801 826 unicuique
2830 756 2993 812 dicat.

1968 841 2123 923 .Ha‘ac
2146 844 2912 923 _sacros_ancta_commiatio
2942 847 3224 919 corporis,
3248 852 3304 903 et
3334 852 3569 923 sangui-

1923 913 2016 969 nis
2046 914 2112 968 D.
2146 914 2212 967 N.
2245 913 2296 968 J.
2322 914 2382 969 C.
2408 914 2592 985 prosit
2624 916 2725 970 tibi
2759 918 2830 971 ad
2862 913 3370 974 x'itam'zeternani.

1991 1019 2348 1077 Subdiaconis
2376 1029 2574 1089 autem,
2602 1040 2667 1077 ac
2707 1024 2817 1077 alio
2848 1025 2991 1079 clero
3020 1028 3381 1082 communicet
3405 1029 3503 1083 hoc

2544 1094 2701 1149 modo
2739 1094 2941 1150 dicens.

1993 1181 2289 1253 Perccptio
2322 1182 2602 1254 corporis,
2638 1186 2694 1238 et
2726 1183 3031 1255 sanguinis
3061 1184 3126 1238 D.
3162 1186 3227 1240 N.
3261 1186 3314 1242 J.
3345 1187 3404 1241 C.
3440 1205 3572 1244 san-

1919 1270 2133 1326 ctiﬁcet
2188 1288 2420 1342 corpus,
2480 1276 2537 1327 et
2593 1271 2849 1326 animam
2917 1271 2974 1327 in
3032 1273 3211 1328 vitam
3267 1279 3564 1335 aeternam.

1915 1361 2120 1416 Amen.

2184 1451 2389 1521 Populo
2418 1449 2636 1520 quidem
2665 1451 3114 1507 communicando
3140 1452 3305 1507 dicat.

1987 1538 2230 1611 Corpus,
2265 1542 2321 1593 et
2352 1538 2594 1610 sanguis
2639 1538 2703 1594 D.
2738 1538 2805 1592 N.
2838 1539 2891 1595 J.
2924 1539 2984 1594 C.
3020 1541 3206 1611 prosit
3244 1540 3346 1595 tibi
3380 1541 3438 1596 in
3472 1560 3566 1599 re-

1917 1628 2261 1683 missionem
2293 1626 2555 1682 omnium
2590 1632 2982 1699 peccatorum,
3007 1634 3064 1684 et
3092 1628 3165 1683 ad
3195 1629 3370 1685 vitam
3402 1635 3565 1686 aeter-

1916 1734 2075 1773 nam.
2105 1720 2310 1772 Amen.

2226 1806 2450 1861 Interim
2478 1806 2610 1860 dum
2636 1810 3058 1873 communicant,
3092 1808 3256 1863 dicat.

1984 1896 2221 1967 Ignosce
2278 1894 2545 1961 Domine,
2577 1895 2729 1965 quod
2782 1895 2925 1950 dum
2977 1913 3179 1968 rogare
3226 1898 3562 1969 compellor,

1912 1985 2055 2039 dum
2089 2002 2189 2056 per
2219 1982 2525 2038 immunda
2550 1981 2707 2037 labia
2733 2000 2944 2038 nomen
2974 1988 3242 2039 sanctum
3274 1990 3441 2041 tuum
3475 2006 3564 2043 as-

1911 2090 2102 2140 sumo,
2138 2078 2193 2128 et
2229 2072 2671 2127 immundorum
2715 2077 2951 2126 actuum
2999 2079 3222 2129 secreta
3261 2075 3559 2141 conﬁteor,

1911 2180 2026 2218 non
2060 2161 2244 2217 habeo
2274 2162 2428 2233 apud
2454 2166 2509 2216 te
2532 2161 2704 2216 verba
2725 2161 2849 2216 sine
2872 2160 3134 2230 crimine,
3162 2167 3225 2217 tu
3248 2164 3404 2219 enim
3430 2183 3563 2221 con-

1910 2251 2169 2307 scientia:
2200 2267 2342 2305 meae
2360 2249 2620 2316 vulnera,
2646 2255 2707 2305 tu
2731 2248 3149 2322 cogitationum
3184 2269 3447 2308 mearum
3473 2271 3560 2309 oc-

1908 2341 2063 2396 culta
2094 2339 2338 2405 nosti,et
2363 2337 2770 2393 immunditias
2804 2355 2964 2394 meas
2993 2344 3052 2393 tu
3080 2339 3243 2394 solus
3266 2342 3557 2412 agnoscis.

1908 2430 2179 2486 Miserere
2212 2428 2323 2483 mei
2356 2428 2615 2495 Domine,
2647 2428 2942 2491 miserere,
2966 2428 3109 2483 mihi
3145 2429 3379 2500 ignosce
3403 2448 3557 2503 mys-

1906 2520 2032 2575 terii
2068 2518 2149 2573 tui
2182 2521 2402 2574 secreta
2434 2516 2729 2578 tractanti,
2755 2533 2859 2571 nec
2894 2517 3198 2589 indignum
3234 2517 3559 2575 misericor-

1907 2609 2014 2663 dia:
2048 2613 2159 2662 tuae
2182 2605 2413 2678 judices
2446 2622 2619 2677 quem
2653 2622 2755 2676 pro
2788 2604 2918 2659 aliis
2952 2622 3152 2677 rogare
3185 2608 3561 2678 permittis,et

1905 2697 1964 2752 in
1999 2714 2114 2769 quo
2146 2694 2547 2751 testimonium
2579 2694 2714 2749 boni
2743 2692 2934 2765 operis
2966 2712 3079 2749 non
3113 2696 3408 2767 agnoscis,
3437 2698 3562 2752 ofﬁ-

1905 2787 2061 2841 cium
2095 2784 2301 2840 saltem
2351 2782 2807 2856 dispensationis
2848 2782 3078 2837 creditaz
3129 2802 3246 2839 non
3303 2801 3556 2841 recuses.

1905 2875 2167 2930 Salvator
2198 2873 2474 2928 miserere
2507 2872 2639 2927 mei.

2258 2963 2385 3016 Post
2413 2968 2717 3032 perceptam
2747 2963 3199 3016 communionem.

1974 3051 2136 3117 Quod
2168 3066 2264 3105 ore
2295 3048 2680 3120 sumpsimus,
2715 3047 2980 3114 Domine,
3004 3054 3195 3103 mente
3228 3049 3555 3121 capiamus,

1899 3145 1956 3197 et
1988 3141 2058 3195 de
2092 3155 2331 3193 munere
2364 3136 2668 3209 temporali
2711 3136 2811 3191 ﬁat
2842 3137 3011 3192 nobis
3046 3138 3367 3193 remedium
3399 3156 3553 3194 sem-

1823 3223 1864 3290 C
1903 3230 2219 3303 piternum.
2255 3227 2359 3282 Per
2390 3231 2495 3282 etc.

2622 3316 2829 3371 Oratio.

1971 3408 2221 3463 Obsecro
2253 3405 2428 3460 etiam
2456 3410 2507 3459 te
2541 3404 2805 3476 piissime
2834 3403 3098 3458 omnium
3125 3402 3453 3473 auxiliator,
3481 3423 3552 3462 ne

1898 3496 1969 3551 ad
2023 3495 2460 3551 damnationem
2513 3499 2782 3547 aeternam
2838 3492 2980 3547 mihi
3034 3493 3352 3564 proveniat,
3395 3495 3552 3566 quod

1898 3584 2157 3656 quotidie
2201 3600 2333 3637 cum
2381 3582 2739 3636 conscientia
2769 3580 2989 3653 polluta
3020 3598 3228 3635 nomen
3280 3587 3551 3637 sanctum

1899 3678 2062 3728 tuum
2089 3688 2375 3745 praesumo
2398 3669 3020 3741 invocare,corpusque
3039 3668 3251 3724 Christi
3276 3669 3425 3739 Filii,
3444 3671 3552 3738 tui,

1896 3768 1952 3818 et
1982 3760 2325 3833 sanguinem
2356 3759 2635 3830 indignus
2662 3760 2846 3813 audeo
2871 3758 3129 3831 accipere
3154 3776 3166 3813 :
3194 3758 3335 3831 quin
3362 3760 3552 3832 magis

1897 3868 2000 3922 per
2028 3851 2137 3906 hoc
2170 3865 2262 3903 me
2294 3865 2579 3919 expurges
2607 3846 2831 3913 sedulo,
2859 3851 2915 3901 et
2936 3847 3172 3903 munias
3192 3849 3263 3903 ab
3286 3849 3550 3904 omnium

1894 3939 2266 3994 inimicorum
2293 3935 2512 4007 jaculo,
2537 3953 2602 3989 ac
2650 3954 2751 4007 per
2780 3953 2915 3991 eum
2949 3936 3007 3991 in
3043 3954 3135 3991 me
3166 3937 3429 3993 habitare
3460 3938 3551 3992 di-

1893 4027 2111 4101 gneris,
2148 4042 2321 4099 quem
2377 4025 2448 4079 ad
2484 4025 2591 4080 hoc
2623 4026 2861 4091 misisti,
2889 4030 2951 4081 ut
2982 4026 3292 4081 redimeret
3339 4044 3444 4082 nos
3478 4016 3569 4081 ab,

1892 4115 2052 4172 omni
2086 4114 2531 4186 inquinamento
2573 4114 2838 4185 spiritus,
2871 4117 2927 4167 et
2972 4114 3185 4178 carnis,
3224 4129 3323 4184 per
3354 4113 3549 4184 ipsum

1892 4204 2261 4277 unigenitum
2290 4202 2499 4257 Filium
2524 4207 2690 4257 tuum
2720 4201 3032 4257 Dominum
3057 4204 3320 4256 nostrum
3343 4201 3547 4255 Jesum

1889 4293 2334 4359 Christum,nos
2373 4308 2579 4345 omnes
2611 4291 2681 4345 ab
2732 4289 2890 4345 omni
2942 4289 3124 4344 libera
3174 4288 3347 4356 malo,
3382 4296 3438 4345 et
3486 4288 3545 4343 in

1890 4383 2050 4439 omni
2083 4382 2235 4437 bono
2267 4396 2566 4435 conserva.
2606 4379 2713 4445 Qui
2746 4384 2960 4443 tecum,
2994 4383 3102 4433 etc.

2650 4469 2791 4523 Alia.

110 4575 172 4627 et
202 4571 556 4645 sanguinem
588 4576 757 4627 tuum
788 4588 823 4626 a
853 4571 1081 4627 cunctis
1112 4570 1545 4643 iniquitatibus,
1570 4576 1626 4626 et
1654 4573 1778 4627 uni-
1809 4593 1854 4656 Ι)
1961 4562 2308 4656 Conservam
2346 4558 2727 4656 nosDomine
2762 4572 3009 4656 munera
3032 4559 3152 4623 tua,
3182 4558 3238 4610 et
3269 4560 3542 4611 mmmam

107 4659 302 4715 versis
337 4659 512 4715 malis
546 4659 715 4726 meis,
738 4663 795 4715 ct
827 4660 915 4716 fac
941 4676 1033 4715 me
1052 4659 1172 4715 tuis
1202 4658 1436 4715 obedire
1458 4660 1770 4729 mandatis,

108 4753 172 4803 et
200 4765 236 4803 a
264 4751 321 4803 te
351 4765 660 4821 nunquam
699 4748 759 4803 in
806 4752 1157 4822 perpetuum
1189 4764 1460 4820 separare
1492 4747 1770 4821 digneris.

109 4835 223 4900 Qui
250 4835 396 4892 vivis
417 4841 527 4893 etc.

533 4960 563 4974 -
878 4926 1022 4981 Atia.

181 5010 408 5084 Corpus
440 5016 609 5069 tuum
641 5014 908 5082 Domine,
925 5013 1077 5085 quod
1100 5013 1321 5084 accepi,
1342 5015 1400 5067 et
1420 5012 1567 5068 calix
1594 5029 1768 5084 quem

103 5100 326 5172 potavi,
354 5102 691 5160 adhazreant
722 5104 782 5159 in
813 5102 1137 5159 visceribus
1180 5101 1348 5169 meis,
1380 5105 1437 5157 et
1468 5106 1678 5173 praesta
1708 5106 1771 5157 ut

100 5187 273 5245 nulla
302 5188 382 5245 ibi
416 5196 716 5248 remaneat
752 5191 972 5265 peccati
1018 5190 1268 5259 macula,
1304 5189 1401 5245 ubi
1433 5193 1534 5246 tua
1563 5194 1767 5245 sancta

97 5278 461 5334 introierunt
492 5285 881 5336 sacramenta.
912 5280 1019 5346 Qui
1049 5278 1196 5334 vivis
1226 5283 1333 5334 etc.

94 5384 317 5459 Deinde
346 5386 726 5459 presbyteris,
784 5396 834 5443 et
900 5387 1146 5459 diaconis
1182 5401 1394 5459 corpus
1428 5386 1510 5459 in
1568 5401 1764 5439 manus

173 5456 588 5580 gecipientibus,
634 5468 686 5514 et
742 5458 1266 5514 communicantibus
1322 5456 1526 5511 dicitur
1579 5458 1764 5525 singu-

200 5543 250 5580 ιδ
280 5545 299 5580 .·

200 5543 299 5581 ιδ.·

175 5631 292 5689 Pax
323 5637 539 5690 tecum.
572 5641 623 5703 ἡ.
659 5637 727 5692 Et
758 5652 892 5692 cum
923 5634 1135 5707 spiritu
1166 5637 1284 5689 tuo.

1887 4652 2062 4706 vitam
2095 4648 2356 4703 tribuant
2389 4646 2577 4701 nobis.
2615 4646 2720 4701 Per
2750 4649 2860 4700 etc.

2638 4736 2793 4789 Alia.

1953 4825 2189 4884 Custodi
2224 4825 2378 4880 intra
2411 4841 2517 4880 nos
2544 4825 2809 4890 Domine,
2834 4821 3034 4895 gratia:
3069 4826 3179 4876 tuae
3213 4837 3453 4888 munus,
3477 4826 3543 4877 ut

1881 4919 2161 4974 adversus
2194 4914 2393 4969 omnia
2437 4913 2761 4985 praesentis,
2793 4915 2849 4967 et
2879 4911 3059 4965 futuri
3113 4910 3308 4965 βδέουιί
3362 4910 3537 4977 mala,

1880 5003 2271 5071 eucharistiaa,
2305 5020 2485 5074 quam
2536 5001 2905 5073 percepimus
2958 4998 3202 5069 viribus,
3227 5004 3284 5055 et
3330 4999 3541 5056 virtute

1880 5096 2238 5151 muniamur.
2272 5091 2379 5157 Qui
2411 5090 2556 5145 vivis
2585 5094 2695 5145 etc.

2641 5179 2787 5232 Alia.

1948 5274 2159 5327 Praesta
2188 5267 2434 5323 Domine
2466 5267 2605 5322 Jcsu
2638 5266 2861 5321 Christe
2894 5264 2975 5319 ﬁli
3027 5266 3127 5321 Dei
3178 5266 3312 5332 vivi,
3339 5270 3402 5320 ut
3432 5269 3531 5338 qui

1873 5376 2103 5431 corpus,
2128 5362 2184 5411 et
2217 5357 2563 5427 sanguinem
2601 5355 2897 5426 proprium
2934 5372 3035 5425 pro
3068 5354 3236 5409 nobis
3266 5354 3531 5426 indignis

1868 5452 2070 5505 datum
2103 5445 2425 5508 edimus,et
2457 5443 2736 5510 bibimus,
2762 5444 2861 5497 ﬁat
2893 5443 3059 5497 nobis
3081 5444 3151 5496 ad
3177 5442 3525 5504 salutem,et

1868 5540 1937 5594 ad
1974 5531 2391 5603 redemptionis
2434 5533 2759 5586 remedium
2790 5531 3217 5601 sempiternum
3251 5532 3514 5587 omnium

1870 5624 2182 5683 criminum
2218 5625 2575 5675 nostrorum.
2612 5621 2716 5675 Per
2746 5624 2855 5673 clc.
