3868 6204
279 328 438 392 1335

1071 330 1407 391 APPEND.
1453 330 1554 389 AD
1599 329 1787 390 SE6.
1835 328 1911 388 Χι
1938 338 2021 374 Δ·
2049 322 2550 393 MONUMENTA
2592 331 2909 394 LITURG.

3545 322 3687 391 ηδε

278 465 588 534 Postquam
603 460 1045 534 Diaconus‘dixit
1076 459 1156 516 Ite
1187 460 1365 534 Missa
1392 464 1501 534 est,
1526 462 1707 516 veniat
1737 461 1926 516 Succr-
1959 461 2013 528 Α
2111 448 2237 517 Non
2270 462 2451 518 intres
2481 462 2541 517 in
2572 462 2862 534 judicium
2896 468 3032 517 cum
3063 457 3256 519 servis
3285 460 3406 518 tuis
3434 460 3679 524 Domine,

555 531 647 588 dos
677 540 802 588 ante
829 532 1034 597 Altare,
1064 540 1117 588 ct
1141 532 1434 588 osculando
1464 530 1611 587 dicat
1640 550 1659 587 .-

2046 550 2193 617 Quia
2220 567 2335 606 non
2357 550 2783 624 justiticabitur
2814 552 2877 607 in
2908 555 3233 624 conspectu
3266 556 3370 607 tuo
3397 552 3585 608 omnis
3608 552 3681 608 vi-

354 637 584 695 Placeat
612 638 719 694 tibi
743 639 959 695 Sancta
977 637 1233 694 Trinitas
1261 639 1610 710 obsequium
1638 637 1937 696 servitutis
2043 652 2205 695 vens.

284 745 448 793 mem,
480 732 539 784 et
584 730 816 800 praesta,
851 732 917 783 ut
964 727 1341 794 sacriﬁcium,
1374 727 1532 799 quod
1584 727 1771 783 oculis
1824 731 1937 782 tua:

284 802 608 887 majestatis
629 802 837 883 obtuli,
860 816 938 872 sit
961 817 1061 871 tibi
1089 814 1346 888 placens,
1372 816 1660 888 mihique,
1679 820 1735 871 et
1756 815 1938 871 omni-

283 907 419 973 bus,
444 918 547 977 pro
575 905 791 978 quibus
822 904 965 961 illud
994 905 1198 972 obtuli,
1224 906 1301 959 sit
1326 908 1381 960 te
1404 905 1720 961 miserante
1753 905 1941 978 propi-

286 994 506 1050 tiabile.
539 994 646 1061 Qui
682 995 845 1060 vivis,
878 998 988 1050 etc.

359 1104 543 1157 Finita
574 1100 742 1157 Missa
770 1101 984 1157 accedat
1114 1102 1316 1168 Altarc,
1349 1109 1399 1156 et
1427 1102 1701 1157 osculetur
1730 1101 1869 1156 illud

1050 1188 1213 1227 tcens.

1050 1188 1213 1229 ιεεηδ.

360 1248 604 1329 Meritis,
638 1266 695 1317 et
724 1261 1243 1318 intercessionibus
1273 1262 1456 1317 Beatus
1488 1261 1680 1317 Maria!
1713 1276 1944 1334 semper

288 1350 567 1423 Virginis,
590 1355 647 1407 et
676 1352 925 1407 istorum
958 1355 1134 1422 atque
1165 1349 1428 1405 omnium
1452 1356 1787 1406 sanctorum
1812 1367 1944 1406 suo-

290 1457 422 1495 rum
453 1441 804 1497 misereatur
851 1438 1034 1494 nostri
1078 1440 1449 1512 omnipotens
1497 1438 1670 1507 Deus,
1705 1440 1807 1511 qui
1854 1440 1941 1494 vi-

290 1527 390 1596 vit,
426 1533 537 1585 etc.

292 1637 537 1709 [impletis
576 1636 846 1709 omnibus,
880 1636 1158 1706 cpiscopus
1201 1634 1265 1691 de
1306 1636 1476 1691 altari
1522 1636 1593 1709 ad
1638 1638 1947 1692 sacrarium

362 1707 576 1763 rediens
604 1723 730 1762 cum
770 1707 1111 1771 draconibus,
1140 1715 1191 1762 et
1219 1709 1432 1763 caeteris
1469 1708 1664 1779 quibus
1694 1708 1945 1776 voluerit,

360 1786 539 1834 cantet
565 1779 831 1851 hymnum
854 1779 1025 1833 trium
1053 1784 1377 1834 Puerorum.

363 1884 695 1942 Benedicite
725 1885 924 1941 omnia
952 1898 1130 1958 opera
1165 1885 1393 1942 Domini
1428 1885 1693 1942 Domino.

366 1974 623 2031 Laudato
653 1974 968 2030 Dominum
1000 1991 1204 2030 omnes
1233 1966 1456 2048 gentes.

364 2064 625 2120 Laudate
653 2058 967 2120 Dominum
1001 2062 1058 2119 in
1089 2063 1274 2121 santis
1305 2066 1453 2136 ejus.

1015 2154 1225 2209 Postea.

366 2242 537 2299 Pater
566 2245 782 2309 noster,
816 2241 914 2315 qui
946 2257 1008 2297 es
1039 2242 1098 2296 in
1130 2241 1308 2298 caelis.

314 2336 321 2345 ’
974 2332 1048 2387 Et
1071 2346 1275 2403 preces.

368 2418 772 2477 Conﬁteantur
814 2419 919 2475 tibi
968 2419 1211 2476 Domine
1258 2421 1459 2476 omnia
1508 2436 1683 2494 opera
1730 2425 1860 2490 tua;
1893 2425 1949 2478 et

300 2509 488 2573 sancti
521 2509 605 2566 tui
635 2510 985 2565 benedicant
1016 2509 1143 2565 tibi.

367 2599 726 2655 Exultabunt
754 2598 939 2653 sancti
980 2597 1036 2652 in
1076 2598 1280 2671 gloria,
1312 2598 1665 2655 laetabuntur
1695 2600 1752 2655 in
1786 2600 1948 2656 cubi-

299 2682 459 2744 libus
492 2687 636 2743 suis.

365 2773 639 2833 Exultent
659 2774 809 2848 justi
851 2775 911 2831 in
961 2781 1274 2849 conspectu
1312 2776 1405 2833 Dei
1438 2794 1451 2832 :
1486 2781 1541 2833 et
1591 2770 1951 2834 delectentur

298 2866 360 2924 in
391 2865 609 2922 laetitia.

365 2956 490 3012 Non
522 2954 693 3011 nobis
726 2952 963 3010 Domine
985 2972 1099 3010 non
1122 2953 1290 3011 nobis
1316 2972 1328 3009 :
1355 2956 1453 3012 sed
1490 2955 1711 3012 nomini
1744 2960 1843 3012 tuo
1874 2957 1951 3013 da

304 3045 570 3123 gloriam.

367 3134 708 3192 Sacerdotes
736 3132 819 3191 tui
846 3134 1087 3191 Domine
1114 3132 1438 3191 induantur
1457 3135 1710 3208 justitia,
1735 3140 1791 3192 et
1819 3153 1950 3192 san-

299 3224 376 3281 cti
408 3225 493 3280 tui
525 3224 802 3280 exultent.

2116 729 2360 785 Domine
2391 730 2546 787 Deus
2575 729 2859 786 virtutum
2890 735 3163 787 converte
3196 747 3305 787 nos
3329 747 3342 786 :
3368 730 3434 787 Et
3460 730 3683 788 ostende

2046 817 2255 874 faciem
2287 822 2472 885 tuam,
2507 823 2564 876 et
2593 810 2735 875 salvi
2766 819 3009 876 erimus.

2119 908 2432 964 Benedicat
2462 925 2568 965 nos
2608 906 2893 966 Dominus
2914 907 3077 966 Deus
3124 915 3346 979 noster,
3397 908 3686 966 benedicat

2048 1010 2156 1052 nos
2185 997 2362 1064 Deus,
2395 1001 2454 1053 et
2485 995 2751 1054 metuant
2780 1012 2915 1055 eum
2947 1014 3153 1056 omnes
3182 1001 3331 1056 ﬁnes
3359 1004 3544 1057 tam.

2118 1085 2366 1142 Domine
2393 1087 2603 1143 exaudi
2625 1085 2947 1145 orationem
2970 1102 3197 1159 meam;
3221 1093 3279 1146 et
3294 1089 3514 1146 clamor
3533 1090 3687 1147 mens

2049 1175 2121 1230 ad
2152 1179 2208 1230 te
2237 1174 2451 1232 veniat.

2757 1268 2999 1323 Oremus.

2122 1352 2296 1419 Deus,
2316 1370 2488 1426 quem
2522 1355 2721 1411 omnia
2763 1354 2938 1429 opera
2972 1354 3348 1423 benedicuut,
3372 1374 3545 1430 quem
3578 1358 3692 1414 επιΙί

2052 1440 2401 1515 gloriﬁcant,
2421 1460 2593 1515 quem
2618 1445 2971 1518 Angelornm
2995 1444 3310 1502 multitudo
3331 1446 3693 1512 contuderit,

2054 1548 2395 1604 quaesumus
2424 1536 2501 1599 te,
2535 1538 2601 1589 ut
2629 1533 2783 1590 sicut
2809 1538 2929 1591 tres
2974 1544 3188 1606 pueros
3233 1536 3309 1592 de
3353 1537 3587 1592 camino
3617 1537 3696 1591 in.

2054 1621 2264 1688 cendii,
2288 1638 2405 1677 non
2426 1621 2618 1677 solum
2640 1621 2877 1689 illaesos,
2893 1623 2994 1679 sed
3012 1622 3191 1679 etiam
3210 1622 3271 1679 in
3292 1624 3413 1679 tuis
3432 1623 3698 1682 laudibus

2054 1708 2487 1767 conclamantes
2517 1711 2812 1780 liberasti;
2836 1711 2918 1766 ita
2936 1728 3044 1767 nos
3062 1716 3444 1784 peccaturum
3465 1713 3701 1770 nexibus

2055 1798 2378 1867 obvolutos,
2402 1798 2560 1855 velut
2590 1800 2662 1855 de
2689 1800 2963 1872 voragine
3012 1799 3169 1873 ignis
3196 1801 3452 1873 eripias,
3475 1810 3541 1859 ut
3564 1804 3699 1860 dum

2056 1893 2109 1943 te
2140 1887 2263 1959 pari
2299 1888 2702 1945 benedictione
2730 1887 3064 1954 laudamus,
3086 1890 3530 1963 criminumque
3550 1892 3701 1948 ῆαωο

2056 1994 2206 2046 mas,
2240 1993 2603 2050 operumque
2647 1976 2973 2033 carnalium
3020 1978 3296 2035 incendia
3340 1986 3698 2053 superantes,

2054 2064 2339 2138 hymnum
2372 2065 2477 2121 tibi
2522 2066 2787 2122 debitum
2825 2067 2984 2139 jure,
3017 2067 3345 2140 meritoque
3374 2068 3696 2125 reddamus.

2058 2154 2164 2209 Per
2192 2153 2506 2210 Dominum
2539 2159 2807 2211 nostrum
2837 2160 2948 2229 etc.

2814 2246 2959 2302 Alia.
3186 2312 3193 2321 Α

2129 2334 2417 2407 Deus,qui
2439 2333 2632 2390 tribus
2652 2334 2850 2406 pueris
2874 2334 3155 2409 mitigasti
3182 2335 3458 2392 autimas
3488 2335 3695 2410 ignium

2057 2424 2307 2479 concede
2355 2423 2643 2496 propitius
2701 2440 2803 2496 per
2862 2424 3345 2481 intercessionem
3397 2432 3697 2491 eorum,et

2059 2512 2268 2569 merita
2295 2512 2562 2568 omnium
2585 2517 2923 2569 sanctorum
2944 2517 3206 2581 tuorum,
3235 2519 3302 2570 ut
3327 2531 3436 2590 nos
3464 2500 3698 2570 famulos

2058 2604 2192 2657 tuos
2223 2619 2337 2657 non
2368 2606 2574 2657 exurat
2602 2602 2842 2657 ﬂamma
2867 2602 3148 2668 vitiorum
3187 2608 3368 2676 atque
3397 2608 3696 2660 tormento-

2058 2707 2211 2746 rum.
2247 2690 2353 2746 Per
2384 2690 2721 2757 Dominum,
2755 2694 2866 2763 etc.

2815 2780 2959 2835 Alia.

2128 2867 2400 2924 Actiones
2432 2872 2662 2924 nostras
2710 2885 3053 2940 quaesumus
3099 2858 3369 2936 Domine,
3402 2870 3696 2943 aspirando

2058 2956 2326 3031 praeveni,
2355 2961 2411 3011 et
2438 2948 2768 3028 adjuvando
2791 2952 3161 3029 prosequere,
3186 2956 3252 3013 ut
3280 2958 3476 3015 omnis
3506 2958 3693 3021 oratio,

2057 3049 2115 3102 et
2144 3049 2354 3100 cuncta
2383 3040 2585 3100 nostra
2615 3042 2872 3116 operatio
2919 3062 2954 3100 a
2995 3041 3051 3100 te
3082 3040 3319 3118 semper
3364 3044 3622 3120 incipiat,
3649 3051 3697 3101 et

2060 3150 2163 3206 per
2191 3138 2249 3188 te
2278 3137 2466 3206 empta
2495 3133 2751 3188 ﬁniatur.
2788 3124 2912 3200 Per,
2945 3139 3055 3190 etc.

2512 3223 2752 3295 Explicit
2780 3223 2911 3278 ordo
2936 3223 3003 3279 de
3030 3224 3213 3295 ofﬁcio
3240 3219 3445 3283 lisse.

3058 3368 3229 3402 ,.,
3500 3368 3643 3405 ,Ι

1385 3518 1987 3606 FltAGMEN'l
2022 3518 2202 3606 UM
2267 3517 2628 3605 MlSSzE

578 3666 674 3732 Ab
703 3670 874 3732 initio
906 3690 1087 3753 usque
1115 3669 1200 3732 ad
1226 3670 1650 3751 Euangelium,
1688 3670 1768 3730 ad
1796 3668 1989 3729 instar
2014 3668 2340 3751 superioris
2370 3669 2554 3730 variis
2573 3667 3011 3751 precationibus
3040 3666 3444 3751 interpolatae.

371 3931 580 4006 Incipit
609 3930 761 3989 Ordo
790 3934 1041 4007 qualiter
1078 3936 1260 3990 Missa
1305 3935 1583 3992 celebrari
1634 3936 1859 3993 debeat.
1895 3936 1955 3991 1η

298 4024 504 4096 primis
532 4022 778 4087 sacerdos
807 4022 955 4079 dicat
980 4025 1279 4080 orationem
1307 4024 1757 4104 ad‘calceandum
1785 4043 1861 4081 se.

376 4110 579 4168 Calcea
606 4110 848 4168 Domine
870 4112 1045 4184 pedes
1069 4129 1227 4168 meos
1257 4112 1312 4167 in
1347 4113 1768 4185 praeparatione
1790 4128 1956 4170 evan-

304 4197 439 4275 gelii
482 4199 663 4275 pacis,
696 4205 754 4258 et
799 4204 1036 4274 protege
1090 4218 1180 4257 me
1236 4201 1295 4257 in
1351 4201 1674 4258 velamento
1729 4202 1953 4260 alarum

303 4296 563 4345 tuarum.

374 4379 453 4434 Ad
480 4395 677 4434 manus
706 4366 986 4434 levandas.
1015 4377 1249 4451 Largire
1281 4378 1553 4435 'sensibus
1589 4379 1734 4436 meis
1765 4380 1953 4437 omni-

2062 3940 2120 3992 et
2148 3935 2451 3991 circumda
2481 3946 2574 3989 me
2598 3931 2783 3988 lorica
2810 3926 3194 3988 fertitudlnis.
3234 4006 3237 4007 ν
3454 4010 3457 4011 ν

2136 4025 2226 4080 ,λιιι
2273 4036 2486 4080 zonam.
2530 4021 2772 4077 Domine
2822 4021 3063 4094 aecinge
3117 4021 3175 4076 in
3234 4018 3333 4078 me
3394 4023 3701 4080 custddiim

2064 4111 2280 4169 mentis
2311 4129 2472 4178 meae,
2497 4127 2569 4166 ne
2589 4110 2718 4183 ipsa
2744 4127 2910 4165 mens
2932 4110 3168 4166 infletur
3189 4110 3406 4183 spiritu
3430 4111 3701 4167 elationis.

2063 4205 2271 4258 Amen.

2134 4291 2213 4346 Ad
2240 4289 2455 4346 s'oIam.
2488 4274 2651 4344 Stolo.
2672 4286 2917 4359 justiﬁes
2950 4280 3249 4343 circumda
3270 4281 3525 4347 Domine
3554 4290 3705 4346 arvi-

2069 4390 2194 4436 cem
2228 4392 2443 4443 meam,
2466 4382 2522 4433 et
2542 4378 2614 4432 ab
2636 4376 2795 4433 omni
2818 4372 3190 4449 corruptione
3220 4374 3449 4450 peccati
3482 4379 3707 4453 put-ilics

305 4473 511 4543 potens
544 4467 730 4535 Pater,
756 4472 819 4524 ut
849 4467 1002 4523 sicut
1044 4468 1299 4524 exterius
1343 4467 1665 4524 abluuntur
1695 4468 1962 4543 inquina-
1993 4474 2036 4538 Ι)
2069 4472 2323 4524 mentem
2358 4476 2570 4522 meam.

305 4556 502 4613 menta
532 4574 839 4622 manuum,
861 4556 945 4613 sic
976 4574 1010 4611 a
1030 4557 1085 4612 te
1109 4557 1467 4612 mundentur
1498 4556 1743 4613 interius
1772 4557 1957 4631 pollu-

302 4645 489 4702 tiones
521 4646 754 4712 mentis,
787 4650 845 4701 et
887 4650 1151 4702 crescant
1191 4646 1250 4700 in
1284 4644 1451 4700 nobis
1483 4650 1816 4702 sanctarum
1868 4665 1956 4703 ar-

300 4738 581 4808 gumenta
608 4735 912 4791 virtutum.
944 4735 1048 4789 Per
1078 4732 1375 4790 Christum
1409 4739 1517 4790 etc.

376 4824 464 4879 .4d
492 4824 768 4898 mappam.
802 4823 881 4880 Da
922 4823 1163 4879 Domine
1193 4823 1467 4879 virtutem
1500 4823 1777 4880 manibus
1809 4824 1957 4881 meis

303 4912 373 4969 ad
409 4911 855 4986 abstergendam
883 4930 1119 4968 omnem
1152 4910 1442 4967 maculam
1477 4911 1869 4978 immundam,
1892 4919 1958 4970 ut

305 4996 432 5059 sine
463 5000 782 5073 pollutione
827 5002 1038 5059 mentis
1071 5006 1127 5058 et
1156 5001 1416 5075 corporis
1449 5002 1670 5058 valeam
1703 5002 1809 5058 tibi
1842 5021 1961 5059 ser-

305 5091 444 5147 vire.
475 5090 582 5145 Per
610 5090 929 5147 Christum.

376 5179 455 5235 Ad
481 5180 763 5235 amictum.
788 5180 1089 5237 Obumbra
1118 5180 1357 5236 Domine
1388 5184 1564 5252 caput
1596 5196 1791 5236 meum
1827 5199 1959 5238 um-

304 5265 545 5326 braculo
562 5270 778 5325 sanctae
797 5267 949 5332 ﬁdei,
965 5272 1020 5324 et
1042 5267 1189 5341 pelle
1207 5287 1239 5324 a
1259 5266 1349 5324 me
1372 5268 1574 5325 nubila
1595 5266 1955 5341 ignorantiae.

375 5360 454 5415 Ad
483 5356 685 5414 albam.
719 5356 900 5413 Indue
932 5374 1024 5413 me
1063 5357 1306 5413 Domine
1350 5359 1695 5414 vestimento
1726 5357 1956 5427 salutis,

374 5487 451 5549 (1)
483 5485 561 5539 Ex
594 5483 718 5540 loco
768 5482 946 5538 citato
976 5480 1151 5537 verba
1182 5481 1496 5537 cardinalis
1536 5488 1705 5538 Bonae
1752 5482 1845 5539 hic
1876 5484 1959 5539 si-

302 5557 515 5610 stimus
551 5572 562 5610 :
590 5582 613 5604 u
646 5555 793 5610 illud
827 5556 1018 5609 autem
1053 5552 1162 5606 hoc
1189 5553 1316 5626 loco
1348 5571 1461 5626 non
1497 5561 1584 5608 est
1616 5556 1958 5626 praetermit-

305 5628 567 5692 tendum,
602 5627 753 5697 quod
790 5641 922 5681 cum
952 5640 1155 5678 omnes
1189 5623 1465 5677 lntroitus
1497 5642 1564 5679 ex
1596 5623 1957 5695 psalmorum

2138 4558 2215 4612 Ad
2244 4557 2508 4633 casulam.
2540 4546 2723 4611 Indue
2756 4560 2849 4609 me
2879 4553 3126 4611 Domine
3155 4550 3509 4613 ornamento
3534 4556 3709 4614 humi.

2064 4646 2269 4713 litatis,
2295 4643 2616 4711 cheruntis,
2639 4648 2697 4699 et
2720 4644 2904 4716 pacis,
2932 4649 2998 4699 ut
3018 4638 3285 4718 namque
3298 4646 3591 4702 munitus
3614 4648 3709 4701 Vin

2064 4733 2292 4790 tatibus
2322 4733 2540 4806 possim
2583 4731 2851 4788 resistere
2879 4732 3055 4802 vitiis,
3076 4737 3133 4789 et
3180 4733 3462 4792 hostibus
3500 4735 3710 4792 mentis

2064 4828 2119 4880 et
2151 4823 2432 4896 corporis.

2136 4912 2215 4968 Ad
2243 4911 2611 4983 manipulum.
2644 4909 2729 4967 Da
2758 4900 2901 4966 mihi
2939 4902 3186 4968 Domine
3216 4928 3465 4969 sensum
3500 4918 3705 4970 rectum

2066 5004 2124 5058 et
2151 5014 2347 5057 vocem
2381 4996 2614 5073 puram,
2637 5003 2702 5054 ut
2724 4997 2971 5071 implere
3000 4999 3225 5072 possim
3261 4999 3504 5057 laudem
3534 5006 3705 5059 tuam.

2066 5086 2271 5146 Amen.

2141 5176 2342 5235 Deinde
2391 5182 2577 5234 tentet
2631 5182 2756 5232 cum
2812 5173 3292 5235 circumstantibus
3348 5169 3572 5236 δυνεώ

2062 5269 2324 5343 psalmos,
2358 5284 2535 5339 quam
2590 5265 2889 5336 amabilia,
2928 5267 2997 5322 id
3042 5274 3123 5322 est
3164 5268 3318 5323 Petti.
3350 5269 3711 5341 animae“

2066 5360 2148 5415 sic
2177 5359 2375 5430 incipit
2402 5358 2462 5412 in
2492 5358 2734 5412 versione
2776 5355 2968 5411 Italim
2999 5356 3076 5428 (1)
3103 5359 3421 5430 et‘pmpria
3467 5360 3713 5415 Rarum

2067 5480 2332 5538 versibus
2375 5485 2439 5558 ut
2485 5477 2808 5551 plurimum
2836 5476 3176 5558 _c-or_npo_siti
3234 5479 3708 5558 sint,'Gre'gorius

2068 5571 2266 5609 eorum
2293 5550 2501 5607 auctor
2527 5569 2639 5606 non
2674 5567 2803 5606 eam
2836 5550 3097 5615 Psaltérii
3127 5552 3456 5609 versionem
3489 5550 3706 5610 secutus

2069 5632 2319 5695 est,qua
2366 5622 2536 5678 hodie
2585 5628 2789 5678 omnes
2816 5621 3088 5679 Ecclest'e
3132 5616 3197 5679 in
3244 5618 3468 5680 divitiis
3517 5622 3704 5680 ofﬁciis
