3868 6204
290 344 443 413 1339

1065 347 1400 412 APPEND.
1446 350 1548 412 AD
1591 348 1779 413 SEC.
1824 346 1896 410 X.
1929 380 2010 396 -
2037 346 2538 420 MONUMENTA
2579 360 2891 426 LITUBG.

3543 366 3699 431 1340'

289 485 446 549 itum,
479 482 733 556 procedat
763 483 1111 540 antecedente
1136 473 1259 539 eum
1292 484 1537 551 diacono,
1564 493 1616 540 et
1657 489 1784 540 ante
1812 502 1938 541 eum
1963 481 2023 553 Α
2050 497 2249 546 mento.
2281 492 2553 550 Diaeonus
2582 512 2706 553 vero
2733 498 2968 570 accipiat
3015 498 3367 555 thuribulum
3390 499 3480 555 de
3522 517 3677 556 manu

284 574 610 631 subdiacono
638 590 764 629 eum
794 574 932 628 libro
971 574 1259 645 evangelii,
1292 578 1345 628 ct
1385 579 1512 630 ante
1540 574 1933 630 subdiaconum

286 664 534 737 acolytho
562 680 685 718 cum
714 663 1120 735 thymiamate;
1148 667 1276 717 ante
1309 679 1466 735 quem
1512 663 1616 717 duo
1661 664 1766 718 alii
1811 680 1931 718 aco-

287 756 427 827 lythi
466 752 775 825 praecedant
817 768 939 806 cum
982 752 1324 807 candelabris
1370 759 1421 807 et
1463 753 1851 817 tuminaribus,
1882 761 1933 808 et

282 846 362 899 sic
390 842 640 897 ordinate
667 844 863 894 exeant
892 858 925 894 α
967 841 1266 896 Secretario
1296 858 1422 896 cum
1452 843 1784 913 Antiphona,
1818 843 1931 897 Re-

285 931 441 986 dime
471 947 564 985 me
594 933 649 985 et
671 929 944 983 miserere
977 929 1111 993 mei,
1136 934 1201 985 ut
1231 930 1288 984 in
1314 930 1573 986 ecclesiis
1591 931 1929 987 benedicam

282 1025 337 1076 te
372 1020 525 1075 Deus
558 1016 731 1073 Israel
769 1036 781 1072 :
812 1022 863 1072 et
894 1019 1113 1072 Psalmo
1141 1018 1350 1074 Judica
1382 1036 1473 1074 me
1504 1018 1761 1085 Domine,
1793 1037 1930 1091 quo-

282 1109 440 1165 niam
471 1124 577 1179 ego
608 1108 665 1161 in
715 1106 1048 1161 innocentia
1085 1124 1213 1162 mea
1244 1107 1545 1180 ingressus
1577 1125 1708 1164 sum
1746 1126 1757 1163 :
1790 1117 1843 1165 et
1870 1114 1930 1164 ut

276 1199 622 1272 pervenerint
648 1204 773 1251 ante
801 1196 975 1251 altare
1008 1198 1282 1267 incipiant
1312 1200 1593 1252 Psalmum
1620 1215 1743 1252 cum
1775 1199 1932 1253 Anti-

275 1290 455 1361 phona
488 1285 744 1341 Introibo
774 1285 845 1340 ad
878 1283 1059 1340 altare
1090 1286 1211 1340 Dei.
1247 1286 1645 1353 Psal.,Judica
1662 1304 1754 1342 me
1781 1292 1927 1343 Deus

280 1383 338 1434 et
363 1377 626 1432 discerne
675 1391 911 1429 causam
958 1391 1171 1441 meam,
1232 1392 1355 1430 cum
1415 1374 1610 1431 Gloria
1668 1376 1843 1443 Patri,
1875 1381 1928 1432 et

278 1468 549 1540 repetitur
572 1465 899 1535 Antiphcna.
937 1464 1144 1519 Deinde
1174 1466 1435 1520 inclinati
1459 1465 1673 1539 faciant
1713 1468 1926 1537 confes-

274 1559 483 1613 sionem
527 1554 755 1609 diacono
800 1557 980 1608 stante
1019 1552 1089 1607 ad
1135 1554 1415 1610 dexteram
1458 1555 1749 1610 sacerdotis
1802 1571 1925 1610 cum

273 1644 550 1715 Acolytho,
610 1645 663 1696 et
720 1640 1084 1695 subdiaconus
1131 1659 1165 1695 a
1213 1643 1457 1697 sinistris
1507 1648 1685 1699 teneat
1723 1644 1923 1699 librum

274 1732 552 1801 evangelii
569 1734 758 1786 contra
779 1730 975 1800 faciem
1006 1730 1142 1800 ejus.

814 1872 1072 1944 Sequitur
1098 1872 1379 1943 confessio.
1927 1848 1975 1913 Β

346 2019 635 2075 Confiteor
669 2020 777 2070 Deo
827 2013 1235 2087 omnipotenti,
1274 2019 1331 2070 et
1384 2015 1531 2080 istis,
1563 2021 1617 2071 et
1648 2017 1923 2074 omnibus

275 2108 496 2167 sanctis
523 2107 671 2177 ejus,
693 2109 750 2160 et
779 2103 944 2158 vobis
967 2102 1266 2168 fratribus,
1286 2103 1423 2175 quia
1451 2121 1556 2175 ego
1588 2106 1766 2161 miser
1791 2122 1918 2177 pec-

274 2196 395 2252 cavi
430 2194 607 2250 nimis
636 2193 695 2247 in
722 2191 847 2264 lege
876 2190 975 2246 Dei
1004 2191 1116 2246 mei
1148 2191 1513 2263 cogitatione,
1548 2209 1833 2257 sermone,
1868 2200 1924 2250 et

273 2300 464 2356 opere,
498 2281 816 2356 pollutione
847 2280 1061 2336 mentis
1092 2287 1148 2335 et
1178 2281 1521 2353 corporis,et
1550 2281 1608 2336 in
1649 2284 1923 2341 omnibus

273 2373 468 2439 malis,
502 2370 719 2443 quibus
748 2369 1010 2424 humana
1051 2368 1334 2441 fragilitas
1385 2371 1769 2427 contaminari
1819 2390 1922 2445 po-

270 2466 405 2522 test.
438 2464 743 2534 propterea
772 2474 976 2530 precor
1003 2474 1124 2523 vos,
1154 2462 1219 2513 ut
1248 2458 1424 2514 oretis
1454 2476 1558 2531 pro
1584 2476 1676 2515 me
1710 2459 1923 2517 misero

270 2553 588 2624 peccatore.

340 2637 620 2694 Precibus
649 2639 707 2690 et
737 2632 963 2689 meritis
991 2639 1201 2689 sanctae
1233 2634 1333 2690 Dei
1378 2634 1677 2707 genitricis
1707 2641 1762 2692 et
1790 2637 1920 2692 Vir-

268 2726 423 2801 ginis
453 2725 645 2780 Μαι-ἰεῦ
675 2727 732 2779 et
760 2722 1024 2778 omnium
1075 2726 1409 2779 sanctorum
1460 2741 1702 2780 suorum
1745 2726 1918 2782 mise-

268 2820 466 2872 reatur
491 2812 654 2869 vobis
683 2812 1055 2884 omnipotens
1106 2812 1405 2877 Dominus,
1438 2817 1495 2867 et
1533 2813 1792 2869 dimittat
1819 2832 1917 2870 vo-

267 2905 359 2960 bis
389 2902 589 2958 omnia
613 2904 847 2975 peccata
875 2904 1067 2955 vestra
1098 2899 1719 2973 prmterita,pr:nsentia
1747 2908 1804 2957 et
1834 2904 1919 2958 fu-

267 2999 441 3049 tura:
477 2991 684 3047 liberet
712 3006 815 3045 vos
866 2989 937 3043 ab
983 2988 1140 3044 omni
1191 2988 1366 3056 malo,
1399 2995 1700 3047 conservet
1726 3009 1827 3048 vos
1858 2993 1915 3047 in

266 3082 425 3139 omni
457 3097 628 3153 Opere
658 3079 830 3145 bono,
863 3081 917 3134 et
948 3078 1229 3150 perducat
1266 3095 1370 3134 nos
1402 3079 1620 3151 pariter
1648 3080 1916 3138 Christus

266 3170 448 3229 Filius
477 3170 576 3225 Dei
608 3168 717 3223 vivi
748 3166 808 3222 in
838 3166 1015 3221 vitam
1049 3171 1345 3222 aeternam.
1375 3169 1581 3224 Anien.

338 3258 768 3331 lndulgentiam
786 3261 844 3311 et
855 3255 1279 3311 absolutionem
1298 3260 1355 3311 et
1370 3257 1775 3314 remissionem
1799 3276 1917 3314 om-

264 3350 428 3406 nium
459 3351 829 3420 peccatorum
852 3347 1211 3412 nostrorum,
1243 3349 1301 3400 et
1335 3345 1589 3417 spatium
1622 3363 1766 3402 vera:
1798 3365 1916 3420 pcn-

262 3428 515 3494 nitentiae
566 3452 666 3508 per
722 3433 1197 3489 intercessionem
1253 3434 1518 3491 omnium
1577 3441 1913 3493 sanctorum

261 3543 503 3584 suorum
536 3525 757 3580 tribuat
787 3522 958 3578 nobis
987 3523 1379 3594 omnipotens,
1413 3524 1565 3595 pius,
1599 3530 1654 3581 et
1685 3526 1914 3581 miseri-

262 3633 390 3672 cors
411 3613 715 3669 Dominus.
748 3614 949 3666 Amen.

338 3707 482 3760 l'ers.
514 3703 792 3758 Converte
839 3717 945 3756 nos
993 3700 1146 3756 Deus
1195 3700 1473 3758 salutaris
1504 3706 1719 3759 noster.
1753 3708 1909 3776 Resp.

262 3794 329 3848 Et
356 3792 549 3846 averte
572 3787 721 3843 iram
751 3791 913 3842 tuam
946 3804 979 3843 a
1010 3787 1197 3844 nobis.

332 3878 581 3951 Dignare
612 3874 856 3931 Domine
881 3875 972 3931 die
1000 3875 1114 3931 ista
1143 3877 1271 3932 sine
1312 3884 1546 3949 peccato
1579 3896 1684 3935 nos
1715 3884 1908 3936 custo-

261 3970 405 4025 dire.

331 4056 458 4113 Fiat
486 4051 729 4109 Domine
762 4051 1162 4108 misericordia
1189 4056 1291 4109 tua
1319 4072 1495 4128 super
1526 4075 1630 4113 nos
1664 4076 1677 4113 :
1707 4075 1909 4131 quem-

259 4143 577 4202 admodum
612 4139 973 4214 speravimus
1006 4139 1062 4195 in
1096 4146 1170 4212 te,

330 4231 573 4289 Domine
589 4229 796 4287 exaudi
825 4230 1147 4285 orationem
1171 4248 1382 4287 meam.
1412 4234 1480 4288 Et
1504 4232 1724 4290 clamor
1745 4252 1912 4291 meus

259 4324 330 4380 ad
365 4327 417 4378 te
441 4318 651 4376 veniat.

964 4435 1212 4490 Oremus.

328 4550 505 4609 Aufer
529 4569 563 4607 a
593 4551 760 4607 nobis
791 4567 1131 4623 quaesumus
1163 4550 1406 4608 Domine
1435 4552 1776 4625 iniquitates
1807 4570 1912 4610 no-
1939 4578 1990 4645 D

258 4646 431 4708 stras,
464 4645 529 4696 ut
575 4640 646 4695 ad
695 4640 909 4695 Sancta
964 4642 1307 4695 Sanctorum
1365 4634 1531 4713 puris
1581 4658 1914 4698 mereamur

259 4731 556 4787 mentibus
580 4728 839 4783 introire.
872 4728 1092 4783 Exaudi
1124 4745 1466 4800 quzesumus
1496 4730 1739 4787 Domine
1772 4748 1912 4803 sup-

258 4820 477 4893 plicum
512 4834 732 4891 preces,
765 4821 822 4872 et
850 4817 1255 4873 conﬁtentium
1287 4817 1394 4873 tibi
1434 4835 1606 4891 parce
1634 4820 1909 4891 peccatis,

258 4913 321 4965 ut
347 4908 562 4981 pariter
600 4907 770 4963 nobis
817 4905 1246 4979 indulgentiam
1274 4907 1501 4963 tribuas
1532 4908 1826 4982 benignus
1858 4917 1914 4966 et

257 5012 481 5070 pacem.
514 4994 621 5050 Per
653 4994 982 5063 Dominum,
1015 4999 1125 5052 etc.

329 5085 544 5158 Quibus
575 5084 802 5154 expletts
830 5084 1201 5140 subdiaconus
1250 5089 1501 5157 apertum
1538 5086 1742 5141 librum
1766 5103 1912 5158 pra:-

258 5175 379 5230 beat
406 5171 679 5227 sacerdoti
704 5172 1078 5227 osculandum.
1116 5175 1362 5229 Oscula.o
1392 5183 1575 5230 autem
1607 5177 1907 5244 evangelio,

255 5262 397 5336 quod
426 5277 485 5317 eo
515 5260 605 5316 die
635 5260 920 5330 legendum
947 5268 1041 5329 est,
1074 5263 1221 5317 dicar
1250 5282 1271 5316 .-
1304 5267 1421 5318 Pax
1462 5262 1697 5331 Christi,
1731 5280 1909 5335 quam

255 5349 424 5407 nobis
456 5366 557 5422 per
586 5347 951 5420 evangelium
984 5367 1156 5405 suum
1197 5350 1459 5418 tradidit,
1507 5357 1809 5408 conservet
1856 5358 1912 5408 et

256 5439 561 5496 conﬁrmet
590 5436 764 5492 corda
782 5441 983 5492 nostra
999 5442 1055 5492 et
1083 5439 1396 5511 eorporain
1411 5439 1591 5495 vitam
1608 5445 1906 5497 mternam.

255 5532 465 5584 Amen.
506 5528 570 5581 Et
599 5525 962 5581 subdiaconus
999 5527 1255 5582 claudens
1304 5529 1509 5582 librum
1550 5534 1719 5600 ponat
1747 5547 1911 5601 super

256 5619 432 5671 altare
464 5618 519 5670 in
548 5616 773 5669 sinistro
801 5631 990 5669 cornu.
1027 5617 1161 5671 Cum
1190 5632 1310 5670 vero
1342 5617 1645 5686 inceperint
1663 5620 1720 5673 in
1748 5619 1909 5676 choro

258 5703 428 5774 Kyrie
458 5701 695 5770 eleison,
730 5702 973 5775 acolythi
1000 5703 1269 5775 deponant
1298 5704 1622 5763 candelabra
1657 5710 1717 5762 in
1747 5711 1905 5780 pavi-

2041 580 2291 651 acolythi
2318 589 2370 637 et
2395 584 2650 642 accedens
2674 588 2952 643 osculetur
2977 589 3176 653 altare,
3211 605 3377 660 quem
3411 590 3677 662 subsequi-

2042 675 2132 723 tur
2157 670 2425 739 sacerdos,
2457 680 2510 728 et
2537 674 2839 731 inclinatus
2868 685 2982 733 oret
3004 680 3164 750 prius
3188 678 3517 749 hujusmodi.

2110 759 2194 813 Ad
2225 763 2280 815 te
2313 759 2638 819 Plasmator
2665 780 2853 831 meus,
2877 767 3217 838 redemptor
3247 768 3678 833 meus,salvator

2042 863 2229 915 meus,
2262 865 2368 922 ego
2400 852 2769 909 miserrimus
2795 871 2999 911 servus
3029 859 3170 912 tuus
3198 857 3273 911 ad
3303 861 3359 913 te
3385 856 3572 913 cordis
3590 859 3677 913 dc-

2038 938 2269 993 votione
2299 940 2590 1013 confugio.
2622 943 2705 997 Tu
2739 944 2878 1016 quia
2908 945 3041 1017 pius
3068 962 3132 1001 es
3183 946 3457 1002 miserere
3488 948 3600 1002 mei
3624 952 3677 1002 et

2040 1027 2270 1099 suscipe
2301 1030 2726 1087 confessionem
2750 1049 2941 1089 meam
2969 1034 3289 1107 unicaspes
3304 1034 3675 1099 salutismec,

2039 1115 2282 1173 Domine
2310 1119 2466 1175 Deus
2511 1137 2697 1178 meus.
2727 1122 2872 1178 Nam
2923 1122 3092 1195 gulae,
3124 1122 3439 1191 ebrietatis,
3473 1130 3528 1180 et
3556 1142 3675 1181 cra-

2039 1204 2191 1277 palm
2221 1207 2376 1263 vitiis
2406 1209 2668 1281 quotidie
2698 1211 2824 1267 sine
2856 1211 3288 1269 intermissione
3316 1214 3596 1284 deservio,
3625 1221 3673 1270 et

2037 1295 2309 1352 delector.
2334 1298 2779 1367 Fornicationis,
2807 1300 3233 1373 pollutionis,et
3260 1300 3521 1357 libidinis
3536 1307 3674 1359 ater-

2036 1383 2271 1442 coribus
2300 1387 2371 1442 ab
2401 1386 2530 1459 ipsa
2559 1404 2704 1460 pene
2735 1388 2983 1461 pueritia
3011 1391 3371 1462 putrefactus
3404 1406 3538 1447 sum
3573 1409 3587 1446 :
3619 1400 3675 1447 et

2035 1475 2195 1529 omni
2227 1476 2508 1548 spurcitia
2536 1482 2596 1533 et
2624 1478 3000 1534 immunditia
3029 1477 3295 1535 libidinis
3322 1479 3483 1535 intus
3524 1485 3672 1536 exte-

2034 1563 2275 1635 riusque
2304 1564 2632 1621 maculatus
2670 1582 2825 1622 sum.
2855 1567 3117 1623 Tristitia
3164 1567 3415 1634 accedis,
3448 1585 3675 1624 somno-

2035 1649 2235 1717 lentia,
2269 1652 2593 1719 iracundia,
2634 1655 3127 1726 concupiscentia,
3157 1656 3497 1728 cupiditate,
3546 1675 3673 1714 ava-

2035 1740 2188 1806 ritia,
2223 1741 2459 1808 invidia,
2492 1743 2736 1810 malitia,
2758 1744 3669 1818 odio,detractione,suspicione,
3724 1784 3745 1805 .

2034 1830 2427 1898 simulatione,
2477 1833 2754 1905 perjurio,
2803 1832 3077 1902 falsitate,
3130 1834 3454 1906 mendacio,
3496 1834 3669 1908 negli-

2031 1920 2250 1991 gentia,
2298 1920 2715 1989 inobedientia,
2766 1939 2915 1978 vana
2943 1921 3148 1996 gloria,
3195 1922 3444 1990 levitate,
3476 1941 3541 1979 ac
3574 1941 3667 1980 su-

2032 2007 2231 2079 perbia
2280 2010 2542 2082 perditus
2589 2027 2723 2066 sum
2757 2029 2771 2066 :
2805 2015 2862 2066 et
2910 2011 3070 2067 omni
3125 2011 3281 2067 mala
3309 2013 3666 2086 cogitatione,

2030 2096 2343 2165 locutione,
2387 2099 2507 2154 sive
2554 2100 2800 2168 actione,
2848 2104 3025 2173 atque
3069 2101 3348 2157 omnibus
3396 2102 3561 2158 malis
3614 2107 3667 2157 et

2031 2186 2447 2259 iniquitatibus
2475 2188 2766 2245 extinctus
2797 2205 2951 2245 sum.
2985 2190 3095 2245 Sed
3129 2193 3191 2245 tu
3242 2190 3345 2262 qui
3385 2190 3668 2261 justiﬁcas

2031 2274 2244 2348 impios
2273 2281 2331 2332 et
2358 2276 2614 2333 viviﬁcas
2647 2278 3188 2349 mortuos,justiflca
3218 2294 3313 2335 me
3328 2279 3666 2335 etresuscita

2031 2382 2124 2420 me
2154 2365 2398 2421 Domine
2427 2366 2582 2422 Deus
2613 2383 2799 2423 meus.

2100 2455 2304 2510 Deinde
2328 2459 2517 2524 surgat
2546 2460 2599 2511 et
2628 2456 2899 2511 osculetur
2931 2457 3108 2511 altare
3133 2456 3321 2513 dicens
3349 2475 3372 2511 .·
3401 2457 3664 2529 Omnipo-

2031 2547 2161 2599 tens
2190 2544 2545 2616 sempiterne
2586 2543 2761 2611 Deus,
2795 2544 2894 2617 qui
2943 2561 3037 2601 me
3080 2550 3443 2617 peccatorem
3493 2546 3665 2601 sacris

2028 2631 2312 2689 altaribus
2341 2637 2529 2689 astare
2558 2632 2812 2705 voluisti,
2836 2636 2893 2689 et
2922 2635 3107 2689 sancti
3138 2633 3396 2691 nominis
3422 2636 3507 2690 tui
3535 2634 3654 2690 lau-

2027 2722 2163 2778 dare
2194 2723 2533 2796 potentiam,
2565 2722 2815 2779 concede
2846 2740 3188 2795 quaesumus
3229 2741 3335 2796 per
3378 2724 3552 2796 hujus
3577 2741 3664 2780 sa~

2026 2812 2309 2867 cramenti
2339 2811 2681 2884 mysterium
2713 2828 2980 2869 meorum
3012 2812 3156 2867 mihi
3198 2812 3429 2870 veniam
3478 2830 3661 2886 pecca-

2025 2905 2239 2967 torum,
2272 2903 2339 2956 ut
2365 2904 2476 2955 tum
2527 2901 2818 2972 maiestati
2847 2901 3022 2973 digne
3051 2900 3389 2957 ministrare
3416 2917 3652 2958 merear.

2025 2994 2153 3054 Per,
2185 2993 2296 3045 etc.

2096 3080 2163 3133 Et
2207 3079 2285 3133 sic
2328 3082 2541 3150 accepto
2586 3077 2866 3134 thuribulo
2913 3077 2976 3134 de
3022 3096 3200 3135 manu
3244 3079 3467 3136 diaconi
3504 3082 3668 3152 faciat

2030 3170 2310 3223 incensum
2338 3183 2502 3238 super
2528 3167 2720 3233 altare,
2753 3175 2807 3222 et
2840 3167 3031 3224 reddat
3074 3169 3243 3223 etiam
3287 3168 3515 3225 diacono
3546 3185 3665 3241 por-

2028 3258 2210 3326 rigens
2262 3257 2316 3312 ei
2360 3256 2623 3312 osculum.
2676 3256 2948 3311 Diaconus
2992 3271 3119 3313 vero
3168 3258 3341 3328 faciat
3397 3259 3668 3313 incensum

2020 3348 2230 3402 circum
2259 3346 2453 3411 altare,
2487 3353 2539 3400 et
2566 3360 2811 3401 reversus
2838 3345 3054 3401 odorem
3090 3347 3341 3418 praebeat
3386 3345 3664 3412 sacerdoti,

2021 3435 2338 3507 redditoque
2365 3434 2649 3490 thuribulo
2680 3434 2927 3506 acolytho
2954 3438 3055 3490 stet
3096 3438 3215 3499 post
3236 3434 3589 3500 sacerdotem,
3618 3438 3664 3488 et

2020 3525 2385 3581 subdiaconus
2432 3532 2575 3580 retro
2622 3528 2743 3595 post
2790 3541 2933 3578 eum.
2965 3524 3167 3580 Finitis
3214 3525 3279 3578 in
3315 3524 3479 3579 choro
3506 3522 3665 3595 Kyrie

2020 3614 2259 3679 eleison,
2304 3615 2355 3668 si
2399 3621 2607 3684 tempus
2652 3614 2844 3683 fuerit,
2893 3612 3043 3668 dicat
3084 3613 3334 3668 sacerdos
3381 3612 3577 3667 Gloria
3612 3612 3664 3666 in

2019 3702 2261 3759 excelsis
2285 3703 2421 3758 Deo.
2461 3700 2667 3757 Deinde
2710 3717 2894 3757 versus
2940 3700 3012 3757 ad
3060 3702 3347 3773 populum,
3401 3716 3525 3757 cum
3569 3717 3666 3773 quo

2016 3793 2156 3848 verti
2183 3791 2334 3848 debet
2378 3799 2429 3847 et
2475 3791 2735 3847 diaconus
2785 3789 2933 3845 dicat
2962 3790 3247 3846 Dominus
3286 3789 3586 3846 vobiscum
3614 3796 3665 3844 et

2016 3883 2338 3937 orationem.
2369 3881 2488 3949 Qua
2514 3879 2660 3936 dicta
2684 3879 3046 3936 subdiaconus
3073 3884 3267 3935 contra
3305 3880 3485 3935 altare
3534 3880 3666 3948 legat

2016 3970 2322 4042 epistolam,
2372 3986 2538 4041 quam
2585 3968 2718 4023 dum
2764 3969 2977 4039 incipit,
3017 3966 3268 4022 sacerdos
3311 3971 3367 4023 et
3412 3966 3662 4021 diaconus

2015 4058 2238 4114 sedeant
2268 4060 2325 4113 in
2354 4057 2616 4113 sedilibus
2643 4058 2759 4112 suis
2791 4055 2863 4111 ad
2891 4055 3173 4113 dexteram
3200 4059 3419 4127 partem
3445 4055 3656 4119 altaris,

2009 4149 2178 4220 justo
2206 4163 2337 4219 quos
2366 4152 2418 4202 et
2444 4145 2811 4202 subdiaconus
2855 4149 2977 4218 post
3030 4146 3225 4199 lectam
3273 4145 3557 4215 epistolam
3581 4158 3661 4196 se-

2017 4238 2159 4293 deat.
2192 4235 2395 4293 Deinde
2416 4240 2651 4311 canatur
2679 4234 2969 4299 Graduale,
3006 4233 3267 4301 Alleluia,
3303 4233 3386 4288 vel
3440 4234 3661 4293 Tractus,

2017 4343 2115 4383 seu
2167 4325 2470 4397 Qequentia.
2504 4324 2730 4379 Interim
2775 4338 2900 4379 vero
2948 4321 3166 4378 dicatur
3210 4339 3243 4376 α
3285 4319 3561 4376 sacerdote
3586 4319 3660 4372 net

2017 4416 2291 4471 ministris
2320 4416 2444 4471 ista
2472 4414 2760 4469 orationes.

2742 4528 2948 4584 Oratio.

2092 4644 2518 4719 Benignissime
2539 4658 2606 4699 ac
2635 4636 3581 4704 misericordissime,serenissime
3598 4651 3659 4689 ac

2021 4733 2479 4791 clementissime
2509 4731 2685 4799 Deus,
2717 4731 2810 4786 cui
2841 4730 3035 4786 omnis
3059 4726 3324 4801 angelica
3352 4724 3660 4781 famulatur

2019 4822 2441 4894 virtus,cuique
2470 4819 2749 4893 quicquid
2777 4822 3048 4875 sanctum
3068 4821 3126 4871 et
3150 4816 3440 4871 mundum
3464 4818 3549 4869 est
3571 4812 3661 4868 ob-

2021 4911 2308 4985 sequitur,
2342 4912 2475 4965 ante
2523 4911 2904 4980 conspectum
2952 4905 3159 4961 divina:
3200 4902 3527 4975 majestatis
3554 4907 3658 4956 tum

2021 4999 2233 5057 assiste
2263 5015 2421 5065 reus,
2454 4995 2809 5054 sacrosancti
2850 4992 3112 5067 mysterii
3161 4995 3478 5065 usurpator
3523 4989 3659 5047 satis

2020 5090 2301 5163 indignus
2334 5103 2348 5143 :
2381 5086 2525 5158 quin
2555 5089 2613 5141 et
2640 5084 2908 5140 invocare
2937 5087 3208 5139 sanctum
3239 5097 3307 5137 ac
3342 5076 3661 5135 venerabile

2019 5195 2232 5235 nomen
2262 5181 2432 5232 tuum
2463 5191 2579 5230 non
2610 5190 2744 5228 sum
2773 5172 3040 5240 idoneus,
3063 5170 3281 5243 quippe
3298 5168 3401 5241 qui
3433 5167 3658 5224 sumin-

2018 5263 2484 5323 numerabilibus
2522 5260 2868 5318 criminibus
2908 5262 3320 5332 praegravatus,
3352 5255 3654 5329 superbia-

2019 5356 2279 5421 inﬂatus,
2330 5342 2646 5407 cenodoxia
2690 5348 2986 5421 turgidus,
3030 5345 3250 5401 invidia
3322 5342 3658 5405 demolitus,

2020 5442 2219 5501 acedia
2249 5439 2540 5507 anxiatus,
2573 5436 2815 5492 libidine
2847 5435 3128 5502 fracidus,
3150 5432 3387 5488 lascivia
3419 5428 3662 5486 dissolu-

2017 5538 2135 5599 tus,
2168 5528 2471 5587 iracundia
2502 5524 2861 5590 stimulatus,
2893 5524 3025 5580 odio
3071 5524 3448 5587 inveteratus,
3481 5519 3662 5574 detra~

2019 5623 2208 5678 ctione
2234 5612 2818 5692 perditus,protervia
2844 5611 3131 5681 tumidus,
3160 5609 3383 5667 ventris
3415 5605 3661 5681 ingluvie

2018 5717 2075 5769 et
2103 5709 2251 5783 gulae
2277 5706 2538 5781 appetitu
2572 5698 3251 5771 immoderatus,fallacia
3280 5696 3665 5771 repletus,im-
