3868 6204
167 343 323 406 1341
1439 340 1694 403 ΕΒΑΕΜ

1439 338 1994 403 FRAGMENTUM
2040 339 2316 406 MISSE.

167 476 469 534 munditia
500 477 850 545 sordidatus,
885 493 1080 534 amore
1105 474 1297 533 saeculi
1321 474 1497 532 nimis
1527 475 1816 545 detentus,
1852 473 1909 542 Α
1933 477 2142 530 Sancta
2172 476 2354 532 Mater
2384 476 2631 545 Domini,

167 569 417 624 avaritia
444 568 719 636 irretitus,
736 569 1019 641 jactantia
1047 568 1254 633 elatus,
1288 568 1577 639 hypocrisi
1611 568 1822 623 subdo-

163 656 284 725 lus,
321 659 688 713 contentione
719 656 1241 729 pertinacissimus,
1275 656 1568 712 discordia
1591 656 1822 710 fraudu-

161 745 388 814 lentus,
421 746 822 801 susurratione
870 746 1371 818 promptissimus,
1418 762 1655 800 rancore
1706 762 1823 799 cor-

160 834 259 888 dis
291 840 349 889 et
378 834 863 906 pusillanimitate
909 836 1231 899 aﬁ'ectatus,
1283 840 1510 906 torpore
1552 835 1818 907 ignavus,

160 923 221 977 in
246 924 1370 994 jurandoinconsideratus,scurrilitate
1393 924 1817 989 assiduus,ver-

160 1011 255 1068 bis
288 1013 493 1069 otiosis
519 1018 575 1069 et
604 1013 918 1085 superﬂuis
964 1017 1138 1085 atque
1185 1011 1516 1073 criminosis
1565 1012 1817 1076 deditus,

160 1102 548 1158 fornicatione
572 1107 691 1157 tam
709 1101 995 1174 spirituali
1041 1118 1216 1173 quam
1249 1100 1529 1172 corporali
1570 1100 1821 1172 graviter

160 1191 449 1262 pollutus,
482 1196 537 1246 et
564 1190 624 1245 in
654 1192 880 1246 cunctis
910 1190 1304 1262 voluptatibus
1351 1190 1409 1244 in
1461 1189 1677 1261 quibus
1707 1188 1816 1243 liu-

161 1297 343 1336 mana
376 1279 661 1352 fragilitas
691 1279 804 1334 labi
828 1284 1016 1352 potest
1035 1280 1361 1335 miserrime
1380 1278 1774 1351 praecipitatus
1800 1296 1814 1341 ;

159 1375 218 1425 et
252 1370 313 1424 in
345 1368 622 1424 omnibus
650 1368 889 1425 omnino
936 1368 1095 1423 vitiis
1143 1372 1313 1440 atque
1355 1368 1725 1433 criminibus,
1757 1366 1816 1421 in

159 1458 387 1531 quibus
414 1457 745 1530 cogitando,
794 1457 1085 1530 loquendo
1133 1462 1190 1512 et
1225 1458 1539 1529 operando,
1590 1456 1816 1528 peccari

156 1550 375 1618 potest,
408 1562 603 1600 coram
642 1545 907 1601 examine
952 1543 1239 1616 aequitatis
1288 1550 1398 1598 tua;
1447 1560 1539 1598 me
1568 1542 1818 1615 graviter

157 1650 439 1706 peccasse
467 1639 527 1691 et
552 1649 716 1688 reum
746 1650 875 1689 esse
906 1649 1254 1705 recognosco
1284 1637 1341 1687 et
1375 1633 1670 1688 conﬁteor.
1704 1632 1815 1686 Sed

158 1728 221 1779 tu
259 1722 526 1795 piissime
551 1727 607 1778 et
638 1721 1184 1777 misericordissima
1234 1726 1401 1787 Deus,
1446 1737 1516 1776 ne
1546 1722 1726 1776 intres
1755 1720 1813 1774 in

149 1812 452 1883 judicium
483 1829 618 1867 cum
653 1828 817 1867 servo
848 1816 969 1877 tuo,
1002 1811 1140 1882 quia
1170 1810 1727 1882 nonjustiﬁcabitur
1757 1810 1815 1864 in
1848 1845 1893 1910 Β

158 1906 481 1973 conspectu
513 1906 612 1955 tuo
638 1900 831 1955 omnis
884 1900 1059 1955 homo
1084 1900 1301 1965 vivens,
1330 1900 1545 1977 quippe
1589 1900 1685 1971 qui
1728 1905 1817 1954 est

162 1992 695 2059 fcenumarescens,
720 1994 777 2044 et
811 1989 1207 2061 corruptibilis
1245 2006 1400 2055 caro,
1443 1988 1815 2060 quotidieque

161 2080 235 2135 ad
271 2094 384 2135 non
416 2096 543 2135 esse
573 2080 816 2134 tendens
842 2078 1245 2142 omnino.Quis
1270 2095 1406 2150 ergo
1438 2081 1624 2149 potest
1651 2094 1817 2132 mun-

160 2169 307 2224 dum
340 2169 413 2223 de
462 2168 767 2223 immundo
807 2171 1171 2238 conceeptum
1203 2168 1428 2222 semine
1461 2166 1666 2231 facere,
1702 2165 1814 2220 nisi

161 2262 228 2312 tu
260 2258 361 2329 qui
399 2256 561 2313 solus
610 2272 673 2312 es
726 2257 912 2312 Deus?
932 2256 1090 2310 Sicut
1135 2255 1290 2310 enim
1344 2272 1577 2327 pannus
1620 2272 1815 2310 mens-

162 2351 391 2411 truatze,
425 2346 508 2402 sic
540 2345 827 2401 immundi
863 2361 1071 2400 sumus
1096 2349 1230 2399 ante
1262 2345 1627 2415 majestatem
1656 2343 1815 2397 clari-

161 2435 301 2490 tatis
335 2440 445 2490 tua:
477 2435 740 2491 Domine.
769 2434 831 2489 In
856 2439 952 2489 tuo
978 2449 1231 2504 namque
1254 2436 1686 2504 eonspectunec
1706 2431 1815 2503 ipsi

163 2524 295 2580 εαξιί
327 2528 466 2578 sunt
495 2523 720 2588 mundi,
754 2527 974 2595 quanto
1005 2522 1193 2595 magis
1220 2539 1325 2576 nos
1356 2522 1530 2576 creati
1562 2520 1620 2575 in
1644 2537 1817 2576 carne

164 2612 553 2684 corruptibili,
587 2616 759 2683 atque
806 2611 1075 2668 homines
1124 2610 1335 2666 terreni
1385 2614 1443 2667 et
1470 2608 1758 2665 immundi
1788 2609 1815 2663 ἰ)

164 2701 316 2768 Quid
347 2701 504 2756 enim
535 2702 709 2773 digne
740 2701 940 2755 offerat
970 2697 1591 2764 mortalisimmortali,
1626 2715 1818 2753 corru-

165 2790 390 2863 ptibilis
415 2788 839 2860 incorruptibili
862 2788 1163 2844 mutabilis
1182 2786 1687 2844 incommutabili?
1706 2788 1815 2842 Sed

164 2883 233 2933 ut
261 2878 370 2933 hoc
398 2876 613 2932 valeret
644 2877 787 2944 ﬁeri,
814 2876 1150 2932 incarnatus
1173 2894 1235 2932 es
1252 2892 1354 2948 pro
1381 2874 1548 2931 nobis
1570 2874 1812 2943 FiliDei,

166 2967 429 3021 mundus
460 2972 515 3021 et
546 2964 1006 3037 incorruptibilis
1038 2981 1387 3037 permanens
1417 2964 1569 3019 sicut
1597 2981 1678 3019 es.
1712 2968 1814 3018 Sa-

165 3060 530 3110 cramentum
564 3071 793 3126 quoque
823 3054 1082 3125 corporis
1104 3052 1477 3125 etsanguinis
1506 3053 1591 3108 tui
1618 3051 1817 3107 electis

164 3144 286 3198 tuis
303 3142 616 3207 tradidisti,
640 3160 755 3215 quo
777 3144 1142 3198 efﬁcercmur
1157 3143 1227 3197 de
1245 3140 1568 3196 immundis
1587 3140 1815 3207 mundi,

1929 570 2138 619 Sancta
2168 566 2344 639 Virgo
2377 568 2705 639 Virginum.

1928 659 2138 709 Sancta
2173 656 2392 727 Regina
2420 657 2718 711 cmlorum.

1929 748 2139 798 Sancta
2169 745 2349 799 Mater
2378 745 2807 802 misericordiae.

1928 837 2136 888 Sancte
2169 834 2435 889 Michael.

1926 926 2131 977 Sancte
2160 922 2409 978 Gabriel.

1926 1015 2133 1066 Sancte
2166 1012 2441 1083 Raphael.

1927 1100 2144 1155 Omnes
2174 1100 2359 1155 sancti
2391 1101 2593 1173 Angeli
2625 1106 2682 1157 et
2711 1102 3076 1176 Archangeli.

1925 1194 2130 1245 Sancte
2158 1190 2412 1245 Joannes
2444 1191 2723 1263 Baptista.

1926 1278 2142 1333 Omnes
2173 1278 2357 1333 sancti
2392 1278 2732 1335 Patriarcha:
2751 1283 2804 1336 et
2838 1281 3156 1355 Propheta.

1924 1372 2130 1423 Sancte
2164 1372 2346 1423 Petra.

1924 1462 2129 1511 Sancte
2163 1456 2354 1511 Paule.

1924 1549 2129 1600 Sancte
2159 1546 2408 1601 Andrea.

1923 1638 2128 1689 Sancte
2157 1635 2390 1690 Jacobe.

1923 1727 2133 1778 Sancte
2162 1724 2437 1779 Joannes.

1923 1817 2131 1866 Sancte
2156 1812 2389 1867 Jacobe.

1923 1905 2127 1955 Sancte
2158 1900 2437 1972 Philippe.

1923 1995 2130 2044 Soncte
2163 1988 2596 2046 Bartholomme.

1924 2084 2127 2133 Sancte
2160 2078 2337 2134 Matth
2347 2097 2443 2133 aee.

1925 2168 2140 2223 Omnes
2168 2168 2361 2223 Sancti
2386 2168 2642 2240 Apostoli
2674 2173 2730 2224 et
2761 2170 3159 2244 Evangelistze.

1924 2262 2127 2312 Sancte
2159 2257 2416 2329 Dionysi.

1923 2350 2127 2401 Sancte
2157 2346 2464 2417 Stephane.

1924 2441 2125 2490 Sancte
2157 2434 2403 2491 Corneli.

1923 2529 2127 2579 Sancte
2157 2524 2459 2597 Cypriane.

1923 2618 2131 2668 Sancte
2160 2614 2515 2669 Sebastiane.

1922 2707 2129 2757 Sancte
2158 2702 2236 2757 Ch
2246 2708 2498 2775 rysante.

1922 2796 2129 2846 Sancte
2161 2791 2392 2863 Georgi.

1922 2883 2128 2935 Sancte
2157 2880 2372 2935 Aureli.

1922 2972 2127 3023 Sancte
2158 2968 2447 3025 Processe.

1921 3061 2127 3113 Sancte
2156 3057 2420 3113 Januari.

1922 3150 2129 3201 Sancte
2160 3151 2420 3202 Hermes.

161 3233 235 3287 de
266 3231 665 3303 peccatoribus
695 3230 901 3297 sancti,
946 3230 1018 3285 de
1044 3230 1281 3285 incestis
1308 3230 1472 3297 casti,
1505 3233 1562 3284 et
1604 3230 1675 3284 de
1706 3229 1805 3284 fee-
1837 3215 1880 3282 C
1918 3241 2123 3291 Sancte
2154 3235 2301 3291 Vite.

161 3320 341 3376 ditate
374 3320 542 3375 nitidi
573 3325 630 3375 et
656 3336 771 3392 quo
800 3336 1110 3390 possemus
1141 3324 1273 3374 ante
1304 3320 1663 3390 majestatem
1691 3318 1810 3390 glo-

158 3408 256 3464 rize
287 3414 401 3464 tua:
425 3424 702 3480 apparere
726 3406 1159 3480 praeclari.Ergo
1182 3412 1241 3462 tu
1272 3407 1514 3463 Domine
1537 3408 1809 3463 sacerdos

156 3496 810 3563 summe,sanctiﬁcator
828 3499 884 3549 et
904 3496 1288 3552 sanctiﬁcatio
1305 3495 1808 3563 sacerdotii,mise-

153 3603 283 3643 rere
314 3586 456 3640 mihi
480 3585 703 3641 homini
724 3585 1206 3657 peceatori,parce
1236 3586 1471 3658 indigno
1497 3584 1805 3652 sacerdoti,

154 3676 394 3749 ignosce
424 3674 684 3747 mysterii
712 3674 799 3729 tui
823 3679 1045 3729 secreta
1075 3674 1477 3740 tractanti,nec
1496 3675 1804 3747 indignum

154 3763 572 3819 misericordiae
604 3767 714 3817 tua:
759 3762 1011 3833 judices,
1044 3779 1220 3834 quem
1277 3780 1380 3834 pro
1438 3762 1567 3819 aliis
1602 3781 1805 3837 rogare

153 3850 473 3924 permittis,
506 3855 563 3906 et
590 3850 647 3905 in
680 3867 795 3921 quo
828 3850 1226 3906 testimonium
1277 3851 1413 3906 boni
1462 3852 1653 3925 eperis
1688 3871 1803 3910 non

73 3968 83 3977 -
153 3939 450 4012 agnoscis,
482 3938 741 3995 ofﬁcium
771 3938 979 3993 saltem
1011 3937 1240 3992 credita:
1274 3956 1385 3993 non
1422 3957 1653 3997 recuses
1683 3942 1802 3996 dis-

151 4027 541 4101 pensationis.
574 4027 643 4081 Et
678 4028 778 4082 ﬁat
815 4026 957 4081 mihi
1005 4027 1125 4081 haec
1156 4030 1511 4083 sacrosancti
1544 4031 1803 4102 mysterii

151 4116 540 4188 frequentatio
590 4115 853 4170 omnium
913 4115 1197 4171 scelerum
1258 4133 1521 4172 meorum
1573 4118 1804 4175 indulta

148 4205 514 4279 propitiatio,
546 4203 805 4260 Salvator
829 4205 1054 4259 mundi.
1083 4204 1189 4269 Qui
1222 4204 1364 4260 vivis
1395 4210 1503 4261 etc.

808 4294 932 4349 Alia
959 4295 1154 4350 orat-i0.

224 4383 380 4438 Deus
410 4380 839 4447 misericordiae,
870 4386 928 4437 et
971 4382 1183 4437 veritas
1226 4382 1598 4440 clementiam
1638 4390 1800 4441 tuam

147 4468 495 4543 suppliciter
522 4470 798 4541 deprecor
821 4475 927 4525 etc.
961 4471 1150 4525 Exstat
1176 4487 1343 4543 supra
1376 4473 1435 4527 in
1464 4474 1633 4530 missa
1662 4476 1801 4548 Illy-

147 4576 276 4614 νισι.

799 4647 925 4702 Atia
952 4656 1147 4703 oratio.

220 4736 375 4792 Deus
405 4734 505 4806 qui
537 4752 652 4791 non
684 4741 929 4791 mortem
963 4737 1061 4793 sed
1084 4738 1477 4808 paenitentiam
1501 4740 1798 4797 desideras

144 4828 541 4896 peccatorum.
579 4826 641 4881 Ut
663 4842 831 4897 supra
861 4827 921 4880 in
947 4828 1115 4881 missa
1144 4828 1377 4899 Illyrici.

348 4956 349 4959 η
694 4930 972 4976 SEQUITUR
1006 4930 1245 4970 LI’I‘ANIA.

142 4999 373 5057 Christe
403 5000 541 5055 audi
570 5019 697 5057 nos.

143 5090 316 5144 Pater
345 5090 414 5145 de
441 5089 601 5145 ccelis
632 5091 787 5147 Deus
815 5091 1087 5147 miserere
1114 5093 1304 5150 nobis.

144 5176 251 5233 Fili
285 5178 617 5248 redemptor
642 5180 845 5234 mundi
874 5180 1048 5245 Deus,
1081 5182 1357 5239 miserere
1389 5184 1576 5242 nobis.

138 5267 393 5339 Spiritus
413 5272 613 5324 sancte
638 5272 809 5337 Deus,
841 5269 1115 5325 miserere
1148 5271 1335 5327 nobis.

137 5359 351 5412 Sancta
381 5355 639 5411 Trinitas
672 5375 827 5413 unus
859 5362 1029 5425 Deus,
1066 5359 1339 5417 miserere
1372 5364 1559 5419 nobis.

135 5446 348 5502 Sancte
374 5448 711 5500 sanctorum
740 5447 913 5513 Deus,
948 5445 1221 5503 miserere
1250 5451 1438 5508 nobis.

131 5537 346 5589 Sancta
379 5532 583 5601 Maria,
617 5552 718 5589 ora
749 5552 851 5607 pro
882 5534 1072 5590 nobis.

129 5625 341 5679 Sancta
374 5620 473 5675 Dei
508 5622 777 5694 genitrix,
1662 5648 1782 5687 ora.

1916 3328 2122 3380 Sancte
2155 3325 2423 3380 Mercuri.

1915 3417 2120 3468 Sancte
2150 3413 2380 3468 Caesari.

1914 3506 2121 3558 Sancte
2150 3502 2436 3557 Pancrati.

1914 3594 2118 3645 Sancte
2150 3590 2474 3647 Adelberte.

1913 3684 2122 3735 Sancte
2150 3680 2403 3752 Cyriace.

1911 3772 2116 3824 Sancte
2147 3768 2380 3823 Evatici.

1911 3860 2118 3912 Sancte
2148 3858 2390 3913 Phocas.

1912 3946 2108 4003 Sancti
2134 3947 2390 4003 Joannes
2418 3953 2476 4004 et
2505 3948 2697 4005 Paule.

1912 4036 2103 4092 Sancti
2132 4036 2359 4091 Tiburti
2388 4042 2446 4092 et
2473 4037 2793 4094 Valeriane.

1912 4124 2104 4181 Sancti
2138 4126 2410 4182 Faustine
2439 4130 2495 4182 et
2523 4127 2729 4183 Jovita.

1912 4213 2103 4268 Sancti
2136 4214 2327 4268 Primo
2356 4221 2411 4271 et
2440 4215 2747 4271 Feliciane.

1911 4302 2106 4357 Sancti
2138 4303 2297 4375 Sergi
2328 4307 2384 4358 et
2415 4304 2655 4359 Bacche.

1910 4390 2105 4447 Sancti
2139 4392 2340 4447 Nazari
2369 4397 2424 4447 et
2450 4392 2630 4448 Celse.

1910 4480 2101 4536 Sancti
2136 4479 2493 4536 Felicissime
2523 4485 2579 4536 et
2608 4481 2867 4555 Agapite.

1829 4585 1877 4649 Β
1908 4568 2105 4624 Sancti
2136 4568 2420 4624 Nicander
2449 4573 2507 4625 et
2533 4570 2840 4627 Marciane.

1906 4657 2099 4713 Sancti
2130 4657 2430 4713 Valentine
2460 4663 2515 4712 et
2544 4658 2744 4714 Hilari.

1906 4747 2097 4801 Sancti
2131 4745 2320 4801 Cirine
2351 4749 2407 4802 et
2432 4746 2698 4803 Maxime.

1907 4835 2100 4891 Sancti
2130 4834 2522 4908 Quadraginta
2551 4837 2848 4909 Martyres.

1905 4927 2114 4979 Sancte
2144 4924 2451 4980 Fostunate
2475 4940 2609 4979 cum
2640 4925 2813 4981 sociis
2833 4926 2970 4982 tuis.

1906 5014 2121 5069 Omnes
2153 5012 2339 5068 sancti
2369 5012 2666 5085 Martyres.

1903 5104 2108 5155 Sancte
2138 5101 2397 5173 Gregori.

1900 5193 2107 5245 Sancte
2134 5188 2397 5244 Martine.

1898 5281 2104 5334 Sancte
2133 5277 2419 5332 Ambrosi.

1899 5371 2103 5422 Sancte
2134 5364 2391 5420 Pauline.

1897 5459 2107 5511 Sancte
2136 5454 2402 5509 Maxime.

1895 5547 2101 5599 Sancte
2134 5541 2307 5598 Felix.

1895 5636 2099 5687 Sancte
2130 5630 2375 5686 Nicolae.

3421 346 3591 408 I342

3454 497 3574 540 0P8.
