3868 6204
279 356 433 420 1343

276 497 483 550 Sancte
515 491 760 565 Remigi.

275 587 492 644 Omnes
523 581 709 639 sancti
740 579 1050 638 Pontifices
1082 583 1137 634 et
1166 577 1559 633 Confessores.

278 676 487 732 Sancte
518 671 842 728 Benedicto.

276 768 483 821 Sancte
516 761 735 817 Maure.

275 857 481 909 Sancte
510 850 758 906 Placide.

276 945 481 998 Sancte
509 938 795 995 Severine.

274 1034 478 1085 Sancte
508 1030 784 1084 Romane.

275 1120 491 1175 Omnes
521 1115 705 1173 sancti
741 1113 1006 1169 Monacbi
1038 1118 1093 1166 et
1123 1110 1407 1166 Eremita.

275 1213 484 1264 Sancta
511 1203 890 1261 Scholastica.

275 1302 485 1353 Sancta
511 1293 756 1350 Czecilia.

273 1391 482 1443 Sancta
512 1384 700 1440 Daria.

273 1480 482 1531 Sancta
511 1474 600 1528 Ca!
618 1472 839 1525 Eiarina.

273 1565 488 1622 Omnes
514 1567 725 1618 sancta:
756 1559 1044 1631 Virgines.

271 1653 490 1708 Omnes
519 1648 705 1705 sancti
737 1650 792 1702 et
822 1649 1034 1700 sancta:
1069 1643 1188 1698 Dei.

272 1740 565 1813 Pr0pitius
594 1741 737 1804 esto,
772 1751 940 1808 parce
972 1733 1140 1788 nobis
1169 1731 1431 1788 Domine.

269 1830 355 1886 Ab
387 1827 619 1884 insidiis
648 1827 981 1880 dmmonum
1013 1821 1196 1877 libera
1217 1838 1324 1876 nos
1353 1820 1616 1876 Domine.

269 1923 314 1976 A
346 1915 601 1992 periculo
633 1914 837 1970 mortis
867 1912 1072 1967 libera.

269 2009 353 2065 Ab
385 2004 710 2062 immundis
742 2000 1210 2076 cogitationibus.

270 2100 316 2154 A
343 2096 645 2152 dominatu
675 2092 940 2148 omnium
971 2090 1264 2145 vitiorum.

267 2188 315 2242 A
345 2185 596 2240 caecitate
624 2179 838 2238 cordis.

268 2275 356 2330 Ab
386 2273 546 2330 omni
579 2271 754 2327 malo.

272 2365 629 2428 Peccatores,
665 2364 719 2414 te
751 2374 1050 2432 rogamus,
1082 2356 1216 2411 audi
1247 2373 1373 2412 nos.

270 2452 344 2510 Ut
373 2468 577 2525 parcas
609 2449 796 2513 nobis,
822 2452 876 2502 te
905 2463 1028 2518 rog.

270 2542 343 2598 Ut
372 2541 540 2598 nobis
569 2554 731 2612 spem
763 2540 978 2592 certam
1009 2535 1212 2590 dones.

270 2631 344 2688 Ut
373 2631 545 2685 ﬁdem
580 2631 794 2683 rectam
828 2623 1070 2679 tribuas.

269 2719 344 2776 Ut
371 2717 711 2774 charitatem
743 2713 1056 2787 perfectam
1088 2712 1372 2768 conferas.

270 2807 343 2864 Ut
371 2809 715 2864 cunctorum
747 2803 805 2858 in
838 2801 1006 2859 nobis
1035 2801 1308 2858 vitiorum
1361 2804 1623 2856 monstra
1672 2803 1917 2857 mortiﬁ-

344 2913 459 2952 COS.

273 2985 345 3042 Ut
373 2984 639 3041 omnium
672 2999 777 3038 nos
807 2981 1090 3036 virtutum
1121 2979 1500 3053 praerogativa
1527 2978 1801 3036 viviﬁces.

270 3075 344 3132 Ut
372 3074 540 3131 nobis
571 3089 672 3145 per
700 3069 1158 3128 incarnationem
1189 3073 1350 3124 tuam
1375 3068 1676 3125 introitum
1710 3069 1769 3126 in
1792 3086 1922 3126 san-

346 3167 438 3219 cta
466 3166 804 3218 sanctorum
836 3160 1082 3231 pandas.

1061 352 1394 416 APPEND.
1444 353 1546 415 AD
1590 349 1778 415 SJEC.
1825 351 1904 413 X.
1933 348 2544 414 --MONUMENTA
2586 351 2902 416 Ll'l‘URG.

1948 485 2002 552 Α
2033 487 2155 542 Non
2188 484 2358 542 nobis
2387 487 2650 556 Domine,
2685 505 2800 544 non
2832 487 3020 544 nobis.

3536 348 3684 415 ιω

2034 577 2260 648 Exurge
2291 576 2535 632 Domine
2561 577 2772 648 adjuva
2797 594 2920 633 nos.

2033 662 2279 718 Domine
2309 663 2515 718 exaudi
2547 665 2869 720 oratiOnem
2904 679 3120 721 meam.

2615 753 2875 825 Sequitur
2905 756 3102 811 oratio.

2102 842 2329 913 Adiuva
2356 857 2463 897 nos
2494 842 2735 898 Domine
2764 843 2918 899 Deus
2949 847 3397 899 nostertuorum
3418 843 3672 914 depreca-

2031 931 2188 986 tione
2218 936 2647 997 sanctorum,ut
2675 933 2939 988 omnium
2967 933 3276 988 beatorum
3308 930 3668 1004 Angelorum.

2032 1019 3018 1093 Archangelorum,cunctorumque
3047 1021 3366 1095 spirituum
3396 1035 3670 1093 superno-

2033 1125 2186 1176 rum,
2236 1109 2726 1178 Patriarcbarum,
2760 1110 3203 1182 Prophetarum,
3247 1109 3669 1182 Apostolorum,

2032 1198 2556 1271 Evangelistarum,
2593 1199 2936 1272 Martyrum,
2969 1197 3671 1262 Confessorum,Saeerdo—

2030 1289 2534 1357 tum,Levitarum,
2553 1287 3668 1361 Monacborum,Vi-rginum,Viduarum,

2031 1377 2461 1446 Innocentium,
2492 1382 2666 1449 atque
2697 1377 2962 1432 omnium
2993 1371 3256 1432 ﬁdelium
3287 1377 3391 1431 tibi
3445 1377 3500 1431 in
3532 1377 3669 1431 calo

2030 1469 2086 1520 et
2117 1465 2174 1519 in
2207 1469 2362 1520 terra
2391 1465 2874 1532 ministrantium,
2908 1481 3158 1537 quorum
3189 1461 3362 1522 hodie
3399 1467 3545 1521 festa
3574 1482 3670 1539 ge-

2031 1559 2241 1609 runtur
2268 1571 2372 1626 per
2400 1555 2738 1610 universum
2771 1555 3080 1621 mundum,
3103 1568 3307 1610 eorum
3337 1569 3447 1610 nos
3475 1571 3670 1627 pecca-

2029 1647 2181 1699 tores
2213 1646 2270 1698 et
2298 1643 2520 1716 indigni
2553 1644 2709 1716 quod
2741 1649 3016 1716 eptamus
3042 1643 3446 1716 etindtgemus
3471 1659 3672 1717 oppor-

2029 1738 2170 1788 tuno
2226 1737 2486 1804 tempore
2536 1733 2862 1788 sentiamus
2908 1733 3213 1788 auxilium.
3267 1732 3374 1788 Per
3429 1739 3486 1790 te
3533 1733 3672 1792 Jesu

2027 1821 2274 1887 Christe,
2307 1821 2571 1878 Salvator
2601 1821 2828 1877 mundi.
2863 1821 2969 1885 Qui
2993 1821 3157 1890 vivis,
3191 1825 3302 1878 etc.

2678 1911 2804 1966 Atia
2831 1912 3022 1966 oratio.

2097 1997 2462 2054 Conscientia
2489 1998 2730 2070 quidem
2757 2000 2987 2072 trepida
3015 2000 3391 2074 omnipotens
3421 2002 3573 2058 Deus
3602 2002 3668 2058 ad

2029 2085 2208 2143 altare
2238 2090 2407 2142 tuum
2439 2087 2779 2159 accedo,sed
2809 2089 2866 2144 in
2900 2089 3129 2145 dimitto
3151 2105 3354 2146 vereor
3379 2091 3452 2146 de
3481 2093 3672 2148 inobs—

2027 2175 2247 2231 dientia
2257 2173 2834 2233 condemnari.Parce
2853 2193 2991 2251 ergo
3011 2177 3160 2234 mihi
3184 2179 3428 2236 Domine
3441 2181 3674 2254 indigno

2028 2265 2248 2322 thmulo
2276 2270 2399 2333 tuo,
2429 2271 2486 2322 et
2515 2265 2650 2321 licet
2679 2267 2750 2322 ad
2787 2271 2951 2323 tanta
3001 2269 3300 2340 mysteria,
3335 2269 3674 2326 celebranda

2029 2369 2261 2429 semper
2290 2355 2568 2428 indignus
2599 2356 2880 2424 inveniar,
2913 2361 3108 2412 tamen
3151 2357 3428 2414 fiduciam
3479 2360 3550 2414 de
3578 2365 3675 2414 tua

2030 2444 2430 2502 misericordia
2459 2445 2698 2500 retineo.
2734 2445 2841 2501 Pro
2870 2462 2989 2518 qua
3015 2446 3258 2511 re,Deus
3287 2448 3669 2520 omnipotens,

2031 2534 2273 2609 dignare
2305 2551 2397 2591 me
2431 2537 2671 2606 paterna
2700 2533 2910 2606 pietate
2938 2534 3289 2608 placidoque
3305 2535 3464 2592 vultu
3496 2539 3670 2610 respi-

2031 2627 2241 2690 cere,et
2272 2624 2465 2679 cordis
2496 2622 2610 2679 mei
2639 2623 2916 2679 interiora
2945 2630 3280 2697 purgare,et
3307 2619 3358 2680 si
3381 2641 3491 2696 ego
3520 2631 3670 2681 reatu

2031 2710 2344 2788 eulpabilis
2373 2713 2578 2779 existo,
2612 2713 2790 2769 beata:
2819 2716 3015 2768 tamen
3047 2717 3104 2768 et
3132 2713 3401 2786 gloriosa
3422 2730 3672 2787 semper-

2030 2817 2144 2874 que
2173 2801 2430 2874 Virginis
2459 2801 2674 2868 Mariaa,
2693 2805 2750 2857 et
2775 2801 3042 2857 omnium
3071 2807 3414 2858 sanctorum
3444 2806 3670 2859 tuorum

2029 2890 2268 2947 obtentu
2299 2890 2418 2946 sint
2445 2891 2552 2947 tibi
2584 2891 2639 2946 in
2669 2890 2948 2946 omnibus
2961 2890 3668 2963 placitameaministeria.

2030 2979 2136 3048 Qui
2167 2979 2333 3048 vivis,
2365 2984 2475 3036 etc.

2680 3068 2803 3124 Alia
2829 3064 3026 3125 oratio.

2101 3159 2344 3216 Domine
2376 3157 2530 3215 Deus
2557 3159 2931 3230 omnipotens
2963 3157 3064 3231 qui
3095 3173 3160 3216 es
3189 3158 3386 3215 trinas
3412 3165 3473 3215 et
3502 3176 3669 3227 unus,

271 3253 344 3334 Ut
391 3269 493 3325 per
549 3250 658 3306 hoc
707 3223 1146 3306 sacrosanctum
1201 3246 1558 3319 mysterium
1590 3246 1818 3305 animas
1864 3253 1920 3306 et
1949 3223 1993 3293 (ἶ
2033 3249 2248 3322 ubique
2279 3265 2552 3321 praesens,
2577 3223 2804 3318 "ubique
2837 3223 3012 3313 totus,
3045 3246 3150 3303 tibi
3180 3249 3468 3304 conﬁteor
3485 3223 3673 3304 omnia

344 3357 588 3413 corpora
618 3342 819 3394 nostra
850 3353 1108 3392 renoves.

271 3430 345 3487 Ut
370 3447 472 3505 per
497 3429 607 3484 hoc
638 3425 1025 3483 conscientias
1057 3429 1294 3480 nostras
1327 3425 1621 3497 purifices.

273 3520 347 3576 Ut
373 3519 482 3575 hoc
513 3515 765 3574 terribile
799 3513 1139 3587 mysterium
1159 3530 1273 3568 non
1305 3512 1465 3568 sinas
1493 3513 1664 3570 nobis
1693 3515 1816 3570 ﬁeri
1851 3515 1921 3570 ad

337 3608 649 3681 judicium.

276 3698 348 3755 Ut
375 3697 530 3753 istud
563 3691 852 3750 inetl'abile
882 3694 1313 3748 sacramentum
1363 3690 1602 3746 mundis
1645 3693 1922 3749 manibus

347 3789 684 3840 tractemus.

275 3873 350 3929 Ut
377 3872 540 3944 puris
572 3868 864 3925 mentibus
895 3885 1222 3923 sumamus.

275 3963 348 4020 Ut
378 3958 798 4033 indulgentiam
828 3957 1090 4013 omnium
1123 3961 1492 4028 peccatorum
1523 3971 1626 4030 per
1650 3948 1762 4015 hoc
1791 3975 1922 4016 con-

346 4065 683 4122 sequamur.

275 4139 348 4197 Ut
379 4156 481 4213 per
508 4139 616 4194 hoc
647 4135 749 4192 tibi
782 4151 1014 4208 semper
1041 4132 1322 4189 inhaerere
1352 4134 1670 4192 valeamus.

276 4229 348 4285 Ut
376 4245 477 4302 per
507 4227 615 4283 hoc
643 4230 700 4281 et
727 4230 788 4280 tu
819 4223 878 4278 in
911 4223 1100 4290 nobis,
1131 4225 1188 4277 et
1219 4238 1324 4278 nos
1355 4222 1412 4277 in
1438 4227 1494 4280 te
1533 4239 1768 4281 manere
1801 4239 1920 4282 me-

348 4334 602 4374 reamur.

275 4407 347 4464 Ut
374 4405 623 4480 gratiam
655 4403 841 4459 sancti
871 4399 1122 4475 Spiritus
1153 4401 1428 4456 cordi-bus
1472 4377 1692 4458 nostris
1725 4403 1920 4460 infun-

347 4497 480 4552 dere
501 4492 781 4566 digneris.

2030 3341 2266 3410 peccata
2295 3351 2445 3406 mea,
2477 3351 2604 3408 quae
2634 3336 2683 3390 si
2715 3351 2830 3392 non
2879 3336 3209 3404 conﬁterer,
3235 3341 3299 3392 te
3329 3339 3528 3392 tamen
3569 3337 3670 3392 Do-

2033 3428 2208 3497 mine,
2243 3442 2415 3499 quem
2455 3424 2681 3482 occulta
2713 3441 2828 3480 non
2855 3423 3091 3494 fallunt,
3119 3423 3305 3480 latere
3353 3441 3469 3481 non
3519 3429 3671 3497 pote-

2031 3521 2199 3572 rant:
2233 3513 2373 3588 quia
2403 3513 2631 3587 peccavi
2661 3513 2841 3570 nimis
2871 3513 2930 3569 in
2961 3513 3672 3586 cogitatienibus,locutio-

2031 3605 2227 3670 nibus,
2278 3604 2642 3676 diversisque
2687 3603 2963 3676 operibus
3011 3601 3184 3658 malis
3233 3607 3293 3658 et
3339 3601 3564 3658 multis.
3607 3603 3682 3658 Et

2031 3692 2168 3767 quia
2197 3710 2302 3768 ego
2335 3693 2514 3748 miser
2541 3697 2599 3748 et
2629 3691 3226 3763 miserabilispropter
3255 3691 3540 3748 duritiam
3556 3707 3669 3748 cer-

2031 3779 2121 3838 dis
2148 3782 2405 3849 mei,nisi
2419 3786 2479 3837 tu
2496 3782 2736 3853 adjuves
2768 3797 2860 3836 me
2890 3779 2950 3836 in
2983 3780 3111 3852 ipsa
3139 3785 3519 3853 peccatorum
3534 3796 3671 3836 mee-

2032 3887 2162 3926 rum
2195 3874 2379 3926 morte
2411 3871 2680 3943 perduro,
2712 3873 3016 3942 propterea
3059 3883 3268 3941 precor
3295 3871 3373 3936 te,
3408 3870 3670 3925 miserere

2034 3961 2166 4015 mei.
2213 3960 2318 4026 Qui
2368 3959 2510 4015 vivis
2558 3963 2614 4015 et
2661 3975 2871 4032 regnas
2920 3958 2979 4013 in
3036 3957 3250 4014 saecula
3301 3957 3668 4014 saeculorum.

2029 4051 2230 4107 Amen.

2785 4139 2930 4193 Alia.

2101 4231 2252 4286 Deus
2283 4227 2382 4301 qui
2409 4228 2479 4283 de
2509 4225 2769 4299 indignis
2794 4226 3024 4299 dignos,
3057 4226 3128 4281 de
3157 4226 3492 4281 immundis
3514 4241 3668 4280 mun-

2029 4320 2234 4387 dos,de
2265 4315 2664 4390 peccatoribus
2691 4314 2875 4371 silicis
2895 4315 3343 4386 justos,munda
3364 4331 3466 4370 cor
3488 4329 3671 4370 meum

2030 4413 2087 4465 et
2116 4423 2326 4480 corpus
2357 4421 2556 4461 meum
2581 4405 2654 4460 ab
2687 4403 2844 4461 omni
2879 4404 3050 4460 sorde
3080 4407 3136 4458 et
3165 4403 3519 4476 contagione
3554 4418 3677 4474 pec-

2032 4497 2164 4566 cati,
2197 4501 2253 4552 et
2282 4494 2370 4551 fac
2410 4509 2503 4550 me
2553 4492 2797 4564 dignum
2845 4492 3029 4548 sacris
3079 4489 3364 4548 altaribus
3397 4493 3484 4547 tui
3518 4490 3679 4546 mini-

275 4584 346 4641 Ut
391 4588 666 4640 cunctum
717 4578 1002 4654 populum
1044 4577 1444 4635 Christianum
1492 4580 1919 4652 pretiosissima
1955 4593 1997 4656 υ
2029 4592 2241 4651 strum,
2275 4589 2331 4640 et
2376 4583 2629 4640 concede
2679 4582 2991 4654 propitius,
3026 4587 3089 4635 ut
3135 4582 3192 4636 in
3241 4581 3352 4636 hoc
3399 4579 3572 4636 altari
3618 4578 3684 4634 ad

347 4671 634 4746 sanguine
666 4675 764 4726 tuo
796 4669 1165 4741 redemptum
1197 4683 1540 4725 conservare
1571 4668 1848 4743 digneris.

276 4762 562 4819 Utlocum
597 4758 947 4833 pmnitentiaz
981 4757 1149 4813 nobis
1177 4757 1482 4812 concedas.

277 4851 442 4907 Pater
473 4855 688 4905 noster.
728 4850 871 4903 Vera.
905 4846 1180 4902 Converte
1205 4862 1309 4902 nos
1340 4845 1492 4902 Deus
1523 4847 1799 4904 salutaris
1829 4863 1926 4904 no-

348 4942 485 4993 stcr.

276 5027 527 5099 Dignare
551 5024 796 5080 Domine
827 5023 920 5079 die
953 5023 1082 5079 ista.

278 5116 554 5172 Miserere
584 5113 752 5168 nobis
783 5111 1046 5168 Domine.

277 5205 404 5262 Fiat
433 5202 677 5259 Domine
709 5201 1109 5257 misericordia
1139 5205 1240 5256 tua
1270 5217 1448 5272 super
1475 5215 1603 5256 nos.

275 5294 498 5352 Delicta
520 5290 845 5364 juventutis
878 5307 1016 5346 mea:
1045 5294 1102 5346 et
1131 5290 1490 5361 ignorantias
1519 5305 1702 5345 meas.

275 5385 503 5455 Adjuva
535 5397 639 5436 nos
670 5379 822 5434 Deus
853 5377 1130 5434 salutaris
1161 5380 1378 5432 noster.

276 5474 398 5529 Non
433 5472 612 5525 intres
645 5470 702 5524 in
726 5465 950 5539 judicio
977 5483 1112 5521 cum
1145 5482 1308 5520 servo
1339 5470 1442 5522 tuo
1471 5465 1736 5523 Domine.

275 5561 522 5618 Domine
553 5575 666 5614 non
700 5555 1023 5614 secundum
1071 5557 1308 5626 peccata
1356 5559 1553 5610 nostra
1597 5554 1780 5613 facias
1825 5575 1927 5614 no-

350 5650 465 5704 bis.

2035 4675 2190 4748 quod
2240 4673 2522 4745 indignus
2569 4670 3012 4726 ministraturus
3062 4670 3291 4735 accedo,
3327 4669 3555 4725 bestias
3600 4684 3685 4723 ac-

2041 4761 2356 4838 ceptabiles
2377 4765 2561 4834 atque
2589 4759 2908 4832 placabiles
2937 4759 3174 4816 otl’eram
3207 4758 3408 4831 pietati
3436 4762 3558 4813 tua:
3588 4773 3685 4829 pro

2033 4853 2308 4911 omnibus
2340 4849 2595 4922 peccatis
2623 4852 2683 4904 et
2711 4845 3134 4904 oil‘ensionibus
3161 4845 3398 4914 meis,et
3430 4847 3686 4902 innumeo

2035 4944 2116 4999 ris
2148 4938 2505 5014 quotidianis
2536 4936 2892 5003 excessibus,
2921 4939 2980 4992 et
3009 4951 3113 5008 pro
3153 4935 3432 4992 omnibus
3477 4935 3578 5007 qui
3622 4950 3678 4989 se

2035 5029 2182 5086 meis
2213 5025 2472 5100 indignis
2503 5025 2772 5098 precibus
2803 5024 3488 5081 commendaveruntmed
3511 5028 3682 5096 et-pre

2035 5117 2312 5176 omnibus
2344 5115 2616 5171 fidelibus
2638 5113 3008 5182 Christianis,
3043 5119 3232 5186 et'pm
3267 5111 3548 5169 omnibus
3576 5112 3679 5167 cir-

2035 5205 2493 5270 cumstantibus,
2525 5204 2918 5276 omnibusque
2968 5202 3112 5258 mihi
3150 5199 3565 5258 familiaritate
3600 5197 3684 5255 vel

2037 5293 2542 5367 consanguinitate
2572 5292 2920 5364 conjunctis,
2951 5299 3011 5346 et
3039 5309 3144 5364 pro
3185 5290 3464 5347 omnibus
3509 5290 3685 5346 etiam

2037 5385 2137 5456 qui
2171 5384 2284 5439 mei
2315 5382 2662 5438 memoriam
2695 5382 2752 5436 in
2784 5380 2908 5436 suis
2940 5380 3308 5436 Orationibus
3338 5378 3567 5435 faciunt
3594 5395 3607 5432 :
3637 5381 3690 5432 et

2038 5490 2142 5546 per
2171 5489 2299 5527 eum
2332 5470 2410 5526 sit
2439 5470 2541 5526 tibi
2575 5485 2771 5525 meum
2801 5472 2998 5524 votum
3031 5467 3582 5540 atquesacriﬁcium
3597 5480 3688 5521 ae-

2039 5559 2345 5634 ceptabile,
2379 5558 2478 5630 qui
2511 5575 2572 5615 se
2603 5558 2708 5613 tibi
2740 5558 2856 5615 Deo
2903 5556 3052 5613 Patri
3078 5556 3314 5613 obtulit
3362 5557 3423 5612 in
3477 5554 3686 5611 sacriﬁ-

2041 5649 2197 5705 cium
2229 5648 2400 5706 Jesus
2431 5646 2697 5704 Christus
2726 5645 3009 5702 Dominus
3025 5643 3354 5708 noster.0ui
3372 5647 3685 5700 tecmete.
