4026 6312
213 316 2024 359 W

2459 319 3466 354 mw

2027 338 2440 348 —-——_———_—.

1439 473 1600 517 ANNO
1652 474 1882 517 DOMINI
1927 475 2304 520 DCCCCXCIX.

163 657 282 778 Θ

1152 643 2505 954 ΒΙΟΗΕΒΠΞ,

2005 1141 2588 1182 ___________.___..

323 1051 424 1141 s.
479 1044 964 1141 REMIGII
1039 1038 1439 1134 EXTRA
1502 1027 1910 1132 MUROS
1971 966 2588 1129 REMENsé’s
2659 1039 3350 1140 MONACHUS.

741 1388 869 1488 DE
977 1381 1414 1487 RICHEBO
1469 1381 1597 1482 ET
1652 1381 1882 1481 EJUS
1931 1381 2426 1483 CHRONICO
2485 1383 2939 1487 NOTITIA.

960 1611 1135 1683 (Apud
1171 1610 1350 1677 Pcrtz,
1383 1608 1726 1662 Monumenm
1753 1603 2050 1662 Cermam'm
2072 1607 2196 1663 hist.
2228 1605 2428 1680 Script.
2469 1616 2599 1667 tom.
2629 1609 2740 1680 111.)

1596 1753 2033 1782 *—

279 1928 432 2002 Quou
467 1928 596 1986 raro
624 1935 834 1983 tantum
861 1924 1109 1982 histbria:
1138 1925 1424 1983 cemmodo
1465 1923 1583 1979 ﬁeri
1634 1921 1791 1985 solet,
1825 1904 1870 1961 Α
1901 1926 1959 1973 ut
1990 1917 2132 1976 inter
2157 1917 2344 1975 Galliae
2370 1917 2617 1976 civitates
2646 1920 2714 1977 ab
2737 1921 2960 1994 antiquo
2986 1922 3133 1981 clara
3163 1940 3218 1983 et
3244 1930 3483 1998 primatu

211 2033 269 2080 ιιι
320 2023 670 2094 antiquorum
725 2033 913 2091 regum
965 2034 1152 2074 casum
1207 2017 1441 2087 novique
1513 2014 1792 2071 hominum

214 2115 421 2188 generis
459 2121 643 2169 ortum
696 2110 783 2165 vir
826 2110 1074 2180 utrisque
1126 2108 1528 2165 necessitudine
1557 2106 1791 2176 quadam

215 2208 533 2276 coniunctus
561 2214 619 2258 et
657 2200 898 2258 historiae
935 2201 1237 2257 scribenda:
1264 2215 1432 2271 capax
1467 2198 1608 2267 stylo
1639 2211 1790 2253 com-

218 2293 400 2360 niittat,
435 2309 498 2351 ea
530 2294 740 2349 ultimis
768 2291 1082 2348 Carolorum
1120 2300 1175 2346 et
1202 2291 1437 2363 Hugoui,
1470 2305 1655 2362 regum
1690 2289 1792 2344 ho-

220 2391 397 2461 dieque
443 2391 496 2445 in
543 2387 721 2444 Gallia
766 2386 1072 2443 florentium
1117 2387 1374 2458 principi,
1432 2387 1653 2442 claritas
1697 2386 1791 2441 ni-

218 2483 366 2538 cbero
423 2489 556 2536 nato
605 2493 862 2535 concessa
920 2486 1021 2534 est.
1077 2476 1198 2544 llic,
1252 2488 1315 2534 ut
1377 2479 1496 2549 ipso
1549 2479 1795 2534 tradente

220 2573 484 2638 discimus,
537 2571 713 2627 sancti
775 2569 1006 2640 Remigii
1053 2577 1211 2624 extra
1265 2582 1450 2626 muros
1497 2569 1794 2626 l'tcmenses

223 2664 502 2719 monachus
529 2662 632 2732 (l),
677 2669 888 2731 patrem
937 2659 1127 2715 habuit
1165 2659 1486 2726 Rodulfum,
1535 2660 1792 2716 Ludovici

228 2753 587 2809 Transmariui
640 2753 784 2825 regis
814 2751 1041 2807 m'il‘item
1085 2759 1142 2807 et
1189 2752 1578 2808 consiliarium.
1630 2753 1794 2808 Pater

243 2863 262 2896 ι
297 2847 500 2903 consilio
546 2845 902 2910 commodus,
963 2844 1211 2901 facundia
1262 2843 1424 2900 simul
1469 2851 1524 2899 et
1567 2844 1792 2900 audacia

233 2937 484 3009 plurimus,
529 2938 676 2993 unde
700 2945 758 2992 et
795 2952 893 2991 rex
921 2936 1210 2992 admodum
1237 2935 1287 2991 ei
1319 2933 1708 2991 consuescebat
1739 2942 1794 2990 et

224 3030 350 3099 apud
378 3046 502 3086 eum
551 3029 852 3100 saepissime
895 3027 1256 3092 consultabat,
1293 3045 1313 3079 ι
1347 3027 1490 3082 inter
1523 3025 1627 3081 alia
1673 3041 1793 3096 quze

218 3122 457 3190 patravit,
512 3135 660 3176 anno
702 3119 806 3176 949
849 3118 1099 3173 Lauduni
1145 3118 1390 3188 capiendi
1446 3117 1695 3172 ordinem
1737 3116 1792 3170 in

213 3211 426 3268 consilio
470 3212 620 3283 regis
653 3210 936 3282 proposuit
971 3219 1025 3264 et
1066 3210 1182 3280 ipse
1222 3209 1328 3264 dux
1363 3208 1595 3264 feliciter
1633 3222 1789 3262 exse-

211 3313 362 3359 cutus
403 3313 490 3359 est
521 3303 622 3374 (2),
653 3311 815 3373 atque
864 3318 952 3357 an.
981 3301 1084 3358 956
1114 3301 1402 3372 Gerbergae
1431 3301 1629 3370 reginae
1665 3299 1786 3353 vin-

209 3393 303 3450 dex
352 3393 598 3449 Montem
647 3391 965 3458 Castriloci,
1024 3391 1324 3447 Hannonis:
1376 3401 1572 3460 caput,
1629 3397 1791 3445 noctu

205 3484 572 3556 expugnavit,
631 3492 687 3540 et
738 3483 1120 3554 Ragenerum,
1177 3482 1269 3554 qui
1322 3483 1522 3554 regina:
1568 3481 1794 3551 injurias

209 3578 496 3642 intulerat,
523 3591 694 3632 uxore
744 3585 800 3631 et
837 3575 1022 3631 llel‘iS
1051 3575 1174 3631 inde
1205 3575 1420 3640 ablatis,
1472 3575 1539 3628 ad
1569 3572 1792 3630 satisfa-

209 3668 465 3724 ciendum
496 3671 689 3740 reginae
713 3669 892 3739 coegit
915 3667 1012 3738 (⁸5).
1045 3667 1160 3722 Tali
1201 3674 1355 3737 patre
1379 3665 1581 3720 editum
1609 3675 1664 3721 et
1690 3665 1794 3722 Lo-

216 3758 390 3814 thario
440 3773 608 3829 rege,
665 3758 758 3829 qui
830 3757 1054 3813 ultimus
1107 3756 1424 3813 Carolorum
1475 3755 1792 3828 dignitatem

213 3847 412 3918 regiam
444 3848 589 3903 inter
610 3847 752 3903 bella
775 3847 956 3904 civilia
987 3856 1040 3904 et
1073 3855 1299 3903 externa
1329 3845 1475 3902 haud
1507 3845 1795 3901 infeliciter

217 3936 490 4004 sustinuit,
522 3936 785 4003 adultum,
833 3937 1127 3992 Rieherum
1159 3936 1340 3991 studio
1388 3935 1522 4007 regii
1574 3937 1792 4006 generis

217 4029 479 4100 etpatriae
500 4043 691 4084 amore
717 4029 976 4101 ﬂagrasse
1017 4037 1073 4083 et
1115 4029 1345 4100 primam
1395 4042 1573 4082 rerum
1620 4020 1793 4096 publi-

218 4135 396 4176 carum
427 4129 486 4176 et
528 4120 667 4175 artis
703 4121 954 4176 militaris
984 4121 1230 4176 notitiam
1262 4119 1406 4175 domi
1437 4128 1790 4175 consecutum

218 4225 350 4280 esse,
394 4213 541 4269 baud
585 4222 670 4268 est
714 4213 855 4282 quod
898 4213 1135 4268 mireris.
1179 4213 1395 4269 Ultimis
1422 4211 1656 4268 Odelrici
1700 4228 1792 4267 ar-

221 4302 542 4373 chiepiscopi
602 4302 760 4358 annis
807 4303 926 4374 (4),
997 4302 1082 4359 vel
1145 4303 1286 4373 quod
1344 4303 1527 4373 potius
1574 4301 1791 4358 credam

218 4394 556 4449 Adalbcrone
600 4393 1028 4464 archiepiscopo,
1059 4393 1450 4449 monasterium
1483 4393 1656 4448 sancti
1689 4391 1794 4447 Re-

217 4487 357 4558 migii
387 4486 636 4553 intravit,
667 4487 756 4542 ubi
785 4488 886 4542 sub
919 4485 1132 4542 Rodulﬂ
1163 4487 1374 4541 abbatis
1411 4484 1697 4556 disciplina
1726 4485 1793 4540 ab

217 4581 431 4652 egregio
459 4580 720 4651 magistro
761 4578 1027 4634 Gerberto
1062 4577 1261 4634 litteris
1305 4577 1624 4642 instructus,
1661 4575 1795 4630 arti-

213 4674 308 4730 bus
354 4673 676 4730 liberalibus
720 4674 956 4729 studium
996 4675 1254 4740 advertit,
1287 4673 1636 4740 diversasque
1674 4671 1794 4742 phi-

212 4765 472 4836 losophiae
537 4774 723 4836 partes
769 4765 992 4822 edoctus
1036 4775 1092 4821 et
1138 4765 1380 4822 classicis
1424 4763 1795 4818 Romanorum

208 4855 591 4926 scriptOribus,
622 4855 980 4928 philosophis,
1023 4858 1216 4928 poetis,
1247 4855 1542 4918 historicis,
1587 4868 1798 4910 cosmo-

209 4947 434 5018 graphis
472 4947 732 5013 imbutus,
783 4956 844 5002 ut
883 4951 950 5003 de
992 4948 1260 5003 monacho
1306 4946 1510 5017 sperari
1560 4954 1793 5016 poterat,

209 5038 416 5092 sanctis
450 5037 705 5094 Patribus
753 5038 915 5093 etiam
965 5048 1020 5094 ct
1065 5037 1362 5092 canonibus
1410 5035 1795 5091 ecclesiasticis

206 5128 451 5199 legendis
476 5144 701 5199 operam
732 5129 878 5186 dedit
905 5129 1005 5199 (5).
1035 5128 1167 5184 Erat
1192 5137 1320 5184 tunc
1343 5128 1636 5184 Remorum
1664 5127 1796 5183 urbs

287 5315 359 5390 (l)
397 5317 665 5390 Prologus
691 5320 872 5388 operis
901 5328 956 5374 c‘t
979 5318 1073 5376 lib.
1105 5335 1180 5387 iv,
1212 5322 1301 5377 50.

284 5389 360 5528 (ἐς
397 5404 456 5453 ιι,
488 5391 671 5446 87-91.

282 5459 336 5528 ίὸ
398 5475 480 5526 ιιι,
512 5459 660 5515 6-10.

282 5530 358 5601 (ι)
401 5531 562 5586 Certe
606 5532 748 5614 haud
777 5543 918 5614 ante
964 5547 1162 5614 annum
1193 5531 1332 5614 966;
1378 5545 1502 5589 nam
1534 5533 1794 5592 Flodoar—

207 5599 473 5686 duplum-1
495 5603 714 5686 novisse
740 5601 1083 5686 videtur.“Cf..
1115 5603 1424 5686 Prologum.

281 5671 356 5742 (5)
381 5687 418 5739 ι,
441 5672 494 5738 3,
522 5673 883 5744 Hieronymus
902 5682 957 5729 et
979 5672 1249 5745 Sulpicius
1277 5671 1676 5742 memorantur;
1706 5691 1786 5742 ιιι,

655 5765 925 5826 Ριτιιοι..
952 5763 1363 5829 CXXXVIII.

1898 2011 2143 2080 praesulis
2173 2011 2418 2084 insignis,
2453 2011 2529 2067 ita
2572 2013 2932 2071 Adalberonis
2977 2017 3242 2089 regimine
3290 2018 3485 2075 nobili-

1899 2109 2042 2166 tata,
2093 2117 2267 2173 coque
2314 2117 2424 2159 non
2470 2103 2652 2160 minus
2701 2106 2963 2177 exemplis
3017 2123 3180 2179 quam
3234 2111 3483 2166 doctrina
3544 2161 3553 2172 .

1899 2194 2095 2250 animis
2130 2195 2484 2265 moribusque
2523 2194 2782 2264 iuvenum
2815 2196 3114 2255 formandis
3157 2200 3355 2256 valida.
3388 2202 3484 2258 Ri-

1897 2284 2286 2355 chcrusigitur
2309 2285 2554 2342 bonitate
2580 2294 2636 2342 et
2669 2287 2882 2359 ingenio
2912 2289 3204 2346 amicitiam
3231 2290 3483 2348 Gcrberti

1897 2375 1997 2430 sibi
2029 2377 2386 2446 comparavit,
2434 2394 2455 2429 ι
2483 2377 2606 2444 viri,
2657 2389 2714 2433 ut
2758 2379 2874 2450 ejus
2900 2381 3080 2438 verbis
3123 2391 3266 2449 utar,
3298 2386 3483 2456 magni

1898 2466 2095 2538 ingenii
2128 2483 2193 2525 ac
2217 2469 2340 2524 miri
2369 2469 2590 2541 eloquii,
2620 2486 2728 2542 quo
2758 2481 2870 2527 tota
2897 2472 3069 2530 Gallia
3092 2490 3158 2530 ac
3184 2476 3231 2530 si
3257 2477 3482 2534 lucerna
3529 2459 3539 2469 ’

1898 2559 2135 2617 ardente.
2193 2558 2531 2615 vibrabunda
2582 2559 2816 2616 refulsit.
2855 2581 2874 2615 ι
2936 2562 3038 2631 Qui
3105 2577 3228 2619 cum
3277 2565 3485 2622 intimis

1895 2648 2226 2705 Adalberoni
2273 2651 2684 2722 archiepiscopo
2727 2667 2758 2706 a
2808 2653 3050 2709 consiliis
3097 2663 3262 2722 esset,
3322 2665 3485 2728 atque

1897 2738 2203 2805 itineribus,
2235 2740 2478 2810 epistolis
2506 2752 2560 2796 et
2591 2742 2906 2813 magisterio
2940 2745 3168 2800 summis
3199 2747 3253 2800 in
3285 2746 3482 2811 Gallia.

1895 2827 2186 2884 Germania
2231 2838 2287 2886 et
2334 2830 2485 2886 ltalia
2535 2831 2667 2888 viris
2703 2831 3075 2890 familiaritate
3137 2836 3482 2910 iungeretur.

1896 2920 2157 2996 Optimam
2192 2920 2378 2991 juveni
2410 2911 2592 2978 rerum
2632 2925 2713 2980 sui
2764 2925 3025 2996 temporis
3072 2929 3482 3000 cognoscenda-

1897 3027 2016 3066 rum
2052 3022 2108 3067 et
2152 3013 2651 3084 perspiciendarum
2703 3014 3019 3082 facultatem
3068 3020 3236 3076 dedit.
3280 3021 3486 3079 Medias

1899 3112 2078 3160 tamen
2113 3106 2254 3162 inter
2286 3106 2498 3172 turbas,
2543 3123 2664 3178 quae
2693 3107 3011 3165 Carolorum
3055 3124 3238 3168 casum
3269 3123 3324 3170 et
3356 3117 3485 3171 novi

1902 3197 2054 3268 regni
2085 3197 2235 3253 initia
2267 3198 2684 3268 comitabantur,
2725 3199 2992 3257 Richerus
3028 3204 3132 3259 arti
3173 3207 3395 3263 medica:
3425 3223 3486 3264 se

1897 3290 2122 3357 addixit,
2159 3307 2322 3362 quam
2351 3307 2459 3364 quo
2486 3291 2666 3348 studio
2694 3293 2766 3349 sit
2791 3296 3105 3365 amplexus,
3143 3311 3210 3353 ex
3238 3298 3487 3368 plurimis

1898 3382 2214 3437 morborum
2259 3382 2718 3453 descriptionibus
2769 3385 2920 3456 operi
2966 3387 3186 3443 insertis
3212 3387 3288 3460 (6)
3335 3389 3486 3445 collis

1895 3479 2057 3550 gitur.
2090 3480 2244 3537 Anno
2271 3481 2370 3538 991
2405 3497 2592 3538 mense
2620 3481 2813 3539 Martio
2846 3481 2916 3538 ab
2941 3484 3117 3542 amico
3145 3483 3486 3542 Heribrando

1898 3570 2131 3636 medico,
2159 3572 2480 3628 Carnotensi
2523 3572 2744 3641 clerico,
2779 3573 2974 3630 litteris
3009 3584 3065 3630 et
3097 3575 3274 3646 legato
3303 3592 3487 3632 arces-

1896 3659 2054 3726 situs,
2080 3661 2377 3718 Carnotum
2419 3664 2572 3728 adiit,
2603 3665 2694 3720 ubi
2723 3665 2864 3736 apud
2909 3681 3116 3736 magnae
3141 3666 3486 3723 liberalitatis

1896 3759 1952 3806 et
1980 3753 2223 3808 scientia:
2266 3755 2442 3812 virum
2470 3755 2815 3827 Hippocratis
2842 3759 3184 3828 aphorismos
3207 3770 3262 3815 et
3285 3759 3485 3816 librum

1901 3843 1969 3899 de
1998 3844 2289 3900 concordia
2313 3845 2682 3916 Hippocratis,
2713 3847 2902 3904 Galeni
2930 3859 2986 3904 et
3025 3848 3241 3906 Suriani
3279 3853 3487 3908 studio-

1895 3939 2010 3994 sius
2054 3938 2284 4005 evolvit;
2334 3937 2490 4008 cujus
2537 3939 2750 3996 itineris
2791 3940 3072 3997 molestias
3114 3943 3254 3998 libro
3280 3959 3355 4008 IV,
3395 3959 3488 4000 ea-

1895 4029 2005 4092 nite
2037 4029 2126 4095 50,
2163 4029 2430 4099 exposuit.
2464 4029 2634 4086 Paulo
2661 4039 2784 4100 post
2829 4046 2978 4100 eum,
3018 4032 3269 4099 Arnulfu,
3317 4034 3481 4088 Adal-

1895 4116 2113 4173 berouis
2141 4132 2482 4184 successore,
2525 4119 2790 4190 deposito,
2823 4121 3124 4179 Gcrbertus
3153 4138 3340 4196 regum
3375 4125 3484 4184 Hu-

1895 4207 2050 4278 gonis
2075 4217 2130 4264 et
2155 4209 2428 4282 Rotberti,
2474 4210 2721 4280 discipuli
2753 4213 2857 4278 sui,
2890 4213 3073 4272 favore
3116 4216 3484 4286 archiepisco-

1894 4306 2080 4366 patum
2149 4299 2470 4358 Rcmensem
2519 4302 2886 4372 suscepisset,
2945 4304 3181 4363 Richero
3244 4308 3486 4364 historiae

1894 4388 2171 4446 Gallorum
2223 4394 2634 4450 conscribendas
2681 4405 2872 4452 auctor
2927 4397 3105 4456 factus
3153 4410 3257 4456 est.
3329 4401 3484 4470 Quod

1895 4483 2113 4552 quidem
2164 4499 2362 4540 munus
2417 4503 2436 4536 ι
2474 4485 2544 4540 01)
2574 4502 2840 4543 summam
2888 4505 3052 4561 quam
3095 4491 3290 4550 afferre
3334 4495 3485 4550 vide-

1897 4572 2058 4626 batur
2095 4572 2384 4642 utilitatem
2434 4584 2490 4630 et
2540 4577 2784 4632 materiae
2832 4579 3133 4638 ubertatem
3190 4597 3256 4656 ep
3314 4583 3484 4639 animi

1897 4665 2018 4720 nisu
2066 4667 2334 4736 suscepit,
2387 4683 2494 4738 qua
2537 4667 2780 4738 jubentis
2829 4672 2970 4728 mira
3018 4674 3381 4731 benivolentia
3425 4691 3486 4732 se

1897 4757 2137 4827 pertrahi
2174 4775 2192 4808 ι
2229 4757 2362 4813 dicit
2384 4759 2484 4829 (7),
2533 4759 2873 4832 triennioque
2918 4764 3168 4820 absolvit.
3203 4764 3483 4837 Siquidem

1897 4849 2054 4905 annis
2087 4850 2195 4906 995
2238 4859 2294 4905 et
2338 4850 2444 4907 996
2472 4851 2683 4908 litteras
2709 4853 2779 4908 ad
2807 4853 3130 4911 Gerbertum
3159 4859 3310 4927 operi
3347 4872 3486 4928 pra:-

1897 4941 2056 5008 ﬁxas,
2089 4943 2286 4999 librum
2323 4960 2340 4998 ι
2372 4953 2426 5000 et
2464 4945 2587 5000 libri
2619 4959 2661 5000 ιι
2687 4947 2864 5016 capita
2897 4947 3049 5016 1-78,
3079 4949 3273 5019 quibus
3307 4950 3482 5006 histo-

1900 5033 1978 5088 ria
2023 5049 2195 5105 usque
2241 5034 2310 5090 ad
2353 5051 2553 5091 annum
2595 5037 2701 5092 948
2741 5038 3078 5108 perducitur,
3124 5043 3482 5113 conscripsit,

1903 5124 2109 5194 reliqua
2154 5124 2277 5180 libri
2325 5142 2363 5180 ιι
2399 5127 2599 5198 capita,
2653 5127 2847 5184 librum
2889 5145 2948 5186 ιιι
2994 5141 3051 5187 et
3096 5147 3151 5186 IV
3198 5132 3482 5189 historiam

1900 5321 1994 5388 46,
2025 5335 2143 5391 sqq.
2171 5330 2419 5379 auctores
2446 5320 2704 5379 classicos
2730 5339 2760 5378 a
2799 5323 3062 5380 Gerberto
3093 5324 3363 5380 adhibitos
3393 5339 3480 5380 re-

1901 5401 2332 5534 θθῗὲξιίῑκεηιριί
2364 5464 2536 5532 gratia
2576 5480 2614 5527 ι,
2664 5465 2751 5529 ιι,
2783 5467 2867 5528 ιδ,
2906 5465 3110 5529 13.49,
3143 5464 3233 5529 se,
3269 5466 3371 5530 65;
3415 5481 3478 5530 ιι,

1900 5533 1991 5599 57,
2017 5533 2230 5605 46,_59,
2259 5533 2346 5601 99,
2381 5535 2513 5601 105;
2554 5551 2634 5602 ιιι,
2672 5537 2758 5602 15,
2791 5537 2880 5600 96,
2918 5535 3048 5600 109ς
3090 5551 3164 5602 ιν,
3197 5536 3252 5602 5,
3290 5537 3380 5605 24,
3412 5535 3481 5591 50

1902 5620 2048 5745 δαὶ]έῇ
2073 5603 2364 5746 ξῖἑοιοειιε.

3044 5770 3075 5830 1

3535 4913 3548 5042 ξ
