3988 5362
506 262 566 316 ιι
1316 220 1323 225 “
1539 254 1879 312 BICIIERUS
1906 255 1977 323 s,
2021 254 2278 310 REMIGII
2315 252 2703 314 uoxacnus.
3709 267 3777 323 η

507 385 769 427 annorum
798 368 1033 427 958-995
1063 365 1395 438 complexos,
1447 365 1602 420 annis
1644 321 2082 419 996-9980addi-
2108 368 2158 427 Α
2184 362 2437 433 ligaretur
2463 362 2599 436 (20),
2628 364 2931 436 additisque
2974 367 3088 424 suis
3139 370 3320 425 omnia
3345 369 3418 427 ita
3450 321 3764 444 digessisse,

505 464 649 519 disse
679 471 733 518 et
776 470 890 517 tum
933 475 1149 530 quoque
1198 466 1368 513 totum
1414 470 1549 525 opus
1592 463 1920 510 retractasse
1958 453 2085 508 ulti-

507 566 758 623 mamque
783 551 833 608 ei
861 565 1080 605 manum
1107 546 1411 603 admovisse
1434 543 1647 600 videtur
1675 542 1775 616 (8).

573 643 868 701 Consilium
882 649 936 698 et
960 640 1225 696 rationem
1243 637 1425 707 operis
1452 635 1567 705 ipse
1585 633 1845 704 praefatus
1864 632 1936 690 ita
1957 647 2085 704 pro-

505 737 610 789 dit:
641 752 660 789 ι
690 733 831 790 Bella.
861 748 893 787 a
920 731 1085 788 Gallis
1110 738 1324 801 patrata
1356 727 1647 797 variosque
1669 740 1862 783 eorum
1889 724 2084 780 tumul-

503 836 591 880 tus
635 840 699 880 ac
723 824 967 880 diversas
1007 821 1343 892 negotiorum
1374 820 1613 875 rationes
1658 819 1725 873 ad
1762 817 2078 873 memoriam

504 915 760 969 reducere
791 913 993 985 scripto
1025 911 1334 983 specialiter
1359 911 1700 981 propositum
1736 917 1840 966 est.
1879 907 1940 964 Si
1975 922 2080 978 qua

497 1020 626 1063 vero
652 1007 881 1061 aliorum
909 1003 1221 1068 efferantur,
1244 1003 1315 1058 ob
1345 1002 1651 1057 incidentes
1682 1001 1922 1057 rationes
1961 1013 2081 1069 quae

496 1099 655 1154 vitari
688 1114 793 1153 non
823 1104 1115 1169 potuerunt
1142 1096 1193 1150 id
1221 1093 1470 1149 evenisse
1523 1100 1764 1164 putetur.
1804 1111 1823 1145 ι
1862 1090 2078 1146 Initium

497 1191 677 1262 operis
704 1191 769 1245 ah
808 1205 874 1245 eo
909 1198 1153 1258 tempore
1198 1185 1448 1256 sumpsit,
1482 1199 1589 1254 quo
1620 1184 1945 1239 Hincmarus
1968 1182 2079 1238 An-

444 1340 453 1345 -
493 1262 706 1340 nalibus
756 1283 870 1340 suis
913 1281 1073 1336 ﬁnem
1115 1281 1337 1337 dederat
1360 1278 1462 1351 (9).
1493 1278 1559 1334 Et
1586 1292 1713 1334 cum
1739 1293 1838 1350 per
1863 1285 2078 1333 centum

494 1374 724 1445 amplius
782 1388 953 1429 annos
1005 1360 1201 1427 librum
1271 1368 1646 1425 deducendum
1710 1373 2075 1438 proponeret,

489 1467 618 1522 Julii
663 1465 895 1522 Cmsaris
934 1464 1180 1534 exemplo
1220 1478 1251 1518 a
1295 1462 1560 1519 divisione
1609 1460 1760 1517 orbis
1788 1470 1842 1534 et
1870 1459 2074 1517 descri-

489 1560 676 1630 ptione
705 1557 890 1616 Galliae
917 1557 1347 1628 populorumque
1376 1569 1498 1609 eam
1530 1552 1881 1609 incolentium
1911 1567 2073 1608 exor-

494 1665 586 1705 sus
637 1649 786 1721 (10),
844 1648 1125 1704 historiam
1191 1645 1396 1702 Odonis
1444 1654 1498 1699 et
1545 1643 1725 1700 Caroli
1775 1642 1844 1698 IV
1885 1658 2072 1714 regum

2189 466 2249 508 ut
2276 455 2434 525 plane
2460 470 2598 510 nova
2638 457 3043 529 probabilisque
3071 463 3314 518 narratio
3352 464 3634 532 evaderet;
3668 482 3772 523 nec

2186 548 2395 600 tantum
2420 546 2830 619 indulgendum,
2847 550 2941 605 sed
2970 552 3344 622 gratulandum
3364 563 3474 622 est,
3498 557 3640 626 quod
3665 572 3768 629 pro

2183 636 2335 691 varia
2367 651 2473 707 qua
2501 638 2753 693 excelluit
2786 638 3048 697 doctrina:
3091 644 3271 714 copia,
3295 659 3385 701 res
3403 662 3435 701 a
3459 645 3771 704 Flodoardo

2184 727 2453 784 interdum
2479 743 2592 785 non
2635 730 2738 786 nisi
2766 732 2931 788 verbo
2971 742 3202 792 attactas
3230 736 3461 807 amplius
3490 740 3764 808 exposuit,

2183 817 2259 871 ita
2312 825 2372 872 ut
2400 817 2485 872 vel
2531 833 2597 874 ea
2649 835 2777 890 pars
2824 822 3026 891 operis,
3057 838 3178 896 quae
3216 841 3283 882 ex
3320 841 3430 881 uno
3460 826 3765 884 Flodoardo

2180 904 2380 973 ﬂuxit,
2439 909 2817 965 commentarii
2868 910 2981 983 (21)
3035 914 3281 984 perpetui
3317 929 3349 971 a
3394 915 3512 972 viro
3569 916 3767 989 insigni

2179 997 2367 1068 scripti
2398 998 2544 1054 vices
2579 998 2979 1069 quodammodo
3027 1003 3275 1073 expleat;
3325 1004 3530 1077 ignosci
3568 1014 3766 1076 potest,

2180 1088 2322 1157 quod
2372 1087 2732 1145 Flodoardum
2781 1106 3166 1163 nonnunquam
3221 1093 3366 1148 haud
3417 1095 3555 1150 bene
3603 1095 3769 1151 intel-

2178 1179 2314 1237 lexit
2356 1181 2506 1253 (22);
2536 1190 2592 1238 at
2618 1184 2729 1239 acri
2761 1199 2991 1241 censura
3030 1186 3591 1253 animadvertendum,
3619 1188 3766 1258 quod

2176 1287 2562 1345 nonnunquam
2609 1289 2642 1332 a
2688 1275 2995 1332 Flodoardo
3061 1277 3343 1344 recedens,
3396 1277 3451 1333 in
3500 1278 3765 1333 bellorum

2176 1362 2538 1435 descriptione
2586 1372 2680 1420 aut
2722 1379 3048 1438 permagnos
3078 1366 3196 1438 (2'5)
3230 1374 3327 1421 aut
3373 1366 3544 1422 multo
3581 1366 3761 1436 majo-

2175 1467 2265 1510 res
2316 1468 2479 1524 quam
2532 1454 2835 1512 Flodoardo
2879 1464 3017 1513 teste
3071 1456 3324 1513 novimus
3356 1456 3469 1529 (24)
3499 1467 3765 1528 pugnato-

2174 1561 2296 1602 rum
2349 1555 2444 1602 aut
2479 1547 2787 1604 occisorum
2838 1563 3094 1606 numeros
3141 1548 3347 1617 refert,
3395 1549 3542 1620 quod
3589 1549 3766 1606 Gallis

2173 1637 2455 1693 victoriam
2510 1638 2840 1693 immeritam
2890 1640 3005 1712 (25)
3037 1639 3307 1707 attribuit,
3359 1640 3467 1696 imo
3504 1640 3763 1697 Flodoar-

491 1755 663 1811 nsque
707 1719 775 1794 ad
825 1755 915 1794 an.
968 1738 1072 1794 920
1109 1736 1222 1810 (11)
1265 1752 1331 1793 ex
1380 1735 1640 1801 fontibus,
1691 1734 1739 1790 si
1783 1733 2071 1795 Flodoardi
2100 1719 2147 1779 Β
2176 1726 2304 1782 dum
2332 1727 2584 1783 undecim
2610 1727 2781 1783 millia
2807 1728 2861 1784 in
2889 1737 3046 1800 parte
3072 1729 3349 1794 Rotberti,
3393 1730 3446 1784 in
3473 1739 3627 1801 parte
3652 1729 3757 1786 Ca-

494 1831 785 1886 llistoriam
815 1820 1425 1897 Remensem’excipias,
1473 1826 1617 1880 unde
1654 1838 1828 1896 pauca
1862 1832 2075 1880 tantum

492 1929 769 1976 mutuatus
806 1929 912 1985 est,
942 1918 1101 1974 nobis
1145 1915 1438 1972 inaccessis
1467 1915 1758 1987 proponit;
1793 1914 2075 1971 historiam

493 2010 671 2065 Caroli
709 2008 801 2075 IV,
849 2006 1140 2073 Rotberti,
1197 2003 1413 2060 Rodulti
1442 2043 1458 2071 ,
1515 2003 1772 2059 Ludovici
1812 2010 1870 2058 et
1920 2002 2076 2058 initia

494 2100 737 2157 Lotharii
766 2100 890 2155 inde
916 2101 983 2155 ad
1018 2114 1107 2154 an.
1134 2097 1240 2154 920
1276 2112 1447 2167 usque
1486 2097 1553 2152 ad
1597 2112 1687 2152 an.
1716 2094 1821 2152 965
1848 2110 1915 2150 ex
1946 2095 2074 2152 Flo-

495 2194 683 2249 doardi
742 2193 1041 2249 Annalibus
1095 2192 1208 2263 (12)
1257 2200 1314 2247 et
1366 2191 1608 2247 fontibus
1660 2189 1818 2245 nobis
1880 2189 2076 2261 ignotis

488 2283 835 2338 concinnavit
879 2282 1013 2355 (15),
1043 2282 1273 2353 denique
1314 2297 1480 2353 regna
1507 2280 1752 2337 Lotharii
1799 2281 1939 2352 (M),
1970 2280 2077 2335 Lu-

495 2374 673 2431 dovici
707 2373 771 2442 V,
795 2372 1035 2446 Hngonis
1061 2382 1116 2429 et
1141 2372 1390 2429 Rotberti
1409 2372 1522 2444 (15)
1557 2372 1626 2428 ab
1654 2387 1746 2427 an.
1764 2372 1883 2427 ‘969
1903 2387 2075 2443 usque

494 2464 560 2519 ad
590 2478 678 2518 an.
711 2464 839 2530 995,
870 2464 1133 2520 historico
1163 2462 1307 2519 nullo
1333 2462 1567 2532 adjutus,
1602 2462 1864 2517 adhibitis
1891 2468 2074 2517 tamen

498 2554 704 2608 chartis
748 2553 1020 2608 nonnullis
1053 2552 1260 2607 arehivi
1291 2551 1464 2607 sancti
1492 2551 1722 2623 Remigii
1764 2551 1878 2623 (16)
1908 2561 2072 2621 atque

498 2644 744 2700 Gerbcrti
770 2641 880 2717 (17)
927 2645 1153 2701 historia
1190 2644 1404 2700 concilii
1459 2643 1746 2699 Remensis
1781 2652 1839 2699 et
1882 2644 2073 2715 synodi

500 2734 875 2803 Mosomensis,
911 2734 1252 2805 conscripsit.
1298 2732 1450 2801 Quod
1481 2748 1588 2805 quo
1623 2733 1855 2790 concilio
1899 2747 2074 2803 quave

494 2825 598 2881 ﬁde
634 2827 822 2883 fecerit
866 2828 1077 2882 collatis
1105 2841 1229 2881 cum
1274 2825 1504 2881 historia
1556 2824 1794 2881 fontibus
1837 2825 1953 2896 ejus
1980 2825 2073 2895 qui

494 2917 762 2989 hodieque
808 2926 1062 2984 exstant,
1123 2919 1503 2988 perspicietur.
1557 2916 1725 2989 Igitur
1775 2933 1898 2973 cum
1958 2932 2067 2973 non

2176 1817 2279 1874 roli
2325 1826 2531 1888 septem
2579 1818 2747 1874 millia
2794 1827 3015 1876 centum
3067 1828 3125 1875 et
3169 1820 3539 1892 duodeviginti
3588 1836 3761 1878 caasos

2175 1911 2460 1981 scripsisse
2490 1911 2621 1968 dicit
2668 1910 2820 1985 (26),
2868 1913 2959 1969 ubi
3008 1912 3294 1970 Flodoardi
3322 1915 3538 1971 codices
3563 1923 3618 1970 et
3646 1915 3761 1972 edi-

2179 2002 2355 2058 tiones
2391 2017 2581 2058 omnes
2619 2002 2734 2075 (27)
2772 2003 2989 2060 nonnisi
3037 2005 3154 2060 haec
3202 2005 3367 2061 verba
3400 2019 3416 2059 :
3458 2004 3642 2060 Multis
3695 2022 3764 2061 ea:

2177 2102 2399 2164 utraque
2439 2102 2588 2164 parte
2633 2093 2938 2149 cadentibus
2979 2094 3183 2165 legunt.
3235 2094 3389 2163 Quod
3432 2103 3493 2150 ut
3538 2096 3758 2152 veritati

2178 2191 2362 2254 aperte
2392 2183 2726 2240 contrarium
2753 2200 2853 2240 nec
2878 2183 2984 2240 ulla
3002 2185 3349 2242 excusatione
3373 2185 3761 2253 obvclandum,

2176 2276 2253 2331 ita
2298 2274 2629 2331 leve'tamen
2660 2275 2852 2331 vitium
2902 2276 3214 2343 videbitur,
3268 2276 3315 2332 si
3360 2276 3525 2332 alium
3581 2276 3759 2334 locum

2177 2366 2460 2433 intuearis,
2484 2382 2592 2437 quo
2621 2380 2680 2422 se
2720 2367 2773 2422 in
2808 2367 3083 2423 licentiam
3115 2368 3231 2423 viro
3272 2368 3519 2436 candido,
3544 2368 3757 2439 qualem

2176 2457 2531 2513 historiarum
2569 2458 2889 2529 scriptorem
2911 2473 3032 2515 esse
3057 2459 3233 2526 decet,
3259 2459 3419 2531 plane
3457 2461 3752 2533 indignam,

2173 2551 2410 2621 partium
2454 2551 2632 2608 studio
2669 2561 2724 2608 et
2764 2553 3004 2609 vanitate
3048 2553 3221 2623 abripi
3247 2569 3441 2625 passus
3469 2564 3571 2611 est.
3613 2556 3751 2611 Nam

2174 2658 2296 2699 cum
2344 2644 2491 2714 operi
2536 2645 2602 2699 ad
2654 2643 2815 2703 tlnem
2864 2645 3127 2715 perducto
3182 2646 3476 2702 secundum
3528 2661 3747 2702 manum

2172 2733 2508 2799 admoveret,
2541 2726 2660 2787 eam
2688 2733 2808 2789 libri
2854 2733 3016 2805 primi
3045 2743 3281 2805 partem,
3327 2751 3445 2806 quae
3472 2736 3538 2792 de
3582 2738 3748 2794 rebus

2174 2824 2351 2881 Caroli
2380 2840 2504 2879 eum
2542 2823 2720 2895 Belgis
2765 2833 2820 2881 et
2868 2827 3004 2883 duce
3032 2841 3221 2883 eorum
3270 2828 3572 2885 Giselberto
3614 2830 3746 2902 agit,

2175 2915 2250 2971 ita
2275 2924 2571 2972 retractare
2600 2933 2704 2970 non
2732 2918 2977 2985 erubuit,
3010 2928 3069 2974 ut
3103 2920 3333 2992 Belgica:
3377 2920 3494 2976 loco
3523 2920 3753 2977 Germa—

492 3008 717 3063 annales
763 3009 854 3064 sed
901 3008 1181 3064 historiam
1233 3007 1509 3063 Gallorum
1566 3007 1908 3063 scribendam
1967 3007 2070 3063 sibi
2105 3069 2141 3081 _
2174 3006 2320 3061 niam
2350 3016 2405 3060 et
2446 3021 2545 3076 pro
2588 3006 2894 3063 Giselberto
2935 3009 3243 3065 lleinricum
3291 3009 3590 3076 scriberet,
3637 3026 3750 3081 quo

488 3103 889 3174 proposuisset,
923 3098 1205 3156 Flodoardi
1238 3099 1376 3155 lihro
1398 3097 1670 3162 adhibito,
1709 3117 1729 3149 ‹
1762 3113 1869 3154 non
1900 3100 2065 3156 verba
2097 3069 2143 3131 θ
2174 3100 2381 3156 scilicet
2407 3099 2753 3154 Germaniam
2806 3100 3002 3157 Carolo
3046 3118 3111 3157 eo
3162 3111 3403 3172 tempore
3446 3069 3746 3173 subjectatn

492 3194 703 3259 eadem,
737 3191 829 3246 sed
878 3190 982 3246 alia
1036 3205 1135 3259 pro
1181 3190 1302 3245 aliis
1352 3189 1509 3261 longe
1556 3190 1772 3246 diverso
1802 3190 2067 3245 orationis

484 3285 757 3340 schemate
785 3282 1053 3352 disposuit
1096 3281 1229 3352 (18),
1260 3281 1500 3351 satisque
1546 3280 1740 3337 lectori
1770 3280 1890 3337 ﬁeri
1920 3281 2067 3338 arbio

485 3384 663 3430 tratus
691 3384 794 3439 est,
825 3375 872 3428 si
901 3373 1255 3444 probabiliter
1297 3373 1408 3446 (19)
1440 3382 1605 3444 atque
1657 3373 1890 3431 dilucide
1936 3376 2066 3432 bre-

484 3468 730 3536 viterque
779 3466 960 3520 omnia
1005 3463 1335 3535 digessisset.
1374 3484 1393 3517 ι
1424 3464 1584 3520 Certe
1623 3466 1895 3521 neminem
1924 3466 2064 3522 late-

482 3558 583 3622 bit,
614 3573 713 3614 nec
760 3556 1078 3626 reprehendi
1126 3563 1344 3625 potest,
1397 3556 1688 3612 Richerum
1743 3556 1979 3627 plurima
2030 3571 2060 3611 a

484 3651 788 3707 Flodoardo
817 3649 1024 3720 prolata
1055 3649 1323 3716 omisisse,
1350 3651 1558 3721 reliqua
1604 3665 1746 3722 saepe
1775 3652 1848 3706 ita
1877 3651 2062 3723 dispo-

489 3743 681 3808 suisse,
714 3750 773 3796 ut
801 3742 935 3797 ordo
963 3754 1143 3796 rerum
1190 3749 1463 3813 gestarum
1490 3742 1660 3797 multo
1687 3741 1877 3798 melius
1906 3742 2065 3798 intel-

555 3872 631 3943 (8)
663 3872 790 3926 llaec
837 3872 961 3943 inde
989 3871 1179 3943 cilicio,
1225 3871 1375 3943 quod
1405 3885 1526 3925 cum
1556 3870 1705 3943 prior
1722 3870 1908 3943 operis
1937 3885 2065 3943 pars

481 3940 783 4023 atramento
837 3941 1014 4023 fusco,
1050 3941 1253 4022 reliqua
1289 3940 1466 4023 indc‘a
1500 3942 1680 4023 capite
1721 3941 1790 4023 79
1837 3940 1961 4023 libri
1992 3957 2055 4022 ιι,

481 4013 727 4082 nigriori,
753 4026 860 4081 quo
902 4021 958 4064 et
990 4011 1356 4082 correctiones
1383 4018 1437 4064 et
1465 4010 1827 4082 additamenta
1857 4012 2058 4080 prioris

478 4080 1021 4164 partisneonscripta
1043 4080 1209 4164 sint,“
1226 4081 1410 4164 eadem
1452 4081 1739 4164 atramettti
1771 4081 2057 4164 diversitas

478 4148 533 4206 in
586 4152 789 4206 notitiis
815 4148 1102 4221 historicis,
1129 4148 1437 4217 offenditur,
1475 4166 1594 4221 quae
1630 4150 1830 4205 ultimae
1854 4150 2058 4221 codicis

477 4222 689 4291 paginae
726 4238 755 4276 a
796 4221 1025 4277 Ricbero
1056 4220 1238 4285 illatae,
1270 4219 1536 4290 praecipua
1575 4234 1837 4275 annorum
1870 4219 1974 4275 995
2002 4228 2059 4274 et

477 4292 580 4345 996
608 4290 752 4346 facta
782 4298 1087 4347 atramento
1116 4291 1269 4346 fusco
1312 4299 1368 4346 et
1407 4293 1498 4345 vix
1540 4290 1787 4361 legendo,
1812 4289 1973 4361 quale
1999 4289 2056 4361 in

515 4328 580 4345 ονυ
608 4328 752 4346 unum
782 4328 857 4347 αιι
871 4328 1087 4347 αιιιυιιιυ
1116 4328 1269 4346 Ιυουν
1312 4328 1368 4346 ν’
1414 4328 1498 4345 VIA
1540 4328 1787 4356 ιιθυιιυυ,

475 4363 651 4429 prima
692 4371 843 4432 parte
869 4364 1051 4433 operis
1078 4361 1335 4426 occurrit,
1365 4362 1571 4431 reliqua
1602 4360 1878 4415 annorum
1918 4360 2054 4416 996-

476 4431 581 4486 998
630 4432 872 4502 nigriori,
923 4432 1067 4503 quali
1094 4432 1332 4503 dreliqua
1363 4433 1545 4502 operis
1585 4437 1641 4487 et
1687 4430 2053 4487 correctiones

424 4540 429 4546 ι
476 4501 781 4571 conscripta
808 4501 957 4569 sunt,
981 4501 1260 4557 exhibent.

548 4573 624 4644 (9)
670 4572 947 4644 Prologus.

549 4643 661 4778 (ιο)
688 4643 803 4697 Lib.
833 4643 872 4709 ι,
900 4643 1009 4697 1-3.

549 4714 631 4778 (ll
689 4713 913 4778 1,4-19.

578 4713 660 4778 Il)
689 4729 728 4778 ι,
756 4713 913 4769 4-19.

578 4719 660 4778 II)
689 4729 728 4778 ι,
756 4719 913 4769 4-19.

549 4719 661 4855 (l2)
693 4800 734 4855 ι.
764 4784 831 4839 19
862 4797 1031 4852 nSQue
1066 4798 1149 4848 ιιι,
1176 4782 1268 4838 21.

550 4855 662 4925 (15)
693 4854 975 4925 Prologus.

548 4922 661 4994 (14)
689 4940 768 4985 ιιι,
799 4922 1021 4979 22109.

575 4996 661 5064 15)
692 4993 857 5064 Liber
881 5010 956 5064 ιν.

548 5000 661 5133 (15)
692 5000 853 5051 Liber
881 5010 956 5047 ιν.

576 5067 662 5134 16)
696 5080 776 5130 ιιι,
801 5063 893 5127 29,
938 5060 1025 5113 50.

549 5137 658 5204 (17)
678 5148 766 5204 ιν,
782 5134 881 5204 75.

548 5197 657 5258 (18)
675 5201 950 5258 Prologus.
972 5227 1042 5237 —
1059 5197 1328 5258 Exempli.
1356 5202 1547 5258 gratia.
1575 5221 1622 5258 ι.
1648 5204 1738 5258 49.
1764 5204 2051 5264 Flodoardi

717 5301 995 5362 V‘UIfililluﬂ
1017 5301 1186 5362 ιιιζηιοο
1211 5301 1467 5362 “turgt”?!
1510 5301 1594 5330 cut
1619 5278 1826 5358 acuebat
1858 5281 2059 5343 06618ον

476 5301 652 5329 ιυυιιιιι
691 5301 706 5324 1

2170 3195 2339 3251 fuisse
2384 3193 2695 3261 simularet;
2739 3197 2881 3266 quod
2926 3195 2995 3251 ab
3041 3195 3363 3252 Ekkehardo
3404 3196 3744 3268 Uraugiensi,

2172 3287 2261 3358 qui
2323 3294 2568 3342 nostrum
2616 3286 2947 3352 evolverat,‘
2981 3296 3294 3358 receptum,
3345 3302 3467 3341 cum
3522 3286 3748 3356 reliquis

2170 3378 2427 3434 omnibus
2473 3378 2804 3438 testimoniis
2846 3387 3195 3451 repugnaret,
3225 3377 3292 3432 ad
3338 3387 3528 3432 nostra
3574 3390 3748 3447 usque

2173 3479 2416 3543 tempora
2468 3472 2779 3543 scrupulum
2828 3470 3017 3526 saltem
3063 3469 3336 3525 historicis
3371 3467 3589 3539 injecit,
3644 3482 3747 3523 nec

2170 3560 2275 3617 nisi
2328 3561 2647 3617 anthemico
2695 3569 2908 3631 reperto
2970 3560 3226 3629 explicari
3280 3560 3473 3628 potuit.
3525 3556 3747 3613 Talibus

2168 3650 2459 3707 Ricberum
2489 3652 2678 3718 patriae
2708 3652 2846 3705 ultra
2878 3664 3039 3718 quam
3086 3648 3213 3702 ferri
3239 3656 3414 3716 potest
3438 3647 3743 3701 studiosum

2166 3749 2222 3795 et
2247 3756 2398 3794 vanae
2439 3734 2644 3811 gloriae,
2675 3752 2794 3807 qua:
2822 3736 2907 3792 vel
2936 3737 2989 3791 in
3027 3734 3347 3807 Napoleonis
3392 3734 3596 3791 nuntiis
3623 3734 3740 3808 (28)

2236 3871 2348 3941 (20)
2381 3872 2623 3941 Exempli
2652 3870 2845 3939 gratia,
2880 3885 2939 3932 ιι,
2965 3868 3056 3941 27,
3082 3868 3169 3922 15.

2237 3938 2349 4013 (21)
2383 3938 2623 4012 Exempli
2660 3938 2931 4013 gra_tia,_t,
2959 3939 3048 4002 61,
3082 3938 3567 4013 commendationis
3605 3953 3741 4013 usus

2162 4008 2489 4081 exponitur;
2519 4008 2571 4072 ι,’
2593 4008 2687 4075 6οξ
2712 4010 2800 4075 61,
2846 4010 3234 4081 Consecratio;
3284 4025 3331 4075 ι,
3364 4009 3451 4063 62.
3492 4008 3739 4066 Lauduni

2161 4079 2338 4151 captio
2364 4098 2377 4147 ;
2406 4098 2469 4151 ιι,
2495 4082 2589 4151 45,
2616 4081 2907 4151 Remorum
2934 4079 3164 4151 obsidio.

2232 4143 2345 4223 (22)
2366 4143 2616 4224 Exempli
2667 4149 2912 4224 g_ratia_t,
2940 4150 3028 4215 50,
3060 4149 3149 4204 ubi
3202 4162 3455 4224 reversos
3480 4163 3518 4224 _e
3552 4163 3736 4219 pugna

2160 4217 2520 4279 Nortmaiinos
2547 4217 2801 4291 insulam
2848 4221 3120 4291 ingressos
3154 4233 3283 4291 esse
3332 4217 3520 4291 scribit
3538 4217 3567 4291 ί
3609 4217 3735 4276 cum

2161 4292 2493 4350 Flodoardns
2524 4292 2576 4347 id
2601 4307 2631 4346 a
2660 4287 3008 4347 Nortmannis
3048 4288 3482 4345 Rodomensibus
3530 4287 3738 4349 factum

2159 4371 2378 4428 narret;
2440 4361 2639 4416 ibidem
2696 4374 2879 4429 regem
2932 4359 3223 4429 Rodult‘um
3278 4359 3513 4429 insulam
3561 4375 3736 4428 expu-

2079 4418 2133 4480 Ῑ)
2157 4418 2719 4506 ςιιιιςεέόρςὶιδῳιοό,
2758 4418 2890 4506 rege
2916 4431 2976 4506 _in
3007 4444 3161 4506 pago
3202 4428 3565 4506 Bellovaeensi
3616 4418 3734 4485 mo-

2161 4498 2696 4585 fantehlleriberto
2746 4498 2931 4585 comiti
2987 4498 3246 4585 debetur";
3291 4515 3368 4581 ιι,
3417 4498 3516 4562 82,
3571 4512 3736 4568 syno-

2157 4572 2345 4656 dos
2376 4572 2643 4628 Vincentii
2675 4571 3090 4627 Laudunensem
3121 4580 3176 4625 et
3205 4570 3583 4625 Trevirensem
3603 4583 3737 4624 con-

2383 4711 2625 4796 Exempli
2682 4713 2876 4784 gratia,
2910 4727 2949 4776 ι,
2985 4709 3073 4793 62,
3115 4708 3290 4773 800ος
3333 4725 3372 4774 ι,
3418 4706 3486 4763 14
3509 4748 3524 4773 ,
3556 4707 3734 4778 primo

2156 4784 2225 4839 50
2263 4785 2297 4839 0
2326 4793 2562 4839 scrmsrt.
2597 4792 2709 4836 tum
2738 4784 2897 4839 6000.
2922 4781 3118 4835 deinde
3157 4779 3351 4834 I0000.

2155 4779 2297 4839 5000
2323 4779 2570 4855 scripsit,
2597 4779 2709 4855 turn
2738 4784 2897 4847 6000,
2922 4781 3131 4855 deinde
3157 4779 3351 4855 I0000.

2228 4856 2344 4927 (24)
2386 4846 2562 4927 1549;
2596 4854 2878 4927 plusquam
2899 4851 3039 4927 -800.
3062 4849 3438 4927 ElpdoﬂthS»
3484 4846 3735 4927 909-31}-

2156 4916 2380 4991 chérus;
2411 4916 2469 4990 ι,
2507 4916 2613 4992 51,’
2647 4916 2981 4979 Flodoardus
3010 4921 3197 4992 1100,
3242 4920 3506 4975 Rieherus
3552 4916 3730 4992 8000;

2155 5013 2216 5064 ιι,
2269 4986 2377 5059 85,⁷
2407 4986 2593 5060 occisi,
2645 4994 2765 5064 plus
2811 5008 2973 5064 quam
3000 4990 3425 5064 560_Richerus_,
3472 4986 3734 5064 quadrin-

2154 5056 2660 5155 géttti\Flod.'I‘list;
2688 5056 2844 5146 Rem:
2870 5061 3228 5155 unad£aginta
3280 5056 3729 5155 [fled-:nélngalies.

2157 5131 2181 5138 ⁷
2226 5137 2338 5207 (25)
2384 5151 2425 5201 ι,
2476 5134 2569 5199 49,
2611 5135 2836 5190 victoria
2887 5131 2954 5188 de
3008 5131 3356 5185 Nortmannis
3410 5134 3682 5207 reportata
3713 5166 3731 5194 ,

2153 5215 2460 5258 castrorum
2509 5204 2783 5258 incensio.
2849 5201 2991 5258 5000
3033 5198 3355 5256 Nortmanni
3384 5211 3553 5252 OCCISI
3604 5195 3731 5253 Flo-

2155 5301 2356 5362 υυιιξιξρ
2382 5301 2654 5362 ιἰςηιξὶδιιιιιι
2664 5301 2704 5328 ι.
