4026 6312
186 406 245 463 15
1112 393 1391 452 NOTITIA
1429 389 1795 446 msromcs
1836 390 1922 447 ET
1960 390 2545 453 sreuocmemca.
3375 406 3456 464 ιη

185 506 619 582 indignationem
643 501 965 576 populorum
998 502 1244 568 incurrit,
1275 501 1514 558 deditum
1541 501 1769 570 experti,
1801 506 1851 565 Α
1879 501 1947 557 ad
1976 512 2224 560 sanctum
2261 504 2512 563 Basolum
2541 515 2598 562 et
2642 506 2967 568 Mosomensi
3002 512 3303 572 scribendis
3331 532 3456 575 cum

182 620 223 659 Si
276 612 455 656 totum
490 612 627 669 opus
662 604 821 652 caute
868 595 1177 665 legendum,
1221 608 1324 649 nec
1355 593 1463 647 ullo
1506 593 1625 663 ejus
1655 592 1774 647 loco

182 694 277 748 nisi
303 688 688 746 fundamentis
712 685 830 756 ejus
859 685 997 741 bene
1030 686 1334 757 perspectis
1360 685 1624 740 utendum
1650 700 1775 741 esse

182 801 471 845 censemus
498 825 512 850 ,
560 782 699 839 nihil
745 782 890 837 ultra
933 778 1145 850 justum
1191 787 1246 835 et
1291 794 1482 835 verum
1535 786 1775 835 statuere

180 877 512 932 videbimur.
556 874 625 929 Et
652 872 951 943 vel-primis
978 871 1131 928 libris
1155 879 1358 941 praeter
1398 884 1463 926 ea
1505 884 1626 941 qua:
1651 869 1776 925 Floo

179 969 364 1027 doardi
387 969 732 1024 auctoritate
760 967 1008 1020 nituntur
1043 964 1200 1036 plura
1234 972 1419 1020 nostro
1440 964 1660 1035 propria
1687 964 1772 1020 in-

179 1075 310 1126 esse,
342 1059 559 1128 quibus
613 1057 772 1111 fidem
822 1063 1085 1126 praestare
1128 1053 1211 1109 fas
1259 1054 1348 1119 sit,
1380 1053 1523 1110 ultro
1571 1053 1767 1109 fateor.

146 1136 464 1205 [Pertinere
508 1163 581 1204 eo
607 1147 861 1203 videntur
894 1146 1118 1201 historia
1147 1143 1350 1201 Odonis
1378 1145 1536 1216 regis,
1578 1145 1773 1214 praeci-

180 1254 273 1309 pue
301 1237 570 1294 narratio
596 1239 664 1293 de
694 1237 922 1293 victoria
948 1236 1092 1306 apud
1113 1235 1343 1290 Montem
1364 1233 1601 1290 Panchei
1634 1233 1774 1306 (29),

182 1331 294 1387 licet
342 1330 505 1387 nulla
540 1330 663 1400 ejus
711 1328 765 1384 in
808 1328 1104 1384 Annalibus
1148 1327 1500 1393 Vedastinis,
1548 1327 1775 1383 Abbone

181 1424 255 1479 vel
282 1422 586 1493 Reginone
630 1422 833 1477 mentio
858 1431 1137 1487 occurrat,
1168 1422 1222 1477 in
1250 1421 1477 1477 historia
1505 1419 1683 1477 Caroli
1720 1429 1777 1477 et

181 1512 383 1568 ιιι)ὰυίῐί
419 1512 640 1567 notitiae
669 1512 736 1567 de
783 1511 947 1566 rebus
989 1510 1223 1583 Belgicis
1274 1510 1390 1583 (50)
1434 1525 1503 1566 ex
1548 1510 1777 1581 antiquo

181 1603 318 1659 fonte
362 1603 680 1667 derivatae,
716 1602 811 1658 sed
856 1612 1017 1673 Supra
1072 1601 1493 1659 adulterationis
1535 1608 1774 1667 notatae,

180 1693 521 1747 narrationes
545 1691 619 1746 de
646 1691 961 1762 Haganone,
978 1691 1044 1747 de
1063 1691 1313 1762 captione
1337 1691 1520 1748 Caroli
1546 1692 1679 1762 (51),
1706 1691 1777 1748 de

182 1785 331 1841 rebus
356 1783 830 1839 Nortmannorum
861 1782 999 1853 (52),
1029 1793 1087 1839 et
1128 1799 1302 1853 pauca
1332 1783 1438 1839 alia
1468 1785 1606 1856 (55),
1636 1784 1777 1841 mul-

1876 592 2146 651 Gerberto
2191 596 2247 651 in
2284 597 2598 654 universum
2644 602 2930 672 congruit,
2957 605 3205 675 quaedam
3248 622 3282 663 a
3323 608 3459 666 Ger-

1874 680 2030 738 berto
2069 685 2271 742 omissa
2300 687 2413 760 (4|)
2453 688 2682 760 profert,
2707 692 2888 749 omnia
2933 704 3141 763 tamen,
3168 707 3231 754 ut
3273 702 3457 770 operis

1877 771 2183 828 institutum
2211 777 2488 846 poscebat,
2513 777 2651 835 bene
2680 789 2941 853 concepta
2985 787 3261 845 succincte
3289 803 3459 860 expo-

1874 865 2003 919 suit.
2030 867 2168 922 Acta
2203 867 2272 923 ab
2311 875 2542 940 utroque
2574 871 2777 928 inserta
2803 875 3149 945 paucissimis
3172 888 3229 935 et
3252 880 3454 938 nullius

1874 956 2132 1011 momenti
2164 956 2382 1013 vocibus
2432 958 2761 1030 discrepant,
2791 962 2883 1018 ubi
2929 963 3213 1035 cujusnam
3254 978 3447 1026 aucto-

1874 1044 2007 1100 ritas
2046 1047 2336 1116 praevaleat
2360 1049 2501 1104 haud
2526 1049 2717 1120 liquet.

1946 1134 2095 1205 Opus
2126 1137 2289 1206 igitur
2313 1138 2381 1194 ad
2407 1139 2618 1196 lancem
2644 1156 2939 1213 appensum
2970 1155 3246 1206 auctorem
3272 1159 3459 1208 osten-

1877 1227 1955 1283 dit
1978 1228 2323 1295 benevolum,
2358 1246 2611 1302 gravem,
2652 1248 2929 1305 sagacem,
2963 1231 3117 1293 varia
3141 1240 3461 1300 eruditionis

1874 1319 2053 1390 specie
2100 1320 2423 1378 instructum
2445 1363 2461 1389 ,
2496 1339 2681 1380 rerum
2709 1325 2763 1380 in
2792 1341 2986 1383 causas
3019 1327 3295 1400 inquirere
3332 1333 3462 1388 soli-

1876 1421 2013 1480 tum,
2042 1413 2319 1470 hominum
2356 1423 2412 1471 et
2439 1431 2622 1472 rerum
2653 1419 2746 1487 qui
2775 1420 2844 1475 ad
2879 1420 3165 1479 historiam
3205 1422 3289 1478 sui
3322 1430 3460 1479 tem-

1874 1506 2022 1574 poris
2072 1505 2314 1562 facerent
2357 1507 2496 1564 bene
2543 1524 2795 1579 gnarum,
2844 1512 3049 1582 quique
3089 1513 3460 1575 Romanorum

1874 1597 2124 1669 exemplo
2174 1599 2458 1655 historiam
2521 1600 2762 1657 scribere
2807 1601 3103 1659 didicisset.
3169 1602 3290 1660 Prae
3340 1603 3461 1660 aliis

1874 1689 2041 1745 etiam
2066 1690 2148 1745 sui
2167 1690 2268 1746 (θνί
2299 1691 2653 1761 scriptoribus
2670 1692 2862 1763 peran
2889 1693 3024 1749 artis
3041 1694 3246 1751 bellicae
3265 1694 3378 1766 (42)
3406 1702 3463 1752 et

1872 1778 2116 1836 locorum
2143 1781 2257 1854 (45)
2285 1781 2484 1851 quibus
2510 1797 2598 1837 res
2627 1790 2791 1853 gestae
2835 1791 2963 1839 sunt
2993 1784 3239 1857 insignis,
3269 1786 3339 1841 iis
3366 1785 3457 1842 de-

182 1884 231 1928 ta
257 1874 371 1946 (54)
400 1875 459 1929 1η
506 1874 740 1929 historia
788 1873 1064 1929 Lndowici
1096 1873 1187 1941 IV,
1215 1875 1302 1930 cui
1331 1885 1387 1931 et
1411 1876 1630 1932 Richeri
1676 1891 1772 1947 pa-
1802 1875 1848 1936 Β
1874 1872 2179 1929 scribendis
2205 1889 2427 1945 operam
2454 1874 2624 1930 dedit.
2673 1874 2896 1932 Errores
2934 1875 3105 1933 nimio
3140 1878 3326 1949 gloriae
3363 1892 3462 1949 pa-

182 1975 309 2023 trem
338 1984 371 2022 a
401 1968 660 2023 consiliis
707 1966 878 2023 fuisse
922 1967 1181 2034 diximus,
1216 1976 1273 2024 et
1316 1968 1472 2038 cujus
1519 1962 1770 2026 extrema

182 2059 286 2128 ipse
321 2059 575 2115 fortasse
601 2074 740 2129 puer
765 2059 918 2114 vidit.
950 2060 1008 2115 ln
1038 2060 1142 2116 hac
1196 2061 1364 2130 igitur
1392 2063 1572 2131 operis
1618 2072 1773 2134 parte

186 2149 252 2205 ita
294 2149 713 2221 procedendum
744 2159 849 2217 est,
879 2161 962 2216 ut,
1003 2149 1245 2207 adhibito
1288 2150 1615 2222 Flodoardo,
1662 2154 1775 2224 pri-

187 2257 319 2296 mum
342 2242 480 2313 quid
514 2242 570 2297 ei
597 2242 862 2298 debeatur
882 2251 976 2298 aut
1004 2243 1221 2300 nonnisi
1256 2259 1357 2315 pro
1382 2247 1773 2303 commentario

192 2330 292 2401 eius
325 2332 648 2388 habendum
702 2333 775 2389 sit
808 2333 1166 2404 intelligatur,
1214 2335 1411 2392 deinde
1442 2336 1771 2408 reliquorum

196 2421 243 2475 in
275 2421 455 2488 ﬁdem,
508 2423 757 2478 auctoris
805 2424 1230 2495 vaniloquentia
1282 2440 1349 2483 ac
1400 2427 1553 2483 nimii
1582 2428 1805 2499 patriar

200 2514 341 2569 studii
393 2514 619 2571 ratione
672 2515 899 2583 habita,
952 2518 1282 2589 inquiratur.
1338 2519 1452 2588 Qua
1505 2521 1592 2577 via
1642 2521 1771 2578 licet

204 2617 363 2659 wrnm
404 2620 657 2677 quoque,
692 2622 815 2677 quae
864 2622 932 2663 ex
979 2606 1222 2665 fontibus
1271 2609 1430 2666 nobis
1483 2611 1772 2683 incognitis

211 2693 467 2764 duxerunt,
520 2699 826 2755 auctoritas
853 2700 1144 2772 aliquoties
1183 2701 1511 2774 infringatur
1537 2703 1677 2777 (55),
1705 2719 1769 2760 ea

223 2790 365 2842 lanea
406 2788 476 2842 ad
539 2788 828 2843 historiam
875 2790 1059 2845 saeculi
1116 2790 1311 2848 decimi
1368 2791 1769 2863 intelligendam

230 2874 465 2943 plurimm
494 2880 809 2943 conducere
851 2883 1110 2953 reperies.
1157 2883 1343 2940 Altera
1397 2885 1578 2955 aperis
1617 2900 1769 2954 pars,

225 2962 333 3020 libri
350 2982 405 3022 ιη
426 2971 616 3040 capita
639 2970 841 3026 22-110
862 2981 918 3026 et
947 2971 1148 3027 librum
1194 2989 1249 3029 1v
1290 2973 1594 3044 complexa,
1631 2989 1770 3046 prae-

214 3055 394 3125 cipuam
420 3059 531 3114 sibi
558 3059 778 3115 laudem
825 3063 1183 3133 comparabit,
1209 3064 1408 3135 quippe
1445 3080 1551 3135 qua
1578 3073 1772 3121 auctor

209 3156 339 3199 suum
383 3156 606 3218 tempus
634 3157 689 3204 et
717 3164 825 3216 res,
856 3165 992 3220 quas
1030 3152 1145 3224 ipse
1177 3162 1439 3223 expertus
1468 3153 1646 3210 fuerat
1673 3162 1770 3209 aut

1875 1964 1993 2020 trite
2029 1965 2207 2021 studio
2235 1973 2292 2021 et
2315 1965 2543 2021 vanitati
2575 1957 2857 2022 'tribuendi
2885 1966 3022 2039 (44).
3071 1966 3217 2025 Ordo
3256 1968 3310 2024 in
3338 1967 3462 2023 uni-

1873 2068 2092 2109 versum
2135 2056 2399 2126 temporis
2444 2056 2733 2112 decursum
2785 2068 3023 2126 secutus,
3068 2072 3459 2128 nonnunquam

1872 2145 2052 2201 studio
2083 2160 2265 2201 rerum
2293 2146 2786 2202 connectendarum
2815 2150 3084 2205 turbatur.
3101 2148 3288 2205 Oratio
3312 2148 3457 2206 dilu-

1872 2234 2018 2301 cida,
2048 2236 2251 2301 brevis,
2282 2236 2469 2308 vigore
2496 2245 2554 2292 et
2577 2236 2927 2308 simplicitate
2950 2239 3145 2311 placet.

1942 2328 2236 2397 Richerus,
2283 2344 2448 2402 Opere
2492 2345 2665 2402 usque
2711 2333 2780 2389 ad
2806 2348 3047 2391 mensem
3076 2333 3295 2390 Iunium
3331 2333 3462 2391 anni

1871 2416 1978 2479 995
2020 2417 2305 2489 perducto,
2358 2420 2632 2477 scribendi
2658 2420 2821 2478 linem
2864 2422 3018 2490 fecit,
3046 2423 3247 2480 notatis
3278 2429 3462 2478 tamen

1870 2509 2156 2579 praecipuis
2199 2503 2467 2567 annorum
2505 2510 2631 2576 996,
2659 2512 2761 2569 997
2790 2520 2846 2568 et
2865 2512 2991 2569 998-
3012 2512 3295 2569 eventibus
3318 2551 3336 2580 ,
3379 2511 3460 2569 ita

1870 2608 1932 2656 ut
1949 2615 2074 2656 eum
2103 2600 2190 2658 his
2217 2616 2434 2673 quoque
2460 2602 2867 2660 conscribendis
2891 2604 3129 2661 animum
3161 2604 3464 2661 advertisse

1870 2698 2075 2761 pateat.
2118 2690 2236 2760 Quo
2283 2702 2525 2764 tempore
2562 2693 2828 2751 Gerberto
2876 2695 2944 2751 ad
2972 2695 3153 2750 sedem
3176 2694 3463 2750 Ravenna-

1872 2789 1981 2837 tem
2019 2789 2077 2837 et
2113 2797 2258 2838 anno
2303 2785 2551 2854 sequenti
2594 2783 2940 2854 pontiﬁcatus
2970 2784 3199 2840 Romani
3236 2784 3306 2841 ad
3342 2783 3461 2854 api-

1872 2887 1991 2931 cem
2042 2882 2313 2943 promoto,
2343 2890 2410 2928 an
2441 2873 2709 2931 Richerus
2754 2889 2889 2945 opus
2942 2873 3328 2940 transmiserit,
3359 2873 3460 2929 du-

1871 2963 2034 3020 bitari
2068 2972 2265 3035 potest.
2295 2966 2458 3022 Certe
2494 2967 2862 3037 autograpbus
2894 2966 3034 3023 liber
3059 2982 3167 3023 non
3204 2967 3279 3022 ita
3311 2981 3461 3022 com-

1869 3066 2093 3126 paratus
2117 3067 2219 3124 est,
2252 3066 2312 3112 ut
2343 3059 2733 3131 archiepiscopi
2758 3060 3023 3115 summive
3046 3058 3316 3129 pontificis
3344 3074 3459 3115 ma-

1871 3148 2029 3203 nibus
2063 3150 2319 3204 traditum
2349 3149 2511 3206 facile
2535 3150 2875 3217 existimem;
2919 3150 3248 3221 descriptum
3276 3157 3461 3206 autem

206 3247 233 3287 a
253 3229 513 3294 Gerbérto
537 3278 554 3303 ,
607 3240 788 3309 operis
837 3242 1108 3298 scribendi
1156 3259 1379 3300 suasore
1400 3285 1415 3312 ,
1467 3245 1767 3311 didicerat,
1798 3233 1845 3295 C
1872 3236 2059 3303 fuisse,
2091 3238 2422 3309 ignoramus.
2456 3240 2533 3295 De
2562 3239 2796 3295 Richero
2824 3254 3037 3311 quoque
3062 3240 3293 3312 amplius
3322 3237 3463 3295 nihi‘;

201 3324 437 3393 candide,
490 3328 781 3398 perspicue
819 3339 875 3385 et
916 3341 1172 3388 accurate
1223 3334 1563 3405 conscripsit.
1599 3333 1771 3389 Laudi

197 3416 413 3482 accedit,
469 3419 621 3487 quod
678 3419 920 3475 animum
971 3421 1292 3478 Carolorum
1336 3424 1637 3479 studiosum
1688 3424 1773 3481 vel

194 3514 305 3575 post
325 3507 561 3562 exitium
590 3522 780 3564 eorum
827 3511 1096 3578 servavit;
1147 3528 1273 3568 nam
1307 3512 1435 3568 licet
1472 3512 1771 3569 Adalbero-

193 3611 309 3651 nem
333 3605 396 3652 et
434 3596 757 3653 Gerbertum
786 3609 1022 3666 secutus,
1050 3616 1236 3673 regum
1277 3617 1543 3658 novorum
1586 3611 1773 3658 aucto-

193 3686 408 3743 ritatem
445 3698 768 3758 agnosceret
791 3690 934 3764 (56),
963 3701 1019 3748 et
1055 3693 1269 3764 tyranni
1296 3693 1639 3759 vocabulum,
1665 3709 1774 3764 quo

192 3784 344 3832 antea
372 3777 610 3833 rebelles
636 3786 692 3834 et
731 3780 1039 3837 desertores
1060 3781 1178 3854 (57)
1205 3781 1384 3838 Caroli
1421 3790 1478 3839 et
1515 3781 1773 3838 Ludovici

194 3881 510 3937 nuncupare
550 3868 741 3925 solitus
765 3868 945 3926 fuerat
992 3872 1126 3943 (58),
1153 3872 1278 3929 inde
1306 3873 1376 3928 ab
1413 3872 1656 3944 llugonis
1681 3888 1775 3929 co-

194 3958 481 4014 ronatione
513 3957 569 4013 in
593 3957 848 4017 Carolum
896 3961 1218 4019 transferret
1266 3962 1403 4035 (59),
1435 3964 1553 4034 ejus
1591 3972 1772 4019 tamen

195 4060 365 4102 causa:
382 4046 663 4117 justitiam
691 4049 913 4106 minime
940 4051 1139 4107 celavit
1167 4051 1305 4125 (40),
1331 4063 1387 4109 et
1416 4052 1774 4109 Adalberonis

195 4132 575 4192 Laudunensis
602 4138 838 4209 episcOpi
887 4141 1246 4210 proditionem
1298 4143 1611 4200 narratione
1656 4143 1772 4213 ipsa

195 4238 351 4293 quam
378 4226 654 4283 acerrime
674 4227 792 4283 ﬁcri
815 4237 1030 4299 poterat
1054 4231 1420 4302 reprehendit.
1450 4230 1508 4288 ln
1531 4231 1774 4288 conciliis

286 4377 383 4446 29)
428 4366 663 4442 1,°4-l5.

282 4449 382 4572 si?)
412 4447 932 4572 1’3’135’2i‘eg"

282 4518 382 4589 51)
412 4532 457 4582 ι,
484 4518 669 4583 14-16,
690 4519 782 4585 21,
807 4519 900 4574 22.

280 4588 382 4656 52)
415 4603 453 4648 1,
480 4588 670 4643 28-55.

280 4658 379 4741 55)
408 4656 653 4741 Exempli
683 4659 875 4741 gratia,
901 4675 942 4725 ι,
972 4658 1060 4741 65.

258 4727 383 4812 (ἒξ)
408 4727 652 4812 [Exempli
674 4727 870 4811 gratia.
897 4744 981 4811 ιμ’
1002 4730 1115 4812 1-5,
1360 4728 1565 4812 δοχδξ,
1585 4727 1767 4797 51-59,

189 4796 514 4869 87490.95,
545 4797 645 4869 94;
672 4796 724 4852 in
756 4799 1020 4869 principio
1050 4800 1288 4855 Lotharii
1326 4815 1407 4864 ιιι,
1431 4800 1589 4855 6-10.

257 4868 385 4952 (55)
408 4867 650 4952 Exempli
672 4867 844 4952 gratia
853 4909 867 4932 ,
886 4867 970 4952 113‘
961 4870 1030 4952 50
1046 4871 1258 4952 sqq._ad
1278 4872 1478 4952 etedem
1492 4870 1772 4952 Wilhelmi

192 4936 694 5012 Nortmannorum'
725 4938 877 5012 ducis
930 4936 1355 5012 OttonThlagno
1406 4941 1771 5011 impntandam

191 5009 358 5061 unius
390 5006 611 5062 Richeri
639 5009 931 5063 auctoritas
962 5025 1057 5066 nos
1079 5006 1294 5065 sufﬁcit.

263 5076 384 5151 (56)
400 5074 743 5151 Rutbertum,
765 5076 1010 5151 Gerberti
1026 5081 1370 5151 discipulum,
1382 5081 1543 5137 etiam
1558 5080 1774 5138 novisse

194 5146 448 5211 videtur;
479 5147 663 5202 laudat
682 5163 804 5203 eum
827 5164 901 5216 1v,
928 5150 1013 5206 15.

270 5215 389 5287 (57)
433 5216 589 5280 1,46.
642 5286 647 5287 ί

270 5215 389 5287 (57)
433 5233 472 5280 1,
497 5216 589 5273 46.
888 5215 891 5216 ⁷

272 5288 390 5360 (58)
432 5286 677 5360 Exempli
704 5287 875 5360 gratia
902 5304 961 5355 ιι,
983 5288 1071 5345 27.

272 5358 368 5429 (59
431 5373 507 5425 1v,
541 5357 629 5412 18.

428 5428 623 5501 Ψ,

298 5496 389 5570 41)
428 5497 691 5570 Gnidonis
714 5496 952 5570 episcOpi
981 5500 1278 5557 orationem
1310 5517 1387 5566 1v,
1417 5501 1508 5559 65.

275 5566 393 5649 (42)
430 5567 517 5625 Cf.
548 5566 956 5649 descriptiones
973 5584 1283 5649 (pugnarum
1315 5580 1370 5628 et
1401 5572 1781 5649 machinarum

202 5638 520 5717 bellicarum
543 5654 610 5717 ε,
637 5638 673 5695 8
702 5653 822 5710 sqq.
848 5654 910 5705 ιι,
936 5638 1026 5708 10,
1050 5638 1142 5709 55,
1183 5640 1286 5717 45;
1332 5659 1415 5711 111,
1439 5644 1499 5711 8,
1525 5642 1779 5710 105-107;

204 5709 633 5774 1v,l7,l9,22.
749 5709 752 5710 ⁷
1197 5712 1205 5717 ’
1274 5709 1277 5710 ν
1401 5709 1407 5711 ”
1483 5709 1488 5711 ’

283 5779 393 5853 (45)
433 5778 678 5851 Exempli
717 5780 909 5850 gratia,
938 5797 1018 5851 ιιι,
1046 5780 1167 5838 101.
1196 5782 1423 5841 Virduni
1449 5785 1608 5842 situs.

1874 3337 2110 3395 constat,
2138 3337 2337 3399 praeter
2367 3330 2533 3401 quod,
2563 3331 2743 3386 studio
2790 3329 2907 3401 ejus
2936 3331 3133 3387 librum
3180 3330 3314 3403 legis
3357 3328 3458 3386 Sa-

1871 3416 2007 3483 licaa,
2038 3418 2128 3488 qui
2168 3420 2330 3475 hodie
2370 3421 2424 3476 in
2465 3421 2791 3479 bibliotheca
2836 3424 2981 3493 regia
3021 3423 3315 3480 Parisiensi
3355 3439 3456 3478 nu-

1872 3523 2021 3577 mero
2042 3510 2182 3566 4789
2212 3510 2500 3582 insignitus
2537 3522 2750 3580 exstat,
2780 3513 3121 3569 bibliothecae
3141 3513 3315 3569 sancti
3345 3514 3453 3570 Re-

1872 3597 2318 3675 migiiRemensis
2367 3599 2600 3666 illatum,
2628 3602 2907 3672 inscriptio
2937 3611 3090 3658 vetus
3126 3602 3292 3658 tradit
3319 3602 3456 3675 (45).

1916 3686 2181 3743 .llisturia
2213 3691 2551 3762 autographa
2594 3691 2791 3748 saeculo
2820 3708 2874 3747 x1
2903 3691 3241 3748 bibliothecae
3270 3707 3461 3746 mona-

1872 3777 2024 3831 sterii
2071 3777 2129 3832 S.
2156 3778 2431 3835 Michaelis
2477 3777 2941 3850 Babenbergensis
2997 3781 3066 3837 ab
3111 3781 3364 3837 Heinrico
3414 3779 3460 3835 ll

1873 3869 2003 3939 imp.
2036 3868 2241 3925 conditi
2278 3870 2419 3926 inter
2445 3870 2649 3942 primos
2675 3870 2793 3940 ejus
2826 3873 3057 3928 fortasse
3087 3871 3255 3927 libros
3286 3871 3455 3938 illata,

1874 3973 1997 4015 cum
2045 3959 2166 4014 aliis
2191 3959 2345 4017 libris
2380 3958 2647 4017 Gerberte
2684 3969 2740 4016 et
2770 3961 3004 4017 Richero
3033 3962 3176 4018 netis
3222 3961 3277 4016 in
3306 3971 3460 4017 cata-

1874 4048 1995 4121 logo
2022 4051 2280 4121 lluotgeri
2326 4052 2472 4106 intra
2509 4066 2682 4108 annos
2713 4052 3026 4107 lll2-ll25
3067 4051 3312 4108 confecto
3367 4066 3457 4107 re-

1875 4151 2129 4197 censetur
2152 4142 2291 4214 (46),
2319 4142 2520 4213 ubique
2545 4145 2700 4200 annis
2726 4145 2911 4201 l098-l
2927 4144 3017 4204 101
3050 4146 3118 4201 ab
3141 4144 3460 4201 Eltkehardo

1877 4230 2200 4303 Uraugiensi
2246 4233 2380 4305 (47),
2410 4242 2467 4289 et
2504 4234 2915 4306 quadringentis
2947 4234 3106 4292 annis
3130 4243 3255 4307 post
3280 4250 3313 4289 a
3340 4233 3461 4290 Tri-

1948 4387 2061 4459 (44)
2089 4386 2247 4462 Alios
2274 4388 2437 4462 etiam
2468 4402 2527 4443 re
2553 4390 2698 4462 haud
2728 4390 2870 4462 bene
2913 4405 3180 4462 perpensa
3224 4390 3459 4446 commi-

1877 4458 1977 4530 sit;
2021 4458 2263 4530 exempli
2288 4460 2475 4530 (gratia
2520 4475 2575 4523 t,
2624 4460 2678 4524 5,
2715 4458 2970 4515 Carolum
3014 4458 3176 4530 patre
3221 4463 3462 4516 obeunte

1877 4529 2149 4600 biennem,
2178 4544 2216 4592 1,
2246 4528 2334 4595 l2,
2362 4545 2506 4584 anno
2526 4531 2630 4585 895
2650 4528 3458 4600 quindennem‘facit;111,109,

1795 4579 1850 4638 Ῑ)
1877 4579 2457 4671 Lotlrariiﬁfnnosnon
2482 4579 2737 4671 accurate
2765 4610 3060 4671 computat.

1949 4668 2064 4741 (45)
2104 4666 2261 4741 Liber
2293 4669 2712 4741 sanctiRemigii
2738 4666 2980 4725 studio...
3010 4688 3107 4726 η...
3140 4673 3211 4727 ris
3242 4671 3458 4727 richer..

1951 4737 2065 4809 (46)
2108 4737 2406 4809 §channat.
2440 4737 2687 4793 Vindem.
2726 4757 2766 4804 ι,
2795 4741 2881 4794 52.

1951 4806 2061 4878 (47)
2100 4806 2182 4862 Cf.
2229 4808 2395 4862 Arch.
2422 4824 2521 4873 v11,
2557 4810 2682 4875 470,
2708 4810 2832 4865 471.
2867 4810 3236 4869 Ekkehardus.
3268 4820 3460 4868 contra

1879 4893 2085 4952 morem
2114 4895 2270 4952 suum
2311 4878 2363 4952 in
2401 4880 2768 4952 exscribemlis
2798 4882 2914 4936 aliis
2952 4882 3302 4951 scriptoribus
3330 4897 3461 4952 pro~

1877 4948 2086 5013 batnm,
2119 4948 2334 5002 liicberi
2365 4956 2511 5003 textu
2540 4951 2673 5004 satis
2701 4950 2867 5006 libere
2897 4948 3085 5015 utitur,
3122 4966 3220 5006 nec
3253 4948 3460 5005 tantum

1880 5019 1984 5071 alia
2008 5017 2172 5072 verba
2203 5019 2627 5088 sententiasque,
2653 5021 2747 5075 sed
2777 5022 2879 5086 bis,
2911 5022 2966 5075 in
2993 5021 3217 5075 historia
3251 5021 3461 5076 scilicet

1880 5087 2187 5171 Haganonis
2233 5096 2290 5143 et
2318 5087 3140 5171 Giselbertindiversamplane
3184 5090 3458 5171 narratio-

1880 5174 2026 5221 nem,
2057 5172 2123 5212 eo
2168 5165 2350 5230 tamen
2401 5160 2583 5214 animo
2638 5159 2813 5230 iisque
2848 5159 3028 5230 verbis
3078 5176 3197 5230 quae
3226 5161 3469 5223 Richero,

1881 5244 2043 5297 quam
2087 5228 2981 5312 maxime..conveniant_,_:profert.
3041 5228 3247 5312 copjici
3294 5230 3459 5312 igitur

1880 5307 2085 5367 posset,
2125 5312 2265 5368 eum,
2297 5297 2401 5352 alia
2432 5300 2613 5368 operis
2640 5297 2874 5357 editione
2911 5316 3065 5354 usum
3116 5297 3337 5364 fuissef
3359 5299 3458 5357 sed

1885 5368 2088 5422 nullum
2119 5367 2341 5441 alterius
2360 5369 2563 5424 codicis
2593 5370 2877 5441 vestigium
2906 5378 3103 5441 exstat.
3134 5369 3270 5441 Nam
3289 5368 3453 5441 _codi-

1886 5453 2010 5510 cem
2037 5447 2282 5493 nostrum
2319 5436 2435 5510 jam
2485 5448 2609 5510 ante
2653 5436 2853 5495 annum
2879 5440 3093 5510 quidem
3124 5438 3253 5493 1611
3286 5439 3338 5493 in
3366 5453 3458 5494 ec-

1886 5508 2049 5581 clesia
2073 5508 2487 5581 metropolitana
2516 5508 2945 5581 Babenbergensi
2973 5516 3459 5581 asservatunttszeo

1890 5577 2024 5634 culis
2074 5577 2457 5649 anterioribus,
2494 5587 2551 5635 et
2581 5577 2818 5635 fortasse
2850 5587 2969 5648 post
3014 5592 3262 5649 magnam
3307 5577 3456 5649 illam

1892 5649 2203 5724 monasterii
2237 5647 2292 5704 S.
2317 5645 2593 5724 Michaelis
2620 5645 3039 5724 devastationem
3067 5645 3185 5720 quae
3230 5664 3282 5724 _a.
3316 5648 3455 5702 1455

1892 5719 2034 5773 conti
2074 5720 2134 5785 it,
2162 5733 2229 5775 eo
2258 5720 2575 5774 translatum
2601 5719 2721 5773 esse
2755 5728 2989 5791 oportet,
3012 5719 3177 5791 quum
3226 5720 3281 5773 in
3309 5726 3459 5774 cata-

1894 5786 2015 5843 loao
2041 5736 2383 5843 bibliothecae
2424 5788 2844 5843 metronolitante
2870 5790 3157 5843 antiouiori
3192 5789 3258 5843 ad
3288 5802 3454 5843 saecu-

1894 5761 2857 5864 ῑόέῖῗ)’ίὶἰιῶἲιῐὲὲεἱξίὶῖίὲὸόὃῑῆεἷι⁸ἑέ
2866 5761 3177 5865 ὶίἶῖἶρῦἷόἑῖ
3192 5761 3454 5846 εδέἔέοῐ-
