3988 5362
519 327 583 381 15
1485 372 1491 377 .
1645 331 1921 388 RICHERl
1962 332 2021 388 S.
2062 331 2324 386 REMIGII
2363 328 2671 387 MONACHI
3715 337 3775 389 16

521 446 727 503 themio
756 447 868 520 (48)
901 445 1198 518 exscripta,
1234 456 1346 504 tum
1385 449 1436 503 in
1464 448 1846 506 bibliothecam
1878 450 2096 522 capituli
2128 452 2175 511 Α
2201 447 2356 519 cujus
2392 448 2676 503 atramenti
2709 447 2880 518 pallor
2915 450 2983 505 ab
3015 456 3320 505 atramento
3347 449 3568 521 nigriori
3593 459 3773 506 aucto-

522 539 802 604 translata,
834 554 976 594 anno
1006 539 1138 594 1611
1169 540 1501 611 marginibus
1530 542 1632 595 heu
1661 543 1899 612 praecisis
1930 557 2100 596 mem-

519 629 706 692 branae
733 629 956 701 illigata,
987 637 1041 684 et
1067 638 1257 686 nostro
1285 634 1497 687 demum
1535 632 1730 687 saeculo
1760 633 2098 688 bibliothecae

513 721 1138 793 publicaaBambergensi
1165 723 1310 778 illata
1340 733 1441 779 est.
1473 722 1638 793 Cujus
1665 725 1946 780 thesauros
1975 740 2099 779 cum

516 812 818 868 Boehmero
857 822 1041 869 nostro
1082 813 1279 869 comite
1322 829 1506 869 mense
1535 813 1776 886 Augusto
1805 816 1930 870 anni
1960 816 2098 871 1835

514 903 926 975 perlustrarem,
963 904 1174 960 oblatus
1203 913 1285 958 est
1321 905 1475 959 nobis
1514 905 1658 960 inter
1686 906 1899 961 codices
1928 905 2098 961 histo-

516 997 662 1052 ricos
687 996 821 1052 liber
846 1011 1036 1065 magna
1065 995 1146 1050 sui
1178 1003 1331 1066 parte
1352 995 1503 1052 lectu
1539 995 1823 1060 difﬁcilior,
1857 997 2009 1066 cujus
2041 996 2094 1050 in

429 1090 432 1092 ⁷
501 1089 696 1162 fronte
736 1104 895 1144 manu
937 1089 1139 1144 recenti
1184 1089 1324 1141 inter
1371 1088 1475 1142 alia
1517 1088 1832 1159 legebatur:
1874 1087 2097 1142 Richarii

515 1180 765 1236 Monac/ti
789 1179 1034 1235 Senensis
1065 1179 1179 1234 0rd.
1203 1178 1264 1233 S.
1286 1177 1557 1233 Benedicti
1573 1180 1692 1234 libri
1713 1178 1740 1232 Ι
1757 1177 1795 1232 γ
1822 1177 2092 1233 Historia.

513 1266 752 1342 (Aehery
781 1268 965 1340 Spicil.
1000 1268 1062 1322 T.
1087 1269 1161 1336 ll,
1186 1269 1284 1336 lli,
1328 1284 1435 1324 non
1482 1269 1780 1341 convenit.)
1835 1268 1892 1323 In
1921 1269 2096 1339 primo

512 1380 728 1435 quoque
756 1364 882 1420 folio
913 1380 1072 1419 manu
1105 1363 1285 1420 saeculi
1316 1380 1405 1418 xvi
1433 1365 1693 1434 scriptum
1725 1373 1841 1420 erat
1871 1381 1883 1416 :
1913 1361 2094 1417 Histo-

512 1455 595 1508 ria
627 1452 832 1508 Richeri
861 1454 1121 1508 monachi.
1171 1453 1356 1508 Primo
1393 1437 1592 1508 intuitu
1619 1461 1884 1508 vetustate
1915 1452 2094 1523 operis

509 1557 968 1618 perspecta,~mex
994 1547 1197 1618 primis
1223 1547 1386 1601 etiam
1423 1546 1581 1601 lineis
1628 1547 1772 1600 haud
1821 1545 1938 1600 sine
1980 1559 2093 1600 ma-

511 1637 660 1691 xime
685 1637 882 1707 gaudio
909 1629 1238 1706 scrlptdrem’
1265 1635 1444 1691 saeculi
1474 1637 1666 1692 decimi
1699 1637 1978 1708 hucusque
2012 1637 2094 1690 in-

509 1730 738 1797 editum,
779 1738 834 1784 et
861 1730 1014 1801 cujus
1045 1737 1250 1785 tantum
1283 1744 1485 1786 nomen
1517 1745 1546 1784 a
1576 1729 1877 1786 Trithemio
1905 1729 2092 1800 prodi-

2203 540 2282 594 ris
2313 554 2448 609 opus
2495 555 2653 594 suum
2705 542 3142 613 recognoscentis
3170 541 3325 598 valde
3373 543 3560 610 distat,
3593 543 3687 598 fol.
3716 542 3769 607 2,

2202 628 2254 694 5,
2286 628 2338 694 6,
2365 630 2416 695 7,
2443 629 2500 694 8,
2540 629 2632 685 ubi
2680 632 2846 685 etiam
2895 631 3156 687 vocabulo
3209 630 3518 699 Gisleberti,
3565 633 3775 690 comitis

2199 719 2422 791 Belgici,
2450 733 2648 774 nomen
2696 720 2954 787 Heinrici,
3000 722 3152 778 ducis
3181 721 3450 790 Saxoniae,
3481 723 3773 780 substituit.

2199 812 2258 866 In
2299 812 2536 868 secundo
2565 813 2922 882 quaternione
2953 812 3045 869 fol.
3079 813 3111 869 9
3141 820 3195 868 et
3222 814 3291 868 10
3315 813 3482 869 multa
3531 814 3774 871 immuta—

2199 905 2298 970 vit,
2331 904 2457 959 folia
2487 905 2554 959 10
2594 915 2648 960 et
2681 906 2742 961 11
2773 907 3070 977 eademque
3110 905 3400 977 plurimum
3431 915 3673 964 correcta
3724 916 3778 962 et

2199 997 2422 1068 nigriori
2451 1006 2758 1054 atramento
2797 998 2998 1070 scripta
3044 999 3304 1065 inseruit;
3347 999 3400 1055 in
3425 1011 3621 1070 quarto
3649 1016 3779 1071 qua—

2200 1087 2446 1143 ternione
2490 1086 2583 1142 fol.
2639 1087 2708 1143 55
2760 1088 2974 1144 initium
3026 1090 3275 1146 secunda:
3337 1091 3548 1162 pagina:
3592 1092 3778 1157 erasit,

2199 1178 2294 1234 fol.
2347 1179 2512 1234 54-57
2561 1181 2828 1249 inseruit,
2880 1182 2974 1238 fol.
3025 1181 3093 1240 58
3127 1199 3301 1254 pauca
3347 1184 3672 1240 immutavit.
3719 1186 3780 1240 In

2197 1277 2352 1325 sexto
2379 1269 2597 1325 demum
2624 1271 2981 1341 quaternione
3011 1270 3154 1328 foliis
3181 1273 3349 1329 49-50
3373 1282 3430 1330 et
3470 1273 3684 1331 scedula
3711 1274 3775 1329 51

2196 1359 2436 1426 insertis,
2483 1362 2849 1417 narrationem
2897 1361 2964 1420 de
3010 1363 3204 1419 itinere
3247 1378 3348 1420 suo
3374 1363 3562 1420 Remis
3586 1365 3782 1420 Carno-

2199 1459 2309 1505 tum
2353 1458 2409 1505 et
2438 1451 2724 1506 historiam
2772 1453 2964 1525 synodi
3015 1454 3070 1508 in
3119 1456 3449 1512 monasterio
3497 1455 3562 1512 S.
3598 1457 3778 1513 Basoli

2197 1543 2416 1612 habitae,
2447 1559 2654 1601 necnon
2682 1547 2901 1602 scedula
2929 1547 3000 1604 55
3039 1549 3242 1604 inserta
3272 1564 3365 1605 sex
3400 1549 3571 1606 lineas
3594 1566 3782 1606 narra-

2197 1633 2329 1688 tioni
2357 1649 2548 1706 pugna:
2587 1635 2733 1691 inter
2762 1638 3041 1693 Conanum
3074 1647 3130 1697 et
3156 1639 3448 1696 Fulconem
3476 1641 3781 1696 commissae

2197 1726 2421 1783 addidit.
2453 1728 2592 1784 Vere
2641 1729 2825 1801 igitur,
2857 1732 2902 1787 si
2934 1732 3093 1788 ullius
3119 1746 3358 1802 unquam
3391 1735 3653 1801 auctoris,
3680 1733 3781 1788 Ri-

511 1832 623 1877 tum
661 1809 870 1888 fuisset,
917 1823 1133 1894 agnovi,
1164 1836 1323 1892 quem
1359 1831 1419 1878 ut
1448 1823 1811 1878 describerem
1857 1838 1885 1876 a
1918 1823 1980 1879 ν.
2006 1821 2086 1878 Cl.
2119 1809 2166 1869 Β
2194 1818 2346 1874 cheri
2377 1821 2772 1892 autographum
2809 1822 2967 1879 nobis
3008 1824 3256 1880 relictum
3283 1840 3426 1893 esse,
3464 1837 3710 1897 θρρίιτθιο

505 1913 692 1978 Jaeck,
737 1914 827 1984 qui
865 1901 1395 1986 magno—litterarum
1441 1915 1724 1970 commodo
1755 1913 2092 1969 bibliotheca:

509 2002 790 2058 ditissimae
818 2012 1014 2072 praeest
1051 2012 1104 2059 et
1133 2016 1344 2059 summo
1377 2003 1428 2057 in
1459 2019 1571 2058 rem
1597 2003 1976 2060 Germanicam
2005 2001 2088 2057 fa-
2123 2013 2126 2016 ’

507 2108 639 2149 vere
664 2096 856 2151 studiis
891 2095 1093 2151 nostris
1121 2094 1462 2166 suffragatur,
1495 2096 1747 2152 facillime
1784 2095 2087 2166 impetravi.

507 2187 697 2244 Prodit
745 2189 907 2260 igitur
947 2187 1061 2258 jam
1107 2189 1260 2254 liber,
1299 2189 1536 2245 tenebris
1565 2190 1762 2259 quibus
1790 2201 1886 2259 per
1914 2188 2092 2246 octin-

509 2288 700 2352 gentos
727 2279 958 2350 amplius
993 2295 1162 2335 annos
1189 2280 1472 2351 tegebatur
1500 2280 1769 2348 evolutus,
1799 2288 1960 2350 atque
2003 2279 2090 2333 in-

509 2380 593 2426 ter
627 2371 1009 2426 historicorum
1052 2371 1211 2427 medii
1238 2371 1337 2426 aevi
1380 2372 1678 2442 praecipuos
1725 2371 1904 2426 locum
1933 2385 2090 2427 suum

507 2465 625 2533 ipse
653 2465 753 2519 sini
781 2463 1169 2520 vindicaturus.
1219 2464 1395 2533 Atque
1424 2472 1484 2518 ut
1519 2463 1584 2517 de
1612 2462 1796 2518 codice
1824 2462 1964 2516 unde
1994 2476 2091 2516 no-

505 2554 592 2610 bis
620 2557 869 2626 provenit
915 2557 1136 2612 uberius
1181 2555 1379 2620 dicam,
1410 2556 1526 2626 ipsa
1555 2555 1757 2622 littera,
1787 2553 1938 2624 cujus
1965 2567 2087 2624 spe-

506 2645 704 2700 cimina
736 2645 1036 2717 adjicimus,
1063 2647 1344 2716 prodente,
1371 2643 1567 2700 smculo
1603 2643 1812 2700 decimo
1836 2651 2086 2708 exeunte,

507 2738 664 2794 annis
729 2730 961 2794 scilicet"
985 2738 1267 2803 996-998,
1319 2739 1554 2809 scriptus
1606 2736 1728 2792 fuit.
1776 2736 2090 2791 Membrana

504 2846 697 2900 magna
747 2845 810 2886 ex
857 2840 1010 2901 parte
1055 2830 1441 2901 palimpsesta,
1501 2828 1671 2884 forma
1711 2840 1818 2898 ‘pro
1863 2827 2091 2883 diversis

504 2919 950 2989 quaternionibus
993 2919 1239 2984 diversa,
1292 2920 1346 2973 in
1388 2918 1700 2973 universum
1754 2925 1932 2971 tamen
1971 2931 2091 2985 quae

503 3009 679 3064 diciur
709 3009 762 3064 in
789 3010 848 3064 4ο
880 3009 1110 3081 longiori
1159 3010 1272 3065 sive
1314 3018 1540 3074 octavo;
1581 3007 1968 3077 quaterniones
1995 3020 2088 3060 sex

503 3089 748 3160 numeris
792 3104 1012 3175 signati,
1041 3118 1272 3174 quorum
1303 3100 1513 3172 primus
1553 3107 1766 3156 constat
1807 3095 1950 3152 foliis
1974 3096 2086 3162 1-8,

2266 1907 2428 1965 Liber
2454 1911 2506 1965 in
2541 1912 2752 1983 pagina:
2789 1912 2876 1969 55’
2915 1914 3056 1971 linea
3097 1924 3288 1972 octava
3336 1916 3566 1984 desinit;
3613 1916 3786 1972 multo

2195 1997 2400 2068 majore
2436 2001 2643 2072 paginae
2691 2010 2850 2072 parte
2879 2019 2982 2059 una
3022 2020 3144 2060 eum
3187 2006 3380 2077 pagina
3407 2005 3476 2061 56
3504 2021 3673 2061 vacua
3696 2019 3786 2059 re-

2192 2089 2342 2158 licta,
2375 2093 2589 2162 paginae
2629 2093 2716 2148 56'
2747 2095 2853 2150 alia
2896 2096 3055 2167 plane
3103 2112 3267 2153 manu
3296 2097 3491 2154 litterae
3532 2097 3785 2154 Gerberti

2193 2183 2467 2256 inscripta:
2492 2195 2648 2254 sunt;
2680 2189 2876 2260 pagina
2913 2190 2982 2244 57
3008 2199 3184 2258 vacat,
3206 2191 3402 2262 pagina
3441 2189 3529 2244 57‘
3560 2189 3785 2245 Richeri

2193 2275 2391 2332 iterum
2418 2292 2580 2332 manu
2627 2280 2898 2350 prmcipua
2934 2281 3311 2338 continuandae
3337 2281 3578 2337 historiae
3601 2282 3783 2351 capita

2192 2366 2409 2423 diverso
2435 2377 2676 2439 tempore
2708 2371 2966 2442 inscripta
2989 2372 3213 2443 praebet.

2262 2455 2382 2512 Jam
2417 2469 2665 2530 superest
2716 2469 2778 2516 ut
2817 2465 2883 2519 de
2921 2463 3176 2520 editionis
3201 2464 3428 2522 consilio
3472 2475 3530 2522 et
3572 2468 3783 2523 ratione

2191 2548 2379 2618 paucis
2403 2565 2674 2607 moneam.
2713 2552 2890 2624 Opere
2913 2563 3116 2625 quanta
3147 2555 3426 2628 diligentia
3463 2556 3580 2613 ﬁeri
3605 2560 3783 2629 potuit

2191 2639 2487 2709 cxscripto,
2537 2649 2766 2711 textum,
2817 2644 2997 2714 qualis
3033 2644 3258 2701 ultimus
3297 2646 3507 2703 auctori
3552 2647 3772 2719 placuit,

2190 2732 2601 2801 exprimendum
2638 2735 2791 2802 duxi,
2828 2735 3075 2806 adjectis,
3100 2745 3365 2808 quantum
3393 2748 3610 2811 propter
3649 2755 3776 2795 eva-

2191 2823 2378 2878 nidam
2424 2825 2708 2894 scripturae
2769 2825 2966 2883 faciem
3015 2843 3340 2885 concessum
3393 2839 3556 2899 erat,
3598 2832 3778 2901 prima

2191 2911 2442 2980 lectione,
2469 2927 2632 2982 quam
2662 2930 2803 2971 verm
2843 2917 3126 2973 sententiae
3163 2919 3416 2974 sistenda:
3441 2934 3583 2990 saepe
3609 2920 3782 2990 pluri-

2191 3016 2340 3056 mum
2391 3001 2663 3058 eﬂicacem
2700 3006 2977 3076 superiora
3009 3006 3324 3064 docuerunt.
3350 3008 3609 3078 ‘Capitum
3661 3011 3780 3066 dis-

2193 3091 2508 3149 tinctionem
2539 3093 2608 3149 ab
2658 3105 2881 3153 auctore
2909 3098 3027 3168 ipso
3054 3099 3371 3170 profectam,
3401 3103 3496 3156 sed
3527 3116 3781 3156 nonnun-

501 3193 758 3249 schedula
789 3171 924 3267 [εὴ,
953 3171 1073 3263 quae
1113 3193 1214 3246 Ant
1240 3171 1543 3246 Pliilonium
1592 3189 1660 3243 ad
1711 3197 1979 3241 catarrum
2031 3185 2084 3240 in
2114 3171 2159 3234 C
2189 3197 2351 3254 quam
2375 3186 2824 3254 praetermissam,
2848 3188 3156 3259 ubicunque
3201 3206 3267 3247 ex
3301 3191 3470 3261 ipsius
3497 3193 3781 3246 sententia

501 3283 683 3342 fronte
721 3286 1051 3353 inscribitur,
1089 3286 1290 3341 inserta
1310 3324 1325 3350 ,
1354 3283 1619 3341 secundus
1640 3279 1781 3335 foliis
1811 3279 1864 3346 9,
1896 3277 2080 3344 lﬁ-lti,

501 3377 722 3431 tnsertis
743 3375 809 3430 10
849 3383 904 3429 et
931 3375 1019 3442 11,
1058 3373 1252 3431 tertius
1299 3373 1440 3429 foliis
1469 3371 1649 3438 17-22,
1686 3379 1912 3442 quartus
1942 3369 2085 3424 foliis

499 3466 690 3532 23-28,
721 3467 812 3532 30,
839 3466 939 3532 3‘2,
974 3465 1192 3522 insertis
1215 3465 1284 3520 29
1313 3473 1368 3519 et
1395 3465 1457 3519 5i
1482 3503 1496 3529 ,
1529 3463 1752 3532 quintus
1802 3461 1947 3516 foliis
1991 3460 2082 3526 5'5,

501 3561 691 3625 58-44,
742 3559 963 3614 insertis
1013 3559 1197 3622 54-57,
1247 3565 1430 3613 sextus
1477 3554 1624 3611 foliis
1649 3555 1739 3621 45,
1764 3555 1854 3621 46,
1877 3553 1967 3621 48,
1991 3553 2082 3620 52,

502 3652 689 3717 54-57,
730 3651 953 3707 insertis
978 3651 1067 3719 47,
1095 3647 1256 3705 49—51
1297 3659 1350 3706 et
1373 3649 1462 3704 53.
1495 3647 1776 3719 Scriptura
1827 3647 2081 3717 inprima

500 3744 683 3814 operis
715 3753 868 3814 parte
913 3741 1106 3813 major,
1155 3741 1278 3797 inde
1310 3757 1341 3796 a
1378 3739 1507 3796 folio
1543 3755 1685 3796 nono
1714 3739 1998 3806 decrescit,
2028 3739 2082 3793 in

500 3835 774 3892 nonnullis
803 3835 1035 3907 paginis,
1065 3833 1334 3905 praecipue
1389 3849 1444 3904 p.
1468 3828 1538 3887 49
1568 3827 1736 3892 ρι’50,
1765 3829 1922 3885 valde
1970 3831 2086 3884 cxi-

498 3943 626 3997 gua,
663 3928 713 3980 in
744 3926 865 3980 aliis
895 3925 1087 3994 injuria
1129 3932 1428 3990 temporum
1461 3927 1570 3974 tam
1594 3919 1820 3990 pallida,
1853 3926 1911 3972 ut
1940 3917 2083 3973 haud

501 4017 620 4070 sine
647 4013 958 4071 difﬁcultate
1001 4014 1230 4084 legatur.
1265 4012 1384 4078 Est,
1412 4020 1471 4067 ut
1501 4025 1634 4082 opus
1680 4011 1853 4081 ipsum
1879 4011 2080 4080 prodit,

501 4106 898 4177 autographum
926 4103 1147 4159 Richeri
1168 4143 1183 4169 ,
1214 4110 1495 4173 tot’txmque
1529 4103 1645 4172 ejus
1671 4117 1834 4156 manu
1861 4115 1965 4156 non
1997 4114 2084 4155 so-

500 4195 610 4250 lum
643 4194 854 4249 finitum
887 4193 982 4248 sed
1007 4201 1064 4248 et
1094 4191 1446 4262 recognitum.
1503 4189 1655 4258 Quod
1686 4190 1903 4260 quidem
1933 4197 2084 4260 patet

499 4302 566 4342 ex
612 4285 795 4340 multis
847 4298 970 4339 cum
1015 4283 1292 4338 vocabulis
1344 4291 1453 4336 tum
1521 4281 1842 4346 sententiis,
1892 4280 2084 4335 eodem

501 4385 827 4443 atramento,
859 4391 968 4446 quo
1011 4374 1177 4431 scribi
1208 4381 1506 4444 emperant,
1537 4371 1725 4429 deletis
1755 4380 1918 4443 atque
1964 4370 2083 4427 aliis

499 4467 725 4523 vocibus
752 4475 808 4522 et
835 4465 1124 4522 sententiis
1151 4466 1342 4520 eadem
1389 4463 1661 4519 scribendi
1697 4464 1836 4518 serie
1881 4462 2083 4518 substi-

2189 3273 2496 3329 necessaria
2529 3273 2837 3342 videbatur,
2864 3275 3106 3344 institui;
3137 3279 3518 3350 inscriptiones
3549 3279 3602 3334 in
3629 3295 3781 3335 mar-

2187 3363 2309 3436 gine
2345 3363 2550 3434 positas
2584 3365 2803 3432 retinui,
2833 3382 3087 3424 numeros
3129 3369 3320 3440 adjeci.
3365 3368 3507 3423 Loca
3543 3370 3782 3425 obscura

2185 3463 2279 3511 aut
2322 3455 2482 3513 unius
2507 3457 2796 3514 alteriusve
2816 3459 3009 3516 litterae
3038 3460 3340 3518 abscisione
3378 3460 3558 3516 lacera
3585 3461 3780 3531 conje-

2186 3553 2339 3602 ctura
2365 3548 2626 3618 probabili
2650 3549 2844 3606 ductus
2869 3550 3099 3622 esplevi.
3124 3550 3619 3622 Interpunctionem
3641 3566 3784 3607 non-

2184 3637 2289 3693 nisi
2319 3653 2466 3705 raro,
2505 3654 2630 3694 cum
2673 3642 3062 3696 sententiarum
3100 3655 3272 3696 nexus
3315 3641 3370 3696 id
3401 3641 3517 3696 ﬁeri
3549 3643 3784 3712 apertis-

2185 3729 2324 3786 sime
2361 3740 2632 3800 posceret,
2669 3732 2841 3804 attigi.
2872 3731 2988 3800 Qua
3019 3731 3235 3800 quidem
3277 3732 3333 3787 in
3379 3747 3440 3788 re
3467 3733 3688 3789 Richeri
3719 3743 3782 3790 et

2185 3821 2434 3878 Gerberti
2458 3823 2599 3879 idem
2631 3823 2746 3881 fere
2772 3825 2965 3881 modus
3012 3823 3179 3880 fuisse
3219 3823 3457 3890 videtur,
3483 3827 3780 3882 verborum

2186 3912 2536 3969 distinctione
2567 3915 2715 3971 vocis
2749 3915 3103 3971 modulationi
3133 3915 3406 3986 adaptata.
3433 3915 3634 3971 Ultimo
3656 3915 3784 3971 ioco

2188 4005 2445 4075 quoniam
2472 4007 2737 4063 Rieherus
2778 4023 2844 4063 ex
2888 4006 3139 4063 Gerberti
3162 4005 3388 4061 historia
3418 4006 3782 4062 conciliorum

2188 4097 2256 4151 ad
2287 4095 2344 4151 S.
2376 4096 2648 4164 Basolum,
2671 4098 3022 4156 Mosomensis
3044 4108 3098 4154 et
3122 4098 3466 4154 Cauceiensis
3480 4098 3783 4169 plurimum

2186 4183 2513 4252 illustratur,
2557 4187 2816 4256 opuscula
2863 4189 2966 4244 ista
2983 4201 3098 4259 'ope
3129 4187 3377 4244 codicum
3406 4187 3586 4244 saeculi
3619 4204 3652 4242 κ
3679 4202 3784 4244 ex-

2186 4275 2364 4331 euntis
2391 4285 2446 4330 et
2472 4292 2548 4342 xt,
2571 4278 2794 4334 scilicet.

2264 4368 2314 4439 1)
2346 4369 2718 4438 Lugdunensis
2749 4369 2894 4425 inter
2926 4369 3219 4426 Vossianus
3249 4369 3302 4425 in
3329 4364 3412 4436 4ο,
3438 4384 3495 4424 n.
3523 4368 3615 4433 54,
3642 4368 3782 4425 olim

2187 4455 2312 4512 libri
2351 4457 2693 4514 Miciacensis
2752 4461 3092 4526 monasterii,
3139 4461 3282 4516 unde
3334 4461 3619 4516 concilium
3663 4460 3784 4518 Re-

502 4558 653 4618 tutis.
679 4555 844 4626 Cujus
883 4557 962 4612 rei
993 4555 1240 4627 exempla
1271 4569 1396 4610 cum
1440 4561 1621 4609 textus
1658 4552 1800 4608 infra
1846 4552 2084 4608 edendus
2110 4523 2164 4583 D
2192 4567 2376 4608 mense
2409 4567 2511 4605 ttna
2544 4567 2664 4606 cum
2694 4551 2890 4607 litteris
2910 4523 3163 4608 Gerberti
3191 4553 3258 4607 ad
3285 4551 3636 4608 Widerodum
3663 4556 3787 4624 epi-

496 4648 756 4720 przebeat,
791 4649 881 4704 hie
931 4655 1140 4702 tantum
1188 4645 1577 4702 advertendum
1628 4644 1754 4711 erit,
1805 4651 2082 4699 auctorem

498 4744 557 4798 in
611 4741 1050 4814 recognoscendo
1101 4739 1266 4795 etiam
1313 4752 1478 4809 opere
1533 4737 1811 4808 complura
1857 4733 2084 4805 majoris

498 4836 760 4890 momenti
805 4835 1144 4899 immutasse,
1197 4833 1273 4888 ita
1319 4839 1382 4886 ut
1423 4829 1710 4895 vocabula,
1763 4828 2078 4893 sententias,

498 4929 611 4984 imo
661 4934 714 4982 et
738 4925 965 4998 paginas
1006 4924 1278 4990 eraderet,
1317 4923 1505 4993 eisque
1546 4921 1650 4976 alia
1680 4920 2076 4989 (substitueret.

497 5020 654 5087 Quod
679 5019 950 5090 praecipue
983 5017 1159 5073 locum
1187 5016 1377 5072 habuit
1416 5015 1466 5068 in
1496 5011 1854 5083 quaternione
1881 5009 2078 5079 primo,

463 5147 479 5170 ε
500 5133 610 5206 lum
640 5146 717 5186 κη
737 5129 830 5206 vel
843 5145 944 5206 gitti
973 5128 1478 5206 pertinente,uquem
1505 5120 1587 5206 Cl;
1613 5117 1779 5206 Jaeck
1807 5118 1858 5172 in
1889 5115 2081 5206 Pheﬂii

1037 5198 1164 5206 ιιι--
1291 5195 1420 5206 ,κς-Α

2189 4657 2412 4713 scepum
2440 4641 2893 4712 Argentinensem
2921 4650 2976 4696 et
3007 4641 3074 4695 ad
3103 4640 3385 4710 Signinum
3410 4642 3787 4713 archiepisco-

2188 4747 2317 4803 pum
2367 4741 2422 4788 et
2448 4731 2692 4803 l-iugonis
2719 4732 2862 4803 regis
2886 4731 2952 4786 ad
2981 4729 3281 4785 Johannem
3314 4745 3508 4800 papam
3532 4732 3785 4790 Franco-

2187 4825 2318 4882 furti
2363 4841 2507 4880 anno
2537 4825 2675 4880 1600
2705 4826 2759 4880 in
2797 4824 2890 4878 8“°
2921 4821 3142 4892 prodiit,
3187 4838 3217 4876 a
3250 4823 3550 4879 Boehmero
3587 4834 3784 4881 nostro

2188 4932 2398 4973 mecum
2434 4916 2709 4985 exscripti,
2743 4924 2800 4971 et

2251 5011 2310 5082 2)
2341 5007 2746 5079 Guelferbytani
2776 5007 2915 5060 inter
2930 5003 3390 5061 Helmstadienses
3409 5022 3468 5059 η.
3495 5002 3564 5060 52
3587 5004 3642 5060 in
3673 5006 3778 5063 fol.

2184 5124 2362 5206 Caroli
2413 5121 2715 5190 captionem
2765 5127 2820 5172 et
2861 5116 3109 5206 Gerberti
3145 5117 3586 5206 ‘disputationem
3628 5132 3780 5199 .eutn
