4026 6312
1385 279 1468 304 ,,,-.

218 367 286 424 Π
1159 360 1526 420 lllS'l'ORlAR
1539 362 1633 419 ΠΜ
1674 362 1838 421 [dBliJ

1947 369 2250 428 UATUOR.
2290 404 2360 412 -κ
2395 374 2522 429 LIB.
2561 373 2594 430 l.
3445 375 3511 430 18

220 488 356 540 olim
371 481 442 539 S.
469 478 698 554 Remigii
719 476 1310 554 Remensis(£9),unde
1331 476 1520 535 vitiosa
1537 479 1699 534 Flacii
1723 481 1832 534 edi-
1862 490 1902 544 Α
1935 486 2114 540 saeculi
2147 503 2180 540 κ
2203 487 2537 544 illustrandae
2562 489 2859 558 aptissima,
2891 502 2922 542 a
2955 487 3180 544 sutumis
3211 488 3342 544 viris
3364 522 3367 523 ν
3387 503 3512 558 pro—

225 579 302 632 tio
334 576 562 632 concilii
592 576 658 631 ad
685 574 743 630 S.
776 574 1024 631 Basolum
1067 573 1242 638 ﬂuxit,
1273 589 1302 626 a
1335 574 1395 627 D.
1434 573 1664 628 Waitzio
1707 588 1827 628 cum

224 667 392 722 editis
417 668 617 722 iterum
638 667 840 732 collati,
864 665 1175 737 appendicis
1194 665 1312 721 loco
1337 664 1618 720 referenda
1642 666 1825 732 statui,

226 758 470 826 adjectis
492 774 560 814 ex
585 759 770 814 codice
792 757 1216 829 Guelferbytano
1240 756 1330 812 fol.
1362 758 1483 823 169,
1510 758 1611 812 170
1635 758 1830 814 litteris

225 850 494 922 Gregorii
543 852 586 907 γ
614 865 766 922 papa:
819 851 887 906 ad
949 849 1286 922 Willegisum
1331 851 1827 921 archiepiscopum,

224 942 439 1010 quibus
463 957 589 998 eum
618 943 686 998 de
713 941 947 997 decretis
985 941 1173 1012 synodi
1219 941 1496 1011 Papiensis
1553 942 1696 996 circa
1731 940 1833 996 Ar-

226 1032 452 1088 nulfum
505 1035 795 1091 certiorem
844 1033 1006 1100 facit;
1062 1049 1182 1105 quae
1232 1035 1549 1090 documenta
1591 1034 1831 1091 historiae

295 1168 424 1239 (49)
465 1169 656 1226 Marlot
703 1170 756 1226 in
792 1169 930 1226 Hist.
981 1169 1293 1240 metropolis
1320 1169 1603 1240 Remensis
1636 1168 1699 1235 ll,
1731 1169 1824 1235 45,

225 1242 641 1312 autographum
656 1256 823 1312 penes
836 1257 895 1296 se
915 1240 1098 1312 haberi
1118 1239 1329 1312 scribit,
1354 1239 1598 1312 mutilum
1624 1248 1798 1293 tamen
1810 1279 1824 1305 ,

227 1310 280 1363 in
309 1325 436 1380 quo
483 1310 712 1366 scilicet
766 1325 920 1381 capp.
972 1311 1040 1363 25
1068 1310 1138 1363 40
1177 1311 1456 1374 deessent;
1489 1310 1826 1381 undepattca

229 1389 463 1437 tantum
516 1380 857 1452 transcripsit
886 1397 936 1452 p.
968 1381 1057 1446 45,
1088 1381 1175 1435 46.
1215 1410 1284 1419 -—
1329 1381 1508 1435 Codex
1543 1380 1829 1434 bibliothe-

229 1572 562 1599 ...Ἴτ’-.-

1936 575 2098 643 lecta,
2131 589 2184 633 et
2207 579 2452 634 codicum
2497 579 2823 649 optimorum
2853 567 3178 633 auctoritate
3225 587 3321 631 aut
3369 577 3510 632 inte-

1935 670 2116 740 gritati
2164 670 2413 724 restituta
2443 678 2538 724 aut
2582 670 2757 740 prima
2788 669 2906 725 vice
2959 669 3064 724 luci
3101 667 3249 733 data,
3279 667 3512 723 ineditos

1935 762 2150 816 Richeri
2178 763 2347 818 libros
2374 763 2515 817 haud
2555 761 2894 817 incommode
2937 761 3248 816 comitatum
3273 759 3361 827 iri,
3391 772 3514 828 per-

1931 868 2149 909 suasum
2177 852 2366 907 habeo.
2400 851 2645 923 (Litteras
2674 851 2912 923 Gregorii
2943 851 2983 904 V
3011 862 3058 906 et
3087 851 3363 906 concilium
3395 849 3512 904 Μο-

1933 961 2169 1010 sonense,
2201 944 2266 996 de
2295 943 2480 1013 quibus
2511 945 2594 996 hic
2635 942 2902 1009 Pertzius,
2930 944 3088 997 habes
3127 942 3269 1012 infra
3297 942 3353 996 in
3378 939 3512 995 Gre-

1933 1041 2078 1112 gorio
2115 1037 2154 1091 V
2177 1049 2224 1094 et
2255 1037 2523 1094 Gerberto.
2563 1039 2769 1093 EDITOR
2791 1034 3194 1106 Pnaoweuz.)

1932 1193 2009 1232 ea:
2041 1176 2345 1231 Barberinae
2374 1172 2527 1243 cujus
2552 1173 2604 1228 in
2636 1168 3162 1243 Annalibusnostris
3183 1165 3514 1243 mentionem

1934 1247 2056 1311 feci,
2098 1235 2542 1309 chartacensfex
2587 1242 2804 1299 Chesnii
2859 1241 3044 1296 codice
3095 1237 3290 1296 minori
3312 1235 3516 1290 descri-

1933 1328 2055 1388 plus
2081 1328 2182 1372 est.

567 1569 3470 1597 Μ

786 1713 1558 1871 R‘ICHERI
1641 1708 2964 1872 HISTORIARUM

1297 2012 1677 2142 LIBRI
1761 2007 2482 2146 QUATUOR.

1201 2383 1828 2479 PROLOGUS
1896 2385 2526 2480 AUCTORIS.

315 2578 556 2641 Domino
581 2591 651 2633 ac
666 2576 982 2638 beatissimo
1012 2577 1181 2646 Patri,
1224 2579 1488 2647 Gerherto
1543 2580 1835 2639 Remorum
1865 2585 1911 2646 Β
1941 2592 2182 2655 tempore
2207 2595 2490 2646 auctorum
2543 2585 2778 2655 prudens
2831 2584 3000 2640 lcetor
3040 2599 3193 2657 rcges
3221 2586 3526 2656 acquivoeos

257 2671 684 2747 archiepiscopo,
718 2671 982 2728 Ricberus
1005 2673 1334 2738 monachus.

323 2761 606 2818 Gallorum
665 2764 1046 2833 congressibus
1087 2764 1142 2819 in
1180 2764 1452 2820 volumine
1502 2767 1836 2837 regerendis,

271 2853 450 2922 imperii
480 2853 588 2920 tui,
624 2863 780 2924 pater
813 2855 1155 2911 sanctissime
1181 2855 1442 2912 Gerberte
1471 2858 1512 2924 ί,
1542 2859 1840 2924 auctoritas

281 2944 608 2998 seminarium
632 2944 800 2999 dedit.
845 2937 1040 3013 Quam,
1073 2949 1199 3018 quia
1247 2964 1514 3004 summam
1551 2949 1838 3007 utilitatem

266 3030 397 3094 alim
437 3041 500 3088 et
527 3047 716 3088 rerum
746 3035 975 3090 materia
1007 3050 1124 3091 sese
1149 3037 1430 3107 multiplex
1455 3039 1474 3069 ’
1515 3039 1738 3108 praebet,
1773 3054 1841 3095 eo

258 3126 407 3180 animi
455 3126 589 3181 nisu
641 3127 994 3198 complector,
1026 3145 1131 3200 qua
1175 3128 1419 3199 jubentis
1459 3132 1596 3186 mira
1626 3131 1874 3187 benivo»

252 3216 404 3270 lentia
431 3217 752 3287 pertrahor.
800 3217 964 3288 Cujus
1007 3220 1084 3274 rei
1129 3221 1339 3275 initium
1363 3237 1394 3276 a
1423 3222 1604 3277 vicino
1630 3221 1842 3278 ducen-

251 3307 371 3362 dum
422 3309 742 3364 existimavi
784 3311 828 3376 ³,
851 3326 973 3366 cum
997 3312 1016 3342 ⁸
1051 3326 1138 3368 res
1170 3313 1340 3370 multo
1368 3323 1496 3372 ante
1529 3325 1731 3384 gestas,
1759 3316 1842 3372 di~

249 3411 323 3453 vas
352 3398 644 3453 memoria:
674 3399 695 3430 ⁸
721 3397 1044 3457 Hincmarus
1069 3411 1197 3458 ante
1237 3411 1288 3457 te
1311 3403 1365 3457 in
1407 3403 1846 3473 pontiﬁcatuoc-

247 3499 404 3544 tarus
439 3489 483 3554 ‘,
553 3491 668 3546 suis
732 3491 1017 3548 annalibus
1103 3484 1480 3564 copiosissime
1555 3496 1839 3552 annexuit.

247 3576 543 3647 Tantoque
591 3581 871 3651 superiora
909 3581 1078 3638 lector
1125 3599 1192 3638 ea
1240 3585 1500 3652 inveniet,
1547 3595 1750 3657 quanto
1808 3602 1841 3642 a

244 3668 432 3722 nostri
461 3671 703 3740 opusculi
730 3672 974 3742 exordio,
1001 3689 1098 3744 per
1122 3674 1239 3746 ejus
1269 3686 1481 3748 regesta
1509 3693 1629 3734 sese
1676 3679 1840 3740 attol—

245 3759 345 3813 let.
379 3759 450 3813 Et
486 3760 590 3816 hoc
610 3761 854 3833 inquam,
905 3779 972 3821 ne
1014 3765 1337 3823 Karolorum
1373 3768 1710 3840 aliorumque
1730 3771 1841 3826 fre-

245 3861 425 3917 quens
462 3848 516 3902 in
547 3853 987 3924 ut’roqueIopere
1032 3857 1303 3926 repetitio,
1333 3848 1514 3929 operis
1560 3860 1842 3931 utriusque

1941 2677 2266 2747 pernotabit.
2299 2677 2536 2744 Quorum
2563 2677 2898 2746 temporibus
2925 2676 3060 2731 bella
3099 2693 3129 2731 a
3158 2675 3325 2732 Gallis
3358 2693 3529 2748 smpe-

1941 2778 2169 2817 numero
2225 2771 2472 2831 patrata,
2522 2763 2809 2831 variosque
2869 2777 3055 2818 eorum
3118 2761 3410 2828 tumultus,
3459 2777 3527 2816 ac

1941 2852 2187 2907 diversas
2206 2851 2541 2922 negotiorum
2566 2851 2822 2915 rationes,
2846 2851 2910 2905 ad
2925 2849 3240 2904 memoriam
3270 2850 3529 2905 reducere

1941 2945 2145 3014 scripto
2171 2943 2476 3013 specialiter
2501 2942 2833 3013 prepositum
2864 2950 2966 2996 est.
2999 2939 3057 2996 Si
3099 2955 3206 3009 qua
3237 2955 3364 2995 vero
3395 2939 3529 2995 alio-

1943 3053 2061 3092 rum
2104 3035 2420 3101 efferantur,
2442 3093 2446 3098 ,
2470 3035 2538 3089 ob
2560 3036 2579 3066 "
2605 3034 2903 3090 incidentes
2938 3033 3174 3096 rationes
3205 3047 3325 3102 quae
3368 3031 3529 3086 vitari

1942 3121 2047 3184 non
2079 3136 2398 3199 potuerunt,
2423 3127 2477 3182 id
2522 3126 2766 3182 evenisse
2790 3134 3030 3196 putetur.
3063 3123 3169 3179 Sed
3199 3123 3220 3155 ⁸
3251 3124 3295 3178 si
3336 3123 3530 3194 ignotae

1944 3220 2282 3290 antiquitatis
2309 3219 2627 3288 ignorantiae
2653 3233 2873 3290 arguar,
2896 3232 2960 3273 ex
2983 3217 3215 3286 quodam
3240 3213 3529 3269 Flodoardi

1941 3310 2241 3382 presbyteri
2266 3309 2550 3364 Bernensis
2578 3308 2775 3373 libello,
2801 3323 2885 3363 me
2906 3307 3087 3376 aliqua
3108 3305 3403 3375 sumpsisse
3423 3319 3529 3358 non

1941 3403 2142 3467 abnuo,
2177 3409 2229 3454 at
2279 3415 2388 3455 non
2439 3401 2602 3454 verba
2654 3399 2870 3468 quidem
2905 3400 3094 3453 eadem
3115 3437 3128 3463 ,
3162 3396 3258 3452 sed
3287 3396 3392 3450 alia
3430 3409 3530 3465 pro

1942 3490 2062 3545 aliis
2090 3490 2246 3559 longe
2287 3489 2502 3543 diverso
2549 3473 3122 3550 orationis”.sceniate
3171 3485 3527 3556 disposuisse,

1943 3596 2031 3636 res
2075 3581 2190 3650 ipsa
2233 3579 2635 3636 evidentissime
2661 3584 3020 3635 demonstrat.
3053 3577 3310 3648 Satisque
3335 3577 3531 3632 lectori

1944 3673 2059 3727 ﬁeri
2099 3673 2354 3738 arbitror,
2404 3673 2452 3727 si
2484 3671 2840 3741 probabiliter
2887 3679 3051 3740 atque
3089 3669 3326 3725 dilucide
3345 3667 3528 3723 brevi-

1945 3774 2135 3833 terque
2161 3763 2343 3818 omnia
2375 3763 2713 3833 digesserim.
2737 3762 2798 3817 ln
2823 3761 3057 3831 dicendo
3083 3761 3228 3816 enim
3261 3773 3524 3816 recusans

1945 3852 2183 3921 eilluere,
2231 3854 2463 3924 plurima
2522 3854 2797 3918 succincte
2848 3852 3152 3924 expediam.
3217 3851 3297 3908 Ac
3365 3851 3531 3906 totius

247 3938 502 3994 ordinem
527 3941 726 3998 turbet.
752 3942 855 3999 Ubi
868 3945 1012 4001 enim
1035 3961 1225 4019 rerum
1245 3950 1378 4004 ordo
1399 3936 1504 4004 non
1521 3951 1835 4018 advertitur,
1866 3941 1913 4005 C
1944 3947 2228 4003 exordium
2255 3946 2587 4002 narrationis
2609 3945 2912 4016 aggrediar,
2937 3945 3174 4000 breviter
3204 3943 3348 3998 facta
3377 3942 3529 4006 orbis

253 4038 410 4084 tanto
457 4030 718 4088 nitentem
752 4049 907 4091 error
932 4036 1234 4105 confundit,
1265 4048 1470 4109 quanto
1517 4057 1547 4095 a
1579 4043 1718 4098 serie
1743 4058 1838 4099 or-

252 4118 392 4173 dinis
441 4131 714 4177 errantem
764 4124 989 4180 seducit.
1021 4125 1174 4193 Unde
1224 4143 1346 4182 cum
1379 4129 1468 4184 hic
1517 4140 1680 4200 atque
1727 4131 1838 4187 illic

250 4224 380 4279 sepe
418 4208 635 4280 Karoli,
677 4227 806 4285 sepe
853 4213 1110 4282 Ludovici
1167 4225 1309 4273 nota:
1355 4217 1680 4288 offeruntur,
1737 4235 1837 4292 pro

1949 4041 2233 4108 divisione,
2265 4039 2549 4111 Galliaque
2591 4040 2646 4105 in
2692 4049 2874 4110 partes
2911 4038 3220 4103 distributa,
3274 4050 3340 4092 eo
3384 4033 3530 4104 quod

1947 4133 2064 4204 ejus
2106 4133 2425 4205 populorum
2468 4148 2650 4193 mores
2673 4140 2730 4190 et
2754 4141 2910 4191 actus
2951 4130 3260 4196 describere
3283 4127 3529 4212 pretiosi:

1949 4233 2062 4281 tum
2084 4226 2173 4282 sit.

1665 4402 2116 4429 —-———-r-

1419 4530 1785 4625 LIBER
1851 4531 2334 4622 PRIMUS'

325 4820 375 4872 i.
411 4817 796 4876 Divisio’orbis.
825 4852 890 4864 -—
917 4822 1269 4898 Orbisitaque
1294 4828 1470 4900 plaga,
1494 4846 1613 4900 qua:
1641 4843 1843 4889 morta-

251 4914 396 4966 libus
433 4926 553 4967 sese
585 4915 922 4971 commodam
960 4919 1182 4986 prmbet,
1227 4935 1256 4973 a
1285 4925 1689 4994 cosmograpbis
1719 4925 1832 4996 (50)

253 5000 520 5056 trifariam
557 5003 720 5058 dividi
750 5005 1083 5074 perhibetur,
1116 5008 1170 5062 in
1195 5009 1378 5064 Asiam
1394 5011 1660 5078 videlicet,
1687 5014 1834 5070 Afri-
1895 5037 1904 5046 ·

251 5108 395 5156 eam,
426 5101 481 5148 et
503 5092 791 5164 Europam.
815 5093 1052 5161 Quarum
1075 5099 1242 5168 prior,
1268 5116 1298 5154 a
1333 5105 1716 5172 septemtrione
1739 5120 1836 5174 per

252 5187 480 5242 orientis
526 5188 798 5259 regionem
847 5205 1018 5259 usque
1057 5193 1111 5247 in
1158 5202 1403 5250 austrum
1433 5235 1448 5263 ,
1493 5197 1832 5253 extrinsecus

1947 4834 2166 4892 Oceano
2213 4837 2614 4907 disterminata,
2649 4840 2878 4896 interius
2925 4856 2954 4894 a
2988 4839 3212 4909 Ripheis
3253 4837 3526 4895 montibus

1946 4941 2117 4996 usque
2151 4927 2218 4980 ad
2245 4935 2400 4990 terra:
2450 4930 2782 4998 umbilicum,
2818 4931 3046 4997 Thanai,
3085 4928 3387 4994 Meothide,
3418 4927 3528 4982 Me-

1943 5018 2360 5089 diterraneoque
2391 5021 2458 5075 ab
2498 5021 2708 5094 Europa
2736 5023 3103 5094 distinguitur.
3143 5021 3228 5076 Ab
3269 5018 3527 5074 umbilico

1942 5124 2072 5173 vero
2097 5127 2265 5186 usque
2296 5113 2349 5167 in
2373 5123 2640 5183 austrum,
2681 5113 2799 5171 Nilo
2829 5115 2990 5170 ﬂuvio
3030 5114 3098 5169 ab
3122 5112 3305 5168 Africa
3330 5118 3414 5167 est
3441 5125 3526 5163 se-

1938 5199 2104 5255 clusa.
2127 5202 2368 5259 Africam
2386 5220 2525 5268 vero
2547 5214 2599 5261 et
2623 5206 2916 5277 Europam,
2947 5206 3189 5263 exterius
3215 5202 3432 5274 quidem
3456 5200 3520 5255 ab

1555 5307 1794 5376 VARIZE
1820 5312 2219 5372 LECTIONES.

253 5478 274 5508 ⁸
322 5407 700 5508 ’ςξᾷέοςξῇη
1094 5501 1118 5508 Α
1141 5417 1382 5508 "du-cere
1407 5417 1551 5508 volui
1606 5421 1678 5508 alr
1700 5433 1915 5480 auctore
1942 5437 2304 5508 mutatum,_ut
2345 5449 2525 5504 supra.
2601 5435 2624 5467 ⁸
2649 5449 2701 5489 m
2745 5435 2974 5490 evanuit.
3051 5434 3073 5466 ⁸
3099 5434 3152 5488 d.
3207 5447 3282 5487 m.
3338 5431 3520 5508 codex.

320 5479 494 5577 King!
529 5479 1055 5577 ﬁerillinemar‘us
1092 5491 1614 5577 alite‘t‘egseptimus
1640 5479 2541 5577 canoramassignans!“
2568 5479 2982 5577 peilmé'Se'd
3009 5479 3172 5575 una}:
3203 5479 3522 5574 adsigna;

252 5564 413 5599 manu
437 5546 493 5600 2.
525 5548 720 5603 scilicet
747 5553 1067 5622 corrigentis.

1147 5557 1167 5589 °
1192 5557 1547 5616 ordinationis
1575 5578 1709 5616 corr.
1743 5567 2023 5624 orationis.

1784 5678 2012 5738 NOTAE.

327 5754 437 5835 (50)
469 5755 550 5810 Cf.
578 5755 754 5813 Orosii
785 5759 821 5812 l.
849 5774 885 5814 ι.
921 5777 968 5814 c.
1002 5762 1054 5813 Ξ.
