3988 5362
529 329 598 386 49
1632 328 1911 387 RICHERI
1947 328 2006 385 S.
2046 328 2305 387 REMlGll
2341 330 2643 389 MONACHI
3707 348 3778 407 go

529 452 714 497 austro
746 442 801 498 in
824 449 1262 514 septemtrionem
1275 440 1494 498 Oceano
1511 442 1897 508 circumdatas,
1928 440 2096 497 Medi-
2122 443 2172 503 Α
2199 440 2354 512 lant.)
2386 440 2510 498 Sola
2554 434 2729 513 inquit
2761 463 2773 498 :
2809 442 2983 502 Gallia
3016 458 3247 505 monstra
3287 468 3390 508 non
3419 452 3634 525 'lmbuit,
3680 460 3774 514 sed

531 544 840 590 terraneum
885 535 1223 605 interiectum
1250 535 1293 566 ¹⁰
1316 533 1672 591 discriminat.
1704 534 1786 590 Ab
1819 535 1946 589 Asia
1968 547 2095 589 vero

528 625 757 680 interius
783 638 972 687 earum
1000 625 1227 681 alteram
1253 624 1424 691 Nilus,
1443 625 1666 680 alteram
1690 639 1819 681 vero
1841 624 2094 679 Mediter-

528 700 774 780 raneum,
796 714 1138 778 Thanaisque
1158 730 1221 771 ac
1247 714 1452 779 Meotis,
1479 724 1538 769 ut
1556 713 1758 770 dictum
1783 723 1883 779 est,
1918 714 2097 783 sejun-

472 850 477 855 .
524 816 680 878 gunt.
711 805 946 874 Quarum
977 806 1198 879 singula:
1227 821 1346 862 cum
1376 807 1623 876 proprias
1648 806 1884 861 habeam
1904 806 2092 861 distri-

520 898 791 967 butiones,
822 901 1049 970 Europae
1085 910 1262 957 tamen
1289 911 1498 972 partem
1527 915 1686 955 unam
1708 902 1828 971 quae
1866 898 2032 955 Gallia
2063 917 2093 956 a

524 995 757 1049 candore
792 993 902 1065 (51)
952 1002 1192 1060 vocatur,
1223 1010 1290 1051 eo
1339 994 1484 1064 quod
1525 993 1856 1050 candidioris
1895 993 2091 1063 speciei

521 1083 731 1153 insigne
783 1085 899 1154 ejus
954 1085 1167 1139 oriundi
1215 1083 1526 1153 praeferant,
1581 1084 1635 1139 in
1665 1098 1793 1139 suas
1843 1082 2094 1139 diducere

517 1182 703 1244 partes
726 1180 904 1226 ratum
933 1172 1084 1226 duxi.

589 1261 647 1315 2.
688 1260 852 1314 Istius
881 1258 1069 1314 Gallice
1093 1277 1186 1330 per
1210 1271 1381 1331 partes
1412 1262 1725 1316 distributio.
1753 1292 1823 1300 —
1848 1260 2018 1317 Gallia
2048 1261 2089 1292 “

516 1365 645 1421 ergo
671 1359 725 1405 et
751 1350 866 1420 ipsa
897 1351 949 1403 in
982 1349 1082 1404 tria
1109 1350 1361 1405 distincta
1388 1358 1491 1415 est,
1531 1351 1585 1405 in
1612 1350 1898 1422 Belgicam,
1929 1351 2093 1407 Celti-

515 1457 655 1507 cam,
685 1441 1082 1511 Aquitanicam.
1113 1440 1349 1508 Quarum
1377 1442 1527 1511 prior
1551 1441 1782 1512 Belgica,
1815 1458 1844 1495 a
1879 1435 2088 1509 Rheno,

513 1532 608 1602 qui
634 1531 976 1587 Germaniam
1015 1532 1082 1586 ab
1108 1530 1325 1588 Oceano
1358 1532 1713 1599 determinat,
1744 1548 1865 1602 qua:
1894 1533 2088 1588 multa-

512 1638 633 1676 rum
663 1623 900 1692 gentium
929 1620 1109 1687 ferax,
1155 1637 1185 1676 a
1217 1622 1567 1692 germinando
1611 1637 1805 1678 nomen
1847 1624 2086 1694 accepit,

510 1712 873 1782 esporrigitur
910 1729 1082 1784 usque
1110 1713 1165 1769 in
1195 1713 1417 1768 ﬂuvium
1464 1712 1784 1796 Matronam:
1825 1713 1908 1771 Ab
1940 1724 2090 1772 utro-

2196 532 2319 586 viris
2357 534 2695 603 prudentibus
2751 544 2800 590 et
2853 536 3284 608 eloquentissimis
3318 557 3517 613 semper
3557 544 3769 602 claruit.

2198 622 2398 678 Praeter
2428 624 2542 679 bace
2586 640 2799 696 quoque
2842 626 3016 699 Belga:
3048 631 3210 686 rebus
3256 632 3601 703 disponendis
3638 637 3775 694 iusi-

2154 780 2155 785 η
2195 714 2430 784 gniores,
2461 713 2655 770 robore
2678 724 2841 786 atque
2868 718 3083 774 audatia
3115 736 3222 776 non
3255 723 3507 794 impares.
3537 724 3770 781 Maxima

2193 818 2419 874 qumque
2446 806 2616 877 magis
2642 806 2857 877 ingenio
2884 823 3046 879 quam
3077 812 3284 869 viribus
3310 826 3588 885 appetunt.
3627 816 3693 872 Et
3723 819 3772 873 si

2193 894 2409 964 ingenio
2455 896 2508 950 in
2557 898 2871 965 appetendis
2916 910 3221 968 cassantur,
3266 905 3469 961 viribus
3513 908 3771 965 audacter

2192 993 2434 1039 utuntur.
2465 984 2584 1039 Cibi
2610 986 2776 1040 etiam
2801 996 3066 1059 potusque
3093 991 3229 1048 adeo
3251 994 3422 1063 parci.
3450 994 3613 1052 Celtae
3639 1013 3772 1053 vero

2193 1088 2257 1129 ac
2284 1074 2569 1144 Aquitani,
2602 1075 2827 1132 consilio
2873 1079 3033 1133 simul
3077 1090 3132 1135 et
3165 1083 3381 1138 audatia
3413 1085 3652 1154 plurimi,
3684 1103 3769 1142 re-

2189 1167 2293 1223 bus
2320 1168 2586 1225 seditiosis
2622 1173 2908 1227 commodi.
2937 1172 3100 1230 Celtae
3127 1184 3303 1232 tamen
3333 1180 3504 1249 magis
3536 1181 3765 1250 providi,

2190 1258 2447 1329 Aquitani
2481 1276 2608 1317 vero
2645 1263 2947 1332 praecipites
2981 1276 3235 1337 aguntur,
3279 1268 3677 1340 plurimumque
3709 1271 3768 1326 in

2191 1347 2431 1402 ciborum
2469 1350 2754 1419 rapiuntur
2781 1354 3093 1422 appetitum.
3133 1355 3287 1422 Quod
3332 1358 3412 1414 sic
3441 1368 3523 1414 est
3557 1359 3637 1414 eis
3675 1360 3762 1415 in-

2189 1445 2411 1503 natum,
2458 1446 2518 1491 ut
2565 1450 2761 1508 praster
2796 1453 3042 1498 naturam
3083 1460 3188 1501 non
3227 1456 3498 1518 appetant.
3548 1448 3683 1505 Hinc
3711 1458 3769 1504 et

2191 1524 2459 1596 Sulpicius
2485 1526 2718 1600 (Dialog.
2746 1532 2797 1596 ι’,
2828 1531 2885 1602 4)
2924 1550 2938 1586 :
2969 1532 3239 1603 Edacitas,
3271 1538 3460 1607 inquit,
3481 1539 3536 1591 in
3563 1536 3764 1594 Gra‘cis

2187 1617 2311 1688 gula
2338 1628 2435 1686 est,
2465 1618 2521 1671 in
2549 1616 2715 1675 Gallis
2748 1631 2956 1678 natura.
2989 1624 3099 1681 Hos
3123 1641 3311 1683 omnes
3339 1628 3563 1698 populos
3592 1629 3692 1685 etsi
3718 1629 3765 1662 ¹⁶

2188 1718 2383 1765 natura
2423 1709 2653 1779 feroces,
2692 1713 2759 1769 ab
2794 1713 3014 1786 antiquo
3053 1716 3166 1773 fere
3203 1735 3300 1789 per
3339 1721 3519 1775 omnia
3564 1720 3605 1753 ¹⁷
3638 1736 3767 1792 pro-

510 1818 615 1874 que
638 1804 987 1869 vero‘latere,
1012 1804 1140 1859 hinc
1165 1805 1379 1876 quidem
1403 1804 1628 1875 Alpibus
1656 1804 1935 1873 Penninis,
1962 1807 2083 1863 inde
2112 1796 2158 1855 Β
2188 1815 2343 1870 Spem
2384 1802 2557 1872 egisse
2597 1810 2654 1858 et
2689 1808 2808 1858 Cum
2851 1806 3045 1877 pagani
3079 1807 3123 1840 ¹⁸
3158 1817 3341 1864 essent
3382 1808 3618 1864 historia:
3654 1818 3765 1866 tra-

507 1908 638 1949 vero
665 1894 798 1948 mari
830 1894 1079 1963 vallatur,
1116 1893 1268 1965 cujus
1297 1895 1714 1951 circumfusione
1742 1898 1913 1952 insula
1941 1898 2085 1954 Brit-

511 1985 723 2039 tannica
748 1983 992 2040 eiIicitur.
1021 1984 1222 2041 Celtica
1249 1997 1429 2042 autem
1464 1988 1505 2019 ²²
1533 2003 1565 2042 a
1585 1987 1825 2044 Matrona
1852 2005 1949 2061 per
1972 1990 2089 2045 lon-

506 2089 634 2145 gum
672 2075 725 2129 in
763 2074 1073 2129 Garunnam
1109 2075 1463 2143 distenditur;
1496 2076 1650 2146 cujus
1679 2077 1867 2143 latera,
1899 2080 2087 2135 oceani

507 2163 861 2231 Brittannici,
904 2173 958 2220 et
998 2164 1187 2220 insula:
1233 2164 1579 2223 Brittannicte
1622 2166 1822 2223 limites
1862 2169 2084 2226 habent.

506 2252 772 2324 Quicquid
797 2268 925 2309 vero
949 2270 979 2308 a
1001 2253 1256 2310 Garunna
1283 2255 1609 2312 distenditur
1633 2257 1676 2289 “
1698 2258 1753 2312 in
1777 2258 2083 2328 Pireneum,

504 2342 827 2411 Aquitanica
873 2343 1209 2414 appellatur,
1256 2345 1384 2400 hinc
1433 2345 1476 2379 “
1523 2346 1785 2403 Rhodano
1820 2348 2086 2421 Ararique

503 2439 668 2501 atque
717 2432 842 2487 inde
888 2432 1282 2489 Mediterraneo
1320 2434 1680 2493 conlimitans.
1721 2436 1943 2494 Constat
1982 2440 2085 2495 ita-

501 2533 629 2589 que,
655 2522 819 2575 totius
840 2520 1024 2576 Gallize
1046 2523 1279 2594 spatium
1305 2523 1374 2577 ab
1398 2524 1606 2581 oriente
1628 2527 1843 2596 quidem
1869 2526 2080 2597 Rheno,

502 2607 570 2662 ab
597 2608 873 2665 occidente
897 2609 965 2683 Py
978 2624 1140 2666 reneo
1173 2612 1236 2679 ¹⁸,
1260 2622 1314 2667 et
1343 2629 1371 2666 a
1396 2602 1761 2683 septentrione
1780 2618 1917 2672 mari
1943 2619 2085 2676 Brit-

500 2698 750 2763 tannico,
791 2700 859 2756 ab
897 2710 1084 2757 austro
1113 2716 1240 2756 vero
1268 2702 1663 2762 Mediterraneo
1692 2707 1853 2779 cingi.

569 2788 624 2844 5.
667 2787 841 2845 Mores
889 2789 1557 2851 Gallorum.--0mniutn
1608 2812 1738 2870 ergo
1785 2799 2082 2858 Galliarum

494 2878 681 2948 populi
715 2880 896 2935 innata
933 2881 1149 2937 audatia
1189 2883 1479 2952 plurimum
1526 2887 1841 2957 efferuntur,
1880 2892 2080 2947 calum.

493 2967 711 3024 niarum
742 2968 1102 3041 impatientes.
1133 2971 1193 3027 Si
1222 2974 1541 3043 incitantur,
1570 2979 1789 3035 cedibus
1818 2983 2079 3052 exultant,

500 3056 817 3130 eﬂ‘eratique
852 3052 1230 3119 inclementius
1272 3064 1608 3123 adoriuntur.
1645 3067 1823 3126 Semel
1854 3087 2080 3144 persua-

2187 1891 2320 1947 dunt
2361 1892 2423 1945 ¹⁹.
2466 1892 2593 1948 Post
2628 1907 2759 1949 vero
2802 1908 2832 1948 a
2870 1904 3058 1952 sancto
3093 1898 3336 1970 Remigio
3371 1900 3417 1930 ’θ
3460 1898 3715 1967 baptizati
3742 1940 3760 1965 ,

2187 1984 2429 2054 adprime
2470 1985 2514 2015 “
2545 1983 2692 2040 clara
2729 1999 2941 2056 semper
2979 1996 3035 2042 et
3064 1987 3257 2044 illustri
3288 1990 3332 2021 “
3360 1989 3587 2045 victoria
3628 1990 3765 2045 emi-

2187 2072 2364 2128 cuisse
2392 2074 2437 2105 ⁸³
2463 2074 2727 2129 feruntur.
2758 2074 2998 2141 Quorum
3024 2092 3238 2148 quoque
3258 2079 3466 2149 primus
3494 2094 3591 2135 rex
3614 2079 3764 2135 chri-

2188 2167 2416 2230 stianus,
2443 2165 2743 2249 Clodoveps
2770 2165 2936 2225 fuisse
2967 2172 3218 2226 traditur.
3251 2171 3296 2227 A
3324 2186 3431 2242 quo
3458 2187 3555 2243 per
3577 2187 3763 2228 succe-

2186 2255 2368 2311 dentia
2409 2263 2651 2325 tempora
2696 2255 3108 2326 imperatoribus
3148 2261 3377 2331 egregiis
3425 2275 3512 2315 res
3549 2259 3760 2331 publica

2187 2347 2484 2416 gubernata
2525 2344 2694 2401 fuisse
2732 2346 3045 2415 dinoscitur,
3085 2364 3254 2421 usque
3300 2351 3368 2405 ad
3406 2348 3692 2417 Karolum,
3728 2365 3763 2406 a

2187 2451 2294 2506 quo
2323 2434 2561 2491 historiae
2596 2450 2871 2493 sumemus
2899 2437 3129 2494 initium.

2254 2525 2309 2579 4.
2353 2524 2505 2590 Quod
2545 2524 2607 2580 ob
2646 2524 2929 2595 infantiam
2967 2536 3016 2581 et
3064 2516 3356 2598 principum
3398 2528 3759 2583 dissidentium

2184 2627 2383 2690 pyram:
2403 2614 2605 2672 Gallias
2631 2615 2679 2649 "'
2704 2617 3005 2686 irruperint.
3030 2647 3095 2657 —
3126 2614 3226 2673 llic
3261 2627 3470 2688 patrem
3496 2619 3687 2674 habuit
3712 2619 3758 2651 ³⁸

2185 2706 2603 2762 Karlomannum
2626 2721 2805 2778 regem
2836 2705 2969 2779 (52),
2998 2721 3154 2762 avum
3184 2722 3315 2763 vero
3340 2716 3622 2778 paternum
3649 2705 3759 2763 Lu-

2186 2800 2433 2856 dovicum
2463 2807 2817 2871 cognomento
2843 2796 3089 2866 Balbum,
3119 2801 3346 2855 abavum
3375 2808 3554 2854 autem
3589 2799 3759 2855 Κπο-

2184 2894 2295 2950 lum
2324 2893 2579 2958 Calvum,
2612 2890 3003 2948 Germanorum
3031 2904 3194 2963 atque
3220 2892 3490 2949 Gallorum
3524 2891 3759 2960 impera-

2184 2994 2353 3039 torem
2412 2982 2707 3053 egrcgium.
2763 2981 2982 3036 Biennis
3035 2982 3211 3036 adhuc
3262 2989 3469 3051 patrem
3528 2979 3751 3044 amisit;

2181 3081 2356 3127 matre
2390 3070 2436 3103 “
2463 3071 2554 3126 vix
2589 3085 2688 3140 per
2715 3069 3124 3140 quadriennium
3153 3069 3459 3140 superstite.
3495 3067 3576 3124 Ob
3601 3065 3756 3137 cujus

492 3162 615 3204 sum
651 3164 716 3205 ac
756 3150 1052 3208 rationibus
1091 3154 1443 3223 approbatum
1466 3195 1484 3224 ,
1523 3157 1615 3213 vix
1651 3160 1894 3219 refellere
1937 3178 2065 3219 con-
2091 3153 2137 3217 C
2169 3161 2452 3219 infantiam
2483 3176 2607 3217 cum
2637 3174 2924 3233 regnorum
2952 3160 3223 3233 principes
3247 3159 3415 3215 nimia
3443 3156 3623 3215 rerum
3660 3172 3755 3212 cu-

490 3251 735 3300 sueruut.
784 3241 939 3301 Unde
985 3253 1041 3301 et
1082 3243 1424 3305 Hieronimus
1461 3249 1563 3323 (ep.
1605 3249 1696 3319 60,
1744 3253 1861 3308 adv.
1921 3252 2063 3326 Vigi-

2165 3256 2346 3327 pidine
2372 3268 2493 3313 sese
2523 3254 2716 3325 przelre
2740 3254 3154 3324 contenderent,
3185 3253 3414 3327 quisque
3458 3261 3519 3310 ut
3543 3260 3756 3325 poterat

1774 3385 2003 3444 VARUS
2042 3387 2445 3447 LECTIONES.

565 3493 610 3526 ¹⁰
647 3493 958 3573 interjectus
988 3496 1120 3573 Acad.
1198 3499 1237 3529 ”
1259 3517 1389 3573 ⁸(τρι).
1423 3500 1476 3554 2.
1531 3500 1585 3555 5.
1637 3498 1976 3573 Elrlteliardus
2002 3503 2059 3557 in
2087 3502 2307 3573 historia
2358 3500 2571 3573 Pippini
2616 3508 2669 3573 et
2714 3498 3136 3573 ,Karolontanni
3160 3500 3422 3573 majorum
3459 3499 3645 3573 donius
3668 3515 3750 3573 re-

489 3562 605 3646 gite.
620 3565 909 3646 exscripsit.
935 3644 943 3646 Α
967 3566 1230 3646 _“_au_tem
1259 3562 1386 3624 hinc
1426 3578 1674 3646 matrona
1719 3571 1843 3646 inde
1874 3572 2397 3646 garunnaabluitur
2426 3562 2585 3646 "prior
2607 3570 2777 3646 lectio.
2833 3570 2900 3646 _“
2938 3570 2993 3625 d.
3035 3570 3090 3646 in
3125 3562 3487 3646 h_ibe'_rum__qt_ti
3518 3568 3750 3646 hiberias

489 3636 700 3712 regioni
731 3644 944 3712 nomen'
967 3636 1178 3712 indidit,
1216 3653 1386 3712 usque
1424 3640 1477 3694 in
1508 3655 1775 3712 oceanum
1800 3636 1986 3696 delcta.
2065 3642 2187 3696 “lt.
2216 3636 2508 3711 provincia:
2531 3640 2846 3712 lugdunensi
2887 3649 3050 3712 atque
3074 3640 3198 3712 inde
3241 3642 3291 3712 lg.
3368 3636 3646 3712 urhybero
3675 3642 3744 3712 At.

491 3702 538 3739 ³⁸
563 3702 663 3758 m
693 3704 915 3760 abscisa.
991 3705 1039 3742 ³⁸⁷

1070 3722 1121 3775 ρ.
1158 3724 1210 3763 o.
1242 3709 1478 3773 abscisa;
1508 3710 1678 3764 locum
1714 3709 2019 3770 Eklteltardo
2068 3709 2302 3767 adhibito
2350 3712 2573 3766 restitui.

2651 3710 2693 3742 ³⁸
2722 3726 2813 3765 um
2848 3725 2915 3780 pa
2944 3709 3165 3764 abscisa.
3238 3709 3283 3780 f’
3326 3724 3373 3780 ῳ
3424 3709 3505 3765 tra
3547 3710 3748 3780 abscisa

491 3770 537 3804 ”
564 3788 593 3826 a
621 3790 666 3852 ξ.
694 3772 758 3852 ιι.
800 3775 1047 3852 ιζρδρὶε-α.-
1070 3770 1144 3852 ’ξι
1174 3778 1322 3852 adpri
1351 3770 1629 3834 abscisum.
1706 3781 1750 3811 ²²
1773 3797 1802 3835 a
1835 3797 2071 3852 semper,
2098 3781 2254 3837 lustri
2292 3782 2513 3837 abscisa.
2586 3781 2633 3852 ξ’
2662 3770 3155 3852 εητίρυάῥεοίεςιιη.
3228 3778 3277 3812 ³⁸
3304 3778 3393 3834 alii
3421 3795 3486 3834 ea:
3522 3779 3743 3850 conject.

489 3843 737 3912 suppleri.
814 3844 862 3877 ³⁸
887 3846 1074 3902 habuit
1105 3843 1406 3904 ludovicum
1440 3864 1619 3922 regem
1650 3866 1700 3907 c.
1742 3852 1793 3909 ι».
1822 3843 1980 3907 auum
2009 3843 2141 3908 vero
2172 3854 2223 3907 l.
2299 3852 2346 3885 ’⁸
2381 3866 2456 3907 m.
2482 3849 2637 3921 paulo
2666 3860 2792 3904 ante
2817 3849 3013 3904 amissa
3044 3848 3096 3903 l.

1979 3960 2209 4019 NOTAE.

586 4072 675 4151 an
702 4071 919 4151 ξοίιίερι
949 4079 1146 4151 ww.
1179 4079 1280 4151 ιρς.

587 4142 676 4212 52)
713 4141 826 4214 lmo
852 4141 1181 4201 Ludovicum
1218 4147 1463 4212 Balbum,
1494 4160 1599 4214 quo
1627 4145 1878 4201 defuncto
1908 4153 2066 4201 natus

488 4220 689 4286 es_t._—_t_
710 4211 822 4268 Hoc
851 4216 1342 4286 potissirnumgloco
1372 4211 1614 4271 notitiam
1651 4216 1842 4271 sistere
1866 4216 2066 4286 placuit

490 4281 557 4361 ad
590 4280 783 4361 bellum
820 4280 961 4361 anno
989 4285 1091 4361 880
1126 4301 1157 4340 a
1191 4285 1462 4361 Ludovico
1486 4280 2064 4361 juniore_con_li‘a__Lu-

487 4348 738 4405 dovicum
786 4359 840 4422 et
886 4351 1297 4410 Carlomannum
1324 4397 1340 4422 ,
1385 4348 1639 4411 Ludovici
1690 4354 1838 4410 Balbi
1885 4354 2022 4410 illius
2049 4396 2063 4420 ,

489 4428 697 4495 gestum
750 4420 1117 4495 referendam,
1157 4420 1334 4495 quam
1365 4425 1730 4481 Boehmcruus
1767 4434 1953 4480 noster
1996 4437 2065 4479 ex

489 4489 674 4566 codice
728 4492 876 4560 regio
918 4489 1228 4566 Monacen'si
1277 4497 1420 4551 inter
1456 4498 1807 4566 Augustanos
1854 4510 1915 4566 ιι.
1962 4495 2060 4549 151

489 4560 630 4613 mbr.
663 4575 789 4615 suae.
834 4578 888 4615 Ix
915 4564 966 4618 in
993 4564 1052 4618 4ο
1079 4580 1314 4620 canones
1356 4574 1411 4619 et
1436 4560 1727 4620 decrétalcs
1780 4564 2065 4621 exhibentc

492 4627 799 4699 descripsit.
838 4632 1075 4689 [labetur
1112 4635 1183 4689 ibi
1224 4635 1315 4689 fol.
1347 4635 1416 4688 74
1444 4635 1670 4689 ultimo:

565 4716 585 4749 ι
618 4698 752 4772 Gum
792 4716 1036 4759 essemus
1070 4703 1221 4772 juxta
1260 4704 1478 4758 ﬂuvium
1506 4705 1671 4759 Aisna
1705 4704 1757 4758 in
1805 4703 1929 4759 villa
1970 4703 2065 4759 Ri-

489 4776 594 4845 t_est
617 4767 692 4845 la)
721 4785 814 4824 vm
837 4772 954 4845 lial.
982 4767 1141 4845 Febr.
1168 4776 1219 4829 in
1238 4773 1415 4845 vigilia
1444 4774 1615 4845 sancti
1644 4773 1886 4845 Pra‘jecti
1915 4789 2060 4845 mar—

487 4837 811 4913 thyris'post
840 4843 1026 4913 horam
1065 4844 1169 4898 diei
1200 4837 1391 4898 non'am
1411 4883 1425 4907 ,
1458 4841 1634 4898 subito
1656 4837 1822 4913 Amirre
1849 4843 2063 4913 magni-

485 4908 706 4983 tudinis
738 4920 798 4983 et
826 4912 1123 4983 splendoris
1167 4915 1314 4968 sidus
1357 4913 1593 4966 emicuit.
1639 4911 1790 4979 Quod
1818 4908 2064 4983 denique

488 4976 657 5033 stella:
678 4976 949 5042 modulum
974 4984 1376 5052 supereminens
1402 4983 1651 5047 excessit,
1663 4976 1732 5037 ἐι
1756 4981 1886 5038 solis
1911 4976 2063 5036 men-

488 5061 672 5120 suram
710 5063 818 5102 non
862 5051 1119 5120 implevit.
1162 5052 1314 5108 Unde
1358 5052 1512 5107 nobis
1550 5053 1679 5107 illud
1719 5052 2062 5107 cernentibus

488 5117 661 5170 visum
691 5127 774 5172 est
816 5117 1081 5174 interdum
1112 5122 1513 5174 ﬂammantibus
1554 5121 1719 5174 radiis
1753 5121 1892 5174 ultra
1942 5135 2060 5174 mo-

2092 4410 2143 4469 D

2169 4089 2291 4147 sum
2319 4075 2542 4147 _conjici_
2558 4083 2753 4147 potest.
2794 4075 2928 4132 Cum
2968 4084 3206 4147 potestas
3249 4076 3580 4146 quorundam
3616 4086 3743 4134 tunc

2166 4145 2369 4218 fulgida
2403 4145 2795 4218 dominabatur,
2835 4145 3069 4218 peccatis
3107 4145 3287 4218 autem
3313 4147 3742 4218 promerentibus

2166 4213 2372 4286 perpeti
2403 4214 2510 4271 ﬁne
2539 4213 2613 4286 (lt)
2644 4213 2899 4271 deficiens
2924 4216 2997 4270 ita
3026 4216 3277 4284 evanuit,
3309 4213 3368 4272 ut
3399 4231 3500 4273 nec
3523 4217 3742 4286 quidem

2168 4283 2327 4355 digne
2352 4283 2627 4340 memoriae
2655 4286 2969 4341 retineatur.
2999 4304 3020 4338 ι

2860 4396 3044 4452 Aliter.

2244 4508 2262 4541 ι
2297 4488 2430 4545 Cum
2469 4503 2529 4546 se
2569 4485 2873 4559 Ludovicus
2899 4488 3206 4559 prosperari
3239 4490 3547 4557 estimaret,
3593 4502 3649 4548 et
3683 4494 3740 4550 in

2167 4575 2335 4631 regno
2370 4558 2685 4631 occidentali
2710 4599 2741 4631 ,Α
2763 4558 2915 4631 ψιοᾷ
2941 4567 3065 4613 tunc
3104 4559 3406 4631 inordinate
3440 4576 3739 4631 occupave-

2166 4627 2281 4695 rat,
2322 4629 2375 4683 in
2418 4643 2524 4697 quo
2568 4627 2684 4696 ejus
2728 4628 3003 4683 invasione
3046 4629 3356 4699 sacrilegia,
3407 4627 3734 4699 homicidia,

2165 4708 2346 4768 stupra
2365 4738 2389 4769 ,_
2408 4698 2655 4753 incendia
2673 4737 2689 4763 ,
2717 4706 3017 4769 caeteraque
3046 4698 3279 4769 inaudita
3314 4699 3520 4753 scelera
3547 4698 3733 4769 perpeé

2166 4766 2303 4823 trata
2367 4767 2627 4838 fuerant,
2686 4775 2741 4820 et
2797 4766 2896 4838 his,
2937 4767 3239 4838 vanissimis
3289 4766 3734 4838 prosperitatibus

2165 4839 2347 4892 animo
2393 4836 3070 4907 extollereturtindustria
3116 4835 3460 4907 principum,
3506 4839 3598 4907 qui
3648 4856 3733 4895 re-

2163 4923 2324 4977 gnum
2368 4907 2497 4962 illud
2544 4916 2670 4961 tunc
2715 4905 3120 4977 gubernabant,
3171 4906 3493 4977 extragfines
3524 4905 3730 4962 eorum

2164 4975 2415 5031 reductus
2457 4985 2578 5042 est,
2625 4984 2785 5042 atque
2828 4975 2883 5030 in
2921 4975 3107 5030 eadem
3153 4976 3459 5031 reversione
3502 4978 3731 5032 ammisa

2163 5061 2257 5115 spe
2285 5046 2456 5101 invasi
2488 5046 2636 5116 regni
2656 5044 2816 5116 1880)
2837 5085 2851 5107 ,
2882 5044 3069 5116 obvios
3107 5044 3299 5101 habuit
3326 5045 3687 5116 Nurtmannos
3711 5087 3728 5112 ,

2162 5113 2284 5169 cum
2336 5113 2726 5174 quibus'hello
2775 5114 3102 5174 commisso.
3155 5130 3338 5168 carum
3386 5115 3615 5174 perdidit
3665 5116 3731 5170 ﬁ-
