3988 5362
191 299 251 357 ει
1130 289 1605 349 HlSTORlARUM
1646 290 1775 349 LlBl

1877 292 2221 363 QUATUOR.
2259 325 2329 336 -—
2369 295 2497 353 LIB.
2537 297 2575 353 Ι.
3397 301 3471 357 22
3540 304 3541 307 “

193 425 298 468 rem
319 408 597 465 dilatabat.
625 406 803 465 Nemo
823 406 966 478 regis
992 412 1307 479 provectum
1331 405 1400 470 ’⁷,
1426 419 1586 459 nemo
1612 404 1762 475 regni
1796 411 1840 469 Α
1867 422 1974 477 quo
2014 418 2282 464 conventu
2311 450 2328 476 ,
2371 408 2695 480 sapientium
2744 408 2827 466 usi
2877 408 3102 467 consilio
3127 449 3142 478 ,
3201 409 3474 483 fidemque
3554 400 3555 403 “

191 502 403 561 tutelam
429 502 733 574 quaerebat.
760 501 946 557 Aliena
971 500 1261 571 adquirere
1286 513 1557 555 summum
1584 497 1778 567 cuique

192 605 328 661 erat;
362 608 467 649 nec
499 580 614 647 rem
648 608 802 648 suam
830 592 1132 663 provehere
1154 589 1462 656 videbatur,
1492 589 1586 661 qui
1617 587 1776 644 alieni

191 685 381 758 aliquid
412 701 520 741 non
550 685 804 740 addebat.
837 683 992 740 Unde
1021 691 1077 739 et
1104 683 1345 738 omnium
1368 681 1689 748 concordia,
1723 680 1775 736 in

190 791 451 832 summam
493 774 823 830 discordiam
862 773 1071 845 relapsa
1102 783 1205 829 est.
1239 771 1378 829 llinc
1407 771 1736 843 direptiones
1759 811 1774 838 ,

189 868 301 923 hinc
321 867 607 934 incendia,
631 868 757 922 binc
784 882 960 921 rerum
982 866 1331 937 pervasiones
1348 880 1623 922 exarsere.
1648 864 1778 932 Quae

188 975 295 1014 cum
334 959 740 1015 immanissimc
779 959 1135 1030 agitarentur,
1186 958 1377 1031 pirata:
1419 960 1511 1028 qui
1555 957 1775 1013 Rhodo-

189 1064 423 1104 mensem
477 1050 808 1121 provintiam
862 1049 1211 1117 incolebant,
1259 1065 1378 1120 qua:
1429 1057 1513 1106 est
1562 1048 1778 1105 Gallicae

186 1139 359 1197 Gallia:
391 1156 541 1212 pars,
573 1142 641 1197 ad
674 1158 853 1198 rerum
884 1143 1277 1197 immanitatem
1309 1133 1621 1198 incitantur.
1653 1141 1778 1196 Haec

188 1248 302 1305 gens
339 1234 416 1289 ab
450 1234 651 1290 insulis
685 1236 873 1291 oceani
915 1234 1355 1305 septentrionalis
1395 1232 1777 1289 remotioribus

188 1323 270 1394 diu,
305 1332 435 1380 ante
480 1325 716 1381 exierat.
766 1325 833 1380 Et
867 1341 965 1396 per
1003 1324 1175 1380 maria
1213 1323 1444 1380 errando
1483 1322 1657 1378 classe
1686 1322 1777 1376 de-

188 1422 323 1468 vecta
350 1454 367 1479 ,
399 1428 679 1470 summam
725 1415 864 1470 banc
905 1413 1204 1470 Galliarum
1250 1422 1458 1484 partem
1500 1411 1773 1482 attigerat.

191 1502 324 1575 Sape
365 1520 592 1576 quoque
642 1522 763 1561 eam
804 1505 970 1565 armis
1010 1505 1316 1577 impetivit,
1365 1519 1507 1576 saepe
1549 1504 1709 1559 etiam
1743 1518 1774 1557 a

190 1601 329 1648 teme
357 1596 706 1665 principibus
739 1594 945 1651 devicta
983 1596 1255 1651 occubuit.
1293 1593 1446 1662 Quod
1480 1610 1603 1649 cum
1638 1592 1779 1648 mnl-

189 1685 334 1741 toties
356 1685 507 1741 inter
534 1702 659 1742 sese
689 1698 993 1753 moverent,
1023 1687 1197 1742 visum
1224 1685 1325 1742 fuit
1353 1685 1539 1742 Gallice
1568 1684 1772 1755 prima-

1880 499 2055 567 pacti,
2086 499 2140 554 in
2164 500 2508 557 concordiam
2531 499 2825 555 maximam
2853 499 3092 567 rediere;
3121 501 3474 557 contumelias

1879 604 1909 643 a
1937 589 2183 646 barbaris
2204 590 2432 661 injectas
2462 590 2634 647 ultum
2662 589 2743 646 ire
2770 590 2968 663 parati.
2998 590 3065 646 Et
3090 590 3217 661 quia
3241 590 3472 648 Karolus

1877 682 1969 735 vix
2014 681 2192 737 adhuc
2222 682 2447 738 triennis
2474 689 2594 738 erat
2625 680 2763 754 (55),
2793 681 2860 738 de
2908 696 3039 755 rege
3075 681 3311 738 creando
3341 682 3473 738 deli-

1877 773 2104 841 berant;
2138 789 2245 831 non
2286 783 2347 830 ut
2390 775 2726 842 desertores,
2774 775 2870 832 sed
2913 784 2972 831 ut
3022 776 3076 831 in
3128 775 3471 833 adversarios

1876 860 2240 932 indignantes.

1947 952 2001 1008 5.
2028 951 2185 1025 Regis
2200 970 2361 1025 genus
2382 964 2536 1025 atque
2557 955 2769 1025 fortuna
2781 955 2847 1007 ’°.
2862 985 2932 995 ——
2945 954 3100 1010 Anno
3122 956 3166 987 ’τ’
3191 955 3372 1025 itaque
3394 955 3473 1010 itt-

1877 1044 2207 1099 carnationis
2225 1044 2507 1101 dominicae
2529 1044 2573 1077 ³⁸
2593 1044 2696 1101 888
2718 1042 2925 1117 (Febr.)
2944 1044 3056 1118 [xvi
3079 1043 3199 1100 Kal.
3224 1045 3292 1118 ³³]
3310 1045 3464 1100 Mart.

1878 1137 1989 1210 (56)
2033 1138 2219 1207 quinta
2249 1137 2381 1194 feria
2424 1138 2697 1196 communi
2735 1139 2968 1204 decreto,
3016 1137 3258 1194 Odonem
3293 1139 3468 1193 virum

1875 1230 2166 1286 militarem
2201 1246 2267 1286 ac
2295 1240 2578 1288 strenuum
2616 1231 2670 1287 in
2698 1230 2922 1287 basilica
2961 1231 3248 1287 sancti.....
3282 1231 3325 1262 ³²
3353 1229 3468 1300 (57)

1876 1337 2059 1395 regem
2114 1332 2320 1379 creant.
2367 1323 2467 1380 llic
2513 1332 2724 1394 patrem
2768 1322 2959 1379 habuit
2983 1337 3051 1376 ex
3097 1322 3335 1391 equestri
3385 1336 3472 1375 or-

1877 1414 2002 1470 dine
2043 1414 2402 1482 Rotbertum;
2463 1403 2623 1470 avum
2669 1429 2798 1471 vero
2840 1422 3158 1484 paternum,
3218 1410 3471 1467 Witicbi-

1876 1523 2006 1563 ttum
2041 1508 2305 1562 advenam
2330 1506 2683 1563 Germanum.
2714 1504 3051 1575 Creatusque
3081 1519 3175 1560 rex
3201 1543 3217 1569 ,
3250 1511 3470 1558 strenue

1876 1607 2041 1670 atque
2061 1597 2263 1655 utiliter
2281 1599 2463 1656 omnia
2478 1599 2663 1670 gessit,
2687 1608 2886 1669 prmter
2900 1596 3043 1668 quod
3066 1596 3119 1650 in
3146 1594 3364 1650 militari
3388 1602 3470 1648 tu-

1878 1692 2071 1759 multu,
2105 1708 2281 1749 raram
2310 1690 2666 1763 componendi
2692 1690 2814 1746 lites
2840 1696 3162 1761 potestatem
3185 1686 3379 1743 habuit
3402 1686 3467 1740 ³³.

190 1775 339 1843 tibus,
364 1786 428 1831 ut
457 1777 605 1833 dono
636 1792 825 1849 regum
859 1778 973 1834 haec
1003 1776 1281 1849 provincia
1319 1776 1368 1832 ei
1398 1776 1768 1842 conferretur;
1803 1769 1847 1830 Β
1875 1781 2009 1839 Nam
2051 1792 2269 1855 pyratas
2297 1783 2466 1856 signis
2500 1780 2709 1837 collatis
2749 1781 2891 1836 intra
2926 1778 3234 1835 Neustriam
3270 1777 3471 1847 septies

190 1870 252 1924 ita
280 1880 484 1937 tamen,
516 1880 601 1938 ut,
643 1870 944 1926 idololatria
970 1871 1184 1942 penitus
1218 1870 1426 1938 relicta,
1456 1869 1769 1926 christiana:
1868 1874 2024 1941 fudit,
2058 1891 2121 1931 ac
2146 1875 2201 1930 in
2223 1874 2400 1944 fugam
2423 1873 2608 1929 novies
2628 1872 2887 1943 compulit
2911 1870 2977 1925 ⁸⁸.
3004 1871 3178 1940 Atque
3206 1870 3306 1925 boe
3329 1867 3469 1931 fcre-

186 1960 415 2034 religioni
451 1977 515 2018 se
555 1962 789 2018 lideliter
819 1964 1175 2034 manciparet,
1204 1978 1413 2019 necnon
1451 1973 1506 2019 et
1553 1961 1770 2034 regibus

189 2050 473 2108 Galliarum
521 2061 672 2109 terra
722 2054 966 2125 marique
1006 2054 1236 2110 ﬁdeliter
1282 2055 1557 2111 militaret.
1602 2053 1773 2126 Hujus

189 2145 469 2214 provinciae
508 2146 848 2223 metropolis.
898 2146 1238 2202 thodontum
1284 2161 1404 2203 esse
1450 2147 1771 2211 dinoscitur,

195 2250 271 2290 se:
297 2245 512 2291 tantum
551 2237 811 2304 urbibus,
840 2236 1052 2306 Bajocis
1084 2238 1353 2305 videlicet,
1398 2238 1730 2294 Abrincanto
1756 2279 1770 2303 ,

192 2326 430 2396 Ebrocis,
466 2329 632 2400 bagio
656 2372 672 2397 ,
707 2330 1036 2387 Constantia:
1060 2371 1077 2399 ,
1105 2329 1285 2387 Liscio
1315 2331 1428 2403 (55)
1450 2372 1465 2400 ,
1514 2331 1622 2387 vim
1659 2347 1772 2387 sua:

192 2421 564 2479 dominationis
607 2422 915 2480 intendens.
954 2423 1107 2481 llanc
1152 2424 1335 2496 itaque
1371 2440 1437 2481 ex
1489 2425 1713 2496 antiquo
1741 2441 1773 2481 a

190 2512 360 2580 piratis
384 2531 706 2586 possessam
735 2532 854 2574 esse
884 2518 1231 2574 manifestum
1278 2527 1379 2577 cst.
1416 2518 1522 2577 Sed
1550 2531 1773 2592 paterna

192 2613 303 2661 tunc
331 2609 532 2663 sevitia
587 2610 777 2677 ducti,
824 2611 879 2666 in
920 2613 1193 2683 principes
1241 2613 1564 2670 dissidentes
1596 2613 1801 2677 moliri_

189 2707 464 2755 conantur.
498 2699 659 2757 Unde
686 2709 739 2757 et
764 2702 1063 2760 latrociniis
1092 2720 1156 2760 ac
1183 2704 1609 2771 discursionibus
1637 2705 1774 2760 Brit-

190 2792 412 2846 tanniam
461 2793 732 2850 minorem
759 2834 777 2865 ,
822 2811 943 2865 quae
981 2805 1062 2851 est
1098 2795 1285 2851 Galliae
1318 2798 1573 2868 contigua
1613 2806 1775 2868 atque

190 2880 433 2949 militans,
471 2883 738 2941 infestare
767 2888 1171 2958 aggrediuntur.
1202 2886 1409 2958 Reique
1434 2890 1774 2945 occasionem

190 2972 349 3039 nacti,
389 2973 559 3030 fidem
592 2976 806 3046 penitus
836 2987 1192 3047 abrumpunt,
1224 2978 1559 3050 ulteriusque
1588 2994 1776 3050 proce-

194 3062 307 3118 dunt
337 3064 393 3120 in
430 3064 693 3122 Galliam.
723 3067 803 3124 Ac
841 3069 1262 3142 circumquaque
1302 3072 1546 3143 palantes
1570 3114 1586 3140 ,
1616 3073 1774 3146 longe

1870 1989 1969 2047 per
2008 1971 2437 2044 quinquennium
2476 1970 2579 2028 889
2620 1970 2685 2023 ³⁸.
2712 1968 2943 2036 'Quibus
2980 1964 3209 2037 repulsis
3235 2005 3249 2027 .
3296 1963 3472 2019 fames

1871 2068 2047 2124 valida
2078 2068 2368 2124 subsecuta
2397 2075 2481 2123 est
2501 2108 2516 2133 ,
2545 2081 2666 2123 cum
2697 2065 2936 2121 triennio
2969 2074 3110 2119 terra
3157 2062 3357 2118 inculta
3384 2076 3469 2116 re-

1873 2162 2155 2217 manserit.
2188 2160 2309 2217 Jam
2338 2161 2483 2217 enim
2514 2174 2767 2216 mensura
2793 2158 3049 2214 frumenti
3078 2172 3199 2227 qnze
3226 2153 3470 2211 sedecies

1873 2254 2034 2309 ducta
2065 2254 2304 2309 modium
2331 2251 2514 2317 efficit,
2543 2252 2730 2308 decem
2759 2250 2999 2322 dragmis
3026 2248 3299 2304 veniebat.
3337 2236 3499 2302 Gal-'

1854 2345 2097 2401 linatius
2134 2359 2349 2415 quoque
2387 2352 2621 2415 quatuor
2662 2341 2921 2413 dragmis.
2960 2340 3089 2397 Ovis
3131 2353 3259 2395 vero
3296 2337 3469 2392 tribus

1873 2436 2083 2504 unciis;
2117 2448 2281 2506 atque
2310 2450 2495 2502 vacca,
2522 2434 2653 2506 jabo
2688 2433 2802 2506 (58)
2838 2431 3142 2488 tollebatur.
3175 2428 3293 2483 Vini
3318 2426 3469 2482 nulla

1874 2528 2142 2597 coemptio
2170 2535 2309 2593 erat,
2341 2541 2464 2582 cum
2498 2524 2695 2581 vinctis
2725 2524 2924 2593 ubique
2952 2520 3198 2586 succisis,
3230 2518 3322 2573 vix
3350 2516 3469 2587 ejus

1852 2616 2080 2687 aliquid
2102 2617 2424 2675 habebatur.
2461 2615 2574 2670 Rex
2600 2616 2805 2670 interea
2828 2628 2927 2684 per
2945 2612 3060 2667 loca
3074 2611 3119 2643 “
3144 2624 3263 2681 qua:
3278 2606 3495 2679 piratis.

1875 2706 2208 2763 irruentibus
2236 2707 2440 2761 aditum
2469 2706 2803 2776 praebebant,
2844 2702 3169 2757 munitiones
3193 2698 3464 2761 exstruit,

1876 2812 1942 2854 ac
1970 2798 2024 2852 in
2052 2798 2133 2853 eis
2161 2797 2393 2855 militum
2421 2797 2607 2866 copias
2638 2795 2807 2866 ponit.
2842 2793 2963 2864 ipse
2991 2807 3116 2848 eum
3144 2790 3388 2846 exercitu
3412 2789 3467 2843 in

1874 2890 2181 2961 Aquitaniae
2216 2900 2400 2960 partes
2436 2890 2694 2947 secedens
2717 2929 2731 2953 ,
2774 2902 2878 2949 non
2906 2894 3032 2941 ante
3067 2899 3127 2941 se
3162 2884 3466 2939 rediturum

1876 2997 2204 3056 proponens,
2232 2996 2393 3054 quam
2414 2980 2724 3053 supradicta
2753 2978 2917 3034 modii
2947 2975 3289 3032 frumentarii
3319 2989 3468 3030 men-

1879 3088 2006 3130 sura
2033 3114 2049 3141 ,
2084 3072 2292 3129 duabus
2330 3072 2570 3143 dragmis
2597 3071 2841 3136 veniret,
2867 3067 3179 3139 gallinatius
3214 3079 3346 3121 vero
3374 3065 3467 3120 de-

192 3152 384 3227 lateque
421 3157 840 3230 diffunduntur;
870 3161 1214 3231 feminarum,
1245 3180 1535 3237 puerorum
1562 3208 1577 3233 ,
1608 3181 1771 3238 peeu-
1798 3138 1847 3203 δ
1878 3164 2056 3231 nario,
2080 3172 2244 3234 atque
2266 3164 2383 3219 ovis
2405 3162 2615 3218 duabus
2643 3161 2828 3216 itidem
2853 3158 3117 3230 dragmis,
3149 3170 3312 3211 vacca
3335 3168 3466 3209 vero

195 3246 338 3315 dum,
380 3261 805 3324 ceterarumque
853 3268 1033 3310 rerum
1076 3272 1183 3312 non
1224 3257 1491 3313 modicam
1536 3259 1773 3329 prmdam

196 3337 533 3398 abducentes.
559 3341 916 3414 Recipiuntur
937 3361 1066 3402 vero
1088 3362 1212 3403 cum
1236 3348 1320 3404 bis
1341 3349 1593 3405 omnibus
1615 3364 1775 3407 secus

195 3425 489 3499 Sequanam
525 3433 650 3489 loco
677 3436 768 3505 qui
805 3435 1015 3492 Givoldi
1055 3437 1201 3494 fossa
1243 3438 1355 3509 (54)
1409 3450 1771 3513 nuncupatur.

191 3519 262 3575 Ac
289 3520 428 3578 idem
449 3526 639 3596 sepius
662 3528 921 3598 aggressi,
944 3527 1128 3585 Galliae
1149 3530 1368 3586 Celticae
1393 3541 1624 3603 partem,
1654 3550 1776 3605 qua:

195 3610 445 3685 Sequanae
466 3617 762 3690 Ligerique
783 3619 961 3677 fluviis
980 3621 1282 3694 interiacet,
1308 3640 1427 3695 qua:
1449 3634 1504 3682 et
1524 3626 1774 3684 Neustria

195 3717 549 3777 nuncupatur,
577 3717 747 3765 totam
769 3726 906 3782 pene
929 3713 1179 3769 insectati
1194 3724 1344 3771 sunt.
1368 3713 1573 3788 Hisque
1593 3718 1777 3776 animo

192 3790 390 3862 inerat,
423 3797 714 3870 interiores
752 3801 1042 3857 Galliarum
1081 3811 1266 3875 partes
1302 3805 1606 3879 irrumpere
1631 3849 1648 3876 ,
1685 3823 1776 3865 ea-

196 3894 411 3955 rumque
446 3897 639 3960 gentes
662 3900 755 3947 aut
778 3907 809 3947 a
838 3892 1035 3950 ﬁnibus
1058 3896 1277 3965 pellere,
1312 3908 1406 3955 aut
1441 3901 1775 3973 gravissimis

195 3977 512 4040 substituere
551 3985 788 4043 tributis.
832 3988 890 4047 ld
934 3990 1100 4046 etiam
1140 4003 1269 4050 ante
1312 3992 1430 4051 ﬁeri
1459 4036 1475 4063 ,
1520 4012 1682 4067 quam
1719 3999 1774 4055 in
1810 4044 1821 4051 κ

194 4084 507 4131 consensum
564 4078 837 4150 principes
889 4093 1314 4152 revocarentur,
1375 4088 1770 4146 accelerabant.

195 4160 503 4234 Huiusmodi
562 4169 875 4229 dissidentia
908 4215 924 4242 ,
981 4177 1239 4247 pecunias
1294 4177 1592 4235 Galliarum
1653 4196 1774 4239 sese

192 4264 591 4322 asportatums,
660 4262 962 4325 certissime
1018 4265 1143 4321 rati.
1203 4266 1443 4334 Quorum
1500 4270 1771 4340 impetus,

191 4341 374 4403 Catillo
408 4349 659 4420 principe
686 4351 974 4410 ferebatur.
1017 4355 1297 4429 Principes
1330 4367 1481 4415 tanta
1516 4361 1777 4417 barbaro-

191 4447 300 4490 rum
330 4438 631 4508 ignominia
666 4442 924 4513 confecti,
956 4446 1026 4502 de
1055 4462 1187 4517 pace
1226 4449 1470 4509 habenda
1502 4466 1602 4522 per
1628 4452 1771 4525 lega-

190 4530 267 4581 tos
292 4526 440 4587 inter
470 4546 592 4588 sese
631 4534 915 4613 admodum
944 4549 1209 4609 qurerunt.
1256 4540 1365 4599 Nec
1391 4544 1480 4598 diu
1527 4547 1720 4600 morati
1746 4586 1762 4612 ,

182 4615 298 4685 iure
337 4621 589 4679 obsidum
618 4665 633 4691 ,
675 4626 729 4680 in
769 4643 930 4685 unum
972 4632 1271 4689 consulturi
1311 4637 1662 4693 conveniunt.
1705 4638 1761 4693 In

1880 3253 2056 3308 tribus
2084 3253 2260 3308 unciis
2287 3252 2730 3308 venumdaretur.

1948 3341 2001 3397 6.
2029 3340 2200 3415 (890.)
2218 3340 2434 3413 Pyram:
2456 3341 2776 3395 Brittaniam
2802 3340 3054 3410 impetum
3081 3356 3142 3392 ac
3170 3339 3462 3392 devastant.

1874 3464 1946 3477 —
1967 3434 2176 3489 interea
2205 3448 2330 3505 rege
2360 3431 2499 3504 apud
2523 3432 2711 3486 urbem
2731 3430 2972 3486 Anitium
3002 3428 3113 3501 (59)
3141 3442 3256 3483 rem
3286 3426 3461 3498 publi-

1877 3541 1995 3583 cam
2010 3533 2360 3597 procurante,
2382 3532 2590 3595 pyratae
2604 3538 2634 3576 a
2652 3522 2849 3577 finibus
2867 3519 3130 3576 Neustria:
3148 3517 3310 3590 pulsi,
3338 3530 3475 3571 eum.

1878 3618 1943 3671 ad
1964 3617 2222 3672 interiora
2240 3615 2542 3686 Aquitania:
2563 3611 2902 3670 concessisse
2916 3610 2959 3643 ³⁷
2979 3610 3288 3665 dinoscunt.
3315 3605 3456 3662 Con-

1874 3706 2046 3762 ﬂuunt
2075 3708 2257 3778 itaque
2288 3722 2353 3762 ac
2395 3706 2623 3762 classem
2653 3711 2871 3774 parant,
2897 3709 3063 3771 atque
3092 3696 3457 3754 Brittanniam

1876 3798 2143 3869 repentini
2200 3798 2530 3866 irrumpunt.
2568 3793 2846 3849 Brittanni
2882 3791 3168 3861 repentino
3197 3788 3461 3845 barbaro-

1877 3907 1998 3947 rum
2048 3891 2256 3963 impetu
2312 3888 2510 3953 territi,
2565 3885 2913 3942 saevientibus
2964 3882 3197 3938 caedunt.
3254 3879 3460 3949 Cuique

1875 3986 2045 4041 vitam
2100 3994 2311 4040 tantum
2355 3982 2570 4039 salvare
2620 3980 2755 4036 satis
2811 3978 2931 4034 fuit.
2985 3975 3191 4031 Rerum
3232 3987 3454 4028 suarum

1875 4076 2212 4147 ereptionem
2263 4087 2426 4129 nemo
2472 4071 2775 4142 quaerebat.
2832 4070 2909 4126 De
2954 4068 3066 4122 vita
3118 4062 3461 4122 solummodo

1875 4170 2172 4241 agitabant.
2220 4166 2375 4224 Unde
2418 4168 2475 4221 et
2521 4165 2635 4221 suis
2685 4163 2800 4220 fere
2840 4162 3098 4220 omnibus
3151 4156 3457 4222 derelictis,

1874 4269 2080 4334 pyratze
2110 4257 2314 4329 passim
2353 4255 2659 4325 rapiuntur.
2688 4254 2926 4324 Quasque
2948 4249 3232 4307 commoda
3269 4260 3454 4318 aspor-

1876 4362 2013 4419 tant,
2043 4367 2110 4408 ac
2144 4365 2267 4406 cum
2318 4347 2487 4403 multa
2530 4360 2711 4402 rerum
2759 4345 2942 4416 prmda
2993 4342 3138 4398 nullo
3187 4342 3457 4396 renitente

1875 4447 2123 4502 redeunt.
2153 4442 2287 4498 Tam
2315 4441 2457 4496 felici
2488 4454 2617 4511 ergo
2639 4454 2893 4496 successu
2915 4437 3064 4502 elati,
3094 4450 3193 4505 per
3217 4433 3446 4489 exterio-

1874 4553 1962 4596 r-es
1992 4533 2309 4591 Brittannim
2335 4532 2471 4588 fines
2511 4545 2668 4587 secus
2707 4530 3056 4601 Andegavum
3102 4522 3455 4595 Aquitaniam

1872 4635 2201 4703 irrumpunt,
2216 4626 2493 4697 multaque
2508 4621 2916 4695 depopulatione
2931 4629 3132 4675 terram
3147 4618 3424 4674 devastan.

1469 4745 1707 4804 VARle
1746 4744 2156 4806 LECTIONES.

250 4844 296 4877 ’⁷
348 4847 634 4902 commoda
676 4850 727 4903 l.
801 4852 845 4884 ³⁸
882 4867 911 4906 a
950 4853 1198 4908 deletum.
1275 4855 1319 4887 ὀ
1351 4855 1632 4910 abscisam.
1708 4856 1751 4888 ³ο
1794 4858 2079 4914 abscisum.

2177 4852 2218 4885 ³¹
2251 4851 2476 4904 abscisa.
2571 4848 2616 4881 ³⁸
2644 4862 2744 4902 von:
2796 4846 2988 4900 omissa
3034 4850 3132 4896 est.
3210 4842 3257 4874 ³³
3282 4842 3337 4896 Ιι.
3392 4853 3458 4894 eo

188 4914 324 4997 ηεξοᾲ
349 4916 554 4997 milites
578 4921 831 4997 mediocri
859 4926 1147 4997 interibth
1181 4926 1335 4979 subdi
1365 4910 2028 4997 contempnerentwd'ewle'ta.
2104 4926 2150 4969 δ”
2175 4937 2249 4997 _e.
2289 4921 2455 4997 immo
2483 4926 2538 4972 et
2564 4934 2614 4997 _a
2668 4916 2867 4973 finibus
2910 4913 3194 4985 galliarum
3243 4910 3457 4981 penitus

185 4983 487 5041 eliminavit
509 4988 696 5043 deleta.
769 4991 812 5024 ³³
841 4995 979 5049 Ann.
1013 4995 1333 5052 Fuldenses.
1409 4998 1455 5031 "
1482 4998 1525 5052 Ι.
1545 4983 2095 5061 ηἰειιοίιὶιιιιινάξιξιαηι.
2171 4995 2211 5026 ³⁷
2240 4993 2532 5048 secessisse
2558 4989 2610 5043 l.

1708 5139 1952 5204 NOTAE.

257 5241 370 5314 (53)
411 5243 581 5321 ῌράῖο
635 5248 841 5321 Bas/sua:
865 5246 899 5319 ,ν
932 5256 1230 5311 Avrancltes
1255 5295 1268 5318 ,
1321 5244 1530 5310 Evreax
1552 5297 1582 5321 ,ι
1619 5253 1743 5309 Seez

190 5309 378 5362 (omne
404 5309 1018 5362 Alencnntltmun'nps}
1051 5309 1268 5362 r_.-.;,,...:
1382 5309 1387 5310 7
1435 5309 1471 5310 ’7
1552 5309 1565 5321 '
1632 5355 1637 5359 .

1872 5263 2029 5323 fecit,
2076 5250 2405 5323 quodWido
2434 5245 2616 5323 statim
2650 5255 2775 5323 post
2812 5210 3459 5323 Odonislelecttgnem‘hti‘i

1873 5303 2398 5362 :?::.'..’..‘.:...r....i;.'.‘
2432 5319 2504 5362 ini
2530 5303 2666 5362 ante.
2685 5317 2829 5362 diem
2856 5314 2921 5362 at
2950 5305 3232 5362 Februarii
3259 5303 3460 5359 electus
