3988 5362
548 231 616 286 23
1709 247 1989 304 RlCllERl
2027 249 2087 306 S.
2132 251 2394 309 REMlGll
2429 253 2730 316 MONACIII
3733 281 3802 336 24

547 347 835 404 Abducunt
891 352 1034 409 viros
1085 371 1149 411 ac
1202 357 1457 415 mulieres
1503 375 1827 432 puerosque.
1882 361 2121 430 Quorum
2149 371 2195 428 A
2225 367 2671 454 propinquarent,
2699 387 2971 452 armorum
3002 375 3121 434 luce
3147 379 3215 443 ab
3244 382 3686 448 observatoribus
3708 408 3801 448 co-

545 439 913 508 provcctiores
961 445 1014 500 in
1071 457 1302 517 utroque
1351 464 1484 505 sexu
1533 451 1883 507 obtruncant.
1917 452 2125 511 Pueros

550 532 800 589 servituti
856 537 1192 607 mancipant,
1233 539 1466 597 feminas
1515 556 1645 597 vero
1691 559 1812 614 qua:
1871 543 2124 618 formosae

545 621 868 678 videbantur
896 628 1251 696 prostituunt.

616 712 666 766 7.
695 715 866 788 (892.)
893 716 1009 772 Odo
1044 735 1135 774 rex
1152 720 1196 754 ³⁸
1237 732 1417 776 contra
1443 732 1658 794 pyratas
1674 724 1722 756 ⁸⁸
1764 725 2048 795 exercitum
2075 726 2120 760 ³⁸

539 818 714 874 parat.
743 836 814 846 —
847 807 956 863 Sed
987 811 1230 886 nonnulli
1270 814 1420 890 vario
1469 825 1663 870 eventu
1707 816 1906 886 elapsi,
1939 816 2120 885 profu-

540 894 628 962 gio
659 896 847 952 salvati
877 913 1018 954 sunt.
1058 902 1099 954 A
1134 903 1330 973 quibus
1368 905 1494 978 dum
1533 907 1958 978 exagitarentur,
1993 924 2117 963 mox

538 981 713 1038 Odoni
729 987 837 1055 regi
854 987 1018 1042 relata
1036 989 1202 1045 fuere.
1220 992 1320 1059 Qui
1339 1009 1518 1048 rerum
1533 995 1902 1072 magnitudine
1917 993 2115 1066 motus,

538 1083 801 1144 quotquot
818 1093 880 1132 ex
909 1079 1195 1159 Aquitania
1215 1084 1409 1152 potuit,
1431 1085 1607 1140 edicto
1629 1085 1776 1156 regio
1798 1091 2117 1160 congregari

541 1168 798 1237 praecepit
841 1170 1042 1226 milites
1090 1157 1423 1245 peditesque.
1458 1175 1538 1230 Ex
1567 1177 1842 1232 Provintia
1875 1157 2113 1250 quoque,

536 1270 657 1324 qua:
685 1256 951 1314 Rhodano
977 1272 1033 1316 et
1062 1260 1288 1332 Alpibus
1318 1265 1564 1345 marique
1585 1255 1649 1321 ac
1671 1265 1970 1322 Gothordm
1995 1269 2116 1347 tini-

539 1350 640 1406 bus
654 1351 1074 1426 circumquaque
1095 1357 1351 1423 ambitur,
1376 1358 1718 1416 Arelatenses
1742 1376 1806 1416 ac
1824 1362 2116 1417 Aurasica-

536 1455 634 1495 nos
665 1441 774 1512 (61))
804 1444 1009 1500 habuit.
1037 1445 1143 1502 Sed
1171 1456 1223 1502 et
1249 1463 1314 1503 ex
1351 1448 1565 1516 Gothia,
1597 1442 1930 1508 Tholosanos
1953 1461 2116 1524 atque

537 1528 914 1588 Nemausinos.
946 1534 1152 1602 Quibus
1194 1537 1459 1605 colleCtis,
1487 1529 1759 1598 exercitus
1811 1543 2014 1615 regius,
2057 1545 2113 1599 in

535 1620 725 1677 decem
777 1624 992 1681 milibus
1021 1628 1283 1696 equitum,
1311 1631 1553 1700 peditum
1585 1647 1712 1688 vero
1750 1648 1846 1688 sex
1893 1633 2111 1690 milibus

535 1721 668 1767 erat.
711 1715 960 1772 Procedit
1004 1719 1186 1789 itaque
1237 1735 1394 1776 secus
1438 1723 1691 1778 Briddam
1743 1725 1878 1795 (6i),
1930 1707 2182 1780 sanctiB

531 1801 730 1857 Juliani
777 1807 1016 1862 martiris
1063 1817 1323 1877 castrum,
1368 1812 1472 1866 iter
1521 1828 1706 1882 agens.
1741 1812 2113 1885 Sanctamque

533 1892 893 1961 regiisidonis
940 1907 1248 1966 veneratus,
1302 1902 1660 1958 Arvernieum
1699 1918 1896 1974 pagum
1939 1904 2113 1975 ingre-

497 2017 500 2020 ~
537 1983 703 2038 ditur.
735 1983 854 2041 Huc.
878 1987 992 2057 jam
1016 1989 1202 2045 hostes
1235 1992 1594 2060 advenerant,
1627 2005 1946 2050 accastrum
1968 1993 2111 2064 quod

531 2071 685 2128 Mons
731 2074 970 2132 Panchei
1019 2079 1132 2151 (62)
1168 2081 1405 2148 dicitur,
1454 2084 1762 2140 vehementi
1811 2084 2112 2141 hostilitate

461 2158 470 2173 '
529 2167 868 2232 premebant.
895 2168 1009 2224 Rex
1031 2171 1371 2242 principibus
1395 2173 1729 2230 Francorum
1759 2186 1920 2246 atque
1938 2176 2109 2247 Aqui-

532 2264 782 2310 tanorum
817 2258 1066 2328 stipatus,
1087 2260 1216 2316 licet
1244 2264 1469 2334 ancipiti
1497 2264 1909 2331 deliberatione,
1929 2275 2108 2321 tamen

531 2344 656 2399 belli
699 2346 1102 2418 dispositionem
1135 2355 1276 2424 apud
1322 2371 1416 2410 eos
1456 2356 1846 2426 pertractabat,
1879 2355 2000 2413 illos
2040 2358 2110 2413 ad

529 2449 771 2505 pugnam
818 2440 1062 2508 hortans,
1121 2459 1186 2498 ac
1241 2460 1430 2500 eorum
1487 2445 1986 2518 magnanimitatem
2041 2461 2109 2501 ex

531 2535 725 2582 natura
770 2529 1062 2600 plurimum
1108 2533 1377 2590 attollens.
1425 2536 1561 2590 Aliis
1601 2550 1817 2605 quoque
1861 2536 2109 2607 gentibus

499 2675 501 2677 .
531 2633 624 2674 eos
646 2635 767 2676 esse
796 2623 1054 2692 potiores,
1073 2635 1181 2682 tam
1199 2628 1404 2684 viribus
1424 2645 1583 2700 quam
1605 2630 1819 2684 audatia
1844 2638 1900 2684 et
1919 2631 2106 2696 armis,

531 2714 888 2770 memorabat.
938 2715 1136 2771 Eorum
1181 2734 1403 2790 quoque.
1449 2721 1721 2790 majores,
1762 2737 1898 2791 pene
1937 2731 2109 2777 totum

530 2801 724 2859 orbem.
771 2805 1093 2872 debellasse,
1143 2810 1425 2880 ipsumque
1472 2822 1635 2882 caput
1675 2814 1825 2868 orbis
1877 2814 2107 2868 Romam

533 2891 845 2950 immaniter
877 2899 1169 2954 attrivisse.
1220 2901 1373 2956 Unde
1419 2911 1475 2956 et
1525 2912 1777 2972 oportere
1827 2912 2106 2972 paternam

535 2984 935 3044 animositatem
973 2991 1028 3044 in
1069 2991 1192 3048 filiis
1224 2994 1591 3049 renovandam
1623 2994 1900 3051 asserebat
1935 2996 2014 3063 δν,
2049 3005 2107 3052 ut

2227 459 2359 527 gniti
2395 469 2539 514 sunt.
2574 461 2850 534 Factoque
2877 467 3032 537 signo
3061 474 3337 530 exercitus
3365 475 3418 530 in
3444 492 3609 534 unum
3637 485 3798 539 redit.

2225 547 2339 602 Rex
2369 550 2537 605 multo
2561 551 2745 634 plures
2773 555 3028 638 advenire
3055 561 3369 631 arbitratus,
3400 581 3528 639 suos
3550 571 3807 644 hortatur.

2224 639 2540 720 stipatores,
2572 632 2632 698 ut
2672 646 2886 715 priores
2927 634 3140 707 animos
3188 635 3486 726 resumant,
3535 661 3700 719 immo
3747 641 3802 736 et

2222 745 2328 785 non
2359 733 2639 816 amittant;
2674 740 2837 794 decus
2879 756 2977 824 pro
3017 745 3192 813 patria
3225 750 3382 815 mori,
3411 733 3800 825 egregiumque

2222 836 2320 891 pro
2375 823 2794 902 Christianorum
2853 820 3161 890 defensione
3192 851 3418 908 corpora
3450 820 3611 900 morti
3639 845 3794 917 dare,

2222 906 2408 984 multis
2436 919 2778 974 sermonibus
2809 936 3078 978 asserens.
3127 925 3410 985 Exercitus
3444 931 3628 1002 itaque
3656 913 3794 990 den-

2221 1014 2398 1078 satus,
2441 1007 2568 1063 licet
2612 1011 2903 1091 anterioris
2925 1013 3049 1094 belli
3080 1017 3390 1095 vulneribus
3409 1038 3574 1095 aeger,
3610 1036 3792 1090 tamen

2219 1091 2480 1166 obvenire
2506 1112 2612 1151 non
2647 1097 2874 1169 distulit.

2289 1184 2342 1238 9.
2377 1183 2512 1256 lngo
2538 1203 2603 1264 ex
2626 1190 2973 1248 mediocribus
2999 1211 3116 1251 cum
3141 1197 3190 1234 ⁸ο
3219 1201 3351 1270 regis
3375 1204 3524 1278 signa
3541 1204 3586 1238 ⁸ο
3602 1205 3794 1263 bellum

2217 1277 2509 1346 ingreditur
2560 1281 2629 1335 ‘°.
2675 1283 2835 1365 —Et
2891 1301 3018 1341 cum
3071 1289 3365 1360 agitaretur
3419 1277 3542 1364 quis
3588 1279 3802 1376 regium

2217 1369 2427 1438 signum
2459 1369 2696 1439 efferret,
2743 1362 2979 1446 eo'quod
3007 1379 3060 1442 in
3119 1389 3266 1436 tanta
3320 1385 3580 1441 nobilium
3630 1365 3799 1456 manu

2217 1461 2394 1517 nullus
2415 1463 2531 1519 sine
2549 1465 2769 1522 vulnere
2789 1454 3091 1536 videbatur,
3117 1471 3278 1548 idque
3302 1489 3491 1533 omnes
3504 1478 3796 1551 evitarent,

2216 1567 2247 1607 e
2275 1554 2451 1611 medio
2497 1557 2739 1610 omnium
2786 1558 2913 1630 lngo
2954 1563 3186 1632 prosilit,
3215 1580 3280 1620 ac
3328 1567 3618 1642 militatum
3671 1586 3799 1644 sese

2214 1643 2468 1711 offerens,
2499 1646 2890 1717 imperterritus
2919 1651 3092 1707 dixit:
3132 1672 3150 1705 ί
3189 1655 3302 1725 Ego
3338 1672 3403 1712 ex
3432 1645 3800 1740 mediocribus

2214 1749 2353 1804 regis
2383 1750 2546 1819 agaso
2569 1737 2706 1808 (63),
2738 1739 2783 1794 si
2812 1742 3079 1812 majorum
3123 1744 3314 1801 honori
3341 1764 3446 1803 non
3483 1737 3796 1819 derogatur,

2213 1825 2424 1904 signum
2466 1827 2673 1898 regium
2699 1843 2796 1898 per
2833 1831 3068 1887 hostium
3098 1835 3244 1891 acies
3273 1835 3514 1894 efferam.
3544 1839 3656 1896 Nec
3684 1841 3798 1897 for-

2214 1923 2398 1994 tunam
2424 1915 2551 1971 belli
2581 1917 2888 1994 ambiguam
2931 1935 3255 1992 expavesco,
3311 1943 3434 1982 cum
3489 1930 3657 1985 semel
3704 1947 3797 1987 me

2212 2005 2532 2059 moriturum
2577 2021 2863 2076 cognosco.
2900 2029 2921 2064 ι
2955 2011 3038 2066 Ad
3065 2014 3181 2070 haec
3215 2016 3329 2071 Odo
3358 2033 3488 2073 rex:
3535 2038 3554 2071 ι
3583 2020 3791 2079 Nostro

2212 2094 2384 2164 inquit
2412 2085 2572 2164 dono,
2603 2103 2666 2154 ac
2701 2101 3006 2173 principum
3037 2093 3311 2162 voluntate
3339 2110 3563 2179 signifer
3586 2120 3728 2167 esto.
3766 2133 3790 2166 ι

2211 2186 2302 2241 ille
2328 2187 2537 2258 signum
2563 2190 2868 2268 excipiens,
2900 2195 3115 2265 agmine
3145 2197 3369 2255 densato
3395 2190 3796 2273 circumseptus

2211 2277 2510 2333 incedebat.
2539 2278 2844 2360 Factusque
2869 2279 3024 2361 cunei
3053 2276 3302 2361 militaris
3331 2305 3578 2359 acumen,
3604 2274 3795 2352 hostes

2210 2370 2580 2427 vibrabnndus
2621 2373 2943 2454 ingreditur.
2993 2369 3391 2448 Precipitantur
3430 2385 3669 2454 barbari,
3703 2389 3790 2442 vi-

2213 2476 2405 2532 resque
2427 2464 2697 2519 amittunt.
2726 2465 2796 2520 At
2825 2467 3005 2536 regius
3033 2465 3304 2546 exercitus
3330 2473 3566 2544 rediens,
3591 2463 3790 2532 iterum

2212 2552 2468 2624 irrumpit
2494 2556 2815 2628 sternitque.
2861 2557 3152 2630 Tertioque
3181 2554 3403 2621 adortus
3445 2565 3558 2622 fere
3602 2584 3790 2626 omnes

2211 2645 2490 2714 opprimit.
2543 2647 2620 2702 Ex
2673 2663 2899 2718 quorum
2953 2651 3182 2706 tumultu
3239 2668 3362 2709 cum
3393 2671 3490 2711 aer
3512 2658 3790 2740 densatus,

2212 2736 2388 2791 multo
2415 2737 2635 2808 pulvere
2685 2739 3081 2811 pinguesceret,
3125 2742 3348 2801 Catillus
3377 2746 3421 2778 ιι
3450 2763 3571 2802 cum
3599 2736 3794 2819 paucis

2208 2840 2306 2893 per
2333 2826 2617 2896 caliginem
2649 2826 2772 2896 fuga
2819 2844 2939 2884 sese
2969 2831 3260 2901 surripuit,
3286 2842 3448 2902 atque
3476 2836 3528 2890 in
3555 2829 3795 2898 dumetis

2208 2927 2328 2966 sese
2364 2913 2588 2968 abdidit.
2620 2915 2721 2980 Qui
2767 2931 2887 2970 cum
2939 2917 3155 2984 lateret,
3188 2936 3219 2974 a
3258 2921 3555 2979 victoribus
3589 2917 3794 2996 passim

2208 3001 2514 3070 palantibus
2562 3014 2805 3073 repertus
2851 3013 3013 3076 atque
3054 3017 3243 3076 captus
3281 3023 3364 3064 est
3392 3051 3407 3076 ,
3442 3006 3661 3083 suisque
3695 3020 3792 3086 qui

535 3085 749 3145 patrum
785 3083 1205 3152 magnanimitas
1243 3083 1475 3140 filiorum
1534 3084 1734 3142 virtute
1762 3074 2120 3155 commenda?
2140 3093 2192 3156 C.
2217 3107 2400 3148 secum
2428 3092 2697 3148 latuerant
2727 3094 2773 3124 δ’
2804 3074 2982 3166 gladio
3024 3074 3314 3166 transfixis,
3345 3109 3469 3171 post
3515 3103 3687 3174 spolia
3711 3074 3794 3162 di-

533 3185 590 3224 ΓΟ
597 3179 648 3224 ιιι
659 3189 684 3226 Γ
687 3212 709 3250 .‘

605 3283 656 3338 8.
689 3281 921 3355 Impetus
959 3287 1157 3346 Odonis
1185 3293 1316 3363 regis
1345 3294 1395 3347 in
1423 3305 1660 3366 pyratas,
1693 3294 1913 3365 bellique
1935 3293 2109 3366 quali-

535 3377 676 3433 litas.
708 3411 778 3421 —
816 3382 1021 3451 Quibus
1050 3388 1207 3444 dictis
1237 3404 1358 3444 cum
1390 3391 1769 3462 persuasisset,
1800 3399 1986 3462 utpote
2029 3388 2114 3442 vir

536 3470 713 3526 audax
763 3488 825 3529 ac
879 3477 1165 3544 violentus,
1194 3494 1316 3534 cum
1363 3481 1638 3536 sexdecim
1687 3479 1904 3535 millbus
1947 3479 2115 3549 signis

536 3564 706 3644 illatis.
763 3567 1024 3626 barbaros
1082 3572 1410 3642 aggreditur.
1467 3571 1574 3644 sed
1634 3571 1876 3642 peditum
1930 3569 2114 3639 copias

534 3641 834 3736 praemittit,
872 3669 1033 3730 atque
1085 3641 1150 3717 ex
1179 3649 1279 3719 deis
1335 3641 1569 3736 primum
1621 3641 1880 3734 impetum
1927 3659 2110 3717 infert.

532 3745 653 3817 ipse
678 3733 817 3828 cum.
836 3752 1078 3823 equitatu
1109 3733 1426 3823 succedens,
1455 3756 1694 3826 peditum
1727 3753 2001 3833 fortunam
2027 3766 2117 3819 op-

534 3838 865 3907 periebatur.
893 3839 1000 3917 Nec
1024 3844 1273 3915 minuset
1293 3841 1508 3898 barbari
1538 3843 1682 3897 acies
1710 3841 2116 3917 ordinaverant,

539 3949 601 3988 ac
627 3934 840 4001 indivisi
875 3937 1220 3992 adversarios
1248 3938 1498 4008 excipere
1531 3935 1857 4005 cogitabant.
1883 3933 1954 4015 At
1986 3931 2117 4000 regii

537 4024 744 4096 pedites
785 4026 1030 4083 hostibus
1075 4029 1296 4092 directi,
1327 4016 1503 4098 primo
1547 4016 1847 4082 certamine
1886 4023 2120 4106 sagittas

534 4104 879 4192 jaculantur;
928 4120 1263 4192 densatique,
1320 4119 1524 4188 lanceis
1561 4119 1830 4183 obversis,
1891 4117 1944 4170 in
1999 4115 2120 4170 illos

542 4191 805 4264 feruntur.
822 4209 1041 4282 Excepti
1064 4201 1190 4266 vero
1203 4226 1233 4264 a
1249 4210 1516 4277 barbaris,
1537 4208 1756 4280 plurimi
1781 4207 2116 4270 dilabuntur,

540 4314 647 4355 non
686 4287 864 4354 tamen
882 4281 1089 4368 praeter
1139 4291 1570 4356 adversariorum
1619 4297 1852 4353 ruinam.
1893 4294 2026 4350 Nam
2065 4307 2121 4348 et

540 4406 728 4446 eorum
757 4377 855 4466 alii
883 4392 1222 4462 praecipitati,
1268 4392 1359 4446 alii
1398 4407 1529 4448 vero
1590 4405 1749 4461 quam
1777 4389 1959 4459 plures
1991 4401 2118 4442 san-

2214 3192 2368 3254 repta
2391 3182 2562 3240 Odoni
2601 3185 2712 3254 regi
2737 3185 2950 3241 oblatus
2981 3195 3084 3242 est.

2287 3274 2373 3329 10.
2407 3274 2628 3330 Tiranni
2651 3274 3010 3348 ".baptisntus
3033 3288 3081 3333 et
3103 3279 3150 3312 ⁴⁵³
3180 3279 3466 3352 interfectio
3493 3283 3558 3338 “.
3585 3313 3651 3324 --
3676 3284 3789 3340 Uti-

2214 3365 2352 3427 liter.
2384 3379 2516 3437 ergo
2550 3375 2763 3434 patrata
2807 3367 3055 3436 victoria,
3108 3385 3206 3425 rex
3255 3371 3526 3426 tirannum
3573 3380 3790 3442 captum

2215 3473 2400 3525 secum
2432 3458 2752 3514 Lemovicas
2803 3459 2970 3515 ducit.
3024 3461 3208 3531 ibique
3247 3462 3294 3516 ei
3342 3464 3467 3517 vitae
3511 3479 3575 3518 ac
3605 3465 3794 3519 mortis

2215 3551 2495 3619 optionem
2539 3549 2706 3617 dedit,
2747 3550 2791 3604 si
2837 3549 3227 3619 baptizaretur,
3251 3551 3440 3615 vitam,
3469 3551 3554 3606 sin
3587 3553 3789 3618 minus,

2216 3649 2446 3694 mortem
2475 3639 2817 3707 promittens.
2863 3636 3130 3692 Tirannus
3159 3651 3283 3692 mox
3323 3638 3527 3707 absque
3573 3649 3794 3697 contra-

2217 3727 2765 3796 dictione'baptizari
2797 3726 2950 3796 petit.
3001 3726 3107 3782 Sed
3137 3727 3361 3782 dubium
3389 3734 3465 3781 an"
3492 3727 3618 3783 fidei
3647 3722 3799 3798 quie-

2216 3835 2379 3890 quam
2444 3818 2711 3874 habuerit.
2765 3817 2901 3885 Quia
2964 3833 3094 3889 ergo
3156 3816 3502 3876 Pentecostes
3558 3819 3800 3877 instabat

2217 3911 2590 3982 sollempnitas
2618 3909 2771 3980 (Jun.
2804 3910 2918 3980 11),
2951 3924 3016 3965 ac
3062 3910 3439 3980 episcoporum
3491 3918 3795 3968 Conventus

2219 4005 2334 4076 regi
2364 4005 2572 4068 aderat,
2615 4005 2683 4058 ab
2713 4003 2981 4074 episcopis
3010 4002 3061 4059 ei
3094 4003 3402 4068 triduanum
3433 4003 3691 4058 indicitur
3706 4005 3793 4076 je-

2215 4074 2450 4165 junium.
2499 4094 2596 4150 Die
2624 4107 2750 4148 vero
2779 4093 3071 4148 constituta
3113 4108 3238 4148 cum
3271 4093 3327 4146 in
3356 4091 3580 4148 basilica
3627 4093 3801 4148 saneti

2220 4184 2495 4239 Marcialis
2519 4183 2783 4251 martiris,
2812 4192 2937 4253 post
2976 4182 3350 4253 episcoporum
3383 4189 3600 4251 peracta
3625 4178 3800 4242 ofﬁcia

2221 4277 2276 4330 in
2317 4291 2532 4332 sacrum
2574 4274 2780 4346 fontem
2805 4273 2873 4330 ab
2899 4274 3016 4344 ipso
3047 4287 3174 4344 rege
3201 4271 3551 4343 excipiendus
3574 4271 3798 4327 descen-

2221 4368 2395 4434 deret,
2420 4366 2642 4437 jamque
2694 4365 2835 4420 trina
2866 4365 3213 4426 itnmersione
3256 4364 3309 4418 in
3361 4363 3580 4417 nomine
3623 4361 3804 4416 Patris

540 4482 669 4537 ciati
716 4462 861 4537 sunt.
883 4452 1062 4538 .Post.
1079 4452 1288 4552 pedites
1338 4497 1467 4537 vero
1519 4491 1574 4537 et
1609 4452 1802 4550 .regius
1847 4479 2119 4548 equitatus
2149 4455 2204 4522 Dr
2225 4470 2279 4516 θι
2311 4460 2433 4552 Filii
2467 4468 2521 4514 ει
2548 4457 2782 4552 snitu“?
2807 4457 2979 4552 εθηθξί
3004 4455 3307 4552 minimi“
3333 4463 3498 4519 0359‘»
3529 4452 3656 4552 ιιιεξ)
3677 4461 3804 4552 alii?

541 4577 815 4643 succedit;
858 4592 921 4632 ac
951 4569 1103 4632 acies.
1137 4577 1395 4642 hostium,
1425 4577 1594 4646 copiis
1623 4575 1861 4645 peditum
1893 4571 2116 4636 divisas,

543 4669 714 4723 multo
744 4669 864 4723 nisu
907 4669 1177 4738 irrumpit.
1203 4669 1518 4737 Sternitque
1554 4675 1614 4721 ut
1655 4665 1828 4721 fertur
1858 4662 2120 4718 tredecim

545 4759 709 4820 milia,
754 4773 938 4827 pauens
981 4758 1106 4831 fuga
1152 4758 1392 4814 salvatis.
1433 4758 1654 4822 Etcum
1703 4754 1816 4823 iam
1849 4753 2118 4822 potiretur

2225 4548 2473 4621 signifer,
2513 4549 2691 4620 gladio
2711 4547 2906 4603 educto
2931 4545 3188 4602 lmtaliter
3218 4561 3340 4601 eum
3375 4544 3800 4622 transverberat,

2229 4660 2295 4700 ac
2343 4642 2546 4698 fontem
2592 4648 2887 4707 sacratum,
2917 4637 3156 4692 vulneris
3181 4634 3446 4691 effusione
3492 4634 3805 4688 immaniter

2230 4726 2496 4792 cruentat.
2539 4731 2655 4787 Rex
2704 4738 2912 4784 tantum
2939 4727 3146 4782 facinus
3187 4725 3510 4796 indignans,
3539 4722 3802 4793 principi-

545 4814 772 4906 victoria
815 4814 1110 4920 spoliisqbe
1137 4849 1453 4926 diripiendis
1481 4814 1727 4911 instaret,
1760 4814 2123 4901 barbarorum
2362 4825 2720 4926 ffeTe“lib“_s
2745 4820 3070 4926 h°mf°“}“m
3113 4833 3230 4926 ¹

546 4949 780 5009 quatuor
815 4939 982 5006 milia,
1014 4955 1135 5010 quae
1186 4939 1442 4994 insidiose
1481 4938 1535 4992 in
1581 4934 1781 4991 abditis
1830 4933 2122 4992 latuerant,

546 5049 615 5087 ex
651 5033 869 5104 obliquo
897 5034 1103 5088 viarum
1127 5032 1352 5088 irruere.
1386 5031 1486 5100 Qui
1514 5046 1634 5086 cum
1659 5028 1879 5100 gradivo
1905 5027 2130 5080 incessu

2233 4923 2322 4978 ille
2354 4919 2531 4991 gladio
2582 4917 2824 4987 projecto
2864 4912 3096 4983 fugiens,
3142 4909 3319 4966 sancti
3352 4905 3621 4964 Marcialis
3649 4918 3804 4958 aram

2234 5011 2544 5083 complexus
2573 5017 2690 5074 est;
2720 5006 3108 5078 indulgentiam
3142 5005 3210 5060 ab
3237 5019 3362 5076 rege
3392 5016 3455 5058 ac
3481 5000 3806 5071 primatibus

1819 5135 2052 5213 VARle
2093 5103 2494 5203 LECTlQNES.
2589 5181 2592 5184 ,

621 5262 664 5332 ἕε
691 5278 747 5325 x,
775 5277 928 5332 pyra,
953 5261 1142 5317 rcitutn
1166 5261 1387 5314 abscisa.
1447 5259 1510 5332 ᾐδὲ
1550 5255 1883 5332 memorabat
1919 5252 1971 5306 i.

553 5331 692 5362 I:|luo
775 5325 838 5362 -".
863 5325 923 5362 ιη’
972 5332 1018 5362 In
1071 5340 1085 5362 Ι
1119 5332 1319 5362 (rh-no.9"
1493 5331 1502 5362 ί
1557 5339 1604 5362 nl
1665 5343 1696 5362 η
1723 5325 1922 5362 ηΙιορδεη

2048 5247 2090 5276 ³ο
2120 5244 2236 5298 ibus
2265 5255 2407 5304 cum,
2440 5251 2527 5300 no,
2559 5249 2653 5306 gre
2674 5235 2900 5298 abscisa.
2973 5229 3020 5266 “
3046 5246 3139 5288 rex
3171 5229 3523 5286 barbarorum
3547 5242 3685 5282 corr.
3711 5239 3804 5294 ca-
