4026 6312
278 275 354 329 25
1223 280 1694 341 HISTORIARUM
1729 284 1907 342 LIBRI
1941 287 2296 356 QUATUOR.
2333 323 2405 346 —.
2438 295 2566 353 LIB.
2605 299 2645 356 Ι.
3486 315 3554 374 ες

280 388 613 495 postulans,
640 397 809 494 atque
835 389 1092 495 loquendi
1118 390 1295 494 locum
1341 392 1524 495 mqltis
1558 394 1882 459 clamoribus
1912 403 1957 461 Α
1986 399 2386 495 ξξιῖϐθγιοηειη
2411 405 2578 460 filium
2603 423 2826 478 parvum
2850 419 3194 484 superstitem
3220 421 3551 495 relinquens.

279 490 517 548 petens.
545 482 614 538 Et
632 482 788 552 jussu
807 481 976 553 regio,
995 482 1062 537 de
1088 483 1379 538 commisso
1405 481 1646 540 facinore
1671 499 1888 556 respon-

279 587 462 628 surus
491 573 732 630 sistitur.
756 572 1031 643 Orsusque
1057 573 1137 630 sic
1164 573 1242 628 ait
1267 591 1280 627 :

354 663 460 718 11.
501 663 695 719 Oratio
723 663 944 732 lagonis
986 682 1082 736 pro
1115 681 1171 720 se
1199 665 1340 735 apud
1365 682 1532 736 regem
1555 676 1602 720 et
1627 683 1887 737 principes

274 754 548 808 suasorie
569 755 768 808 habita.
791 784 860 794 -—
885 773 903 806 ι
937 754 1106 810 Deum
1137 754 1425 810 voluntatis
1445 770 1578 810 mea:
1610 758 1886 812 conscium

252 852 497 915 (testor,
530 843 667 898 nihil
705 843 839 898 mihi
871 841 1036 897 fuisse
1059 843 1239 898 carius
1270 851 1450 898 vestra
1476 843 1666 900 salute.
1698 843 1889 901 Vester

275 945 452 984 amor
511 933 583 988 ad
623 933 726 987 hoc
762 947 848 986 me
895 932 1124 1001 impulit.
1154 931 1236 988 Ob
1264 942 1502 987 vestram
1549 933 1777 989 salutem
1831 936 1886 990 in

273 1022 384 1076 bas
419 1037 530 1077 me
569 1023 818 1078 miserias
837 1023 1191 1094 prmcipitavi.
1213 1023 1319 1079 Pro
1348 1025 1588 1080 omnium
1615 1026 1746 1092 vita,
1769 1037 1888 1082 tan-

273 1121 401 1168 tum
447 1114 767 1184 periculum
816 1114 998 1169 subire
1029 1129 1136 1169 non
1163 1115 1378 1185 expavi.
1417 1114 1631 1172 Grande
1666 1117 1885 1187 quidem

271 1214 361 1258 est
401 1215 640 1276 gestum
665 1206 964 1277 negotium,
994 1207 1087 1261 sed
1121 1205 1292 1274 major
1324 1216 1406 1262 est
1433 1208 1633 1279 negotii
1664 1208 1884 1268 utilitas.

271 1293 536 1364 Regiam
573 1294 912 1363 maiestatem
945 1311 1030 1350 me
1071 1295 1274 1350 ιωείεεθ
1302 1297 1520 1365 quidem
1555 1313 1660 1351 non
1687 1299 1881 1362 abnuo,

271 1386 379 1444 sed
433 1385 622 1439 multa
651 1386 933 1440 commoda
981 1386 1032 1440 in
1062 1386 1305 1442 facinore
1330 1395 1640 1457 comparata
1676 1403 1882 1443 assero.

271 1476 699 1536 Consideretur
721 1476 956 1531 auctoris
977 1477 1206 1543 animus,
1243 1477 1704 1537 animadvertatur
1722 1479 1884 1541 etiam

272 1567 488 1618 futura
530 1564 788 1620 facinoris
831 1564 1055 1620 utilitas.
1108 1564 1405 1620 Tirannum
1451 1575 1668 1636 captum
1712 1575 1887 1634 metus

275 1670 467 1710 causa
485 1656 816 1725 baptismum
835 1657 1055 1726 petiisse
1071 1657 1278 1712 adverti
1300 1697 1314 1720 ,
1350 1671 1581 1727 eumque
1602 1666 1886 1729 postquam

1989 487 2090 554 Qui
2141 491 2209 546 ab
2258 506 2384 562 rege
2432 495 2596 551 tutori
2647 501 2982 572 commissus,
3013 487 3398 574 patrimonium
3431 529 3557 570 cum

1987 585 2162 633 matre
2199 581 2460 648 possedit.

2059 669 2146 723 12.
2179 668 2448 727 Promotio
2475 675 2522 707 ⁸⁸
2548 677 2739 734 Karali
2763 683 2818 737 in
2848 701 3016 754 regem
3042 687 3111 740 ⁸⁸.
3129 719 3200 728 -
3222 689 3434 747 interea
3461 709 3558 750 rex

1987 773 2017 812 a
2047 758 2334 852 Lemovica
2370 766 2502 820 urbe
2531 768 2796 836 dimotus,
2849 773 3210 832 Echolisinam
3253 779 3364 851 (65)
3397 785 3555 852 petit,

1986 862 2052 902 ac
2091 848 2162 902 ibi
2193 864 2418 939 quaeque
2467 857 2704 921 gerenda
2756 860 3008 929 disponit.
3056 863 3165 920 Nec
3222 848 3413 924 multo
3437 848 3561 939 post

1985 946 2173 1005 petens
2192 937 2562 1010 Petragoram,
2580 946 2836 1001 nobilium
2861 964 3053 1008 causas
3077 968 3196 1022 qua:
3225 955 3410 1013 litibus
3437 937 3556 1028 agi-

1987 1027 2239 1082 tabantur
2285 1030 2358 1085 ibi
2395 1033 2702 1101 aequissime
2749 1040 2999 1106 ordinat,
3063 1043 3349 1112 plurimum
3389 1048 3434 1080 ⁸⁸
3476 1027 3558 1104 ide

1985 1118 2358 1174 communibus
2384 1121 2623 1176 omnium
2657 1127 2835 1182 causis
2865 1130 3004 1198 apud
3037 1132 3328 1200 Optimates
3350 1145 3560 1204 pertra-

1984 1213 2159 1261 etans.
2202 1206 2408 1274 Quibus
2437 1225 2560 1266 cum
2591 1211 2733 1276 foret
2757 1216 3048 1273 admodum
3075 1221 3336 1287 intentus,
3369 1224 3554 1294 ibique

1984 1310 2082 1364 per
2126 1297 2332 1366 aliquot
2380 1310 2620 1372 tempora
2666 1320 2785 1361 sese
2826 1317 3163 1364 moraturum
3209 1325 3554 1382 proponeret,

1983 1385 2150 1441 Fulco
2181 1387 2474 1457 Remorum
2505 1395 2967 1468 archiepiscopus,
3014 1401 3079 1456 de
3107 1401 3292 1458 Karoli
3341 1419 3556 1474 promo-

1987 1478 2134 1534 tione
2161 1479 2216 1534 in
2253 1497 2478 1552 regnum
2505 1486 2645 1554 apud
2669 1486 2863 1559 Belgas
2899 1491 3168 1546 tractabat
3190 1491 3360 1564 (893).
3397 1493 3556 1550 Vide-

1983 1571 2143 1626 batur
2183 1575 2380 1630 etenim
2412 1584 2560 1643 tunc,
2588 1581 2730 1649 quod
2766 1597 3004 1652 praesens
3055 1588 3398 1656 oportunitas
3428 1590 3557 1647 huic

1985 1661 2064 1715 rei
2085 1661 2322 1733 aliquam
2347 1668 2782 1724 commoditatem
2812 1683 3052 1741 pararet.
3076 1675 3242 1746 quue
3266 1678 3556 1747 plurimum

276 1744 691 1810 dimitteretur,
739 1744 981 1814 pluribus
1017 1744 1250 1828 “injuriis
1294 1746 1468 1800 vicem
1520 1747 1881 1816 redditurum,
1910 1771 1958 1831 Β
1986 1753 2343 1820 persuadebat
2385 1753 2761 1814 Neustriorum
2804 1760 3049 1819 absentia
3073 1744 3386 1822 “.vEte—nim
3430 1783 3554 1824 cum

279 1850 639 1905 suorumque
688 1843 924 1907 stragem
965 1823 1280 1908 gravissime
1327 1837 1584 1892 ulturum.
1612 1838 1668 1893 ln
1699 1855 1879 1910 quem,

279 1928 422 1995 quia
461 1926 660 1981 futurae
689 1926 858 1982 cladis
885 1942 1046 1982 causa
1071 1928 1218 1982 visus
1246 1936 1349 1994 est,
1380 1926 1584 1983 ferrum
1618 1933 1881 1987 converti.

279 2014 424 2070 Haec
449 2023 536 2071 est
567 2016 671 2069 mei
698 2014 952 2071 facinoris
975 2031 1157 2072 causa.
1185 2015 1308 2072 Haec
1342 2031 1430 2073 me
1459 2017 1526 2072 ad
1569 2019 1745 2075 scelus
1784 2020 1884 2076 im-

282 2110 456 2180 pulit.
507 2109 626 2164 Hoc
671 2109 741 2165 ob
784 2111 927 2182 regis
969 2125 1298 2182 suorumque
1324 2111 1550 2168 salutem
1581 2117 1783 2187 peregi.
1817 2117 1884 2172 Et

286 2201 504 2254 utinam
533 2209 712 2256 morte
747 2216 888 2266 mea,
927 2202 1119 2271 patriae
1149 2202 1389 2270 libertas,
1415 2219 1705 2278 rerumque
1735 2217 1885 2264 tran-

287 2289 541 2359 quillitas
575 2293 1007 2367 consequantur!
1035 2291 1140 2348 Sed
1167 2293 1214 2348 si
1239 2293 1479 2364 occidor,
1507 2297 1577 2352 ob
1608 2299 1751 2368 regis
1779 2301 1883 2372 pri-

295 2391 618 2451 matumque
669 2383 897 2442 salutem
951 2385 1164 2446 occisus
1206 2386 1451 2442 videbor.
1503 2389 1717 2461 Cogitet
1765 2391 1882 2461 jam

297 2480 554 2550 quisque,
583 2494 655 2534 an
694 2496 793 2550 pro
825 2479 1130 2550 huiusmodi
1164 2481 1413 2540 mercede
1443 2484 1493 2539 ei
1541 2485 1880 2543 militandum

303 2569 393 2632 sit;
430 2578 492 2624 et
514 2585 590 2637 an
617 2585 717 2640 pro
745 2569 847 2626 fide
873 2581 1107 2638 servata,
1135 2571 1227 2626 tali
1250 2571 1531 2632 habendus
1555 2576 1624 2631 sit
1648 2578 1883 2634 retribu-

309 2661 458 2714 tione.
499 2659 653 2714 Ecce
679 2660 873 2730 capitis
906 2668 962 2715 et
1007 2661 1240 2730 pectoris
1289 2661 1586 2734 laterisque
1642 2667 1882 2723 recentia

316 2751 558 2804 vulnera!
595 2751 789 2804 Patent
816 2750 1228 2820 prrecedentium
1251 2760 1551 2822 temporum
1577 2754 1878 2825 cicatrices,

329 2842 651 2911 dispersique
706 2855 803 2910 per
847 2840 1054 2911 reliqua
1081 2842 1326 2912 corporis
1366 2842 1608 2900 membra
1661 2843 1878 2903 livores.

314 2938 543 3003 Quorum
569 2933 810 2989 assiduis
836 2933 1116 2990 doloribus
1151 2935 1452 3002 confectus,
1483 2935 1618 2991 nihil
1645 2945 1769 3008 post
1801 2946 1883 2995 tot

307 3031 464 3095 mala,
509 3031 621 3085 nisi
651 3040 901 3098 mortem,
923 3032 1186 3090 malorum
1213 3033 1374 3089 finem
1396 3043 1672 3105 exspecto.
1709 3054 1728 3089 ι
1763 3034 1881 3103 Qua

1986 1859 2110 1916 rege
2137 1847 2188 1900 in
2221 1848 2463 1916 partibus
2487 1851 2794 1920 Aquitaniae
2825 1862 2955 1910 tunc
2982 1857 3382 1914 detinebantur.
3415 1859 3558 1916 Sua-

1984 1937 2182 1991 debant
2207 1953 2421 2010 quoque
2449 1941 2772 2011 multiplices
2791 1945 3150 2003 adolescentis
3163 1949 3552 2018 quaerimonite.

1981 2025 2098 2082 Jam
2120 2029 2263 2084 enim
2285 2031 2626 2099 quindennis,
2645 2035 2711 2090 de
2738 2037 2850 2106 regi
2876 2037 3168 2109 amissione
3190 2042 3330 2112 apud
3349 2043 3555 2100 amicos

1981 2123 2037 2172 et
2057 2116 2381 2174 domesticos
2394 2121 2708 2189 gravissime
2729 2126 3193 2195 conquerebatur;
3224 2143 3558 2200 regnumque

1979 2213 2262 2276 paternum
2316 2217 2560 2279 repetere
2623 2212 2793 2268 multo
2838 2223 3035 2270 conatu
3097 2216 3442 2274 moliebatur.
3491 2219 3557 2274 Ei

1981 2311 2111 2367 ergo
2161 2313 2349 2355 omnes
2388 2299 2613 2372 Belgicae
2643 2303 2933 2375 principes,
2985 2315 3042 2362 et
3091 2307 3298 2378 aliquot
3331 2307 3550 2364 Celticae

1981 2403 2320 2459 summopere
2386 2389 2658 2448 favebant.
2708 2393 2912 2450 Horum
2965 2412 3180 2468 quoque
3224 2413 3553 2466 consensus,

1980 2481 2080 2536 sub
2108 2479 2362 2538 Remensi
2398 2484 2834 2554 metropolitano,
2864 2488 3190 2543 sacramenti
3216 2486 3338 2556 jure
3364 2488 3551 2542 firma-

1982 2579 2087 2626 tur.
2128 2572 2205 2628 Ac
2249 2580 2487 2643 tempore
2513 2583 2717 2630 statuto
2743 2576 3090 2645 conveniunt,
3113 2592 3180 2632 ex
3200 2576 3415 2648 Belgica
3441 2576 3556 2649 (66)

1980 2661 2199 2732 quidem
2233 2661 2569 2720 Coloniensis
2589 2706 2604 2731 ,
2636 2666 2976 2734 Trevericus,
3021 2676 3182 2738 atque
3210 2667 3556 2740 Maguntinus

1984 2751 2408 2821 metropolitani,
2452 2769 2573 2808 cum
2613 2755 2725 2810 suis
2776 2757 3131 2812 dimcesaneis
3157 2757 3441 2826 epiSCOpis,
3465 2767 3560 2812 aut

1980 2856 2165 2898 eorum
2179 2842 2546 2913 probabilibus
2565 2844 2775 2916 legatis.
2800 2845 2877 2901 Ex
2891 2844 3094 2902 Celtica
3108 2859 3236 2901 vero
3261 2846 3555 2922 Remorum

1980 2933 2267 3002 prmdictus
2296 2933 2762 3003 metropolitanus,
2789 2951 2912 2992 cum
2927 2935 3132 3004 aliquot
3150 2936 3265 2991 suis
3291 2936 3558 2991 dioecesav

1982 3023 2121 3090 neis,
2152 3022 2493 3079 Laudunensi
2521 3024 2788 3090 videlicet,
2820 3024 3166 3080 Catalaunico
3197 3034 3357 3094 atque
3397 3023 3556 3079 Mori-

303 3114 697 3190 conquestione
741 3121 876 3183 alios
924 3123 991 3178 ad
1039 3123 1456 3180 benivolentiam
1497 3125 1697 3190 traxit,
1747 3125 1882 3181 alios
1909 3133 1953 3196 ρ
1985 3115 2159 3170 ηθῐιεῖο
2191 3115 2345 3168 Anno
2371 3115 2413 3147 ⁸⁷
2443 3124 2622 3171 nnlcm
2644 3116 3032 3171 incarnationis
3067 3115 3350 3170 dominicae
3378 3117 3421 3150 ⁸⁷
3452 3115 3556 3170 395

298 3229 428 3273 vero
479 3214 550 3268 ad
596 3212 852 3270 lacrimas
903 3214 1134 3285 impulit.
1171 3215 1320 3272 Unde
1363 3225 1420 3272 et
1465 3216 1664 3272 milites
1691 3230 1790 3287 pro
1816 3230 1883 3282 eo

297 3314 549 3376 agentes,
601 3321 782 3375 regem
814 3305 1140 3372 demulcent,
1172 3315 1228 3362 et
1269 3307 1338 3362 ad
1383 3307 1599 3378 pietatis
1640 3305 1882 3363 clemen-

297 3398 434 3452 tiam
481 3395 742 3460 suadent;
801 3393 936 3451 nih'il
985 3397 1100 3468 regi
1157 3397 1417 3467 prodesse
1472 3406 1796 3464 asserentes,
1838 3398 1884 3468 si

295 3502 530 3543 suorum
561 3486 828 3556 quispiam
879 3487 1142 3552 intereat;
1193 3487 1360 3543 immo
1399 3488 1453 3542 in
1500 3488 1699 3543 tiranni
1741 3487 1885 3559 occi-

298 3579 469 3632 sione
498 3578 858 3648 gaudendum,
886 3577 971 3634 vel
1005 3579 1130 3648 quia
1164 3579 1286 3633 vitae
1315 3582 1474 3635 datus
1503 3579 1574 3634 sit
1622 3580 1668 3634 si
1711 3580 1884 3636 ﬁdelis

299 3668 564 3733 decessit,
598 3669 685 3723 vel
724 3670 851 3739 quia
896 3668 1013 3738 ejus
1040 3669 1248 3725 insidiae
1281 3669 1492 3739 penitus
1519 3667 1815 3725 defecerint
1839 3669 1886 3732 si

297 3761 357 3819 in
391 3761 517 3818 dolo
545 3761 871 3831 baptismum
901 3762 1222 3831 susceperit.
1269 3762 1477 3830 Quibus
1519 3776 1614 3817 rex
1640 3761 1884 3816 animum

300 3861 647 3921 temperans,
691 3851 953 3908 tumulato
1006 3852 1259 3918 barbaro,
1311 3853 1570 3924 lngonem
1617 3853 1674 3907 in
1711 3853 1881 3924 gratia

304 3939 562 4014 resumit.
611 3940 678 3994 Et
729 3940 952 4011 insuper
982 3948 1222 4014 castrum
1251 3943 1393 4011 quod
1427 3941 1642 3996 Blesum
1667 3941 1778 4012 (64)
1805 3941 1886 3995 dic

308 4031 456 4084 citur
475 4031 525 4084 ei
549 4013 846 4098 liberaliter
863 4021 1267 4108 accommodat,
1292 4048 1354 4087 eo
1376 4033 1520 4101 quod
1544 4033 1589 4087 is
1611 4033 1703 4100 qui
1719 4029 1887 4086 castri

307 4121 615 4176 custodiam
648 4123 863 4192 agebat,
911 4123 966 4177 in
1015 4122 1156 4177 bello
1195 4122 1438 4193 pyratico
1478 4121 1693 4177 occisus
1723 4131 1885 4176 esset.

310 4211 445 4280 Ejus
471 4227 685 4281 quoque
713 4227 937 4268 uxorem
967 4211 1304 4278 derelictam,
1333 4210 1476 4266 dono
1503 4211 1654 4281 regio
1689 4211 1742 4266 in
1775 4226 1886 4266 mae

310 4300 573 4355 trimonio
603 4301 732 4371 lngo
760 4301 862 4356 sibi
891 4301 1191 4372 accopulat.
1230 4301 1392 4373 Regis
1419 4301 1613 4356 exinde
1644 4317 1709 4356 ac
1739 4301 1891 4371 prin-

309 4391 492 4462 cipum
523 4392 693 4461 gratia
723 4393 1010 4448 admodum
1065 4409 1213 4458 usus,
1245 4408 1505 4463 prospere
1548 4408 1613 4448 ac
1658 4392 1892 4448 feliciter

1987 3203 2021 3258 5
2055 3203 2173 3258 Kal.
2198 3203 2244 3235 ⁸⁸
2280 3202 2568 3270 Februar.,
2599 3204 2685 3260 die
2714 3204 2980 3259 dominica
3009 3203 3159 3274 (Jan.
3203 3204 3316 3271 28),
3348 3204 3559 3259 collecti

1986 3294 2170 3349 Remis
2196 3295 2249 3348 in
2293 3295 2513 3349 basilica
2544 3294 2716 3350 sancti
2756 3295 2983 3364 Remigii
3020 3293 3274 3349 Karolum
3298 3294 3560 3364 quinden-

1986 3397 2112 3438 nem
2143 3397 2326 3453 regem
2358 3393 2577 3450 creant;
2617 3398 2680 3437 ac
2718 3383 2773 3436 in
2819 3383 2954 3438 urbe
3005 3389 3379 3452 purpuratum,
3409 3393 3561 3435 more

1987 3472 2136 3545 regio
2163 3473 2342 3527 edicta
2366 3473 2493 3527 dare
2519 3473 2877 3528 constituunt.
2906 3472 2974 3526 Et
3001 3487 3067 3526 ex
3089 3471 3289 3526 Celtica
3317 3470 3558 3541 quidem,

1986 3561 2298 3632 paucissimi
2325 3559 2439 3630 ejus
2460 3573 2643 3632 partes
2659 3562 3040 3632 sequebantur.
3065 3559 3145 3614 Ex
3173 3559 3385 3630 Belgica
3406 3573 3556 3625 vero,

1987 3650 2036 3705 ei
2081 3664 2270 3705 omnes
2317 3651 2514 3706 addicti
2570 3659 2713 3706 sunt.
2754 3651 2836 3705 Ab
2874 3650 2981 3704 illis
3030 3650 3175 3704 enim
3211 3647 3561 3704 devotissime

1987 3749 2266 3810 exceptus,
2294 3755 2390 3810 per
2407 3756 2595 3796 omnes
2615 3741 2660 3772 ⁸⁹
2686 3755 2873 3797 eorum
2899 3739 3062 3794 urbes
3085 3747 3140 3796 et
3167 3738 3361 3809 oppida
3387 3737 3432 3769 ⁸ο
3460 3737 3562 3791 hu-

1987 3829 2302 3885 manissime
2326 3829 2585 3884 deductus
2619 3837 2722 3884 est.

2060 3942 2146 3996 15.
2169 3941 2368 3996 Odonis
2386 3940 2429 3974 ⁸⁸
2454 3939 2648 3994 reditus
2671 3939 2734 3993 ab
2762 3938 3044 4009 Aquitania
3065 3936 3109 3968 "
3131 3937 3346 4006 ejusque
3369 3934 3559 3989 obitus.

1987 4063 2058 4073 —
2081 4031 2237 4098 Quod
2262 4030 2463 4085 factum
2487 4029 2602 4085 Odo
2650 4043 2745 4084 rex
2792 4027 3150 4097 comperiens,
3177 4025 3246 4080 ab
3269 4023 3561 4093 Aquitania

1988 4123 2145 4178 redit.
2178 4123 2483 4191 Urbemque
2509 4121 2830 4176 Turonicam
2883 4129 3094 4190 petens,
3142 4125 3388 4173 sanctum
3416 4115 3561 4170 Mar—

1989 4214 2161 4268 tinum
2217 4213 2372 4269 donis
2417 4213 2687 4283 regalibus
2719 4212 2969 4265 honorat.
3012 4209 3209 4278 Sicque
3255 4205 3449 4260 Parisii
3480 4219 3566 4260 re-

1990 4316 2196 4374 ceptus,
2252 4311 2471 4360 sanctos
2517 4303 2772 4358 tnartires
2828 4300 3149 4363 Dionisium,
3200 4296 3478 4352 Rusticum
3508 4302 3564 4348 et

1992 4394 2357 4450 Eleutherium
2385 4393 2669 4464 magniﬁce
2687 4391 2872 4445 donat.
2891 4389 3128 4444 Tandem
3144 4387 3304 4440 ﬂuvio
3325 4384 3565 4438 Matrona

307 4485 494 4538 omnia
526 4485 765 4554 gerebat.
799 4483 998 4538 Verum
1045 4485 1098 4539 id
1133 4485 1185 4538 in
1209 4473 1407 4539 "brevi.
1438 4483 1574 4537 Nam
1603 4482 1885 4538 vulnerum
1917 4478 1968 4538 D
1995 4499 2262 4550 remenso,
2293 4483 2563 4554 Belgicam
2595 4481 2916 4552 ingreditur.
2947 4479 3026 4534 Ac
3070 4479 3266 4548 oppido
3294 4482 3561 4543 receptus,

308 4575 495 4629 sanies
531 4573 668 4628 male
697 4589 728 4628 a
758 4573 988 4644 cirurgis
1031 4581 1327 4643 amputata,
1353 4587 1476 4627 cum
1523 4573 1623 4627 sub
1655 4572 1883 4627 recutita

310 4665 623 4736 superﬁcie,
665 4673 930 4720 tumorem
978 4665 1303 4719 intrinsecus
1332 4671 1672 4732 operaretur,
1720 4662 1891 4717 nimio

311 4758 557 4828 humoris
605 4759 974 4823 reumatismo,
1005 4756 1124 4827 plus
1161 4756 1381 4813 biennio
1419 4763 1666 4820 vexatus,
1716 4754 1771 4809 in
1813 4754 1890 4808 le-

313 4857 462 4907 etum
490 4847 706 4902 decidit.
749 4846 903 4901 Unde
927 4855 982 4900 et
1025 4846 1319 4902 intercluso
1368 4855 1633 4912 reumate,
1677 4844 1893 4913 penitus

313 4937 587 5013 intumuit.
618 4937 816 5008 Sicque
844 4947 954 4993 toto
970 4937 1264 5007 crisipilato
1286 4951 1533 5008 corpore,
1557 4936 1724 4990 vitam
1749 4935 1890 4989 amic-

1990 4572 2132 4641 quod
2161 4573 2358 4627 dicitur
2387 4573 2547 4636 Fara,
2573 4587 2683 4640 pra:
2711 4571 2875 4624 nimia
2904 4568 3178 4621 anxietate
3210 4563 3566 4619 insomnieta-

1993 4671 2102 4717 tem
2155 4663 2266 4732 pati
2319 4662 2505 4731 coepit.
2554 4660 2683 4726 Qua:
2728 4673 2852 4713 cum
2899 4657 3125 4711 nimium
3177 4661 3564 4717 succresceret,

1994 4751 2191 4807 mentis
2241 4751 2621 4806 alienationem
2671 4750 3016 4818 operabatur.
3067 4744 3564 4814 Superantibusque

1994 4843 2331 4908 humoribus,
2371 4855 2513 4895 anno
2563 4839 2710 4910 regni
2740 4839 2822 4892 sui
2865 4837 3094 4901 decimo,
3140 4844 3198 4888 ut
3234 4834 3452 4903 quidam
3481 4831 3565 4884 fe-

1995 4944 2123 4988 runt
2172 4933 2372 4998 mania,
2402 4932 2494 4986 alii
2541 4930 2765 4996 frenesi,
2794 4928 2956 4985 ﬁnem
3004 4928 3128 4982 vitae
3183 4923 3392 4992 accepit
3419 4920 3563 4992 (898,

1587 5045 1820 5102 VARle
1873 5042 2274 5102 LECTIONES.

387 5165 437 5196 ⁸⁸
494 5167 591 5230 tio,
636 5179 721 5221 em
767 5166 989 5220 abscisa.
1063 5161 1111 5194 ⁸⁸
1169 5162 1251 5217 Pl.
1282 5161 1348 5216 de
1376 5161 1617 5230 privatis,
1670 5159 2004 5228 multumque
2042 5158 2120 5230 de
2154 5157 2460 5230 comm._l.,
2489 5156 2628 5230 (inea
2670 5155 2924 5230 subducta
2957 5141 3564 5230 denp.”m;rdf’{‘nj“_"f'

318 5235 364 5265 “
405 5207 1103 5304 abscniiaiauiwsve'qname
1152 5207 2002 5304 Bigerivquej
2017 5207 2460 5304 dézézﬁ."f¥i-'A‘.i,'
2483 5207 2933 5281 doﬁiuinirarbscisa.
3009 5207 3061 5253 “-
3106 5218 3159 5272 5.
3186 5213 3303 5269 Kal.
3323 5212 3440 5282 jam
3471 5207 3567 5261 ab-

319 5307 479 5360 scisa.
554 5305 601 5336 ⁸⁸
627 5297 730 5375 per
751 5322 785 5361 0
805 5297 1030 5359 abscisa.
1106 5305 1152 5336 ⁵ο
1185 5297 1239 5357 εἰ
1269 5297 1370 5372 opp
1393 5300 1617 5355 abscisa.
1695 5300 1738 5330 ⁸³
1769 5297 1993 5362 Οίάουὶε,
2024 5309 2076 5350 ta
2104 5297 2330 5351 abscisa.
3047 5321 3059 5330 -
3335 5315 3338 5319 λ

1853 5410 2079 5467 NOT/E.

391 5532 507 5601 (6‘)
539 5531 702 5585 Blois.

393 5604 504 5670 (65)
536 5602 869 5670 Angouléme.
1393 5647 1398 5651 .

535 5665 776 5728 Loiharii
815 5684 1032 5740 regnum
1079 5677 1205 5724 tunc
1250 5667 1502 5750 temporis
1551 5665 1774 5720 Arnulfo
1801 5680 1894 5736 pa-

2002 5526 2176 5606 ruisse
2203 5533 2438 5590 constat,
2472 5525 2648 5606 igitur.
2665 5523 2716 5577 hi
2756 5516 3282 5606 tres‘archiepiscopi
3314 5511 3568 5573 Carolum

2000 5597 2222 5654 minimc
2252 5611 2433 5666 regem
2468 5595 2569 5652 sibi
2604 5595 2899 5664 elegerunt.
