3988 5362
178 215 293 281 ’ῑΩ

1128 211 1604 273 HISTORIARUM
1640 208 1821 267 LIBRI
1860 206 2212 275 QUATUOR.
2243 238 2313 249 —
2339 208 2463 265 LIB.
2508 210 2544 264 l.

3416 214 3488 274 50

224 346 420 393 mea
450 335 497 369 τι
525 333 577 390 οε
623 347 854 406 regnum
902 329 1175 388 invidebat
1215 329 1287 396 ",
1318 342 1443 384 cum
1491 324 1596 382 sibi
1621 332 1742 394 post
1766 322 1812 356 ⁷⁸
1839 325 1891 385 Α
1986 324 2077 380 18.
2116 323 2407 379 Winemari
2423 323 2470 358 ⁸³
2499 323 2736 379 interitus
2754 324 2819 393 υ.
2850 324 3062 381 interea
3088 323 3326 382 collectis
3350 328 3493 396 apud

220 426 464 482 fratrem
512 423 931 481 hereditaudum
970 421 1018 454 "
1046 420 1218 492 magis
1265 418 1489 474 videret.
1542 412 1812 471 Nonnulla

220 534 452 591 quoque
475 517 799 575 moliebatur
831 515 889 572 in
931 512 1223 571 Fulcouem
1264 509 1554 566 Remorum
1611 513 1812 561 metro-

217 611 560 683 politanum,
589 610 680 681 qui
710 622 895 679 regem
923 620 953 659 a
977 601 1260 680 cunabulis
1287 599 1632 662 educaverat,
1650 605 1811 664 atque

206 701 274 765 in
304 715 548 772 regnum
574 705 923 770 promoverat
951 694 1085 766 (68).
1110 691 1409 748 Videbatur
1435 686 1659 752 etenim,
1683 684 1812 755 quia

215 794 263 849 si
291 793 344 848 is
374 793 560 849 solum
582 789 1098 863 deperiret,facilius
1122 786 1331 843 refundi
1356 786 1409 841 in
1440 798 1563 840 sese
1584 797 1810 855 regnum

213 882 519 953 potuisset.
541 880 601 937 Id
618 882 786 936 etiam
815 879 954 951 apud
975 878 1293 933 Balduinum
1313 874 1641 932 Morinorum
1662 873 1811 943 prin-

213 970 399 1039 cipem
431 970 729 1027 admodum
757 969 1016 1042 agitabat.
1048 966 1146 1022 llic
1189 966 1332 1023 enim
1362 966 1431 1022 ab
1473 979 1538 1020 eo
1579 964 1661 995 ⁷⁸·
1687 978 1811 1033 per-

212 1074 446 1125 suasus,
469 1059 587 1130 eius
606 1070 791 1130 partes
811 1060 924 1131 jam
953 1075 1079 1131 rege
1107 1058 1324 1114 deserto
1351 1055 1699 1128 sequebatur.

283 1151 381 1208 i7.
411 1151 589 1222 (899.)
607 1151 911 1222 Interfeclio
927 1149 1179 1206 Fulconi:
1200 1147 1595 1218 archiepiscopi.
1612 1176 1682 1186 —
1694 1143 1810 1212 Quo

212 1264 310 1303 rex
334 1260 652 1319 comperto,
683 1249 737 1303 in
768 1247 1085 1303 Balduinum
1129 1244 1322 1311 fertur,
1373 1259 1439 1300 ac
1467 1242 1634 1298 multa
1662 1241 1811 1297 obsi-

214 1337 404 1394 dionis
426 1341 480 1394 vi
499 1348 742 1394 castrum
768 1339 1089 1393 Atrabatum
1114 1336 1182 1391 ab
1203 1352 1267 1391 eo
1282 1334 1482 1401 aufert,
1506 1344 1667 1405 atque
1686 1349 1809 1389 cum

215 1436 328 1483 tota
362 1430 553 1484 sancti
606 1428 828 1486 Vedasti
886 1428 1121 1493 abbatia,
1154 1426 1375 1483 Fulconi
1414 1426 1671 1497 praedicto
1699 1438 1812 1479 me-

215 1520 557 1588 tropolitano
580 1521 849 1576 concedit.
873 1520 942 1574 At
965 1530 1086 1590 post
1109 1519 1313 1589 aliquot
1339 1529 1582 1589 tempora
1611 1526 1812 1572 metro-

214 1608 499 1677 politanus
527 1611 600 1666 ob
643 1610 857 1665 itineris
903 1609 1347 1681 longinquitatem
1402 1609 1736 1679 fratrumque
1763 1609 1810 1643 ⁷⁷

1913 430 2093 488 regem
2138 414 2434 487 episcOpis,
2466 414 2593 470 talia
2637 430 2763 471 mox
2789 414 3120 472 referuntur.
3148 414 3300 484 Quod
3329 417 3490 472 etiam

1909 504 2161 561 omnibus
2206 505 2430 560 nimium
2476 504 2642 559 animi
2674 503 2900 561 incussit
2946 503 3207 561 dolorem.
3236 502 3350 559 Rex
3379 503 3495 574 ipse

1912 594 1967 650 in
1995 593 2248 650 lacrimas
2271 595 2583 661 dissolutus,
2609 594 2675 650 de
2701 610 2826 649 casn
2852 591 3183 664 pontificis“
3211 593 3346 647 adeo
3365 607 3495 647 con-

1911 696 2135 759 questus
2157 695 2258 741 est.
2292 685 2536 756 Episcopi
2564 682 2781 755 quoque
2814 684 2868 738 in
2912 681 3097 739 fratris
3121 692 3294 737 morte
3320 691 3375 737 et
3403 696 3491 736 co-

1911 778 2171 849 episcopi,
2202 776 2367 831 multa
2389 775 2858 831 commiseratione
2880 773 3225 830 condoluere.
3247 770 3494 841 Iuitoque

1910 868 2160 934 consilio,
2194 866 2567 923 Winemarum
2598 882 2720 922 cum
2750 866 2862 921 suis
2891 860 3275 933 complicibus,
3308 861 3491 917 horri-

1909 958 2003 1015 bili
2047 958 2389 1013 anathemate
2417 957 2692 1011 damnant.
2744 956 2843 1023 Qui
2894 957 2947 1009 in
2999 955 3147 1010 brevi
3197 953 3486 1018 deficiens,

1912 1049 2195 1105 insanabili
2220 1046 2438 1119 ydropis
2464 1047 2652 1101 morbo
2673 1062 2701 1099 a
2728 1045 2834 1105 Deo
2855 1061 3141 1115 percussus
3161 1052 3263 1099 est.
3289 1041 3491 1097 Ventre

1912 1139 2095 1210 itaque
2122 1137 2383 1209 turgidus,
2414 1136 2653 1191 exterius
2676 1135 2890 1205 quidem
2923 1133 3069 1188 lento
3092 1134 3235 1202 igne,
3263 1130 3490 1186 interius

1909 1244 2040 1285 vero
2066 1228 2287 1284 immani
2312 1227 2561 1282 incendio
2583 1227 2857 1281 urebatur.
2884 1225 3074 1295 lugens
3096 1232 3275 1278 tumor
3293 1223 3488 1293 pedum

1910 1336 2018 1377 non
2064 1320 2270 1375 deerat.
2305 1319 2552 1374 Vcrenda
2599 1316 2874 1373 vermibus
2904 1314 3287 1369 scaturiebaut.
3316 1312 3488 1367 Crura

1912 1413 2174 1466 tumentia
2202 1426 2266 1465 ac
2300 1410 2499 1466 lucida.
2531 1409 2778 1463 Anelitus
2816 1406 3031 1461 fetidus.
3062 1405 3281 1460 Viscera
3320 1401 3486 1456 etiam

1910 1500 2166 1572 paulatim
2214 1516 2312 1569 per
2359 1500 2534 1554 colum
2585 1497 2912 1553 diffluebant.
2946 1496 3120 1566 Super
3148 1494 3263 1548 haec
3304 1491 3487 1547 omnia

1913 1591 2060 1647 sitim
2087 1591 2495 1647 intollerabilem
2526 1590 2843 1646 sustinebat.
2884 1587 3192 1658 Appetitum
3238 1599 3366 1639 vero
3394 1596 3487 1637 co-

216 1666 731 1755 Ξηοοωωοαίωιεω
756 1701 803 1733 vv
815 1666 1122 1756 Αιιηηιῖυηζ
1139 1700 1391 1756 comitem
1416 1666 1721 1756 meme},
1740 1698 1807 1767 τι,
1837 1666 1885 1731 Β
1912 1685 2156 1740 medendi
2188 1685 2477 1756 aliquando
2500 1685 2764 1751 habebat,
2795 1684 2887 1739 sed
2914 1683 3019 1737 cibi
3048 1681 3179 1736 illati
3210 1677 3483 1734 fastidium

217 1788 503 1846 abbatiam
532 1793 708 1847 sancti
739 1791 979 1847 Medardi
1008 1806 1170 1861 quam
1198 1792 1313 1862 ipse
1354 1806 1539 1846 comes
1567 1792 1807 1858 tenebat,

215 1877 285 1934 ab
309 1894 381 1935 eo
401 1882 627 1952 accipit,
655 1892 713 1937 et
745 1897 842 1952 pro
864 1896 928 1937 ea
952 1882 1224 1937 abbatiain
1250 1882 1420 1938 sancti
1445 1882 1659 1939 Vedasti
1687 1898 1811 1938 cum

214 1978 404 2025 castro
448 1971 718 2027 Atrabato
743 1972 1045 2027 rationibus
1082 1973 1354 2044 utrimque
1395 1973 1599 2029 habitis
1631 1974 1681 2029 ei
1714 1975 1807 2029 im-

214 2060 404 2131 pertit.
428 2062 604 2132 (900.)
630 2062 787 2119 Unde
811 2073 866 2118 et
887 2063 953 2118 ad
983 2063 1206 2119 nimiam
1230 2066 1567 2133 pertrahitur
1592 2064 1808 2119 Baldui-

217 2165 315 2207 nus
344 2154 761 2211 crudelitatem.
814 2155 1087 2227 Multaque
1129 2156 1354 2214 affectus
1408 2160 1701 2226 anxietate,
1738 2157 1806 2214 ad

220 2240 481 2299 ultionem
496 2247 720 2314 penitus
740 2260 859 2302 sese
878 2247 1169 2304 convertit.
1182 2248 1488 2303 Amicitiam
1510 2264 1639 2321 ergo
1659 2250 1805 2307 circa

216 2337 705 2406 metropolitanum
732 2339 966 2394 simulat.
982 2338 1090 2394 Per
1116 2339 1318 2413 legatos
1337 2356 1551 2412 quoque
1579 2339 1803 2409 multam

212 2425 643 2483 benivolentiam
691 2429 913 2484 mandat
960 2431 1032 2495 7',
1066 2429 1338 2501 fidemque
1383 2432 1628 2502 spondet.
1670 2431 1803 2488 Illud

212 2524 392 2573 tamen
442 2518 625 2577 multa
668 2534 888 2575 suorum
938 2520 1255 2577 curiositate
1292 2522 1568 2590 observat,
1619 2531 1801 2579 utrum

209 2607 457 2677 privatus
507 2624 579 2664 an
623 2611 941 2681 cum~copiis
972 2612 1115 2682 regis
1156 2611 1415 2681 palatium
1458 2623 1643 2683 petere
1664 2628 1798 2669 con-

208 2707 465 2764 suescat;
495 2699 770 2768 privatum
792 2699 960 2755 multo
981 2701 1101 2755 nisu
1126 2701 1388 2772 impetere
1407 2702 1653 2773 cupiens.
1673 2702 1799 2757 llaec

206 2785 333 2842 dum
382 2790 473 2844 sic
504 2790 857 2856 haberentur,
888 2806 986 2862 pro
1014 2793 1179 2864 regiis
1215 2794 1395 2849 causis
1427 2794 1653 2865 contigit
1684 2793 1797 2863 epi-

207 2890 405 2947 scopos
435 2878 676 2950 Belgicae
697 2880 838 2950 apud
857 2896 1037 2952 regem
1061 2882 1403 2954 congregari.
1437 2883 1587 2940 Unde
1609 2892 1665 2938 et
1684 2899 1795 2940 me-

206 2968 581 3039 tropolitanus
600 2972 894 3027 accersitus
930 2988 1051 3027 cum
1085 2973 1189 3027 iter
1216 2973 1520 3030 accelerare
1552 2982 1791 3044 pararet,

206 3056 462 3114 incautus
484 3074 610 3131 cum
634 3061 820 3130 paucis
844 3059 1155 3117 festinabat.
1202 3062 1300 3121 Cui
1342 3078 1465 3118 mox
1492 3063 1646 3118 affuit
1671 3065 1795 3135 qui-

205 3149 329 3206 dam
358 3149 725 3207 Winemarus
752 3168 873 3208 cum
903 3152 1126 3210 cohorte
1148 3169 1180 3208 a
1208 3153 1470 3211 Balduino
1499 3157 1697 3212 missus
1723 3156 1791 3207 ⁸ο.

204 3239 667 3315 letropolitanus
686 3259 809 3300 cum
833 3254 983 3300 esset
1007 3259 1130 3300 cum
1146 3245 1354 3316 paucis,
1371 3261 1404 3301 a
1431 3240 1654 3303 cohorte
1668 3262 1791 3303 eum

202 3334 316 3390 suis
347 3334 696 3406 interceptus
741 3344 844 3392 est.
887 3334 1029 3391 Nulli
1075 3335 1213 3408 fuga:
1240 3336 1391 3393 locus
1426 3339 1624 3409 patuit.
1664 3338 1793 3395 0m-

200 3442 301 3485 nes
351 3427 844 3485 circumvallantur
890 3437 1052 3499 atque
1091 3430 1445 3501 impetuntur.
1484 3430 1787 3488 Admodum

200 3520 491 3591 utrimque
544 3520 823 3576 dimicant.
883 3519 1171 3591 Utrimque
1238 3520 1345 3578 fusi
1401 3525 1784 3593 procumbunt.

202 3610 352 3680 (900,
382 3608 523 3664 Jun.
549 3608 662 3679 16.)
684 3609 1027 3667 Winemarus
1049 3611 1525 3680 metropolitanum
1545 3614 1784 3679 adortus,

203 3697 397 3755 lancea
425 3699 692 3753 inermem
714 3698 980 3771 transﬁgit
996 3698 1065 3764 ει,
1082 3708 1245 3769 atque
1266 3699 1410 3755 inter
1430 3714 1557 3755 suos
1579 3707 1787 3770 septem

204 3791 530 3848 vulneribus
572 3792 874 3847 sauciatam
919 3792 1246 3863 przecipitat.
1298 3790 1399 3847 Cui
1446 3806 1568 3846 cum
1613 3792 1788 3848 adhuc

207 3881 345 3938 ictus
400 3881 729 3948 intenderet,
785 3881 1004 3954 quidam
1060 3896 1280 3938 suorum
1334 3881 1506 3937 multo
1548 3881 1788 3952 episcopi

206 3989 392 4031 amore
413 3975 590 4040 ducti,
619 3989 781 4045 super
811 3990 933 4030 eum
981 3975 1365 4045 procumbunt.
1414 3972 1517 4041 Qui
1568 3989 1693 4029 cum
1722 3988 1789 4030 eo

206 4080 327 4123 mox
351 4064 607 4121 transfixi
630 4074 793 4135 atque
816 4064 980 4121 occisi
1004 4074 1149 4120 sunt.
1163 4060 1406 4131 Quatuor
1431 4071 1641 4118 tantum
1660 4062 1787 4135 fuga

206 4156 467 4213 labuntur
489 4156 563 4224 δ’,
591 4156 685 4227 qui
716 4156 794 4212 rei
844 4157 1121 4229 negotium
1167 4155 1354 4211 Remis
1391 4156 1783 4211 demonstrant.

207 4246 359 4303 Tunc
385 4262 522 4303 vero
544 4262 737 4319 magna
765 4246 996 4303 militum
1023 4263 1234 4311 manus,
1261 4248 1329 4303 ab
1356 4247 1490 4302 urbe
1510 4264 1638 4303 mox
1660 4263 1782 4304 cum

206 4341 371 4396 armis
389 4342 611 4407 educta,
632 4330 635 4335 ’
661 4342 999 4397 adversarios
1023 4340 1274 4411 persequi
1301 4350 1545 4397 conatur.
1573 4341 1679 4398 Sed
1702 4342 1781 4398 eis

203 4429 430 4498 elapsis,
463 4433 737 4487 dominum
764 4432 1003 4488 occisum
1028 4448 1152 4488 cum
1176 4432 1288 4489 suis
1309 4432 1590 4503 colligunt,
1615 4445 1779 4503 atque

202 4521 374 4577 multo
393 4522 602 4577 doloris
627 4522 860 4577 lamento
887 4521 1087 4579 Remos
1109 4522 1415 4592 deportant,
1438 4538 1562 4578 cum
1592 4538 1777 4595 sacer-

202 4609 422 4755 dizltlibus
446 4612 781 4670 sacerdotem
799 4612 1029 4684 plurimo
1051 4614 1329 4686 dignitatis
1350 4614 1611 4685 obsequio
1637 4629 1774 4670 con-

308 4708 407 4755 tes.

308 4708 407 4759 tes.

1911 1776 2233 1832 inferebant.
2261 1775 2698 1832 lnsomnietatem
2722 1774 2902 1845 jugem
2949 1772 3273 1843 patiebatur.
3300 1769 3485 1826 Omni-

1909 1866 2118 1936 busque
2137 1864 2311 1920 factus
2334 1864 2704 1929 intolerabilis,
2729 1861 2977 1918 omnibus
2993 1859 3204 1914 horrori
3225 1859 3274 1891 3‘
3289 1860 3304 1880 ⁶
3325 1858 3449 1912 habi
3465 1887 3484 1898 -

1910 1968 1998 2015 tus
2032 1968 2134 2015 est.
2175 1958 2360 2028 itaque
2400 1958 2559 2012 amici
2591 1964 2751 2026 atque
2780 1954 3059 2010 domestici
3092 1953 3160 2008 ab
3194 1967 3259 2007 eo
3293 1949 3484 2005 dimoti

1908 2058 2069 2116 sunt,
2101 2048 2269 2105 multo
2292 2049 2409 2119 ejus
2433 2048 2671 2120 corporis
2697 2046 2869 2102 fetore
2899 2043 3161 2109 confecti;
3191 2044 3243 2097 in
3275 2052 3482 2096 tantum

1907 2151 1967 2197 ut
1993 2141 2169 2196 nullus
2200 2140 2528 2195 medicorum
2548 2179 2562 2205 ,
2590 2138 2780 2192 saltem
2808 2134 3052 2191 medendi
3080 2148 3243 2188 causa
3268 2133 3334 2187 ad
3356 2146 3480 2186 eum

1906 2234 2168 2289 accedere
2210 2240 2412 2302 posset.
2463 2229 2669 2297 Quibus
2698 2227 2949 2283 omnibus
2979 2223 3303 2289 dissolutus,
3334 2221 3480 2277 omni

1905 2322 2313 2381 Christianitatis
2339 2320 2713 2377 communione
2756 2317 2998 2387 privatus
3016 2356 3031 2381 ,
3057 2329 3087 2369 a
3115 2314 3389 2369 vermibus
3414 2328 3481 2368 ex

1888 2423 2057 2488 parte
2080 2413 2193 2484 jam
2221 2419 2605 2482 consumptus,
2638 2406 2942 2478 flagiciosus
2984 2418 3049 2459 ac
3077 2402 3373 2473 sacrilegus
3410 2403 3479 2459 ab

1900 2510 2002 2566 hac
2036 2509 2144 2562 vita
2187 2506 2373 2578 pulsus
2402 2512 2503 2560 est.

1971 2601 2058 2655 19.
2104 2597 2371 2652 Promolio
2387 2599 2431 2635 ⁸⁵
2463 2593 2672 2649 Hei-iaci
2699 2594 2753 2647 in
2765 2591 2815 2625 ”
2840 2591 3191 2661 episcopatum
3202 2587 3269 2641 ⁸³.
3294 2616 3363 2626 -
3381 2584 3480 2641 Se-

1897 2689 2047 2761 pulto
2083 2702 2213 2743 vero
2242 2687 2439 2741 domno
2465 2678 2701 2738 Fulcone
2732 2678 3149 2748 metropolitano
3169 2717 3184 2741 ,
3213 2674 3477 2729 Heriveus

1897 2780 1981 2833 vir
2009 2777 2321 2849 spectabilis
2349 2783 2402 2830 et
2432 2773 2701 2844 palatinus
2742 2770 3117 2841 episcoporum
3164 2780 3432 2821 consensu
3459 2804 3475 2830 ,

1896 2879 1951 2926 et
1979 2869 2323 2924 Remensium
2349 2864 2653 2923 conibentia
2683 2864 2735 2917 in
2763 2858 3078 2933 pontiﬁcatu
3128 2858 3271 2928 regis
3307 2858 3475 2911 dona-

1898 2963 2043 3018 tione
2087 2958 2347 3015 succedit.
2399 2955 2639 3024 Quorum
2691 2962 2922 3031 uterque
2961 2957 3158 3020 quanta
3209 2947 3473 3011 utilitate,

1898 3062 2207 3126 quantaque
2235 3050 2490 3120 religione
2526 3047 2580 3102 in
2612 3043 2854 3100 :ecclesia
2901 3040 3151 3097 Remensi
3182 3039 3361 3094 floruit
3381 3077 3396 3102 ,
3429 3036 3475 3092 si

1896 3147 2019 3217 quis
2042 3147 2107 3201 ad
2127 3144 2343 3215 plenum
2362 3140 2410 3174 ⁸⁸
2423 3139 2707 3195 dinoscere
2725 3136 2870 3207 cupit
2889 3135 2957 3203 ⁸⁸,
2980 3132 3328 3205 legatlibrum
3352 3130 3474 3185 Flo-

1895 3237 2085 3296 doardi
2113 3232 2434 3308 presbiteri,
2479 3244 2642 3301 quem
2691 3228 2760 3282 ab
2806 3226 2938 3280 urbe
2982 3223 3096 3294 (69)
3142 3219 3359 3278 condita
3406 3220 3473 3274 de

1893 3330 2136 3402 ejusdem
2163 3326 2315 3382 urbis
2362 3320 2632 3395 episcopis
2677 3317 2947 3374 uberrime
2993 3312 3299 3381 descripsit.
3331 3310 3473 3402 Ade-

1890 3399 1985 3496 p'to
2019 3420 2134 3495 (70)
2181 3432 2397 3490 quoque
2441 3413 2707 3496 Heriveus
2750 3406 3109 3496 pontificatu,
3148 3399 3473 3496 multa—fide

1893 3491 2075 3586 regem
2100 3512 2446 3583 sequebatur,
2472 3491 2842 3561 desertoribus
2870 3499 3004 3555 adeo
3032 3495 3280 3551 infestus.
3315 3491 3467 3545 Erle-

1891 3581 2107 3663 baldum
2155 3581 2267 3674 (⁵11)
2316 3595 2743 3655 Castricensium
2780 3589 3059 3654 comitem,
3107 3586 3200 3657 qui
3251 3581 3468 3674 res_sui

1892 3693 2150 3767 episcopii
2166 3671 2530 3762 pervaserat,
2560 3694 2618 3741 et
2659 3680 2913 3755 oppidum
2940 3677 3085 3750 quod
3114 3683 3334 3767 vocant
3355 3671 3469 3767 _Ma-

1891 3764 2068 3851 cerias
2108 3782 2415 3843 obtinebat,
2447 3792 2600 3832 more
2644 3772 3026 3831 mcclesiastico
3055 3767 3206 3839 prius
3247 3764 3466 3836 quidem

1888 3887 1951 3934 ut
1979 3875 2263 3946 resipiscat
2292 3877 2596 3934 ammonet,
2625 3876 2750 3938 post
2787 3878 2916 3919 vero
2944 3860 3286 3946 anathemate
3316 3856 3467 3911 dam-

1874 3952 1982 4024 nat
2007 3944 2176 4039 (920).
2206 3962 2309 4030 Qui
2339 3975 2462 4017 cum
2508 3957 2609 4013 sibi
2641 3970 2742 4011 nec
2770 3953 3057 4008 damnatus
3093 3944 3459 4007 satisfaceret,

1885 4061 1944 4117 in
1970 4035 2093 4115 eum
2127 4035 2249 4111 cum
2274 4051 2458 4108 multis
2487 4050 2718 4105 militum
2748 4045 2918 4116 c0piis
2945 4041 3138 4105 fertur,
3183 4035 3465 4107 oppidum-

1885 4166 1991 4224 que
2018 4147 2185 4204 multa
2212 4143 2493 4200 obsidione
2536 4154 2632 4211 per
2660 4145 2893 4224 quatuor
2937 4128 3263 4188 ebdomadas
3291 4125 3463 4224 vehe-

1886 4217 2099 4299 menter
2124 4239 2369 4306 adurget.
2423 4218 2740 4289 Erlebaldus
2766 4226 3097 4283 continuam
3132 4236 3236 4276 non
3285 4217 3466 4272 ferens

1808 4305 1862 4365 D
1888 4333 2384 4408 impugnationem,
2415 4327 2554 4383 clam
2595 4324 2663 4379 ab
2709 4320 2903 4392 Oppido
2931 4332 3055 4372 cum
3102 4313 3305 4408 aliquot
3334 4322 3461 4408 suo-

1889 4399 2008 4484 rum
2039 4399 2313 4481 dilabitur.
2363 4417 2462 4486 Qui
2508 4430 2636 4471 vero
2686 4414 3060 4467 remanserant
3099 4404 3258 4467 victi,
3295 4399 3466 4470 portis

1872 4536 2013 4589 ,mox
2030 4513 2338 4588 patefactis,
2354 4506 2766 4579 metropolitano
2782 4502 2997 4556 cedunt.
3025 4496 3224 4565 Eisque
3252 4489 3462 4560 ejectis,

1886 4626 2013 4669 suos
2031 4585 2113 4662 ibi
2158 4603 2432 4675 deposuit,
2461 4615 2524 4656 ac
2570 4601 2637 4655 de
2664 4603 2774 4651 toto
2802 4605 2938 4664 pago
2967 4585 3305 4645 Erlebaldum
3333 4595 3466 4653 pro-

1885 4702 2070 4772 fugum
2100 4695 2440 4755 disturbavit.

1498 4836 1732 4896 VARUS
1766 4836 2170 4896 LECTIONES.

270 4946 319 4979 "
341 4963 491 5020 men,
521 4948 594 5013 vi,
626 4963 718 5018 po,
741 4949 819 5020 dit
845 4951 1064 5007 abscisa.
1141 4948 1209 4982 η’
1239 4966 1289 5004 a.
1317 4952 1560 5009 rotberto
1588 4952 1842 5008 deletum.
1919 4954 1965 4986 ⁷⁷
2001 4954 2108 5020 fra,
2141 4965 2232 5006 mo
2255 4949 2504 5020 abscisa._
2563 4941 2612 4976 ⁷⁸
2640 4937 3018 5020 θιγεψιῑοηξψε
3043 4933 3243 5020 habilis
3271 4929 3489 5020 έξίςια
3508 4993 3543 5009 ,

205 5000 512 5099 ’ζερριιάέε
525 5000 833 5099 σίςῐῖεηῖιᾶεῃ.
898 5020 944 5053 ⁸ο
965 5037 1040 5099 [ῃ.
1066 5000 1303 5099 omnium
1319 5000 1909 5099 q'iiosilsu—st—inet
1938 5000 2609 5099 scelera-tissimusloelela.
2685 5011 2735 5099 ’ἱ
2760 5001 3199 5099 ιᾳιηίὶξὶξαεοάεω.
3254 5000 3566 5099 faex-(.3;

203 5072 381 5209 piis.
424 5072 427 5073 ν
463 5087 512 5119 ⁸³
528 5101 578 5143 e.
603 5087 656 5142 in
674 5072 892 5144 abscisa.
964 5072 1200 5147 avaiuiici
1222 5072 2242 5162 éL'pSiiiiiiéféf“si‘Eb'IézisiiéZf"-i
2260 5072 2471 5158 tio,‘in,
2497 5093 2634 5147 tum.
2673 5079 2900 5135 abscisa.
2925 5072 2946 5075 ’
2972 5072 3019 5106 ⁸⁸
3041 5088 3227 5136 cuum.
3253 5083 3285 5123 θ
3313 5083 3591 5157 cupi‘

203 5173 233 5208 α
264 5174 422 5213 casa.
2296 5178 2301 5181 -

1736 5274 1966 5333 NOTAE.
