3988 5362
439 223 505 280 51
1553 226 1833 287 RICHEBI
1873 229 1933 284 S.
1967 229 2228 289 REMlGll
2269 233 2575 292 MOINACIII
3636 239 3711 297 52

509 336 599 392 20.
638 335 723 391 Ad
748 335 950 394 Renum
964 335 1008 369 ⁸⁷
1046 344 1227 395 mutua
1257 337 1435 408 petitio
1449 337 1493 370 ⁸⁷
1525 356 1586 392 ac
1626 340 1831 395 comitis
1845 342 1887 374 ⁸⁷
1923 341 2022 395 Er-
2051 348 2096 407 Α
2126 345 2455 400 borabat‘”.
2479 346 2731 419 Largitur
2750 346 2931 417 itaque
2950 347 3016 381 ω’
3040 347 3289 420 plurima,
3317 358 3479 423 atque
3496 351 3566 386 ¹⁴¹
3586 359 3710 424 pot-

443 425 702 481 lebaldi"
725 425 937 480 occisia.
959 456 1027 466 —
1050 424 1166 480 Rex
1212 426 1267 480 in
1312 441 1511 497 pagum
1543 424 2022 497 Warmaeensem,

442 518 724 573 locuturus
750 515 1008 574 Heinrico
1033 516 1492 584 Transrhenensi,
1515 530 1877 579 concesserat.
1909 522 2026 581 Huc

443 620 658 676 quoque
685 604 1003 663 Erlebaldus
1050 621 1232 664 comes
1264 607 1516 672 advenit,
1551 609 1694 678 apud
1725 626 1906 682 regem
1936 614 2028 668 de-

441 695 751 767 ploraturus
798 711 830 751 a
861 694 1211 753 Remensium
1241 695 1657 768 metmpolitan’o
1686 714 1805 756 sese
1833 702 2026 758 imma-

443 784 587 840 niter
611 785 876 842 habitum.
919 787 1209 846 Heinricus
1259 789 1402 859 apud
1451 804 1633 858 regem
1678 791 1800 847 de“
1845 807 2026 848 rerum

444 877 888 947 dispositionibus
923 877 1234 938 ﬁdelissime
1276 881 1581 952 satagebat.
1608 881 1705 939 Cui
1734 883 1812 940 rei
1844 900 1966 940 cum
1982 884 2027 920 ⁸⁹

445 965 734 1022 admodum
779 968 1122 1036 intenderet,
1186 969 1582 1028 Germanorum
1645 971 2030 1044 Gallorumque

438 1058 664 1129 juvenes
697 1059 1067 1132 linguarum”
1113 1062 1431 1120 idiomate"
1455 1063 1681 1130 offensi,
1733 1075 1794 1122 ut
1840 1081 2027 1123 eorum

446 1165 564 1205 mos
606 1159 692 1206 est
730 1167 854 1208 cum
885 1152 1056 1208 multa
1084 1154 1430 1238 animpsitate
1456 1157 1757 1214 maledictis
1794 1173 1914 1215 sese
1955 1159 2032 1214 1a-

442 1241 646 1295 eessire
659 1241 704 1276 ’ί
721 1251 1020 1312 creperum.
1049 1243 1404 1320 Consertique
1416 1239 1620 1321 gladios
1634 1261 1882 1318 exerunt,
1899 1267 1961 1307 ac
1973 1267 2031 1308 se

440 1332 650 1399 adorsi,
682 1333 938 1391 lmtaliter
958 1337 1227 1393 sauciant.
1250 1339 1310 1394 In
1333 1356 1440 1411 quo
1465 1342 1711 1408 tumultu,
1737 1358 1860 1398 cum
1882 1343 1946 1398 ad
1969 1343 2034 1397 li-

445 1434 556 1480 tem
577 1425 868 1480 sedandam
888 1427 1206 1487 Erlebaldus
1231 1447 1417 1488 comes
1434 1433 1736 1498 accederet,
1759 1449 1788 1488 a
1809 1433 2035 1489 furenti-

445 1517 548 1572 bus
573 1519 787 1574 occisus
807 1527 913 1574 est.
935 1519 1049 1576 Rex
1072 1523 1436 1594 proditionem
1464 1535 1632 1590 ratus,
1665 1526 1816 1581 ocius
1837 1527 2031 1598 surgit,

443 1608 666 1678 suisque
693 1610 941 1680 stipatur.
966 1612 1252 1672 Heinricus
1294 1619 1478 1674 vero"
1520 1619 1698 1675 dolum
1724 1619 1999 1676 arbitrans
2020 1662 2033 1686 ,

439 1697 674 1752 classem
705 1701 931 1771 repetit,
961 1713 1126 1775 atque
1153 1720 1184 1760 a
1214 1706 1375 1776 regiis
1401 1707 1753 1778 stipatoribus
1780 1708 2031 1764 Rhenum
2063 1695 2106 1755 Β

446 1791 682 1846 transire
727 1794 1018 1864 cogitur".
1064 1797 1528 1855 Existimabam“
1580 1800 1723 1855 enim
1773 1800 1894 1856 hi"
1942 1802 2036 1871 qui

444 1883 559 1954 regi
589 1885 916 1942 assistebant
933 1888 1002 1955 ⁸⁸,
1025 1903 1148 1945 eum
1176 1891 1231 1945 in
1259 1891 1386 1946 dolo
1407 1892 1638 1947 venisse.
1662 1890 1706 1946 A
1736 1907 1843 1972 quo
1870 1893 2034 1959 etiam

449 1981 694 2043 tempore
707 1975 753 2010 ⁹⁰
778 1976 975 2032 Karolo
1004 1978 1234 2035 infestus
1268 1979 1562 2035 ferebatur.

515 2063 609 2118 21.
653 2065 823 2137 (920.)
851 2067 1187 2123 Desertorum
1200 2069 1244 2102 ’⁷
1274 2071 1457 2126 dolosa
1491 2071 1655 2142 regi"
1687 2071 1888 2127 ΚανοΙο
1911 2090 2034 2144 per-

446 2155 626 2210 suasio
649 2157 712 2211 de
736 2155 785 2210 Η
793 2159 1046 2228 aganonis
1062 2160 1106 2191 9"
1123 2160 1649 2230 abjectione.—Hinc
1673 2164 1854 2232 itaque
1875 2163 2036 2219 Hein-

450 2247 602 2315 rieo,
653 2248 778 2304 inde
826 2249 1088 2306 Rotberto
1136 2251 1272 2306 duce
1312 2251 1545 2308 Karolus
1589 2254 1903 2325 urgebatur.
1935 2253 2037 2308 Fa-

427 2345 679 2408 ‘ctusque
707 2353 894 2396 eorum
937 2341 1146 2397 medius
1166 2382 1180 2408 ,
1207 2343 1480 2413 utrimque
1505 2329 1876 2413 premebatur.
1907 2343 2036 2399 Post

449 2428 566 2484 base
594 2431 660 2485 ad
687 2430 948 2486 interiora
994 2430 1222 2504 Belgicae
1266 2433 1514 2500 rediens,
1548 2435 1681 2490 urbe
1714 2433 2036 2490 Suessonica

453 2536 572 2578 sese
599 2523 825 2592 recipit,
855 2523 1082 2579 multam
1109 2539 1176 2580 ex
1208 2525 1518 2596 bujusmodi
1549 2526 1845 2588 infortunio
1896 2525 2038 2596 apud

450 2629 582 2669 suos
608 2615 821 2686 agitans
865 2615 1180 2686 quarrelam.
1217 2615 1334 2672 Huc
1376 2617 1542 2673 etiam
1583 2633 1651 2673 ex
1677 2616 1891 2690 Belgica
1931 2631 2038 2688 quo

451 2705 668 2762 Celtica:
696 2707 998 2762 conlimitat
1017 2749 1032 2774 ,
1065 2717 1225 2779 atque
1250 2723 1319 2763 ex
1350 2707 1552 2766 Celtica
1593 2708 1868 2780 principes
1896 2724 2036 2763 non-

451 2794 584 2848 nulli
633 2794 924 2853 confluunt.
957 2796 1064 2852 Sed
1106 2808 1162 2852 et
1205 2797 1502 2855 Rotbertus
1546 2799 1655 2853 dux
1682 2799 2038 2872 pr0pinquior

451 2883 661 2951 factus,
693 2886 930 2956 Stampis
957 2902 1076 2944 sese
1103 2890 1322 2962 recipit,
1354 2906 1416 2945 ac
1446 2893 1513 2945 ad
1543 2891 1799 2960 palatium
1830 2891 2038 2963 legatos

453 2974 669 3051 dirigit,
705 2975 905 3046 regalia
936 2977 1152 3046 negotia
1181 2977 1302 3032 inde
1328 2985 1668 3046 experturus.
1700 2979 1770 3032 At
1796 2978 1888 3047 qui
1911 2993 2039 3033 con-

453 3042 675 3127 ﬂuxere,
703 3042 949 3119 Rdtberti
969 3042 1150 3135 partes
1176 3042 1486 3132 tuebantur,
1508 3067 1662 3136 cujus
1684 3042 1845 3122 suasu
1870 3069 2036 3138 capti,
2067 3042 2112 3104 Ο

455 3154 520 3207 de
565 3151 871 3222 Haganonis
914 3155 1217 3227 abjectione
1261 3157 1401 3229 apud
1449 3171 1631 3230 regem
1667 3167 2035 3228 pertractant,

456 3261 564 3300 non
593 3255 653 3300 ut
676 3247 731 3301 id
765 3246 883 3303 ﬁeri
909 3247 1106 3314 velint,
1138 3247 1232 3303 sed
1263 3257 1322 3312 ut
1367 3249 1628 3319 regnandi
1655 3249 1872 3305 occasio
1904 3249 2040 3306 Ret--

456 3337 611 3392 berto
636 3346 878 3407 paretur.
905 3324 1278 3407 Abj'ectionem
1305 3338 1485 3408 itaque
1506 3336 1820 3411 Haganonis
1847 3337 2040 3400 leviter

461 3427 710 3482 suadent.
744 3427 942 3485 Ducem
973 3428 1134 3482 etiam
1163 3443 1194 3481 a
1221 3442 1278 3483 se
1305 3428 1669 3490 discessurum
1718 3430 1762 3483 si
1810 3444 1918 3485 non
1949 3430 2043 3484 ab-

453 3515 642 3585 jieiat,
675 3518 934 3573 mediocri
979 3518 1282 3575 assertione
1328 3519 1736 3586 demonstrant;
1787 3520 2044 3589 quatinus

460 3606 566 3660 levi
601 3604 974 3678 objurgatione
1020 3621 1116 3664 rex
1162 3608 1525 3677 ammonitus,
1565 3610 1760 3681 emptis
1795 3609 2045 3664 insistere

460 3712 568 3752 non
594 3696 864 3752 formidet.
896 3695 1048 3753 Unde
1075 3705 1128 3752 et
1154 3706 1277 3768 post
1298 3707 1490 3761 contra
1521 3715 1642 3755 eum
1682 3700 2044 3770 justissimam

462 3785 844 3856 indignationis
889 3802 1108 3842 causam
1161 3803 1220 3842 se
1284 3788 1568 3846 habituros
1618 3789 2041 3844 arbitrabantur.

463 3875 620 3942 Quod
644 3877 807 3931 etiam
838 3888 1006 3933 totum
1031 3879 1100 3934 ad
1122 3888 1244 3934 vota
1266 3896 1457 3936 eorum
1491 3883 1756 3952 provenit.
1789 3881 1923 3935 Nam
1950 3896 2046 3936 rex

465 3966 668 4022 nulla“
709 3969 964 4025 suasione
992 3969 1251 4037 allectus,
1286 3987 1580 4042 numquam
1627 3987 1658 4026 a
1702 3972 1898 4027 dilecto
1927 3987 2047 4028 sese

461 4063 831 4120 discessurum
861 4063 1169 4133 respondit;
1220 4065 1383 4135 idque
1430 4065 1616 4120 multis
1653 4065 2049 4123 sententiarum

461 4154 803 4210 sermonibus
849 4153 1151 4211 asserebat.
1182 4153 1336 4222 Quod
1385 4154 1566 4210 cum”
1615 4155 1910 4210 Rotbertus
1942 4154 2051 4209 dux

466 4246 518 4297 in
548 4245 666 4315 ejus
694 4247 872 4300 animo
901 4246 1064 4301 t'ixum
1090 4244 1428 4318 perciperet,
1455 4244 1712 4301 Heinri‘co
1747 4244 2053 4320 Transrhe-

467 4336 617 4389 nensi
639 4335 705 4367 ‘°°
722 4351 818 4404 per
839 4337 1041 4407 legatos
1056 4337 1121 4378 ¹⁰ο
1143 4338 1208 4391 de
1230 4339 1372 4407 regis
1391 4333 1658 4408 eiectione
1673 4335 1742 4369 ¹⁰⁰
1756 4333 2048 4392 suadet’”.

466 4430 900 4501 Compererat‘“
929 4432 1071 4485 enim
1091 4433 1158 4464 ¹⁰⁰
1203 4447 1325 4488 eum
1353 4448 1382 4486 a
1419 4433 1583 4504 regiis
1610 4428 1965 4503 stipatoribus
1981 4427 2048 4464 ω

469 4523 526 4576 in
559 4521 738 4592 fugam
754 4522 820 4553 ¹⁰⁰
845 4531 1124 4588 coactum;
1155 4523 1377 4578 unde‘oo
1408 4524 1548 4578 etde
1571 4538 1630 4579 se
1651 4522 1812 4579 fidem
1832 4523 1898 4555 ¹⁶⁰
1919 4537 2046 4578 con-

470 4614 622 4668 tinuo
647 4614 878 4669 facit‘”.
898 4612 1062 4682 Cujus
1081 4628 1348 4669 consensu
1372 4614 1620 4670 tirannus
1642 4631 1765 4671 mox
1789 4613 1942 4668 laetus
1957 4615 2044 4679 ¹⁰¹,

473 4705 526 4758 ἰιι
557 4718 673 4760 sese
699 4719 922 4776 regnum
942 4703 1008 4737 ¹⁰¹
1039 4701 1414 4760 transferrem
1446 4703 1942 4774 diligentissimam
1968 4703 2048 4756 la-

2128 435 2319 491 licetur
2352 438 2684 493 inauditam.
2703 437 3123 509 Tandemque‘°"
3145 441 3712 514 lnductositransfugio

2121 525 2231 595 jam
2281 527 2553 597 principes
2600 540 2784 598 aperte
2828 527 3147 598 alloquitur;
3203 546 3386 602 regem
3452 533 3713 604 inquiens

2128 613 2433 671 Suessionis
2481 632 2600 673 sese
2629 618 2983 687 privatum‘”
3010 620 3240 689 habere;
3273 621 3464 694 Belgas
3509 633 3714 694 praeter

2126 703 2482 774 paucissimos
2504 705 2570 760 ad
2597 721 2695 761 sua
2723 707 3059 765 discessisse.
3090 709 3243 766 Unde
3266 721 3322 766 et
3357 713 3434 768 rei
3467 727 3747 768 commo-~

2127 793 2360 860 ditatem,
2380 795 2568 851 adesse
2596 798 3039 866 memorabat‘“,
3069 799 3326 855 facillime
3356 809 3411 855 et
3443 817 3510 857 ex
3553 816 3712 871 aequo

2129 899 2306 956 regem
2335 901 2495 957 posse
2523 888 2643 957 capi
2673 903 2923 945 asserens
2942 929 2957 956 ,
3003 890 3050 946 si
3095 890 3199 960 ipsi
3237 907 3427 948 onmes
3448 892 3712 962 palatium

2130 982 2326 1036 adeant
2351 981 2462 1036 acsi
2493 981 2820 1048 consulturi,
2853 982 2907 1036 in
2944 983 3061 1052 ipso
3091 998 3307 1053 quoque
3333 984 3526 1054 palatii
3553 983 3715 1039 cubi-

2129 1076 2249 1131 culo
2295 1077 2437 1132 inter
2463 1077 2856 1134 consulendum
2890 1095 3072 1151 regem
3109 1082 3325 1151 capiant
3360 1089 3710 1152 teneantque.

2129 1166 2226 1223 His
2267 1167 2449 1224 favent
2493 1185 2684 1225 omnes
2724 1185 2862 1240 pene
2902 1184 2968 1224 ex
2995 1171 3228 1238 Celtica,
3261 1180 3316 1226 et
3345 1171 3411 1227 de
3446 1171 3725 1242 patrando

2131 1260 2404 1327 facinore,
2447 1262 2586 1330 apud
2637 1261 2906 1316 tirannum
2937 1261 3241 1330 conjurant.
3274 1262 3537 1318 Palatium
3581 1277 3713 1334 ergo

2134 1350 2377 1417 adeunt,
2409 1365 2697 1422 regemque
2727 1359 2912 1420 utpote
2936 1351 3232 1414 consulturi
3275 1353 3494 1423 stipant.
3539 1341 3719 1407 intro-1

2134 1439 2358 1494 missum
2387 1455 2516 1496 vero
2545 1440 2824 1507 cubiculo,
2855 1449 2916 1495 ut
2941 1440 3144 1512 paucis,
3175 1440 3395 1497 allocuti
3427 1448 3587 1508 sunt,
3615 1455 3715 1496 ca-

2133 1529 2288 1600 piunt
2316 1546 2379 1586 ac
2412 1539 2617 1587 tenent.

2207 1621 2296 1676 29...
2337 1621 2670 1679 Heriveus'”
2717 1622 3145 1694 metropolitanus
3163 1625 3247 1659 κοτ’
3271 1623 3531 1678 Karotam
3557 1639 3590 1677 a
3617 1623 3716 1678 de-

2133 1713 2502 1768 sertoribusm
2533 1724 2741 1785 captum
2765 1714 2947 1768 liberat
2965 1713 3035 1748 ¹⁰⁷
3060 1713 3352 1785 Remosque
3385 1714 3531 1767 ducit
3550 1712 3718 1766 ὀτι-

2134 1803 2363 1874 Jamque
2410 1805 2679 1862 abducere
2716 1804 3050 1870 nitebantur,
3101 1819 3225 1858 cum
3273 1802 3725 1873 metropolitanus

2135 1893 2398 1950 lleriveus
2424 1910 2545 1950 cum
2569 1894 2739 1965 copiis
2767 1893 3085 1964 repentinus
3111 1893 3300 1949 urbem
3329 1890 3738 1947 Suessonicam.

2137 1985 2455 2055 ingreditur.
2487 1984 2649 2055 Regis
2683 1984 2833 2038 enim
2875 1982 3164 2047 sollicitus,
3204 1983 3542 2038 desertorum
3569 1979 3721 2036 frau-

2136 2075 2254 2130 dem
2284 2083 2663 2145 praesenserat.
2693 2073 2760 2128 Et
2786 2074 2900 2144 ipse
2929 2073 3146 2143 quidem
3173 2073 3327 2145 prius
3353 2088 3474 2128 eum
3502 2072 3717 2142 paucis,

2133 2174 2256 2235 post
2300 2179 2424 2220 vero
2452 2164 2569 2229 sui,
2605 2164 2818 2220 favente
2861 2163 3074 2223 Riculfo
3119 2163 3362 2236 ejusdem
3409 2163 3561 2217 urbis
3594 2162 3713 2233 epi-

2136 2270 2329 2326 scopo,
2380 2238 2775 2324 consequenter
2819 2253 3195 2309 admittuntur.
3243 2252 3485 2308 Armatis
3534 2251 3722 2322 itaque

2135 2346 2524 2410 circumdatus,
2547 2344 2832 2400 concilium
2858 2343 3195 2400 desertorum
3219 2343 3558 2414 stupentibus
3581 2357 3718 2398 cun-

2137 2437 2239 2491 ctis
2271 2443 2539 2506 penetrat.
2571 2433 2877 2503 Factusque
2905 2433 3163 2489 terribilis
3192 2451 3204 2488 :
3254 2431 3353 2487 Ubi
3382 2433 3595 2503 inquam
3642 2439 3719 2486 est

2137 2528 2382 2582 dominus
2412 2541 2558 2579 meus
2595 2539 2686 2577 rea:
2706 2524 2730 2578 Ρ
2753 2523 2831 2578 Ex
2859 2530 2971 2577 tam
2997 2523 3180 2578 multis
3196 2565 3214 2592 ,,
3240 2524 3397 2593 pauci
3433 2521 3718 2577 admodum

2139 2616 2499 2688 respondendi
2543 2615 2688 2670 vires
2732 2612 3005 2681 habuere,
3055 2627 3176 2668 sese
3221 2613 3432 2683 penitus
3469 2613 3720 2680 deceptos

2140 2706 2263 2762 rati.
2288 2705 2390 2773 Qui
2411 2715 2590 2759 tamen
2614 2718 2738 2759 cum
2759 2702 2964 2757 viribus
2984 2701 3237 2758 resumtis
3263 2702 3539 2756 dicerent:
3568 2698 3720 2752 Intro

2140 2813 2256 2852 cum
2282 2797 2464 2867 paucis
2487 2794 2784 2850 consultat!
2809 2793 3256 2863 metropolitanus
3295 2791 3434 2847 ostio
3470 2790 3722 2845 obserato

2138 2886 2249 2938 vim
2295 2885 2479 2939 infert.
2534 2883 2791 2950 Serisque
2837 2881 3231 2951 pessumdatis,
3281 2879 3489 2934 cumm
3531 2877 3722 2946 paucis

2141 2974 2417 3030 sedentem
2439 2973 2695 3043 repperit.
2721 2970 2946 3039 Captum
2968 2969 3110 3023 enim
3133 2967 3442 3023 custodibus
3461 2964 3750 3023 adhibitis.

2144 3063 2422 3136 ergastulo
2467 3063 2880 3133 deputaverant.
2911 3057 3028 3125 Quo
3057 3055 3505 3127 metropolitanus
3555 3068 3724 3107 manu

2146 3155 2481 3226 apprehenso
2514 3171 2528 3207 :
2566 3150 2698 3206 Veni
2741 3150 2918 3220 inquit
2958 3165 3082 3214 rex,
3116 3149 3319 3219 tuisque
3353 3147 3524 3216 potius
3556 3153 3721 3198 utere.

2145 3246 2213 3301 Et
2242 3245 2320 3300 sic
2346 3260 2377 3299 a
2407 3242 2824 3316 metropolitano
2852 3255 2883 3296 e
2907 3241 3242 3296 desertorum
3291 3236 3468 3292 medio
3498 3235 3727 3290 eductus

2146 3346 2246 3394 est.
2276 3337 2427 3392 Tunc
2456 3337 2618 3391 etiam
2647 3348 2845 3404 equum
2870 3331 3167 3388 ascendens
3186 3370 3200 3396 ,
3232 3343 3354 3384 cum
3381 3327 3519 3382 1500
3546 3340 3727 3380 arma—

2146 3439 2325 3484 torum
2368 3427 2437 3482 ab
2481 3427 2616 3483 urbe
2664 3425 2858 3490 exivit,
2887 3432 3050 3494 atque
3080 3423 3281 3477 Remos
3329 3419 3564 3475 devenit.
3596 3417 3749 3472 Post.

2149 3523 2303 3594 cujus
2332 3523 2629 3579 discessum
2647 3563 2662 3587 ,
2699 3521 3007 3576 desertores
3033 3517 3241 3588 pudore
3269 3511 3506 3577 confusi,
3541 3509 3728 3566 illusos

2149 3631 2270 3673 sese
2314 3613 2748 3686 indignabantur.
2800 3604 3210 3677 Confusique‘”
3273 3603 3341 3658 ad
3409 3600 3729 3656 Rotbertum

2149 3706 2410 3770 redeunt,
2451 3712 2613 3773 atque
2653 3715 2768 3755 rem
2800 3715 2908 3754 non
2943 3698 3074 3753 satis
3103 3707 3361 3766 prospere
3395 3699 3598 3762 gestam
3627 3689 3728 3744 de—

2151 3795 2343 3852 sertori
2377 3791 2667 3862 transfugae
2708 3797 3007 3859 reportant.
3039 3786 3267 3842 Karolus
3292 3799 3422 3839 vero
3464 3797 3558 3837 rex
3600 3793 3728 3834 cum

2152 3883 2570 3954 metropolitano
2612 3879 2840 3949 aliisque
2870 3877 3058 3948 paucis
3083 3876 3174 3946 qui
3199 3890 3230 3929 a
3255 3888 3313 3928 se
3337 3871 3552 3942 quidem
3578 3866 3730 3923 defe-

2153 3982 2375 4037 cerant,
2429 3969 2751 4040 sapientium
2787 3977 2965 4020 tamen
3018 3963 3246 4019 consilio
3295 3961 3362 4015 ad
3409 3973 3468 4014 se
3521 3955 3732 4012 reversi

2154 4071 2309 4122 erant
2329 4103 2343 4129 ,
2374 4059 2600 4131 Belgicae
2626 4059 2882 4112 interiora
2909 4055 3135 4125 repetit,
3165 4065 3229 4106 ac
3254 4048 3500 4117 Tungros
3529 4058 3731 4100 conce-

2155 4156 2252 4211 dit.
2303 4153 2492 4222 lbique
2543 4149 2796 4221 episcopo
2832 4157 2960 4200 tunc
3005 4143 3258 4199 defuncto
3291 4137 3601 4195 Hilduinum
3629 4131 3736 4194 eli-

2139 4253 2315 4318 ,gente
2344 4244 2488 4300 clero
2506 4283 2522 4309 ,
2551 4256 2616 4297 ac
2634 4239 2831 4311 p0pulo
2860 4238 3107 4302 favente,
3137 4249 3237 4305 per
3261 4229 3734 4305 archiepiscopum

2159 4335 2575 4398 llerimannum,
2621 4328 2910 4402 praesulem
2951 4326 3200 4395 ordinat,
3230 4325 3409 4381 virum
3455 4321 3735 4379 liberalem

2156 4441 2220 4482 ac
2240 4433 2546 4488 strenuum,
2562 4420 2660 4477 sed
2681 4418 2991 4477 factiosum.
3016 4418 3152 4472 Nam
3181 4431 3306 4472 mox
3331 4414 3620 4484 episcopus
3646 4425 3740 4465 or-

2153 4519 2410 4586 dinatus,
2457 4513 2528 4571 iis
2577 4511 2806 4582 Belgicae
2865 4510 3204 4581 principibus
3253 4506 3428 4576 qui“°
3475 4502 3738 4558 Rotberto

2153 4610 2274 4668 duci
2304 4609 2363 4664 in
2391 4608 2534 4678 regis
2569 4606 2872 4677 abjectione
2905 4602 3186 4664 favebant,
3218 4613 3342 4652 mox
3387 4596 3546 4652 haesit
3574 4602 3631 4650 et
3659 4592 3741 4647 fa-

2152 4702 2268 4768 vit,
2297 4699 2593 4771 plurimum
2641 4712 2766 4754 cum
2817 4694 2898 4749 eis
2945 4699 3133 4748 contra
3181 4704 3363 4760 regem
3396 4687 3734 4744 machinans.

1748 4834 1986 4891 vanus:
2036 4810 2443 4889 LECTIONES.

544 4978 588 5010 ετ
617 4977 682 5031 ad
707 4975 773 5041 τί,
806 4991 861 5062 ι),
896 4977 964 5058 es
988 4976 1030 5031 ιε
1055 4957 1279 5062 ancisa:
1355 4975 1403 5008 ε’
1427 4975 1494 5030 de
1520 4974 1766 5062 amicicia
1797 4972 1940 5062 inter
1979 4984 2038 5025 se
2081 4970 2330 5026 habenda
2367 4968 2658 5062 ιριυτξηξιιμη
2708 4963 2976 5062 esse;
3010 4962 3093 5062 ,ἐξ
3113 4955 3738 5062 ηἳ..ςξ¹ξῗῖἓίὶῗ,ιξῗξί⁶ῗξίῖξῑ

2738 5035 2782 5062 93
2801 5051 2825 5062 Α
2865 5034 2976 5062 Ιὶηη
3010 5033 3093 5062 ᾹῘΛ
3113 5027 3554 5062 n:ls:lnnn;nl‘1|:'n
