3988 5362
254 328 324 387 33
1164 323 1638 386 msronnnuu
1675 322 1856 379 nam
1893 321 2247 390 QUATUOR.
2285 357 2354 368 -
2392 325 2520 384 LIB.
2561 328 2600 384 ι.
3413 353 3491 411 δι

256 444 329 500 At
347 443 412 474 ιιι
443 455 536 496 rex
556 439 696 495 bono
727 452 948 496 suorum
974 451 1109 495 usus
1127 441 1352 496 consilio
1369 481 1384 505 ,
1407 455 1506 509 per
1539 437 1824 492 iteriveum
1856 435 1907 494 Α
1931 432 2231 501 demittam,
2267 437 2522 492 virtutem
2545 446 2690 492 tuam
2720 446 2992 508 expertus.
3015 440 3276 514 Equidem
3313 445 3504 503 decre-

251 532 735 603 metropolitanum
785 531 977 587 ducem
1021 531 1422 586 Heinricumm
1452 529 1542 598 qui
1576 529 1629 581 in
1663 526 1833 581 Saxo-

253 627 347 681 nia
365 625 433 658 “‘
463 624 714 680 omnibus
733 630 999 695 praeerat,
1031 622 1281 678 accersit.
1309 619 1407 674 Hic
1431 620 1572 674 enim
1605 616 1674 672 ab
1701 617 1832 671 Rot-

251 715 495 773 bertom
525 728 852 784 persuasus,
899 728 1021 768 cum
1051 713 1170 766 aliis
1199 711 1267 766 ab
1296 723 1421 780 rege
1455 708 1796 762 discesserat.

320 806 415 860 25.
441 802 756 872 Conquestio
786 803 855 834 ¹¹⁸
899 800 1105 856 Herivei
1129 800 1454 854 Remensium
1476 799 1546 829 ¹¹⁵
1573 804 1830 864 metropo-

252 894 406 948 litani
425 894 493 924 “'
513 893 654 962 apud
676 891 1065 946 Ileinricum‘“
1089 907 1181 961 pro
1206 888 1401 944 Karolo
1415 903 1550 958 rege.
1570 916 1639 926 —-—
1665 884 1838 938 Penes

251 1001 416 1056 quem
451 1027 466 1050 ,
513 983 961 1054 metr0politanus
1007 984 1126 1037 vice
1191 981 1330 1051 regis
1374 979 1452 1034 sic
1497 992 1652 1032 orsus
1705 977 1782 1030 ait
1819 993 1832 1027 :

257 1095 279 1128 ι
309 1077 607 1142 Hactenus,
640 1077 726 1130 vir
754 1074 1110 1140 nobilissime,
1141 1081 1230 1127 tua
1261 1069 1566 1142 prudentia,
1591 1077 1680 1123 tua
1703 1067 1841 1122 libe-

250 1167 492 1232 ralitate,
534 1182 644 1238 pax
677 1167 1000 1238 principum,
1032 1163 1316 1219 concordia
1355 1161 1593 1217 omnium
1638 1158 1840 1213 utiliter

250 1257 509 1313 ﬂoruere.
537 1257 611 1312 At
634 1266 919 1328 postquam
947 1254 1317 1310 malivolorum
1356 1251 1555 1307 invidia
1598 1251 1837 1303 animum

252 1349 541 1415 remisisti,
571 1347 926 1405 circumcirca
948 1345 1228 1402 discordiae
1251 1343 1333 1398 vis
1362 1359 1392 1397 a
1417 1341 1648 1398 latibulis
1667 1353 1841 1394 emer-

251 1438 346 1492 sit.
373 1437 506 1504 Quae
536 1453 646 1501 res,
673 1438 890 1492 domino
915 1445 1101 1494 nostro
1123 1434 1234 1506 regi
1266 1433 1407 1503 apud
1437 1440 1487 1486 te
1509 1438 1720 1485 oratum
1762 1429 1841 1484 ire

253 1533 446 1586 suasit.
479 1532 621 1586 Ante
642 1530 912 1586 hacoenim
935 1545 1040 1584 non
1069 1528 1410 1582 mediocriter
1429 1525 1498 1579 ob
1521 1532 1610 1578 tua
1648 1521 1840 1577 merita

254 1621 644 1676 dilectissimus
686 1619 856 1674 fuisti.
882 1619 996 1674 Tua
1023 1619 1234 1690 egregia
1263 1617 1396 1672 ﬁdes
1441 1616 1490 1671 ei
1542 1614 1838 1685 recognita,

254 1710 310 1764 in
338 1711 556 1782 magnis
582 1710 840 1781 periculis
860 1709 1084 1763 multum
1105 1709 1207 1764 sibi
1231 1707 1472 1763 fidutiam
1502 1715 1675 1776 parat.
1707 1704 1839 1760 Cum

1935 533 2050 578 tum
2081 525 2212 581 mihi
2235 525 2428 593 fuerat,
2459 528 2692 597 ingenio,
2711 529 2956 596 consilio,
2982 533 3148 588 armis
3171 535 3239 589 ab
3261 549 3328 591 eo
3355 551 3508 592 recc‘

1935 613 2080 668 dere.
2113 632 2132 666 ι
2159 614 2456 673 Persuasus
2480 619 2662 688 itaque
2694 634 2792 688 per
2811 622 3304 692 metropolitanum,
3335 625 3502 680 Hein-

1935 706 2080 761 ricus
2110 707 2177 738 m
2205 708 2317 779 regi
2338 710 2639 775 deducitur,
2664 711 2938 779 multoque
2968 715 3278 770 ambitionis
3298 718 3506 772 honore

1935 807 2061 854 ante
2088 797 2412 866 admittitur,
2431 817 2494 856 ac
2518 802 2676 858 ambo
2696 803 2751 857 in
2780 805 3071 860 amicitiam
3102 807 3433 863 federantur.

2005 891 2095 945 25.
2111 891 2314 958 Quibus
2330 892 2491 962 gestis
2505 893 2785 950 Hilduinus
2798 895 3188 964 Tungrensium
3203 900 3510 969 episcopus.

1937 995 2059 1035 cum
2089 981 2154 1036 iis
2175 983 2263 1051 qui
2293 984 2361 1037 ab
2387 983 2831 1052 regedefecerant
2858 987 3198 1058 conspirasse
3233 989 3286 1043 in
3317 992 3385 1026 “7
3424 1005 3517 1044 re-

1937 1087 2056 1141 gem
2106 1072 2469 1140 insimulatus,
2494 1073 2715 1143 regique
2738 1074 3002 1140 infensus,
3045 1076 3114 1130 ab
3161 1091 3227 1132 eo
3277 1078 3510 1132 insecta-

1937 1159 2099 1214 batur
2122 1161 2208 1213 ηδ.
2234 1160 2401 1231 Cujus
2427 1161 2536 1216 odii
2558 1161 2640 1217 vis
2665 1176 2730 1216 eo
2749 1176 2918 1231 usque
2945 1166 3208 1232 pervenit,
3236 1175 3294 1219 ut
3316 1166 3514 1220 Richeu

1940 1268 2058 1307 rum
2081 1252 2420 1309 Prumiensis
2440 1253 2756 1308 monasterii
2782 1253 3030 1308 abbatem
3060 1264 3422 1324 promoveret,
3453 1263 3510 1311 et

1940 1341 2251 1398 ililduinum
2273 1344 2567 1399 abdicaret.
2595 1342 2768 1413 (921.)
2791 1343 2860 1398 At
2889 1344 3153 1400 Richerus
3174 1348 3242 1401 ab
3259 1362 3386 1416 rege
3414 1348 3514 1401 do-

1941 1446 2122 1502 natus,
2152 1452 2273 1494 cum
2296 1437 2364 1491 ab
2409 1435 2821 1507 metropolitano
2850 1435 3179 1491 Herimanno
3205 1448 3507 1508 urgeretur,

1941 1539 2005 1581 eo
2025 1528 2166 1596 quod
2207 1536 2396 1582 contra
2444 1527 2525 1582 fas
2551 1528 2620 1582 ab
2647 1541 2772 1597 rege
2794 1527 3161 1597 episcopatum
3185 1529 3510 1598 suscepisset

1943 1633 2102 1688 super
2125 1633 2246 1673 eum
2273 1618 2366 1688 qui
2397 1619 2631 1682 tenebat,
2658 1617 2857 1686 quique
2895 1616 3038 1670 nulla
3073 1616 3348 1686 culparum
3377 1630 3509 1671 con—

1944 1707 2178 1764 fessione
2206 1709 2401 1773 victus,
2433 1709 2578 1763 nullo
2595 1707 2793 1777 juditio
2834 1709 3121 1762 damnatus
3167 1717 3334 1775 esset,
3367 1709 3516 1779 regis

253 1800 426 1854 totius
450 1808 598 1854 statu
627 1799 902 1870 dignitatis
946 1813 1040 1853 rex
1083 1797 1370 1868 potiretur,
1419 1796 1691 1866 paululum
1733 1809 1760 1848 a
1787 1803 1840 1848 to
1870 1788 1914 1848 Β
1935 1800 2090 1873 jussu
2122 1801 2345 1857 Romam
2374 1801 2622 1866 festinat;
2656 1815 2721 1856 ac
2746 1801 2818 1855 ibi
2840 1800 3070 1855 Iohanni
3097 1815 3266 1870 papa},
3293 1808 3348 1854 et
3371 1799 3514 1869 regis

252 1889 545 1944 oberrasse
569 1889 640 1921 “°
696 1904 815 1945 sese
844 1904 948 1944 non
985 1889 1214 1960 ignorat.
1269 1889 1376 1942 Sed
1424 1888 1477 1942 id
1517 1886 1682 1941 multa
1735 1886 1839 1942 ﬁde

253 1981 534 2050 corrigere
561 1983 746 2054 gestit.
791 1981 901 2038 Nec
940 1991 1024 2037 est
1071 1985 1175 2038 hoc
1219 1983 1533 2038 inusitatum
1563 1991 1618 2037 et
1658 1981 1840 2051 singu-

254 2072 382 2128 lare.
408 2073 475 2105 ³⁸⁷
496 2073 753 2129 Omnium
768 2073 1130 2129 estinterdum
1144 2074 1408 2145 desipere,
1432 2075 1693 2130 bonorum
1712 2085 1840 2126 vero

259 2162 567 2218 rationibus
623 2165 823 2219 redire.
877 2163 1253 2220 Suli'erendum
1307 2173 1392 2221 est
1438 2165 1618 2235 itaque
1679 2172 1841 2232 atque

263 2264 467 2304 summa
524 2252 863 2324 benignitate
891 2253 1292 2326 indulgendum.
1341 2255 1421 2310 Tu
1463 2269 1675 2324 quoque
1709 2253 1841 2310 Ger-

155 2397 158 2400 .
259 2355 550 2394 manorum
575 2341 650 2373 ⁶¹⁸
675 2343 900 2412 optime,
927 2344 1153 2398 nimium
1181 2359 1210 2397 a
1251 2353 1399 2400 recto
1447 2345 1736 2399 secessisse
1762 2343 1841 2396 vi-

259 2429 422 2485 deris.
453 2429 647 2500 Neque
675 2432 729 2486 id
755 2433 970 2488 mirum.
997 2433 1132 2489 Nam
1165 2435 1270 2489 dux
1316 2436 1607 2490 Rotbertus
1629 2434 1697 2475 ι¹⁹
1726 2449 1842 2489 om-

259 2519 344 2573 nia
371 2519 593 2585 sitiens,
621 2523 844 2592 regique
867 2539 1090 2595 regnum
1121 2526 1431 2580 immaniter
1461 2525 1706 2580 invidens
1749 2524 1838 2591 'I",

257 2611 542 2666 incautum
571 2623 626 2669 te
648 2615 990 2671 suasionibus
1021 2617 1211 2671 illexit.
1246 2617 1386 2683 Quid
1412 2617 1558 2672 enim
1597 2617 1840 2672 suasorie

258 2701 472 2772 digesta
517 2720 622 2760 non
647 2705 812 2762 efﬁcit
839 2709 1047 2765 oratio?
1069 2709 1303 2763 Nimium
1336 2709 1556 2778 inquam
1586 2710 1652 2764 ab
1677 2709 1841 2764 utris-

255 2808 363 2864 que
384 2796 702 2852 oberratum
730 2807 832 2854 est.
857 2799 964 2855 Sed
976 2799 1091 2869 jam
1121 2802 1334 2856 tandem
1375 2801 1527 2871 prior
1550 2799 1703 2856 vobis
1748 2814 1838 2855 re-

259 2885 387 2940 deat
422 2887 618 2942 virtus.
645 2889 866 2945 Summa
891 2892 1170 2962 utriusque
1197 2905 1320 2961 ope,
1351 2899 1576 2961 uterque
1611 2892 1836 2958 nitatur,

259 2984 316 3028 ut
339 2985 403 3030 tu
425 2977 634 3033 habeas
665 2993 844 3050 regem
873 2981 968 3036 tibi
999 2982 1244 3051 adprime
1263 2982 1628 3046 commodum,
1659 2988 1713 3036 et
1744 2995 1840 3035 rex

262 3064 542 3122 habeatte
588 3068 766 3122 virum
810 3084 927 3125 sese
968 3071 1360 3141 dignissimum.
1409 3070 1545 3126 Nam
1598 3079 1652 3126 te
1697 3071 1838 3126 idem

261 3165 529 3224 praestare
556 3157 720 3226 gestit
753 3157 815 3192 ¹¹¹
844 3159 909 3214 iis
935 3160 1148 3215 omibus
1169 3161 1260 3230 qui
1281 3161 1625 3216 Germaniam
1657 3162 1724 3194 ¹¹¹
1762 3161 1840 3216 in-
1868 3141 1916 3206 ε

267 3244 517 3299 habitare
545 3255 864 3302 noscuntur.
893 3247 972 3304 0b
996 3249 1098 3304 hoc
1125 3251 1290 3320 igitur
1330 3252 1568 3305 animum
1623 3251 1687 3305 ad
1734 3265 1847 3306 me-

265 3334 403 3390 liora
434 3351 650 3392 revoea.
681 3339 967 3395 Dominum
994 3342 1061 3376 ¹¹³
1091 3342 1361 3412 abjectum
1389 3343 1595 3414 recipe,
1623 3351 1682 3397 ut
1710 3351 1766 3398 et
1791 3351 1846 3396 tu

265 3427 332 3482 ab
359 3442 429 3482 eo
459 3427 796 3484 extollendus
819 3431 1126 3501 excipiaris.
1161 3451 1181 3486 ι

334 3519 429 3572 24.
451 3517 736 3588 Responsio
764 3520 829 3557 ιιδ
852 3521 1088 3577 Heinrici
1111 3524 1181 3555 ³⁸⁸
1203 3525 1272 3578 ad
1306 3525 1374 3556 ¹¹⁹⁵
1392 3527 1846 3596 metropolitanum

270 3609 559 3666 Heriveum
586 3612 656 3643 ¹¹⁸
684 3613 747 3667 de
778 3612 996 3668 Karolo.
1023 3645 1094 3656 —
1118 3615 1198 3669 Ad
1256 3615 1373 3669 hzec
1419 3614 1700 3671 Heinricus
1732 3618 1799 3658 "8
1831 3633 1845 3672 :

275 3720 292 3752 ι
311 3702 504 3767 Multa,
519 3704 712 3774 inquit,
740 3719 824 3760 me
839 3705 906 3760 ab
919 3705 1004 3761 his
1021 3695 1393 3774 dehortantur,
1412 3708 1514 3763 nisi
1539 3717 1648 3774 tua,
1670 3717 1846 3778 pater,

273 3795 486 3864 egregie
535 3795 728 3859 virtus,
780 3795 847 3850 ad
892 3796 1034 3851 idem
1079 3797 1478 3866 quodammodo
1535 3798 1840 3868 pertrahat.

276 3883 399 3938 Scio
425 3884 572 3940 enim
601 3899 761 3954 quam
785 3885 996 3941 difﬁcile
1020 3895 1076 3940 et
1093 3887 1321 3942 arduum
1345 3889 1437 3952 sit,
1469 3889 1520 3942 ei
1565 3888 1849 3943 consilium

277 3973 422 4038 dare,
452 3990 577 4029 cum
613 3989 715 4029 sua
761 3976 1142 4043 inconstantia,
1200 3987 1311 4033 tum
1355 3994 1574 4033 suorum
1624 3979 1848 4034 invidia.

276 4061 390 4118 Non
416 4074 502 4120 est
527 4065 860 4137 incognitum
889 4069 1041 4130 mihi,
1076 4078 1332 4139 quantum
1357 4086 1456 4140 pro
1475 4085 1540 4126 eo
1564 4071 1706 4125 domi
1744 4069 1848 4123 mi-

279 4153 512 4226 litiaeque
535 4157 748 4227 pridem
774 4160 1114 4213 certaverim.
1147 4159 1279 4215 Illud
1305 4161 1469 4214 etiam
1505 4161 1846 4215 notissimum

279 4255 503 4307 constat,
554 4254 815 4316 quantum
863 4249 1008 4304 circa
1059 4265 1146 4304 me
1174 4249 1278 4304 fide
1307 4250 1487 4305 debita
1518 4250 1718 4305 abusus
1755 4251 1845 4304 sit.

279 4333 335 4388 ld
358 4335 629 4401 fortassis,
651 4345 827 4405 pater,
852 4341 1162 4406 persuades,
1189 4340 1330 4409 quod
1352 4356 1475 4396 cum
1502 4341 1699 4397 factum
1723 4341 1848 4407 erit,

279 4424 466 4484 fecisse
494 4428 778 4498 penitebit.
811 4429 913 4485 Sed
942 4432 1068 4499 quia
1097 4433 1162 4486 de
1186 4431 1366 4486 futuro
1388 4447 1546 4488 nemo
1571 4433 1703 4488 satis
1733 4431 1847 4487 cal-

1939 1896 2258 1950 sententiam
2286 1904 2338 1948 et
2367 1893 2449 1948 sui
2498 1892 2696 1963 negotii
2730 1907 2948 1948 causam
2979 1893 3332 1946 demonstrat.
3365 1889 3512 1958 Papa

1940 1987 1992 2040 in
2040 1987 2347 2042 [tilduinum
2370 1986 2704 2040 desertorem
2727 1985 3034 2054 indignans,
3086 1983 3156 2036 ab
3187 1982 3362 2037 ofIicio
3387 1995 3513 2034 eum

1940 2077 2217 2148 suspendit
2258 2091 2321 2132 ac
2373 2076 2719 2130 anathemate
2749 2076 2998 2139 damnat;
3048 2072 3338 2127 Richerum
3376 2085 3510 2125 vero

1938 2172 2247 2240 episcopum
2271 2169 2505 2234 ordinat,
2531 2183 2596 2222 ac
2616 2181 2726 2222 suae
2753 2166 3093 2221 auctoritatis
3135 2163 3518 2219 benedictione

1941 2261 2124 2316 donat.
2159 2259 2284 2314 Haec
2311 2259 2435 2313 dum
2459 2258 2538 2312 sic
2559 2264 2868 2327 agerentur,
2885 2249 3186 2309 'Hilduinus
3230 2253 3514 2324 prosequi-

1941 2358 2047 2416 tur,
2072 2351 2338 2404 incassum
2364 2348 2505 2416 apud
2545 2360 2738 2417 papam
2784 2344 3074 2415 plurimam
3118 2343 3513 2412 querimoniam

1942 2440 2192 2504 fundens,
2213 2454 2277 2494 ac
2301 2437 2441 2508 apud
2473 2451 2597 2492 eum
2630 2450 2730 2504 pro
2759 2433 3097 2489 absolutione
3118 2430 3404 2486 admodum
3438 2429 3518 2482 la-

1940 2531 2159 2586 borans.
2191 2529 2308 2596 Quo
2329 2535 2719 2597 conquerente,
2746 2524 3010 2580 Richerus
3037 2523 3196 2588 redit,
3225 2536 3290 2576 ac
3329 2520 3513 2576 sedem

1941 2638 2162 2677 vacuam
2180 2620 2366 2689 jussus
2386 2621 2455 2679 ab
2481 2633 2607 2689 rege
2630 2617 2946 2688 ingreditur.
3315 2632 3324 2640 ο

2011 2713 2100 2767 26.
2132 2712 2225 2766 His
2249 2712 2324 2765 ita
2353 2724 2472 2766 sese
2512 2709 2835 2764 habentibus
2869 2724 2962 2764 rex
2981 2707 3049 2760 ad
3077 2706 3360 2762 interiores
3389 2700 3516 2760 Bel-

1943 2804 2074 2877 gica:
2093 2811 2276 2874 partes
2307 2803 2411 2856 iter
2431 2806 2739 2868 retorquet;
2792 2798 2974 2868 ibique
2992 2799 3060 2853 ob
3097 2797 3292 2852 multas
3330 2811 3516 2851 rerum

1943 2911 2063 2965 qua:
2087 2898 2426 2948 emerserant
2452 2903 2670 2956 causas,
2693 2887 2841 2959 regio
2866 2888 3083 2942 decreto
3127 2895 3181 2941 et
3212 2885 3519 2954 metropoli-

1946 2986 2056 3041 tani
2073 2985 2252 3056 jussu,
2276 2982 2496 3039 sinodus
2519 2979 2630 3050 (72)
2654 2981 2794 3050 apud
2817 2977 3115 3033 Trosleium
3156 2976 3401 3032 habenda
3433 2977 3520 3030 in-

1945 3076 2161 3130 dicitur.
2185 3073 2284 3129 Cui
2305 3071 2493 3128 sinodo
2527 3071 2754 3125 domnus
2787 3067 3044 3124 lleriveus
3068 3067 3340 3136 praesedit,
3389 3080 3519 3136 rege

1949 3181 2160 3237 quoque
2187 3164 2384 3221 ibidem
2432 3161 2775 3233 praesidente.
2807 3158 2910 3214 Ubi
2939 3157 3352 3228 quamplurimis
3399 3171 3520 3227 quze

1949 3258 2177 3314 utillima
2205 3256 2320 3312 visa
2369 3262 2495 3310 sunt
2523 3250 2918 3314 determinatis,
2959 3249 3102 3318 regis
3131 3249 3434 3302 interventu
3463 3255 3520 3302 et

1947 3349 2188 3405 omnium
2210 3347 2582 3417 episcoporum
2605 3343 2696 3413 qui
2725 3341 2913 3398 sinodo
2935 3338 3227 3394 interfuere
3251 3352 3519 3393 consensu

1949 3441 2179 3496 domnus
2210 3437 2470 3493 Heriveus
2501 3433 2949 3502 metropolitanus
3000 3428 3339 3485 Erlebaldum
3380 3443 3521 3498 prae-

1949 3530 2153 3586 dictum
2173 3526 2594 3584 Castricensium
2618 3522 2873 3578 comitem
2909 3536 2938 3574 a
2966 3519 3183 3574 vinculo
3211 3533 3520 3574 excommu-

1949 3619 2239 3675 nicationis
2267 3617 2332 3651 ⁸⁸³
2364 3615 2614 3672 absolvit.
2645 3614 2720 3669 lbi
2750 3613 2911 3666 etiam
2951 3609 3183 3666 Rodulfo
3206 3609 3521 3664 Lauduncn-

1950 3711 2091 3766 sium
2120 3710 2374 3779 episcopo
2399 3706 2675 3770 defuncto,
2719 3702 3055 3760 Adelelmum
3101 3699 3342 3772 ejusdem
3364 3700 3517 3754 urbis

1952 3801 2347 3856 thesaurarium
2375 3799 2543 3853 multo
2589 3797 2966 3867 episcoporum
2997 3809 3264 3852 consensu
3299 3793 3366 3848 ab
3392 3806 3522 3862 rege

1952 3892 2206 3946 donatum
2235 3889 2600 3959 sollempniter
2619 3887 2855 3941 ordinat.

2018 3982 2109 4036 27.
2138 3980 2234 4037 His
2254 3995 2512 4052 prospere
2563 3985 2619 4034 et
2658 3977 2865 4032 utiliter
2885 3974 3070 4046 gestis,
3104 3989 3198 4029 rex
3241 3970 3520 4041 superiora

1950 4071 2179 4141 Belgica:
2207 4070 2422 4139 repetit,
2473 4068 2650 4136 aliqua
2677 4081 2899 4120 suorum
2940 4063 3012 4118 ibi
3053 4061 3420 4118 ordinaturus.
3463 4059 3519 4112 ln

1953 4161 2276 4216 Richuinum
2299 4160 2552 4216 comitem
2574 4157 2766 4222 fertur,
2788 4170 2852 4210 eo
2878 4155 3020 4223 quod
3047 4161 3100 4209 et
3123 4152 3234 4223 ipse
3254 4150 3521 4212 desertor,

1950 4253 2197 4308 Rotherti
2225 4259 2405 4321 partes
2434 4251 2709 4304 tuebatur.
2739 4247 2864 4316 Ejus
2886 4261 3015 4316 ergo
3042 4244 3250 4314 oppidis
3293 4240 3525 4297 obsidio-

1951 4361 2074 4400 nem
2101 4343 2340 4409 adhibet,
2369 4342 2670 4397 vehementi
2691 4339 3086 4408 expugnatioue
3120 4335 3406 4391 infestans.
3453 4333 3525 4388 At

1953 4437 2042 4491 ille
2067 4435 2368 4506 equitatum
2394 4429 2786 4487 intolerabilem
2811 4429 3120 4490 advertens,
3141 4425 3263 4494 jure
3274 4425 3522 4480 obsidum

280 4516 437 4583 ιΜυει
487 4533 653 4572 nemo
681 4521 812 4572 Salis
857 4523 1091 4589 Prndens
1144 4522 1222 4587 ﬁt.
1275 4523 1396 4578 licet
1438 4525 1633 4593 sacpius
1680 4499 1926 4592 pravaD
1953 4499 2136 4585 victus
2157 4527 2224 4581 ad
2273 4538 2458 4594 regem
2485 4522 2644 4576 redit.
2697 4521 2811 4574 Rex
2858 4520 3059 4575 victum
3084 4518 3378 4586 excipiens,
3411 4516 3524 4568 ani-

279 4621 434 4676 quam
463 4610 606 4664 bona
658 4611 883 4665 consilia
932 4615 1270 4683 proveniant,
1315 4614 1460 4670 ferar
1508 4630 1850 4686 quocumque

273 4699 449 4768 jubes.
505 4699 932 4775 Modestiamque
958 4721 1158 4773 meam,
1184 4715 1305 4777 post
1335 4715 1478 4763 tuam
1529 4709 1847 4780 dignitatem

1956 4627 2103 4668 mum
2132 4611 2200 4664 ab
2229 4610 2306 4663 ira
2329 4607 2540 4676 mitigat
2572 4603 2638 4634 ¹³⁰
2663 4617 2728 4656 ac
2747 4617 2870 4657 eum
2902 4603 2952 4655 in
2985 4600 3213 4668 gratiam
3244 4598 3489 4651 resumit.

2025 4706 2119 4764 28.
2146 4705 2281 4759 Dum
2309 4701 2424 4756 haec
2449 4699 2795 4771 gerebantur,
2822 4693 3118 4748 Rotbertus
3147 4691 3362 4748 Celtica:
3398 4689 3528 4744 Gal-

1522 4871 1610 4927 VA
1619 4872 1756 4928 Rl/E
1811 4870 2217 4930 LECTIONES.

351 4975 416 5014 ¹¹¹
431 4981 1185 5057 atremoruntmetropolitani
1210 4981 1413 5036 heriuei
1443 4981 1674 5057 consilio
1685 4995 1821 5057 usus
1845 4982 2192 5057 gislebertum
2215 4977 2383 5057 quiin
2404 4966 3068 5057 belgica'onmibusp‘otior-
3085 4957 3534 5057 erata?"

281 5047 528 5098 accersit.
548 5044 650 5098 Hic
666 5047 806 5120 enim
822 5048 886 5120 ait
901 5027 1147 5106 l'le'ilnr'ico
1159 5027 2076 5120 ρέὲἓὶιὶῖζιίἐεῖὦῖιἐἰῑίίζιίόιῖἲίἷιῇἶζει
2084 5027 2593 5120 ῐῖἰηὲέὲὶίίῌέξςξεῗειι.
2611 5043 2684 5120 Et
2701 5027 2902 5120 accersi
2910 5047 3126 5116 tuscum
3145 5027 3537 5120 "NIIEOijngg‘?

281 5122 610 5190 Aalqtej'ggem
645 5115 941 5167 adlllillillll‘
1005 5122 1076 5160 in.
1123 5111 1287 5158 eti-inut
1313 5134 1491 5160 που-ιον
1545 5121 1728 5156 ηηίΙιιιε
1753 5120 2042 5160 ὅηηιηιιηιὸρ
2067 5111 2230 5160 eam“;
2265 5117 2609 5166 nrnfusr'nrem
2631 5111 2903 5163 historiam

283 5182 348 5212 ll!
408 5183 420 5194 ⁸

2932 5105 3103 5174 primo
3122 5112 3278 5174 manu
3301 5095 3536 5174 scrip-sit.

2804 5161 3311 5218 ἶηνηυιῖιιιτοᾱειριωπ.
3381 5161 3455 5191 ¹¹⁷
3488 5177 3539 5215 s.
