3988 5362
538 388 608 446 55
1659 377 1941 436 RICHERI
1979 377 2037 434 S.
2079 376 2337 434 REMlGlI
2378 375 2687 433 MONACHI
3723 385 3786 443 33

537 504 624 557 liae
653 499 758 556 dux
783 498 988 570 piratas
1023 494 1224 552 acriter
1271 492 1581 564 impetebat.
1618 492 1931 564 Irruperant
1974 491 2118 547 enim
2147 496 2195 556 Α
2227 498 2389 546 tantm
2406 491 2541 547 caedi
2569 506 2796 560 parcere
2824 494 2980 564 petit,
3006 510 3072 551 ac
3093 495 3262 550 instat
3282 501 3341 551 ut
3373 503 3648 552 eruantur.
3693 497 3788 558 Vix

537 594 673 648 duce
700 590 928 646 Rollone
955 589 1064 643 ﬁlio
1094 586 1271 642 Catilli
1296 589 1438 641 intra
1470 584 1779 640 Neustriam
1825 583 2113 654 repentini.

536 681 763 750 Jamque
815 679 1049 750 Ligerim
1106 677 1276 732 classe
1323 676 1759 739 transmiserant,
1802 689 1867 730 ac
1921 674 2118 729 ﬁnibus

537 772 679 826 illius
701 772 979 826 indemnes
1005 769 1368 840 potiebantur.
1414 768 1568 823 Ibant
1593 767 1797 837 passim
1846 765 2116 836 palantes,

536 869 698 929 atque
729 877 851 916 cum
881 860 1290 915 vehementibus
1319 859 1591 913 manubiis
1627 857 1693 912 ad
1721 858 1952 912 classem
1997 872 2117 912 sese

537 951 866 1006 referebant.
894 954 1012 1006 Dux
1040 966 1170 1005 vero
1197 965 1262 1004 ex
1297 958 1404 1004 tota
1433 948 1688 1005 Neustria
1717 950 1905 1019 copias
1947 949 2116 1004 colle-

535 1053 714 1113 gerat;
771 1044 953 1114 plures
1000 1058 1213 1112 quoque
1257 1058 1325 1097 ex
1371 1042 1663 1112 Aquitania
1728 1042 2113 1098 accersiverat.

531 1137 772 1190 Aderant
793 1136 954 1189 etiam
1011 1137 1079 1191 ab
1127 1149 1254 1205 rege
1281 1135 1458 1189 missae
1508 1143 1743 1204 quatuor
1769 1136 2023 1189 cohortes
2047 1148 2114 1187 ex

533 1226 764 1295 Belgica,
819 1225 1015 1294 quibus
1052 1236 1109 1280 et
1161 1225 1462 1280 Riehuinus
1508 1226 1806 1295 praedictus
1858 1235 2112 1295 prmerat.

530 1315 923 1383 Aquitanorum
944 1328 1074 1368 vero
1099 1314 1333 1385 legiones
1349 1314 1647 1371 Dalmatius
1671 1316 1917 1378 curabat.
1967 1315 2114 1370 Neu-

533 1404 696 1457 strios
717 1418 846 1458 vero
878 1403 990 1471 ipse
1033 1403 1138 1456 dux
1187 1403 1480 1458 Rotbertus
1529 1403 1867 1475 disponebat.
1919 1404 2116 1473 Sicque

530 1501 679 1549 totus
706 1495 858 1549 ducis
896 1495 1166 1550 exercitus
1199 1494 1252 1549 in
1289 1497 1648 1567 quadraginta
1703 1498 1921 1552 milibus
1963 1498 2114 1568 equi-

531 1593 644 1638 tum
673 1584 1024 1638 consistebat.
1058 1585 1380 1639 Dalmatium
1410 1602 1543 1658 ergo
1573 1603 1695 1642 cum
1724 1587 2012 1658 Aquitanis
2057 1587 2112 1642 in

527 1673 704 1742 prima
742 1674 926 1728 fronte
975 1677 1289 1742 constituit;
1321 1676 1446 1730 dein
1473 1676 1666 1746 Belgas
1699 1678 1790 1743 ‘3',
1844 1687 1901 1732 at
1969 1677 2114 1732 Neu-

532 1763 699 1818 strios
721 1763 976 1818 subsidiis
993 1763 1155 1820 locat.
1177 1763 1297 1834 lpse
1318 1765 1479 1819 etiam
1503 1767 1611 1820 dux
1633 1766 1868 1837 legiones
1881 1766 2111 1822 circum-

2221 597 2437 652 quoque
2459 583 2527 637 ab
2551 582 2696 638 caede
2709 584 2914 653 quievit
2940 587 3234 653 exercitus,
3264 585 3434 642 multo
3445 589 3787 659 prosperioris

2219 673 2449 728 fortunae
2469 674 2724 730 incitatus
2754 692 3031 733 successu.
3054 677 3251 733 Sedato
3272 693 3401 733 vero
3425 681 3676 745 tumultu,
3706 684 3789 752 qui

2219 765 2359 821 inter
2388 781 2482 822 eos
2510 768 2750 836 potiores
2774 770 3114 835 videbantur,
3135 786 3166 824 a
3195 770 3331 826 duce
3359 771 3504 840 capti
3534 779 3680 838 sunt,
3709 789 3790 829 re-

2218 855 2347 925 liqui
2373 871 2500 911 vero
2548 857 2648 912 sub
2661 857 2785 926 jure
2812 860 3059 916 obsidum
3109 861 3176 916 ad
3199 861 3427 916 classem
3456 862 3632 918 redire
3678 879 3769 934 per

2217 945 2528 1000 mittuntur.

2286 1037 2374 1092 51.
2407 1037 2626 1093 Patrata
2648 1053 2778 1110 ergo
2798 1039 3047 1105 victoria,
3069 1039 3420 1110 exercituque
3445 1038 3644 1106 soluto,
3671 1038 3794 1095 Rot-

2215 1127 2402 1183 bertus
2430 1137 2616 1197 captos
2672 1129 2868 1185 Parisii
2919 1131 3161 1200 deponit.
3204 1130 3315 1185 Hos
3340 1139 3702 1200 percunctans
3730 1131 3794 1164 ¹⁸⁸

2216 1234 2284 1272 an
2306 1219 2590 1275 christiani
2625 1221 2692 1253 ³³⁸
2715 1230 2917 1284 essent,
2951 1223 3156 1276 nullum
3181 1238 3370 1276 eorum
3395 1221 3463 1253 ¹³³
3506 1223 3787 1292 quicquam

2216 1308 2491 1378 religionis
2538 1311 2607 1350 ‘3"
2648 1310 2956 1379 hujusmodi
2999 1312 3068 1344 ³³⁸
3111 1313 3357 1382 attigisse
3405 1311 3474 1344 ³³⁸
3519 1313 3793 1383 comperit.

2214 1395 2378 1452 Misso
2424 1399 2606 1469 itaque
2651 1401 2718 1454 ad
2751 1401 2820 1436 ¹³¹³
2851 1401 3346 1464 eos-instruendus
3392 1401 3462 1434 ¹³⁸
3507 1401 3799 1456 reverendo

2212 1489 2521 1559 presbitero
2579 1491 2649 1523 ¹⁸⁸
2703 1501 2760 1548 et
2807 1495 3075 1550 monacho
3105 1494 3360 1570 .Martino
3410 1493 3501 1560 “3,
3530 1494 3600 1548 ad
3641 1494 3797 1550 ﬁdem

2213 1578 2414 1634 Christi
2439 1582 2684 1636 conversi
2715 1593 2858 1637 sunt.
2895 1583 2996 1651 Qui
3022 1585 3089 1616 ¹³⁸
3119 1600 3247 1639 vero
3270 1586 3338 1640 ad
3361 1585 3589 1640 classem
3615 1585 3688 1618 ¹³⁸
3713 1601 3797 1640 re-

2213 1668 2443 1735 dierant,
2469 1670 2558 1724 alii
2606 1671 2676 1704 ¹³⁸
2705 1687 2894 1727 eorum
2924 1673 3206 1728 christiani
3249 1673 3340 1738 ‘3“,
3393 1675 3482 1728 alii
3508 1674 3706 1745 pagani
3735 1672 3798 1705 ⁸³⁸

2214 1761 2422 1815 mixtim
2449 1763 2651 1817 inventi
2677 1772 2821 1819 sunt.
2849 1765 2914 1819 Et
2935 1765 2991 1820 hi
3009 1779 3223 1835 quoque
3251 1781 3347 1836 per
3375 1767 3692 1836 pradietum
3719 1766 3797 1820 vi-

530 1853 648 1908 iens
695 1855 996 1924 praecipuos
1031 1870 1275 1924 quosque
1325 1858 1542 1912 nomine
1585 1874 1787 1914 vocans
1835 1860 2101 1925 hortatur,
2132 1850 2180 1910 B
2208 1869 2328 1908 rum
2359 1855 2628 1918 instructi,
2664 1857 2894 1926 receptis
2925 1873 2956 1911 a
2978 1857 3113 1912 duce
3138 1858 3419 1927 opsidibus
3452 1859 3519 1890 ¹³⁹
3542 1872 3683 1928 quos
3709 1857 3798 1912 de-

527 1953 588 1999 ut
616 1960 727 2000 suae
753 1947 970 2000 virtutis
991 1962 1056 2002 ac
1083 1948 1384 2004 nobilitatis
1411 1949 1699 2017 plurimum
1722 1949 2104 2016 meminerint;

528 2050 628 2104 pro
651 2036 849 2104 patria,
881 2051 980 2105 pro
1009 2038 1136 2103 vita,
1176 2053 1275 2108 pro
1302 2037 1554 2094 libertate
1602 2040 1920 2095 certandum
1959 2056 2110 2098 asse-

526 2141 673 2181 rens.
705 2126 782 2181 De
810 2138 983 2183 morte
1021 2144 1130 2183 non
1165 2129 1564 2186 sollicitandum
1612 2147 1734 2186 cum
1757 2147 1821 2187 ea
1857 2133 2108 2190 omnibus

525 2217 732 2273 incerta
756 2219 844 2272 sit.
875 2218 933 2273 Si
965 2235 1094 2274 vero
1117 2219 1345 2291 fugiant,
1377 2221 1458 2276 eis
1479 2221 1613 2276 nihil
1639 2222 1708 2277 ab
1727 2223 1973 2279 hostibus
1988 2239 2110 2280 esse

526 2307 960 2378 relinquendum.
994 2309 1089 2365 llis
1117 2320 1170 2365 et
1213 2311 1333 2366 aliis
1380 2327 1542 2380 quam
1573 2312 1844 2381 plurimis,
1876 2314 2108 2370 militum

526 2399 738 2454 animos
768 2399 1108 2456 incendebat.
1137 2401 1342 2468 Quibus
1363 2404 1522 2458 dictis
1542 2403 1652 2459 dux
1686 2405 1740 2460 in
1790 2405 1969 2462 locum
2015 2407 2107 2464 ubi

523 2491 768 2560 praelium
799 2501 919 2546 erat
942 2494 1258 2563 gerendum,
1284 2495 1581 2552 instructos
1627 2498 1844 2554 ordines
1869 2501 2106 2557 deducit.

594 2581 684 2636 29.
719 2582 828 2638 Nec
857 2585 1035 2640 minus
1077 2594 1132 2640 et
1179 2587 1413 2642 hostium
1456 2591 1729 2647 exercitus
1775 2602 1964 2648 contra
2007 2593 2108 2649 hos

523 2689 639 2730 rem
692 2676 980 2732 militarem
1029 2678 1195 2732 multa
1223 2681 1440 2735 audatia
1470 2683 1814 2738 ordinabant.
1864 2683 2105 2751 Quorum

523 2767 795 2821 exercitus
818 2767 871 2822 in
900 2769 1292 2840 quinquaginta
1323 2771 1542 2826 milibus
1593 2784 1928 2828 armatorum
1975 2790 2106 2831 con-

523 2857 740 2922 sistens,
767 2857 1056 2914 ordinatim
1081 2861 1496 2918 obvenientihus
1523 2865 1789 2934 procedit.
1810 2867 2106 2924 Rotbertus

523 2945 635 3000 dux
661 2946 766 2999 vim
789 2947 915 3001 belli
951 2951 1240 3004 maximam
1298 2952 1584 3007 imminere
1629 2955 1940 3022 advertens,
1982 2973 2106 3013 cum

415 3113 424 3122 ο
522 3035 672 3090 mille
697 3038 933 3092 robustis
953 3055 1019 3094 ex
1049 3039 1322 3107 Neustria,
1349 3043 1613 3099 Dalmatio
1636 3045 1690 3098 in
1719 3047 1894 3116 prima
1929 3047 2106 3106 fronte

525 3137 646 3178 sese
669 3127 913 3182 assotiat.
945 3127 1195 3185 Procedit
1219 3131 1402 3201 itaque
1416 3147 1539 3186 cum
1569 3134 1834 3192 Dalmatia
1852 3147 1907 3193 et
1933 3138 2104 3210 Aqui-

524 3223 665 3276 tanis
696 3222 786 3273 η’.
837 3221 908 3272 At
941 3219 1238 3289 piratarum
1286 3221 1528 3292 legiones
1571 3222 1731 3295 longo
1761 3242 1881 3283 sese
1915 3231 2107 3286 ordine

521 3317 906 3386 protenderant
940 3312 1007 3346 ³³³
1040 3314 1321 3384 ipsumque
1359 3316 1605 3370 ordinem
1636 3318 1701 3371 ad
1726 3319 1913 3376 hostes
1959 3323 2107 3378 exci-

521 3405 749 3474 piendos
793 3412 1152 3459 curvaverant
1181 3415 1418 3460 scemate
1447 3405 1583 3461 luna:
1608 3423 1726 3477 qua
1763 3412 1816 3466 in
1856 3427 2111 3481 augmen-

523 3503 580 3550 to
604 3494 674 3526 ¹³⁸
695 3503 796 3560 est,
826 3502 885 3548 ut
907 3495 1032 3548 dum
1056 3494 1226 3548 multo
1249 3494 1463 3550 fervore
1483 3497 1668 3552 hostes
1699 3511 1938 3565 ruerent,
1955 3517 2108 3558 exer-

523 3586 663 3640 citus
687 3585 1042 3640 circnlatione
1072 3585 1466 3655 exciperentur.
1509 3587 1601 3642 Sic
1625 3590 1790 3644 etiam
1821 3593 1888 3646 ab
1918 3593 1984 3647 iis
2015 3594 2106 3663 qui

524 3675 578 3729 in
605 3691 770 3731 cornu
795 3686 1023 3744 utroque
1049 3676 1424 3744 persisterent,
1450 3693 1480 3732 a
1509 3687 1661 3749 tergo
1682 3683 1921 3752 appetiti,
1954 3699 2106 3741 more

522 3766 788 3832 pecudum
821 3775 1224 3820 sternerentur.

592 3855 683 3909 50.
706 3855 804 3910 llis
826 3871 954 3926 ergo
1008 3856 1065 3910 in
1118 3865 1348 3927 utraque
1402 3867 1556 3929 parte
1603 3864 1826 3931 paratis,
1879 3875 2108 3936 uterque

522 3949 794 4005 exercitus
839 3949 909 3980 ¹³⁸
959 3949 1125 4020 signis
1153 3951 1361 4005 collatis
1392 3955 1760 4024 congreditur.
1814 3955 2106 4012 Rotbertus

523 4055 647 4096 cum
694 4040 982 4107 Neustriis,
1017 4042 1312 4095 Dalmatius
1361 4058 1483 4097 cum
1534 4045 1819 4113 Aquitanis
1867 4047 2104 4118 legiones

521 4131 819 4200 piratarum
843 4137 1151 4200 penetrant,
1177 4131 1472 4200 statimque
1506 4133 1574 4187 ab
1605 4134 1672 4187 iis
1711 4134 1807 4202 qui
1840 4135 1894 4189 in
1927 4137 2107 4190 corni-

522 4222 623 4276 bus
643 4231 818 4287 erant,
870 4238 900 4276 a
953 4231 1103 4291 tergo
1132 4223 1484 4293 impetuntur.
1537 4225 1654 4279 Mox
1686 4242 1900 4297 quoque
1946 4237 2003 4284 et
2035 4229 2105 4261 m

523 4309 699 4380 Belgae
747 4310 1009 4380 inprovisi
1038 4320 1454 4380 prosequuntur,
1508 4321 1669 4382 atque
1695 4316 1900 4385 piratas
1951 4317 2106 4388 quia

525 4407 674 4470 tergo
716 4413 843 4454 suos
886 4401 1225 4470 premebant,
1278 4403 1498 4458 immani
1547 4407 1676 4462 cede
1721 4417 1974 4464 sternunt
2013 4411 2102 4466 "7.

525 4488 762 4543 Neustrii
795 4505 1008 4560 quoque
1055 4493 1394 4548 atrocissime
1440 4494 1663 4549 instant.
1708 4496 1765 4551 In
1811 4514 1917 4567 qua
1958 4515 2106 4556 com-

527 4582 809 4648 mixtione,
846 4599 968 4638 cum
1019 4585 1270 4652 Aquitani
1325 4587 1514 4656 piratis
1558 4589 1900 4662 circumdati,
1937 4594 2106 4650 multo

525 4675 809 4728 conamine
830 4691 922 4730 eos
963 4693 1100 4745 quos
1130 4677 1474 4747 impellebant
1502 4681 1553 4734 in
1595 4680 1778 4751 fugam
1826 4695 2101 4756 cogerent,

526 4764 560 4818 ii
590 4765 681 4835 qui
712 4767 764 4820 in
791 4768 1049 4821 cornibus
1072 4769 1442 4836 perstiterant,
1467 4784 1497 4824 a
1523 4770 1704 4842 Belgis
1735 4775 1862 4830 hinc
1894 4791 2106 4845 preme-

524 4858 740 4923 bantur,
792 4859 914 4914 inde
943 4875 1069 4915 vero
1105 4861 1171 4915 ab
1217 4861 1502 4931 Aquitanis
1547 4867 1826 4922 conversis
1872 4867 2107 4924 letaliter

525 4950 880 5020 urgebantur.
904 4949 1154 5022 Superati
1182 4953 1364 5023 itaque
1379 4969 1530 5008 arma
1548 4956 1844 5027 deponunt,
1874 4975 1937 5016 ac
1963 4960 2102 5014 mul-

525 5041 594 5096 tis
621 5041 945 5098 clamoribus
971 5060 1068 5115 pro
1089 5045 1198 5099 vita
1224 5047 1548 5117 supplicant.
1598 5049 1890 5107 Rotbertus
1919 5053 2105 5123 itaque

2213 1943 2425 2007 derant,
2449 1943 2516 1997 ad
2546 1944 2803 2000 salutaria
2834 1955 3177 2002 sacramenta
3199 1947 3412 2000 deducti
3441 1955 3588 2000 sunt.

2281 2032 2371 2087 52.
2396 2033 2464 2086 Et
2493 2051 2616 2090 eum
2648 2037 2714 2091 de
2741 2037 3056 2106 baptisterio
3074 2044 3348 2104 ageretur,
3381 2036 3609 2092 Wittoni
3653 2036 3799 2093 Rho-

2213 2123 2556 2179 domensium
2609 2127 3027 2196 metmpolitano
3067 2126 3148 2180 eis
3198 2125 3264 2157 “°
3310 2127 3722 2196 praedicandum
3770 2141 3799 2180 a

2212 2215 2348 2272 duce
2376 2218 2753 2273 committitur.
2777 2218 2948 2275 Witto
2979 2233 3106 2274 vero
3124 2234 3235 2273 non
3267 2233 3327 2274 se
3353 2219 3468 2274 solo
3490 2227 3796 2284 contentus,

2210 2307 2443 2365 Heriveo
2473 2309 2725 2367 Remensi
2755 2311 3041 2382 epistolam
3067 2311 3270 2382 dirigit,
3323 2327 3420 2381 per
3459 2327 3620 2381 quam
3643 2311 3713 2366 ab
3735 2325 3800 2367 eo

2209 2401 2392 2470 querit
2419 2417 2525 2471 quo
2581 2403 2788 2467 ordine,
2840 2418 2945 2472 qua
2994 2403 3224 2468 ratione,
3264 2418 3397 2474 gens
3439 2413 3566 2458 ante
3595 2402 3800 2472 perﬁda

2209 2493 2468 2548 tecelesite
2497 2493 2744 2549 sotianda
2772 2495 2859 2550 sit.
2887 2492 3151 2561 lleriveus
3180 2507 3311 2549 vero
3340 2493 3798 2564 metropolitanus

2207 2584 2376 2638 multa
2404 2582 2679 2654 diligentia
2720 2583 2835 2640 haec
2859 2585 3144 2654 disponere
3173 2583 3420 2654 cupiens,
3467 2593 3800 2639 conventum

2206 2674 2578 2745 episcoporum
2603 2675 2718 2729 ﬁeri
2744 2675 2920 2744 jubet,
2944 2684 3002 2730 ut
3049 2673 3345 2730 multorum
3375 2673 3681 2731 rationibus
3711 2687 3800 2729 res

2208 2762 2402 2817 idonee
2429 2763 2866 2819 distribueretur.

2275 2852 2366 2906 55.
2406 2853 2474 2907 Et
2513 2853 2599 2908 die
2631 2856 2946 2919 constituta,
2983 2853 3206 2909 sinodus
3233 2852 3416 2908 habita
3448 2860 3552 2908 est.
3593 2851 3653 2906 In
3683 2865 3796 2921 qua

2206 2943 2438 3014 primum
2477 2945 2543 2998 de
2573 2959 2707 3012 pace
2751 2953 2806 2999 et
2848 2944 3104 3012 religione
3140 2952 3342 2997 sancta:
3369 2943 3462 2996 Dei
3505 2941 3797 3006 mcclesim,

2206 3045 2459 3104 statuque
2489 3035 2642 3105 regni
2688 3034 3021 3089 Francorum
3058 3034 3348 3088 salubriter
3385 3049 3448 3088 ac
3477 3039 3799 3103 competen-

2209 3136 2292 3184 ter
2319 3135 2609 3183 tractatum
2655 3136 2740 3182 cst
2765 3167 2780 3193 ,
2811 3135 2933 3196 post
2967 3141 3098 3180 vero
3137 3125 3203 3180 de
3241 3126 3540 3194 piratarum
3573 3125 3797 3195 mitiga-

2133 3200 2179 3264 C
2213 3219 2358 3274 tione
2401 3226 2562 3288 atque
2600 3218 2954 3273 conversione
2981 3217 3252 3272 uberrime
3282 3216 3560 3287 agitatum.
3598 3215 3800 3272 Decre-

2212 3319 2324 3366 tum
2366 3325 2580 3380 quoque
2610 3311 2676 3366 de
2721 3310 2910 3366 eodem
2939 3311 3004 3364 ab
3037 3310 3152 3379 ipsa
3198 3309 3486 3364 Divinitate
3528 3308 3796 3368 rationem

2209 3405 2580 3475 quaerendam,
2611 3402 2966 3475 jejunandum
2998 3403 3163 3457 etiam
3199 3402 3268 3456 ab
3304 3401 3555 3457 omnibus
3593 3400 3792 3457 triduo.

2210 3497 2418 3552 Domno
2444 3512 2574 3552 vero
2599 3511 2751 3567 papae
2776 3497 2829 3552 id
2855 3509 2976 3552 esse
2998 3495 3418 3566 suggerendum,
3458 3502 3518 3550 ut
3545 3495 3793 3549 invocata

2208 3607 2306 3661 per
2329 3589 2595 3660 jejunium
2645 3590 2960 3656 Divinitate,
3002 3597 3057 3645 et
3099 3590 3297 3644 domno
3345 3603 3483 3657 papa
3517 3587 3798 3642 humiliter

2209 3683 2478 3748 consulto,
2507 3682 2768 3739 eﬂicatius
2798 3699 2886 3739 res
2911 3682 3277 3738 ordinaretur.
3311 3680 3589 3736 Revolutis
3613 3680 3797 3749 itaque

2208 3783 2424 3844 patrum
2477 3775 2734 3838 decretis,
2771 3773 3098 3828 reverendus
3151 3771 3598 3842 metropolitanus
3640 3770 3798 3826 Heri-

2207 3877 2339 3916 veus
2361 3861 2430 3914 ‘24
2453 3862 2686 3930 capitula
2713 3862 2766 3916 in
2789 3861 3062 3917 volumine
3083 3861 3374 3926 ordinavit,
3401 3860 3800 3917 rationabiliter

2208 3966 2272 4005 ac
2297 3951 2499 4005 utiliter
2528 3953 2760 4022 digesta,
2789 3961 2844 4007 et
2871 3951 3108 4022 qualiter
3137 3953 3298 4007 rudes
3328 3951 3382 4006 in
3417 3951 3522 4007 ﬁde
3553 3952 3791 4007 habendi

2207 4046 2334 4094 sunt
2362 4041 2712 4095 continentia.
2759 4041 2889 4108 Quae
2931 4042 3112 4097 omnia
3147 4041 3436 4096 venerabili
3467 4041 3798 4098 Rodomensi

2209 4131 2412 4186 Witoni
2467 4132 2752 4203 delegavit.
2809 4133 2900 4188 llle
2942 4149 3072 4190 vero
3119 4134 3398 4204 excipiens
3427 4174 3442 4200 ,
3491 4134 3702 4190 utiliter
3729 4133 3794 4167 ⁸⁸⁸

2207 4231 2481 4289 sumptum
2514 4223 2789 4291 negotium
2815 4224 3230 4279 consummavit.

2277 4331 2366 4386 '54.
2410 4331 2522 4388 Hac
2574 4333 2686 4404 (75)
2728 4333 2892 4387 etiam
2946 4341 3261 4404 tempestate
3311 4334 3655 4406 Bagenerus,
3712 4336 3797 4391 vir

2207 4422 2580 4478 consularibus
2611 4424 2679 4454 “'
2707 4433 2762 4478 et
2803 4423 2997 4479 nobilis
3021 4435 3376 4494 cognomento
3405 4426 3792 4498 Collo-longus,

2132 4547 2184 4608 Β
2211 4516 2362 4584 cujus
2393 4514 2557 4568 etiam
2601 4514 2780 4568 obitus
2827 4514 3048 4568 multam
3102 4515 3176 4569 rei
3225 4515 3449 4584 publica:
3496 4516 3549 4570 in
3581 4516 3795 4587 Belgica

2214 4605 2394 4660 intulit
2421 4606 2612 4669 labem,
2639 4607 2911 4661 communi
2939 4606 3182 4676 corporis
3210 4607 3505 4662 valitudine
3539 4616 3715 4663 tactus
3739 4615 3795 4662 et

2212 4709 2540 4764 oppressus,
2596 4694 2753 4748 linem
2824 4695 2948 4749 vitae
3010 4695 3150 4764 apud
3214 4693 3482 4750 Marsnam
3536 4697 3790 4766 palatium

2215 4787 2442 4856 accepit.
2510 4784 2674 4856 Cujus
2741 4787 2989 4856 exequiis
3042 4786 3270 4842 Karolus
3327 4803 3424 4843 rex
3483 4788 3793 4844 interfuisse

2214 4877 2430 4942 dicitur,
2461 4891 2524 4932 ac
2568 4877 2754 4932 oculos
2793 4878 3034 4933 lacrimis
3086 4877 3320 4932 suffusus
3366 4879 3606 4935 dixisse:
3639 4879 3792 4933 01η-

2212 4968 2402 5037 quiens
2430 4984 2492 5022 ex
2522 4969 2627 5023 alto
2657 4969 2926 5033 humilem,
2957 4986 3022 5023 ea:
3045 4968 3215 5039 amplo
3237 4971 3597 5024 artissimum!
3623 4971 3790 5025 altero

2212 5073 2534 5129 personam,
2594 5059 2766 5115 a‘ltero
2826 5068 3231 5117 monumentum
3278 5061 3604 5132 signiﬁcans.
3660 5058 3789 5115 Per-

1820 5161 2056 5218 VARUE
2095 5165 2502 5225 LECTIONES.

544 5337 558 5350 ‘
599 5269 748 5349 mh,
803 5269 941 5350 duce
995 5268 1288 5350 gjsleherto
1343 5271 1577 5350 ordinat.
1639 5272 1762 5350 inde
1811 5293 1885 5349 τι.Δ
1922 5278 1973 5332 1.

2073 5279 2142 5318 ¹³²
2193 5295 2242 5334 a.
2298 5279 2565 5338 frontibus
2615 5282 2845 5339 maforte
2900 5283 3144 5350 signatis.
3195 5283 3264 5338 At
3300 5284 3349 5338 1.

3455 5283 3524 5316 1³3
3573 5298 3648 5320 π-λ
3677 5282 3704 5298 ⁸⁵
