3988 5362
227 373 291 431 57
873 419 875 421 .
1151 372 1628 432 lllSTORlARUM
1667 370 1847 426 LIBRI
1887 369 2242 438 QUATUOR.
2282 403 2349 414 -—
2386 373 2514 428 LIB.
2554 374 2594 428 l.
3409 380 3478 436 58

227 484 469 553 actisque
500 482 796 553 exsequiis.
840 482 1142 541 Gisleberto
1179 484 1295 555 ejus
1321 486 1450 552 ﬁlio,
1493 485 1607 554 jam
1658 484 1801 538 facto
1829 487 1880 546 Α
1905 498 2034 538 vero
2100 485 2320 539 immani
2370 485 2520 540 hiatu
2553 527 2569 553 ,
2631 484 2906 556 multoque
2948 486 3186 565 horrore
3237 494 3481 565 veprium

221 576 421 646 juveni,
463 584 748 646 paternum
796 575 1078 643 honorem,
1129 591 1311 632 coram
1349 577 1679 646 principibus
1714 577 1806 646 qui

225 666 592 722 (:onﬂuxerant
620 666 998 722 liberalissime
1028 668 1416 723 accommodat.

289 757 378 810 35.
421 757 522 813 llic
548 773 669 813 cum
719 766 865 812 esset
909 758 1210 814 clarissimo
1238 774 1435 829 genere
1464 758 1682 812 inclitus
1710 797 1724 823 ,
1753 768 1806 813 et

223 845 462 902 Heinrici
515 849 768 904 Saxonize
799 849 949 904 ducis
979 850 1099 904 ﬁliae
1132 851 1417 922 Gerbergae
1461 850 1706 920 conjugio
1738 849 1804 882 ¹⁸³

218 939 444 992 nimium
469 939 621 1005 felix,
653 939 710 994 in
739 940 958 995 nimiam
989 958 1100 1012 pra:
1130 943 1412 998 insolentia
1445 944 1803 999 temeritatem

218 1045 461 1101 prmceps
488 1029 802 1098 ferebatur;
838 1033 888 1087 in
921 1033 1204 1105 disciplina
1241 1036 1461 1089 militari
1491 1051 1556 1090 ex
1587 1035 1802 1089 audatia

214 1121 434 1184 nimius,
463 1121 601 1176 adeo
641 1130 703 1176 ut
747 1124 1123 1194 quodcumque
1151 1125 1517 1191 inevincibile,
1550 1134 1801 1196 appetere

212 1225 320 1264 non
347 1220 650 1277 metueret;
683 1228 913 1282 corpore
957 1216 1212 1270 mediocri
1238 1225 1294 1269 et
1323 1217 1511 1281 denso,
1558 1217 1800 1286 duroque

211 1300 581 1354 membrorum
611 1303 809 1357 robore
833 1343 848 1368 ,
880 1304 1092 1359 cervice
1137 1303 1432 1370 inﬂexibili,
1465 1306 1636 1361 oculis
1663 1307 1801 1361 infe-

210 1389 310 1444 stis
346 1399 511 1458 atque
569 1391 874 1460 inquietis,
925 1391 1109 1464 sicque
1161 1395 1448 1450 mobilibus
1504 1404 1564 1450 ut
1611 1411 1796 1450 eorum

211 1483 356 1537 color
386 1483 593 1538 nemini
621 1485 691 1539 ad
727 1485 944 1554 plenum
974 1486 1300 1551 innotuerit;
1333 1487 1796 1556 pcdibusomnino

211 1573 632 1642 inpatientibus;
662 1586 844 1632 mente
874 1576 998 1632 levi.
1027 1578 1212 1633 Oratio
1243 1579 1358 1649 ejus
1378 1619 1392 1643 ,
1423 1580 1672 1648 ambigua
1703 1596 1794 1633 ra-

211 1664 352 1719 tione
391 1667 702 1721 consistens
730 1706 746 1732 ,
815 1667 1166 1738 interrogatio
1211 1667 1406 1724 fallens
1433 1709 1449 1735 ,
1516 1671 1794 1739 responsio

210 1771 436 1827 anceps;
469 1759 738 1813 orationis
782 1769 1002 1830 partes,
1049 1775 1174 1816 raro
1209 1759 1452 1816 dilucida:
1495 1761 1595 1816 sibi
1618 1761 1793 1835 collic-

1908 575 2187 631 defensum
2237 589 2348 645 est,
2400 595 2522 633 cum
2569 580 2752 649 paucis
2794 560 3163 637 claudebatur.
3217 560 3332 640 Huc
3386 603 3481 641 rex

1907 680 2028 720 cum
2060 670 2302 722 exercitu
2343 679 2594 738 properat
2621 709 2635 734 ,
2671 669 2917 740 locatque
2950 673 3309 740 obsidionem,
3357 675 3481 731 hinc

1905 763 1960 808 et
1987 756 2109 810 inde
2138 762 2420 823 navalem,
2452 774 2481 812 a
2514 757 2691 813 fronte
2733 775 2859 814 vero
2887 771 3212 831 equestrem.
3243 763 3300 817 ln
3328 765 3481 833 cujus

1904 850 2298 920 expugnatione
2326 866 2448 906 cum
2475 853 2808 920 pet-sisteret,
2836 853 3172 909 Gislebertus
3209 855 3276 887 “'
3303 858 3480 910 navali

1903 937 2027 1010 fuga
2071 942 2344 996 dilabitur.
2393 942 2655 1011 Oppidani
2685 959 2812 998 vero
2845 946 3007 1013 capti,
3041 925 3105 998 in.
3126 947 3269 1016 regis
3317 947 3479 1002 deve-

1903 1029 2058 1082 niunt
2099 1028 2422 1098 iussionem.
2471 1030 2804 1086 Gislebertus
2867 1043 3047 1088 autem
3101 1050 3222 1088 cum
3271 1035 3482 1090 duobus

1903 1119 2171 1175 clientulis
2201 1161 2216 1187 ,
2264 1131 2490 1192 paterna
2539 1121 2836 1176 hereditate
2895 1125 3138 1192 privatus
3170 1164 3185 1189 ,
3231 1125 3479 1180 Rhenum

1901 1211 2214 1267 exulaturus
2268 1214 2582 1284 pertransit.
2657 1213 2842 1283 Ibique
2892 1229 2988 1283 per
3039 1231 3210 1270 annos
3275 1216 3481 1284 aliquot

1901 1303 2041 1371 apud
2088 1302 2397 1358 Heinricum
2429 1319 2676 1358 socerum
2707 1305 2963 1373 deceptus
3003 1307 3207 1359 exulat.
3251 1306 3478 1361 Evoluto

1901 1403 2080 1448 autem
2128 1394 2334 1464 aliquot
2381 1409 2647 1448 annorum
2693 1403 2950 1462 tempore,
3007 1393 3288 1449 lleinricus
3337 1394 3478 1463 apud

1899 1500 2080 1556 regem
2112 1487 2355 1542 suasorie
2386 1487 2532 1558 agit,
2566 1494 2623 1539 ut
2643 1484 2976 1540 Gislebertus
3005 1493 3366 1551 revocaretur,
3411 1499 3476 1539 ac

1899 1576 1952 1630 in
1984 1578 2124 1648 regis
2149 1577 2377 1647 gratiam
2413 1586 2796 1641 resumeretur,
2829 1591 2891 1630 ea
2920 1591 3046 1631 vero
3081 1592 3262 1630 rerum
3291 1576 3480 1630 condi-

1898 1667 2067 1734 tione,
2097 1677 2152 1721 ut
2178 1667 2321 1738 regis
2370 1667 2635 1721 sententia
2675 1681 2739 1720 ex
2786 1665 2996 1720 collatis
3042 1666 3480 1721 beneficiisinte-

1898 1766 2142 1825 morata,
2200 1756 2536 1813 Gislebertus
2587 1771 2650 1810 ea
2701 1763 2906 1810 tantum
2965 1757 3129 1827 regali
3193 1757 3477 1811 clementia

208 1846 574 1912 rebant;suis
601 1849 736 1904 adeo
763 1849 1033 1920 profusus,
1062 1850 1235 1906 aliena
1256 1853 1788 1922 enormitersitiens;
1825 1845 1867 1903 Β
1898 1851 2182 1919 reciperet,
2246 1864 2472 1918 quorum
2523 1860 2864 1918 possessores
2911 1863 3009 1918 per
3061 1856 3141 1903 tot
3192 1849 3274 1903 sui
3328 1849 3477 1904 exilii

206 1938 505 2008 majoribus
530 1953 598 1994 ac
645 1940 747 1995 sibi
789 1941 1083 2011 aequalibus
1122 1957 1305 1998 coram
1333 1942 1555 2010 favens,
1584 1945 1794 2001 occulte

204 2043 329 2083 vero
358 2029 647 2096 invidens;
695 2047 870 2086 rerum
896 2033 1213 2089 confusione
1241 2050 1306 2089 ac
1330 2043 1514 2090 mutua
1538 2035 1796 2091 dissiden-

205 2119 334 2172 tium
375 2119 744 2176 insectatione
775 2122 1062 2191 plurimum
1093 2125 1351 2193 gaudens.

223 2205 238 2216 '
267 2208 357 2262 36.
404 2209 556 2265 Talis
600 2210 782 2281 itaque
819 2212 870 2266 in
901 2228 1080 2283 regem
1137 2214 1303 2268 nimia
1349 2214 1688 2272 animositate
1715 2217 1794 2272 fe-

203 2298 442 2354 rebatur.
515 2299 872 2357 Meditabalur
936 2319 1150 2373 quoque
1221 2306 1362 2377 regis
1437 2306 1790 2376 abjectionem

202 2391 520 2457 admodum,
557 2406 625 2446 ac
669 2392 958 2462 plurimum
1005 2394 1058 2448 id
1086 2397 1458 2465 pertractabat
1486 2403 1649 2468 apud
1697 2416 1791 2456 eos

201 2482 283 2550 qui
316 2481 372 2535 in
400 2481 624 2553 Belgica
656 2482 891 2552 potiores
915 2485 1254 2552 videbantur,
1282 2502 1389 2542 non
1418 2489 1632 2557 quidem
1661 2489 1788 2546 Rot-

200 2573 369 2637 berto,
423 2574 527 2629 sed
555 2573 660 2628 sibi
687 2589 908 2643 regnum
950 2574 1238 2642 affectans;
1273 2593 1369 2633 sua
1399 2595 1612 2650 quoque
1639 2581 1790 2650 prin-

200 2664 408 2733 cipibus
442 2680 584 2736 pene
614 2667 797 2721 omnia
824 2666 1168 2724 distribuens.
1200 2669 1282 2737 _Et
1309 2671 1542 2739 majores
1570 2673 1788 2742 quidem

197 2757 417 2825 przediis
441 2767 502 2810 et
525 2756 730 2812 aedibus
751 2757 976 2830 egregiis
1005 2759 1186 2814 inclite
1209 2760 1464 2828 donabat,
1487 2763 1788 2819 mediocres

200 2856 378 2899 autem
420 2846 542 2900 auri
573 2853 626 2900 et
671 2848 878 2917 argenti
926 2848 1141 2905 talentis
1173 2849 1464 2906 efﬁcaciter
1511 2851 1783 2907 illiciebat.

198 2933 232 2988 F
240 2935 277 2988 it
317 2936 512 3003 itaque
552 2935 839 2991 multorum
866 2952 932 2993 ex
958 2937 1171 3010 Belgica
1219 2956 1340 2995 cum
1365 2957 1431 2996 eo
1473 2922 1782 2998 consensus.

202 3026 296 3080 Sed
327 3027 438 3081 hoc
465 3028 601 3081 satis
632 3028 926 3099 improvide
955 3046 1018 3086 ac
1047 3031 1366 3088 inconsulte.
1401 3031 1536 3088 Nam
1565 3033 1691 3089 licet
1717 3034 1786 3090 ob

201 3133 396 3190 magna
443 3118 706 3174 beneﬁcia
756 3131 1092 3191 comparatos
1138 3123 1242 3178 sibi
1288 3124 1786 3190 attraxisset,_non

1900 1951 2138 2011 tempora
2157 1943 2267 2012 jam
2292 1942 2559 1996 obierant.

1966 2031 2053 2085 ‘59.
2099 2032 2268 2102 (922.)
2308 2033 2389 2086 Ab
2419 2031 2580 2086 exilio
2620 2031 2798 2101 itaque
2830 2038 3133 2095 revocatus,
3183 2030 3322 2100 regis
3355 2045 3477 2101 gra-

1899 2125 2025 2176 tiam
2051 2138 2148 2193 pcr
2177 2123 2487 2178 lleinricum
2520 2130 2777 2188 meretur,
2793 2129 3056 2187 eatamen
3081 2129 3138 2174 ut
3161 2121 3364 2174 dictum
3389 2127 3473 2174 est

1893 2215 2222 2280 conditione,
2251 2221 2310 2268 ut
2334 2229 2364 2267 a
2391 2213 2667 2268 beneficiis
2693 2229 2814 2283 qua:
2847 2213 3140 2268 insolenter
3165 2213 3471 2277 diduxerat,

1893 2305 2130 2376 quandiu
2170 2320 2510 2375 possessores
2543 2305 2788 2358 viverent
2817 2312 3040 2369 careat;
3089 2318 3153 2358 ea
3180 2318 3306 2358 vero
3334 2317 3471 2372 quo-

1893 2411 2010 2449 rum
2038 2409 2380 2464 possessores
2408 2411 2504 2465 per
2532 2410 2704 2449 annos
2754 2394 2961 2463 aliquot
3006 2394 3283 2458 obierant,
3330 2389 3474 2464 regis

1891 2487 2238 2541 miseratione
2278 2495 2502 2556 repetat.
2553 2485 2766 2554 Rccipit
2791 2485 2973 2555 itaque
3000 2501 3118 2554 qua:
3148 2501 3177 2539 a
3209 2484 3475 2539 defunctis

1889 2578 2108 2647 quidem
2132 2577 2390 2633 derelicta
2416 2577 2700 2641 vacabant,
2734 2575 3023 2629 maximam
3047 2589 3267 2630 suarum
3292 2587 3473 2628 rerum

1889 2679 2117 2737 partem,
2138 2669 2473 2740 Trajectum,
2491 2667 2780 2738 Juppilam,
2804 2666 3153 2732 llarstalium,
3181 2666 3471 2731 Marsnam,

1889 2760 2086 2815 Littam
2117 2761 2253 2833 (75),
2277 2761 2727 2831 Capraemoutem.
2759 2761 2964 2827 Quibus
2993 2759 3210 2824 habitis,
3245 2757 3474 2813 Karolus

1890 2866 1982 2906 rex
2033 2852 2088 2905 in
2129 2852 2386 2906 Celticam
2435 2852 2615 2918 redit,
2661 2850 3008 2906 Nortmannis
3059 2849 3151 2918 qui
3201 2857 3473 2904 extremos

1888 2942 2182 2999 Galliarum
2228 2943 2360 2998 lines
2386 2943 2519 2998 locis
2565 2942 2852 2998 maritimis
2900 2941 3262 3005 infestabant,
3290 2939 3473 3010 copias

1888 3033 2089 3088 inferre
2125 3048 2343 3104 parans.
2373 3031 2625 3086 Ileiurico
2654 3046 2783 3087 vero
2822 3039 2975 3085 trans
3006 3029 3252 3082 Rhenum
3285 3040 3472 3083 contra

1894 3123 2171 3178 Sarmatas
2205 3122 2468 3193 profecto,
2500 3121 2834 3177 Gislebertus
2875 3136 2972 3191 per
3005 3135 3131 3175 suos
3166 3119 3475 3174 immaniter

203 3218 383 3264 tamen
437 3224 506 3264 ex
555 3208 904 3280 jurejurando
949 3211 1017 3267 ad
1067 3215 1389 3283 patrandum
1426 3215 1634 3271 facinus
1678 3216 1779 3272 sibi
1807 3202 1854 3266 (Ξ
1888 3217 2118 3270 vexabat
2149 3223 2204 3269 et
2233 3215 2503 3268 atterebat
2543 3228 2637 3268 eos
2664 3213 2756 3282 qui
2794 3213 2862 3267 ab
2887 3227 3014 3282 rege
3050 3227 3146 3266 sua
3172 3211 3295 3265 data
3335 3208 3475 3265 obtié-

203 3301 484 3355 annexuit.
528 3299 746 3357 Leviter
797 3318 926 3374 ergo
955 3307 1194 3373 attracti,
1242 3305 1433 3364 leviter
1460 3316 1580 3378 post
1608 3308 1780 3365 disso-

204 3391 322 3446 ciati
365 3392 543 3448 fuere.

262 3486 356 3540 57.
399 3486 541 3542 Nam
588 3502 708 3543 cum
739 3488 965 3546 Karolus
991 3493 1098 3548 hoc
1126 3493 1310 3548 audito
1355 3509 1386 3550 a
1415 3492 1618 3550 Celtica
1657 3511 1779 3550 cum

198 3582 444 3635 exercitu
491 3581 716 3647 rediret,
746 3582 1024 3655 Belgisque
1059 3585 1257 3640 bellum
1295 3586 1495 3642 inferre
1541 3596 1776 3656 pararet,

201 3667 374 3739 Belgae
429 3684 559 3724 mox
591 3684 697 3725 non
726 3671 778 3726 in
815 3683 999 3742 aperto
1027 3690 1150 3731 cum
1189 3675 1492 3731 Gisleberto
1528 3678 1781 3732 resistere

205 3759 302 3814 nisi
340 3767 505 3825 sunt,
553 3758 649 3816 sed
678 3762 886 3833 oppidis
916 3779 980 3820 ac
1006 3764 1313 3834 municipiis
1357 3764 1424 3796 ¹⁸⁵
1452 3779 1570 3821 sese
1603 3766 1779 3820 reclu-

203 3853 343 3908 dunt.
376 3853 502 3910 Rex
528 3869 661 3909 vero
683 3855 906 3927 singulis
933 3857 1024 3926 qui
1054 3858 1122 3913 ab
1148 3873 1206 3914 se
1236 3858 1546 3915 defecerant
1573 3859 1781 3930 legatos

205 3942 424 4015 dirigit,
482 3959 584 4014 per
629 3961 764 4016 quos
831 3948 1169 4018 signiﬁcabat
1235 3965 1354 4005 sese
1401 3951 1569 4023 regali
1619 3962 1781 4022 atque

210 4033 433 4090 solemni
516 4037 808 4093 donatione
876 4039 1194 4111 largiturum
1273 4040 1529 4112 quicquid
1579 4042 1658 4097 eis
1712 4041 1780 4096 ab

205 4127 506 4184 Gisleberto
554 4130 878 4199 praediorum
916 4141 972 4188 et
1009 4134 1204 4188 aedium
1239 4133 1493 4188 collatum
1523 4142 1628 4200 est,
1660 4149 1780 4189 sese

205 4233 413 4291 quoque
441 4229 631 4276 contra
678 4220 1036 4278 Gislebertum
1079 4239 1178 4294 pro
1211 4225 1291 4282 eis
1318 4234 1650 4282 certaturum
1674 4267 1689 4293 ,
1735 4228 1780 4284 si

205 4311 250 4366 is
272 4312 352 4368 eis
380 4329 450 4369 ex
476 4313 690 4369 collatis
719 4314 998 4372 beneficiis
1026 4317 1316 4388 quicquam
1357 4326 1602 4388 repetere
1630 4319 1776 4375 velit.

205 4399 316 4467 Quo
344 4404 514 4474 capti,
547 4421 673 4459 mox
697 4404 822 4473 jure
853 4409 1173 4464 sacramenti
1210 4410 1277 4466 ad
1321 4424 1500 4481 regem
1534 4411 1776 4478 redeunt,

1884 3309 2106 3364 ncbant.
2139 3308 2290 3363 Alios
2337 3307 2674 3362 clandestina
2720 3306 3001 3360 invasione
3032 3319 3290 3368 enecans,
3337 3303 3472 3358 alios

1884 3399 2227 3455 incessanter
2283 3409 2344 3454 ut
2391 3415 2488 3454 sua
2537 3399 2850 3469 relinquant
2899 3399 3204 3468 adurgens,
3256 3394 3474 3450 tandem

1881 3491 2104 3558 evincit,
2128 3491 2348 3560 suisque
2373 3489 2623 3545 omnibus
2646 3490 2866 3560 potitur,
2898 3487 3252 3543 truculentius
3273 3486 3469 3542 exinde

1883 3585 1936 3639 in
1979 3601 2160 3656 regem
2191 3585 2530 3639 machinans.
2585 3583 2845 3638 Socerum
2897 3582 3079 3651 itaque
3129 3580 3262 3647 adit,
3312 3578 3471 3648 eique

1882 3676 1950 3730 ab
1983 3661 2109 3745 rege
2139 3674 2435 3737 dissuadet,
2466 3672 2726 3728 Celticam
2757 3671 2926 3726 solam
2972 3671 3085 3741 regi
3120 3682 3280 3740 posse
3324 3663 3471 3722 suffi-

1883 3781 2006 3822 cere
2052 3781 2340 3830 asserens,
2397 3763 2671 3834 Belgicam
2720 3778 2849 3818 vero
2915 3771 3078 3830 atque
3121 3759 3471 3815 Germaniam

1882 3872 2008 3928 rege
2056 3855 2162 3911 alio
2215 3855 2506 3926 plurimum
2557 3853 2817 3923 indigere.
2850 3851 3003 3908 Unde
3043 3859 3099 3906 et
3125 3891 3141 3917 ,
3178 3859 3237 3905 ut
3266 3851 3380 3919 ipse
3415 3850 3473 3903 in

1883 3961 2109 4016 regnum
2140 3943 2389 3999 coronari
2428 3959 2534 3998 non
2577 3943 2857 4007 abnueret,
2898 3940 3086 3995 multis
3130 3939 3473 3994 suasionibus

1881 4034 2253 4108 permovebat.
2289 4033 2597 4103 .lleinricus
2670 4046 2796 4086 vero
2853 4045 2977 4086 cum
3043 4028 3275 4084 nefanda
3345 4041 3471 4084 eum

1882 4126 2112 4182 suadere
2144 4126 2469 4188 adverteret,
2500 4122 2659 4178 dictis
2685 4121 2962 4175 suadentis
2990 4120 3278 4174 admodum
3304 4117 3471 4172 resti-

1885 4221 1968 4284 tit,
2008 4228 2063 4274 et
2093 4227 2152 4273 ut
2182 4218 2489 4289 quiesceret
2517 4215 2583 4270 ab
2627 4212 2848 4278 illicitis,
2879 4211 3062 4267 multis
3086 4208 3462 4280 amplificatio-

1883 4311 2041 4365 nibus
2070 4309 2325 4379 agitabat.

1952 4403 2042 4456 40.
2078 4401 2143 4455 Ει
2167 4399 2501 4456 Gislebertus
2527 4395 2742 4466 quidem
2767 4410 2889 4450 cum
2918 4394 3058 4464 apud
3083 4407 3330 4449 socerum
3356 4406 3468 4448 non

203 4491 507 4564 habitisque
559 4497 862 4554 rationibus
933 4500 1188 4570 quicquid
1255 4502 1635 4570 beneﬁciorum
1712 4505 1780 4559 ab
1806 4564 1845 4570 _
1881 4494 2191 4565 ρτοίὶεθτοι,
2231 4499 2290 4545 ιιι
2327 4487 2394 4520 ³³⁸
2424 4502 2644 4558 regnum
2682 4486 2781 4541 Sibi
2813 4485 2881 4516 ¹⁷⁵⁸
2919 4499 3112 4555 l’arare
3149 4491 3333 4554 Ροεεθι
3375 4481 3464 4547 mu

201 4582 505 4640 Gisleberto
535 4587 616 4642 eis
643 4587 895 4643 collatum
922 4564 1043 4657 fuit,
1078 4564 1255 4663 regali
1300 4568 1550 4663 largitate
1580 4593 1779 4649 firmis-
1804 4564 1858 4623 D
1886 4564 1940 4643 in
1970 4585 2228 4640 Celticam
2259 4581 2463 4638 secedit
2489 4595 2553 4634 ac
2589 4579 2785 4634 transit
2820 4579 2871 4632 in
2906 4570 3248 4642 Neustriam;
3280 4574 3466 4643 sicque

200 4672 334 4727 sime
370 4674 658 4744 unicuique
686 4678 934 4734 donatur.
967 4679 1119 4735 Unde
1147 4693 1201 4736 et
1241 4697 1272 4736 a
1297 4682 1599 4738 Gisleberto
1631 4697 1781 4739 rece-

199 4763 414 4829 dentes,
459 4765 570 4835 rcgi
617 4769 1054 4825 constantissime
1083 4773 1442 4840 resociantur,
1472 4788 1535 4830 ac
1563 4791 1684 4830 cum
1713 4791 1778 4832 eo

201 4853 254 4906 in
292 4851 654 4911 Gislebcrtum
691 4857 957 4914 feruntur.

269 4941 362 4997 58.
396 4943 727 5002 Gislehertus
752 4964 879 5003 vero
905 4951 956 5004 in
982 4951 1176 5022 oppido
1199 4952 1442 5011 llarbure
1469 4957 1603 5028 (74),
1633 4961 1776 5028 quod

203 5029 332 5087 hinc
379 5033 524 5090 Mosa
555 5046 612 5093 et
643 5039 768 5094 inde
813 5039 966 5099 Gullo
1002 5042 1178 5098 ﬂuviis
1213 5046 1480 5116 vallatur,
1527 5065 1558 5103 a
1597 5049 1771 5108 fronte

1886 4695 2008 4736 cum
2061 4675 2324 4731 llotberto
2387 4674 2523 4727 duce
2566 4671 2631 4724 de
2685 4670 2872 4724 eodem
2919 4670 3133 4739 negotio
3179 4667 3462 4722 consilium

1883 4766 2114 4833 confert,
2155 4764 2385 4822 suadens
2412 4763 2462 4817 ei
2491 4763 2556 4816 de
2587 4759 2738 4829 regni
2764 4759 3139 4828 susceptione,
3175 4771 3242 4812 ac
3282 4752 3463 4809 Karoli

1885 4865 2205 4936 abjectione.
2271 4860 2492 4917 Exultat
2544 4859 2833 4923 tirannus,
2884 4863 2940 4911 et
2967 4854 3197 4924 _tirrano
3263 4851 3465 4917 absque

1884 4975 2035 5016 mora
2067 4959 2226 5013 favet.
2255 4953 2566 5010 Deliberant
2589 4950 2772 5018 itaque
2809 4947 2992 5011 ambo,
3035 4953 3090 5000 et
3115 4954 3241 5014 post
3262 4957 3362 5016 pro
3397 4937 3464 4969 ""

1881 5048 2259 5125 perpetrandis
2291 5044 2450 5098 fidem
2479 5048 2820 5098 sacramento
2849 5039 2919 5072 1⁵⁸
2949 5036 3278 5091 confirmant
3302 5031 3391 5082 ⁸⁵⁸.

1476 5158 1710 5216 VARUE
1747 5161 2151 5221 LECTIONES.

275 5237 347 5269 ⁸³³
403 5243 736 5286 matrimonio
791 5245 836 5286 Ἰν
944 5245 1012 5278 1'“
1069 5247 1453 5286 mnnitinnihnc
1518 5251 1538 5286 Ι

1675 5255 1743 5285 ιη
1800 5254 1839 5286 Γ

1940 5255 2074 5286 ηιμ...
2149 5265 2247 5286 nn“
2304 5257 2516 5286 mner
2592 5241 2830 5286 ίιίῐειηςιις
2896 5236 3117 5286 ﬂuvium
3199 5225 3480 5286 enala'ndO
