3988 5362
470 259 539 316 39
1590 242 1869 303 RICHERI
1899 241 1960 299 s.
2001 239 2260 301 nsmcn
2295 197 2599 299 atomum
3663 253 3733 308 ιο

555 377 646 434 ιι.
693 374 958 446 Tempore
994 384 1128 428 vero
1171 365 1484 434 constituto,
1533 378 1656 446 cum
1684 360 2058 444 rexTungros
2084 367 2137 426 Α
2162 357 2338 446 lenter
2363 359 2594 430 aperias.
2621 359 2689 416 Et
2720 361 2844 433 quia
2885 362 2998 432 jam
3029 368 3174 422 nunc
3204 378 3292 424 res
3317 380 3552 442 pugnam
3600 387 3728 429 sua-

486 469 738 536 redisset,
770 468 951 539 ibique
981 466 1228 537 privatus
1253 463 1538 528 resideret,
1560 459 1750 516 urbem
1775 456 2060 512 Suessoni-

485 573 606 616 cam
634 559 928 614 Rotbertus
949 555 1265 628 ingreditur.
1290 552 1446 624 Apud
1465 565 1624 624 quem
1643 564 1710 606 ex
1730 556 1841 604 tota
1861 547 2060 603 Celtica

485 651 753 720 primates
773 649 1009 715 collecti,
1039 663 1144 719 qua
1168 647 1378 720 ratione
1417 657 1597 716 regem
1627 640 1905 710 abjiciant,
1934 653 2061 695 con-

484 739 822 796 stantissime
873 740 1198 796 consultant.
1244 736 1363 792 Nec
1409 734 1578 790 defuit
1623 733 1956 789 Cislebertus
1991 731 2059 786 ab

482 831 720 901 Belgica,
771 830 869 902 qul'
905 846 1031 886 mox
1061 830 1265 898 absque
1309 821 1696 882 deliberatione
1736 824 2056 881 Rotbertum

482 935 665 993 regem
709 921 998 975 creandum
1045 918 1436 988 perstrepebat.
1482 913 1767 992 Communi
1797 930 1927 987 ergo
1950 911 2060 970 0m-

483 1013 632 1069 nium
662 1013 754 1083 qui
798 1013 1025 1066 aderant
1052 1012 1286 1073 decreto,
1319 1009 1613 1082 Rotbertus
1641 1009 1855 1078 eligitur
1903 1007 2052 1078 (Jun.

481 1104 624 1176 29);
655 1119 720 1160 ac
744 1103 912 1160 multo
939 1101 1246 1157 ambitionis
1276 1101 1422 1156 elatu
1466 1099 1665 1156 Remos
1708 1099 1966 1154 deductus
2000 1098 2055 1155 in

480 1196 703 1252 basilica
743 1196 916 1252 sancti
944 1194 1173 1264 Remigii
1202 1208 1299 1248 rex
1318 1203 1554 1248 creatur.
1585 1192 1630 1246 A
1655 1189 1806 1262 Cujus
1835 1205 2055 1247 corona-

480 1287 627 1344 tione
659 1297 877 1358 peracto
900 1286 1096 1349 triduo,
1125 1283 1385 1340 Heriveus
1407 1285 1697 1339 Remorum
1749 1281 2056 1357 metropoli-

480 1388 641 1433 tanus
689 1377 895 1432 diutina
947 1375 1248 1448 egritudine
1285 1381 1530 1439 vexatus,
1575 1370 2051 1446 interiit(Jun.2).

481 1467 582 1533 Qui
612 1467 658 1522 si
687 1469 876 1524 eodem
909 1476 1150 1536 tempore
1170 1465 1448 1528 valuisset,
1474 1473 1622 1519 tanto
1642 1463 1870 1519 facinori
1895 1464 2057 1532 oper.-

479 1557 681 1612 tunitas
708 1573 813 1612 non
847 1557 1130 1627 patuisset.
1153 1555 1251 1610 Cui
1279 1555 1440 1610 etiam
1471 1569 1593 1609 mox
1621 1553 1856 1609 succedit
1891 1553 2053 1609 dona-

479 1655 569 1702 tus
597 1648 664 1703 ab
691 1647 952 1704 Rotberto
984 1646 1050 1682 ¹⁸⁰
1078 1645 1311 1712 Seulfus,
1345 1645 1435 1714 qui
1461 1653 1588 1701 tunc
1634 1645 1784 1700 urbis
1814 1644 2052 1715 ejusdem

2160 443 2273 518 det,
2301 461 2642 510 sacramento
2685 454 2819 512 ﬁdes
2856 456 3160 514 adhibenda
3187 469 3289 527 est,
3316 471 3376 516 ut
3401 463 3554 519 nobis
3574 463 3729 535 jura-

2161 540 2252 606 tis,
2283 555 2371 596 res
2397 541 2450 596 in
2477 539 2732 615 ambiguo
2777 560 2884 600 non
2924 546 3015 602 sit.
3069 547 3202 603 Dein
3243 551 3431 606 saltem
3462 553 3729 624 quinqua-

2159 631 2309 717 ginta
2331 628 2561 702 eligendi
2593 643 2737 700 sunt,
2767 635 2860 710 qui
2910 639 3210 695 certissime
3266 641 3536 698 tirannum
3567 660 3729 717 appe-

2159 731 2296 789 tant,
2347 722 2564 794 vimque
2619 724 2669 780 ei
2719 724 2972 792 inferant,
3020 725 3259 803 ut‘cum
3306 733 3430 788 belli
3475 736 3730 792 violentia

2159 811 2293 866 alios
2321 810 2373 866 in
2395 804 2529 867 alias
2557 813 2932 882 cxagitaverit,
2958 811 3045 870 isti
3077 817 3293 876 tiranno
3325 829 3530 877 tantum
3578 823 3729 880 labo-

2157 901 2318 968 rent,
2367 903 2750 974 inventumque
2804 906 3141 977 transﬁgant.
3199 906 3338 976 Quid
3385 913 3529 968 enim
3567 910 3730 985 prod-

2157 994 2260 1048 erit
2308 1009 2495 1049 omnes
2535 994 2784 1060 interﬁci,
2821 1004 2875 1051 et
2938 997 3202 1052 malorum
3265 1015 3481 1057 causam
3552 1021 3728 1062 reser-

2153 1071 2353 1139 variii
2405 1084 2473 1139 Et
2509 1083 2727 1141 d‘ecreto
2762 1087 3030 1142 communi
3071 1087 3122 1143 in
3168 1085 3486 1148 Rotbertum
3535 1091 3724 1164 eoniju-

2153 1182 2294 1228 rant.

2225 1264 2314 1318 44.
2348 1263 2470 1320 Mox
2499 1259 2710 1336 quoque
2755 1267 2811 1322 et
2859 1263 3006 1339 regio
3048 1261 3205 1336 jussu
3253 1257 3625 1330 accersiuntur
3658 1289 3725 1331 ex

2153 1352 2387 1425 Belgica,
2420 1355 2744 1426 quicumque
2779 1356 2847 1411 ab
2878 1371 3003 1427 rege
3038 1358 3144 1413 nOn
3177 1358 3439 1416 defecisse
3467 1363 3727 1420 videban-

2153 1453 2260 1500 tur.
2285 1445 2521 1512 Quorum
2549 1446 2897 1502 collectorum
2919 1462 3196 1511 numerus,
3224 1458 3280 1502 ut
3317 1449 3512 1518 fertur,
3547 1453 3637 1507 vix
3669 1454 3726 1508 in

2154 1534 2338 1590 decem
2369 1536 2435 1568 ¹³⁸
2468 1537 2684 1593 milibus
2722 1536 3034 1608 putabatur.
3073 1537 3136 1592 Et
3167 1541 3348 1595 tamen
3383 1541 3435 1596 in
3463 1554 3725 1612 quantum

2151 1628 2387 1697 perspici
2443 1614 2637 1694 valuit,
2669 1627 2846 1683 nullus
2883 1629 3090 1683 militia:
3119 1622 3187 1661 ¹⁸⁶
3218 1631 3430 1703 ineptus
3458 1629 3730 1690 admissus

477 1735 654 1792 ollicio
708 1737 1032 1808 fungebatur
1095 1735 1164 1769 ¹⁵ί
1216 1734 1723 1798 archidiaconatus;
1782 1733 1868 1788 vir
1917 1741 2055 1788 stre-
2083 1717 2128 1776 Β
2157 1727 2259 1808 est.
2300 1717 2500 1774 Omnes
2527 1734 2753 1790 corpore
2774 1719 3037 1786 valentes,
3062 1729 3116 1776 et
3146 1737 3251 1777 non
3284 1723 3484 1780 inertes
3510 1736 3725 1798 pugnae.

478 1840 615 1882 nuus
645 1827 713 1858 ⁴⁸¹
741 1826 1014 1895 multaque
1044 1840 1224 1881 rerum
1257 1824 1482 1880 scicntia
1511 1822 1746 1879 inclitus.

546 1915 638 1969 42.
680 1915 851 1986 (925.)
888 1915 1101 1970 Interea
1149 1910 1377 1968 Karolus
1410 1927 1442 1967 a
1489 1911 1656 1968 Gallis
1700 1919 1898 1981 praeter
1923 1926 2056 1982 pau-

478 2006 723 2063 cissimos
772 2007 1052 2078 Belgarum
1101 2005 1168 2037 ¹⁸³
1210 2001 1482 2062 desertum
1528 2020 1649 2062 sese
1696 2006 2052 2076 comperiens,

478 2097 618 2166 apud
665 2081 960 2168 praecipuos
994 2111 1178 2152 eorum
1232 2095 1323 2165 qui
1372 2111 1403 2150 a
1457 2109 1675 2174 senon
1724 2094 2051 2162 defecerant,

475 2187 766 2258 plurimam
834 2187 901 2242 de
956 2202 1053 2244 suo
1125 2185 1421 2241 infortunio
1469 2185 1708 2255 agitabat
1757 2185 2050 2255 querelam.

475 2277 808 2334 Miseriorem
835 2292 954 2333 sese
977 2277 1225 2350 inquiens
1245 2277 1288 2331 si
1320 2277 1420 2332 hac
1444 2285 1701 2348 urgeatur
1724 2275 2050 2339 calamitate,

477 2381 640 2437 quam
679 2366 725 2422 si
772 2367 956 2422 oculos
1002 2366 1215 2420 claudat
1246 2380 1497 2434 suprema
1541 2373 1736 2429 morte,
1785 2379 1908 2420 cum
1964 2365 2053 2419 illa

473 2455 691 2512 dolores
761 2465 1096 2526 augescant,
1168 2456 1270 2512 ista
1355 2456 1642 2510 demantur
1693 2443 1782 2508 ³⁸³.
1861 2441 2053 2509 Carius

477 2559 693 2617 quoque
739 2547 842 2602 sibi
881 2546 1027 2602 ferro
1072 2547 1268 2613 occidi,
1300 2561 1460 2617 quam
1509 2560 1678 2616 regno
1707 2559 1736 2600 a
1762 2559 2052 2615 pervasere

474 2637 696 2708 privari.
738 2622 868 2692 Post
911 2637 1060 2708 regni
1111 2638 1255 2692 enim
1299 2631 1674 2710 privationem,
1717 2624 2052 2690 solummodo

473 2741 759 2796 superesse
797 2727 852 2780 in
893 2726 1115 2782 exilium
1160 2709 1606 2795 deportationem.
1656 2723 1714 2778 ln
1753 2739 1858 2794 quo
1887 2724 2049 2778 etiam

475 2813 546 2868 ab
570 2814 636 2870 iis
663 2829 799 2885 quos
825 2819 1034 2870 summo
1058 2829 1270 2884 semper
1297 2814 1485 2868 habuit
1513 2827 1717 2878 amore,
1751 2813 1891 2882 apud
1915 2828 2051 2883 quos

473 2902 678 2959 diutius
701 2913 1049 2959 conversatus
1073 2899 1162 2966 sit,
1188 2898 1382 2970 quibus
1400 2916 1612 2972 quoque
1635 2903 1768 2956 nihil
1794 2917 2048 2972 umquam

474 2991 607 3047 mal:-
649 2992 868 3048 molitus
915 2977 1335 3060 fuerit,‘debere
1374 3005 1494 3046 sese
1521 2989 1772 3061 suffragia
1801 2991 2050 3063 accipere

473 3081 830 3137 memorabat.

541 3177 632 3232 45.
697 3178 781 3234 Ad
826 3179 944 3234 haec
990 3176 1120 3234 sui:
1177 3196 1196 3230 ι
1231 3177 1610 3244 Pernitiosum,
1640 3187 1722 3234 est
1771 3178 2038 3250 inquiunt,

471 3279 506 3321 ο
528 3281 622 3322 rex
636 3266 834 3338 juratis
853 3283 884 3322 a
907 3268 1122 3324 domino
1143 3259 1398 3331 deﬁcere,
1423 3256 1892 3326 sceleratissimum
1913 3287 2041 3328 vero

471 3365 662 3412 contra
703 3357 980 3414 dominum
1022 3365 1185 3413 stare.
1220 3357 1277 3413 Si
1308 3359 1374 3414 de
1408 3361 1682 3416 desertore
1711 3376 1774 3416 ac
1804 3361 2039 3416 transfu-

470 3445 552 3516 gis
577 3448 774 3518 agitur,
803 3447 1103 3517 horumque
1134 3447 1410 3502 nominum
1455 3447 1502 3503 si
1531 3449 1844 3504 advertatur
1877 3451 2041 3505 inter-

468 3538 726 3608 pretatio,
779 3537 1036 3608 quicquid
1085 3537 1255 3593 moliti
1310 3546 1455 3605 sunt,
1500 3548 1697 3608 praeter
1738 3540 1828 3611 jus
1867 3550 1949 3595 est
1987 3548 2040 3597 et

467 3640 687 3694 equum.
720 3625 965 3682 Unde'et
991 3626 1107 3682 sine
1129 3626 1290 3682 dubio
1316 3627 1360 3682 si
1391 3641 1580 3699 pugna:
1629 3629 1922 3685 necessitas
1947 3645 2040 3686 eos

469 3716 750 3786 adurgeat,
785 3716 1082 3772 divinitatis
1110 3717 1366 3772 ultionem
1399 3733 1506 3771 non
1545 3719 1792 3773 evadent.
1825 3719 1881 3774 ld
1908 3734 2039 3776 vero

469 3806 776 3862 certissime
810 3807 1050 3872 noveris,
1103 3806 1252 3861 nullo
1298 3807 1458 3861 modo
1490 3822 1714 3874 regnum
1741 3824 1769 3861 a
1801 3816 1853 3862 te
1881 3823 2036 3878 repe-

469 3898 712 3963 tendum,
755 3898 858 3953 nisi
912 3897 1053 3952 bello
1128 3899 1302 3966 ipsum
1359 3899 1691 3967 aggrediaris
1744 3900 2034 3954 tirannum.

465 3983 715 4060 Regnum
748 3987 990 4059 ereptum
1019 4003 1126 4043 non
1159 3988 1427 4056 irrumpes
1449 3989 1551 4042 nisi
1582 3987 1727 4044 ferro
1757 3990 1896 4044 viam
1928 3993 2045 4047 vio-

2157 1807 2357 1864 Omncs
2419 1824 2632 1879 quoque
2683 1810 2736 1864 in
2789 1811 3061 1864 tirannum
3127 1813 3427 1868 unanimes.
3482 1813 3578 1870 His
3629 1831 3726 1872 rex

2154 1899 2565 1969 circumseptus,
2595 1915 2693 1970 per
2735 1900 3094 1955 Condrucium
3127 1901 3564 1974 Hasbaniumque
3595 1921 3728 1976 pro-

2154 1989 2298 2044 cedit
2341 1987 2392 2044 in
2422 1991 2652 2046 lidstem.
2710 1991 3071 2061 Ereptumque
3124 2007 3346 2062 regnum
3396 1994 3730 2067 irrumpens,

2155 2081 2337 2137 sedem
2367 2083 2568 2152 regiam
2613 2081 2919 2146 Atiniacum
2951 2083 3158 2153 pridem
3199 2099 3351 2140 suam
3404 2086 3724 2158 ingreditur.

2153 2171 2338 2242 Ibique
2388 2171 2778 2244 aliquantisper
2804 2175 3052 2245 reparato
3089 2177 3349 2244 exerCitu,
3379 2177 3433 2232 in
3463 2179 3727 2236 adversa-

2153 2261 2292 2316 rium
2317 2261 2489 2316 fertur
2514 2257 2609 2317 “7.

2221 2352 2311 2408 45.
2347 2352 2544 2410 Factus
2569 2369 2696 2410 vero
2728 2354 2942 2411 tiranno
2980 2351 3249 2428 preprior,
3322 2359 3617 2416 exercitum
3653 2360 3728 2417 ad

2153 2461 2500 2516 congressum
2529 2447 2762 2514 ordinat,
2784 2463 2876 2504 sex
2907 2447 3050 2504 milia
3092 2447 3434 2506 robustorum
3482 2449 3725 2523 prmmit-

2154 2548 2294 2596 tcns.
2321 2539 2526 2607 Quibus
2539 2539 2700 2594 etiam
2721 2539 2894 2594 virum
2916 2539 3254 2596 censularem
3278 2535 3347 2574 ¹³⁸
3365 2536 3475 2615 (76)
3507 2543 3726 2598 nomine

2150 2625 2464 2684 Fulbcrtum
2513 2629 2702 2684 ducem
2749 2629 3032 2685 c0nstituit
3077 2616 3228 2702 (Jun.
3284 2632 3394 2704 15).
3429 2631 3500 2688 Se
3544 2633 3723 2703 ipsum

2150 2735 2280 2776 vero
2330 2729 2561 2791 quatuor
2589 2719 2656 2753 ¹⁸⁹
2685 2722 2900 2777 milibus
2927 2723 3366 2794 circumseptum,
3417 2725 3728 2783 labentibus

2150 2810 2338 2880 primis
2365 2812 2747 2866 sulivcnturum
2795 2813 3036 2883 deputat.
3091 2813 3380 2884 Postquam
3423 2826 3600 2871 autem
3623 2833 3728 2887 per

2151 2902 2387 2972 singulas
2417 2903 2657 2974 legiones
2694 2905 3024 2970 discurrens,
3049 2909 3348 2976 praecipuos
3387 2924 3627 2978 quosque
3651 2912 3727 2946 ¹⁶⁸

2150 2991 2376 3047 multum
2406 2993 2604 3064 diuque
2632 2994 2700 3048 ad
2724 2994 2832 3048 vim
2855 2995 2978 3049 belli
3013 2996 3258 3051 hortatus
3291 3006 3392 3063 cst,
3421 2998 3723 3057 instructos

2073 3076 2118 3139 C
2148 3081 2370 3136 ordines
2398 3080 2644 3152 plurimis
2671 3082 3008 3137 suasionibus
3052 3082 3298 3151 incitans,
3328 3082 3393 3140 ad
3421 3079 3597 3142 locum
3625 3081 3722 3144 ubi
3765 3137 3781 3151 ,

2147 3169 2599 3240 Congrediendum
2626 3179 2762 3236 erat,
2793 3170 3026 3226 deducit.
3058 3171 3299 3227 Axonam
3330 3181 3455 3230 vero
3497 3176 3718 3233 ﬂuvium

2149 3258 2508 3325 transmeans,
2537 3259 2604 3315 ad
2627 3258 2816 3315 urbem
2868 3259 3244 3318 Sucssoni'cam
3297 3265 3486 3319 tendit.
3531 3265 3604 3320 lbi
3633 3277 3718 3322 et-

2147 3350 2291 3404 enim
2351 3349 2596 3404 tirannus
2659 3351 2844 3420 copias
2901 3351 3210 3424 collegerat.
3285 3352 3449 3422 Cujus
3501 3373 3720 3427 quoque

2147 3441 2420 3497 exercitus
2455 3441 2507 3496 in
2555 3440 2742 3513 viginti
2772 3443 2990 3499 milibus
3041 3444 3391 3500 consistebat.
3423 3446 3555 3502 Cum
3584 3464 3716 3520 ergo

2147 3531 2378 3588 Karolus
2429 3547 2522 3587 rex
2569 3533 2710 3589 bello
2754 3535 3039 3602 prudentia
3088 3535 3409 3602 intenderet,
3460 3538 3715 3595 instinctu

2144 3625 2518 3696 episcoporum
2547 3624 2882 3694 aliorumque
2937 3626 3308 3697 religiosorum
3354 3628 3591 3685 virorum
3621 3633 3711 3702 qui

2144 3719 2245 3775 sibi
2270 3719 2592 3772 assistebant
2619 3725 2798 3772 actum
2830 3724 2932 3782 est,
2977 3725 3036 3771 ut
3091 3718 3205 3787 ipse
3238 3735 3330 3774 rex
3375 3721 3574 3777 bellum
3602 3741 3710 3780 non

2145 3807 2538 3877 ingrederetur,
2567 3821 2633 3862 ne
2665 3805 2802 3873 forte
2834 3806 2886 3860 in
2923 3822 3101 3860 rerum
3153 3808 3468 3866 confusione
3517 3813 3714 3882 regalis

2151 3899 2314 3966 stirps
2340 3912 2404 3952 eo
2429 3897 2577 3966 lapso
2605 3904 3028 3951 consumeretur.
3061 3898 3116 3952 ld
3145 3899 3306 3954 etiam
3336 3901 3499 3958 duces
3525 3911 3579 3957 et
3609 3904 3715 3958 mi-

2149 3989 2268 4044 lites
2285 3997 2592 4060 coegerunt.
2610 3989 2691 4044 Ab
2710 3989 2958 4044 omnibus
2974 4006 3101 4062 ergo
3126 3999 3361 4058 coactus,
3383 4003 3615 4064 quatuor
3643 3997 3710 4030 ’⁸³

1781 4078 2012 4136 VARle
2052 4079 2448 4136 LECTIONES.

467 4169 584 4248 bmc
629 4164 1376 4248 GislebertusinnBelgicam
1433 4167 1571 4248 redit
1626 4169 1893 4248 m_un_ci_pia
1947 4171 2223 4248 militibus
2258 4169 2426 4248 copiis
2480 4166 2864 4248 sufﬁcientibus
2919 4172 3180 4248 implens,
3236 4175 3288 4229 in
3346 4188 3528 4248 regem
3586 4194 3708 4234 om-

467 4239 556 4293 nia
601 4240 886 4304 ordinans;
938 4237 1108 4292 sicubi
1166 4239 1358 4290 rudera
1409 4238 1611 4291 aditum
1665 4237 1952 4303 faciebant,
1982 4237 2610 4294 tirtnioribus’elaustris
2668 4237 3217 4299 reaediﬁcansIRatuS
3267 4237 3709 4305 verovmilitesa

469 4322 588 4380 sese
609 4308 837 4363 deficere
862 4307 1114 4380 poSse,_si
1131 4305 1477 4380 jurejurando
1503 4307 1620 4380 sibi
1639 4323 1873 4380 eos_non
1901 4319 2235 4372 annecteret,
2266 4309 2422 4364 ﬁdem
2451 4311 2517 4364 ab
2544 4311 2792 4380 omnibus
2830 4328 3015 4365 eorum
3039 4311 3388 4380 jurejurando
3417 4317 3507 4370 sed
3540 4327 3594 4372 et
3613 4321 3712 4374 ob-

472 4378 616 4433 sides
643 4393 778 4446 quos
805 4378 919 4453 vult
948 4377 1478 4453 accipit,__eosquer_in_
1503 4377 1696 4446 oppido
1723 4378 1968 4432 llarburc
1986 4380 2140 4453 quod
2157 4395 2293 4453 pene
2318 4379 2728 4453 inexpugnabile
2757 4377 3350 4453 videbatur'deputatos
3373 4386 3616 4453 recludit,
3653 4390 3709 4442 in

466 4445 851 4522 regetn’omnia
881 4447 1056 4515 palatn
1084 4447 1360 4522 ordinans.
1395 4445 1511 4516 [His
1533 4445 1625 4500 rex
1657 4456 1946 4522 permotus
1961 4445 2279 4519 délet.]‘Nec
2306 4445 2480 4502 minus
2510 4445 2593 4520 [ea
2624 4449 2812 4522 socero
2829 4449 2961 4522 deL]
2998 4451 3048 4522 id
3071 4445 3318 4520 optinuit,
3349 4455 3409 4507 lli.
3437 4445 3710 4522 qttzecum-

468 4531 575 4585 que
600 4517 714 4584 ipse
743 4518 794 4569 in
823 4531 1000 4586 regem
1024 4517 1444 4587 machinaretur,
1483 4532 1542 4569 ca
1574 4531 1763 4587 socero
1790 4519 1998 4585 injuria:
2022 4517 2352 4582 non'essent,
2381 4517 2613 4587 maxime
2641 4519 2710 4571 ob
2734 4519 2786 4572 id
2808 4517 2961 4587 quod
2979 4517 3344 4575 Sarmatarum
3369 4517 3708 4583 infestatione

471 4587 586 4660 ipse
611 4585 1158 4660 admodum’pressus,
1187 4585 1375 4660 alienis
1397 4586 1624 4654 negotiis
1649 4588 1852 4660 utiliter
1889 4588 2148 4660 interesse
2178 4604 2284 4642 non
2314 4597 2516 4656 posset.
2546 4586 2640 4642 llis
2673 4602 2801 4660 ergo
2827 4585 2920 4642 rex
2953 4589 3006 4642 in
3026 4589 3235 4660 Celtica
3262 4604 3554 4660 permotus,
3585 4596 3709 4651 Bel-

467 4654 912 4730 gicam__impetit.
943 4656 1012 4708 At
1037 4654 1368 4730 Gislebcrtus
1395 4663 1576 4730 utpote
1601 4658 1691 4730 qu_i
1721 4656 1878 4710 ﬁdem
1915 4658 2228 4726 abruperat,
2271 4654 2334 4711 ad
2377 4672 2555 4727 regem
2588 4672 2692 4730 non
2719 4654 2891 4730 solum
2915 4659 3102 4730 venire
3147 4654 3488 4730 contempsit,
3517 4654 3705 4720 verum

467 4723 898 4805 pecuniisatqne
929 4739 1109 4805 rerum
1132 4723 1699 4805 polliCitationibtts‘ab
1730 4742 1852 4805 rege
1880 4723 2252 4805 quoscumque
2289 4723 2498 4795 poterat
2519 4727 2911 4805 _subtraltebat.
2940 4727 3008 4780 Et
3055 4744 3150 4805 rex
3184 4723 3399 4805 quidem
3421 4723 3566 4805 cum
3614 4750 3708 4805 pa-

471 4797 665 4866 tienter
716 4795 943 4866 lizeead
995 4793 1200 4866 tempus
1253 4793 1526 4866 toleranda
1577 4810 1681 4866 non
1729 4793 2019 4864 ignoraret,
2053 4793 2302 4866 Tungris
2340 4811 2460 4850 cum
2518 4797 2582 4850 iis
2632 4797 2729 4866 qui
2778 4810 2961 4850 secum
2990 4811 3056 4850 ex
3106 4793 3308 4853 Celtica
3370 4793 3704 4858 advenerant

469 4864 671 4940 absque
694 4863 919 4940 tumultu
945 4863 1242 4929 residebat;
1271 4862 1443 4917 lenius
1481 4862 1604 4940 ﬁeri
1621 4862 1880 4940 asserens
1909 4866 2162 4940 quicquid
2181 4862 2284 4935 per
2311 4866 2630 4940 pacientiam
2653 4862 2968 4940 toleratur:
2997 4868 3106 4940 _ad_
3136 4868 3317 4940 odium
3346 4885 3557 4940 quoque
3585 4888 3705 4928 sese

468 4930 598 5008 esse
612 4933 842 4987 hostium
864 4947 1279 5008 recognoscens,
1307 4947 1427 5008 cum
1457 4930 1488 5008 τι
1510 4930 1772 5008 Rotherto
1801 4930 2002 4988 hinc—in
2027 4930 2259 5008 Celtica,
2279 4930 2821 5008 ab_G_isleberto_vero
2848 4934 2970 4989 inde
2990 4935 3046 5008 in
3074 4936 3282 5008 Belgica
3308 4930 3606 5008 querétur.
3637 4943 3704 4997 Et

467 5001 761 5058 Ilotbertus
787 4999 1099 5071 quidem'de
1127 5002 1268 5088 regis
1294 4999 1592 5067 abjectione
1619 5003 2171 5088 suiqueprovectione
2196 5003 2650 5088 adeonlaborabat,
2675 5002 2834 5088 idque
2863 5005 3018 5088 apud“
3034 4999 3302 5088 principes
3449 5010 3698 5088 ebtinnit,
