  <div class='ocr_page' id='page_1' title='image "/cluster/home/n/w/nwhite01/storage/ocr_20150623/138/hvd.32044015471774/026.png"; bbox 0 0 3988 5362; ppageno 0'>
   <div class='ocr_carea' id='block_1_1' title="bbox 213 222 3425 294">
    <p class='ocr_par' dir='ltr' id='par_1_1' title="bbox 213 222 3425 294">
     <span class='ocr_line' id='line_1_1' title="bbox 213 222 3425 294; baseline -0.004 -4"><span class='ocrx_word' id='word_1_1' title='bbox 213 236 260 291; x_wconf 71' lang='lat' dir='ltr'><strong>il</strong></span> <span class='ocrx_word' id='word_1_2' title='bbox 1082 225 1554 287; x_wconf 79' lang='lat' dir='ltr'><strong>HISTORIARUM</strong></span> <span class='ocrx_word' id='word_1_3' title='bbox 1590 223 1769 280; x_wconf 75' lang='lat' dir='ltr'><strong>LIBRI</strong></span> <span class='ocrx_word' id='word_1_4' title='bbox 1808 223 2163 294; x_wconf 78' lang='lat' dir='ltr'><strong>QUATUOR.</strong></span> <span class='ocrx_word' id='word_1_5' title='bbox 2200 256 2271 267; x_wconf 96' lang='lat'><strong>—</strong></span> <span class='ocrx_word' id='word_1_6' title='bbox 2305 224 2434 280; x_wconf 87' lang='lat' dir='ltr'><strong>LIB.</strong></span> <span class='ocrx_word' id='word_1_7' title='bbox 2466 224 2505 280; x_wconf 86' lang='grc' dir='ltr'><strong>Ι.</strong></span> <span class='ocrx_word' id='word_1_8' title='bbox 3355 222 3425 277; x_wconf 70' lang='grc'><strong>42</strong></span> 
     </span>
    </p>
   </div>
   <div class='ocr_carea' id='block_1_2' title="bbox 211 337 3425 413">
    <p class='ocr_par' dir='ltr' id='par_1_2' title="bbox 211 337 3425 413">
     <span class='ocr_line' id='line_1_2' title="bbox 211 337 3425 413; baseline -0.003 -10"><span class='ocrx_word' id='word_1_9' title='bbox 211 346 400 404; x_wconf 82' lang='lat' dir='ltr'><strong>milibus</strong></span> <span class='ocrx_word' id='word_1_10' title='bbox 434 342 626 413; x_wconf 83' lang='lat' dir='ltr'><strong>quibus</strong></span> <span class='ocrx_word' id='word_1_11' title='bbox 672 340 791 412; x_wconf 87' lang='lat' dir='ltr'><strong>ipse</strong></span> <span class='ocrx_word' id='word_1_12' title='bbox 840 338 1230 409; x_wconf 70' lang='lat' dir='ltr'><strong>circumseptus</strong></span> <span class='ocrx_word' id='word_1_13' title='bbox 1285 338 1633 402; x_wconf 84' lang='lat' dir='ltr'><strong>incendebat,</strong></span> <span class='ocrx_word' id='word_1_14' title='bbox 1662 337 1747 391; x_wconf 86' lang='lat' dir='ltr'><strong>vi-</strong></span> <span class='ocrx_word' id='word_1_15' title='bbox 1778 345 1824 402; x_wconf 83' lang='grc' dir='ltr'>Α</span> <span class='ocrx_word' id='word_1_16' title='bbox 1852 337 1964 393; x_wconf 87' lang='lat' dir='ltr'><strong>bat.</strong></span> <span class='ocrx_word' id='word_1_17' title='bbox 2040 338 2384 410; x_wconf 79' lang='lat' dir='ltr'><strong>Quapropter</strong></span> <span class='ocrx_word' id='word_1_18' title='bbox 2444 347 2499 395; x_wconf 91' lang='lat' dir='ltr'><strong>et</strong></span> <span class='ocrx_word' id='word_1_19' title='bbox 2558 353 2758 409; x_wconf 88' lang='lat' dir='ltr'><strong>anceps</strong></span> <span class='ocrx_word' id='word_1_20' title='bbox 2820 338 3046 395; x_wconf 74' lang='lat' dir='ltr'><strong>victuris</strong></span> <span class='ocrx_word' id='word_1_21' title='bbox 3112 337 3232 401; x_wconf 85' lang='lat' dir='ltr'><strong>fuit,</strong></span> <span class='ocrx_word' id='word_1_22' title='bbox 3301 354 3425 394; x_wconf 89' lang='lat' dir='ltr'><strong>cum</strong></span> 
     </span>
    </p>
   </div>
   <div class='ocr_carea' id='block_1_3' title="bbox 210 428 1744 501">
    <p class='ocr_par' dir='ltr' id='par_1_3' title="bbox 210 428 1744 501">
     <span class='ocr_line' id='line_1_3' title="bbox 210 428 1744 501; baseline -0.006 -9"><span class='ocrx_word' id='word_1_23' title='bbox 210 452 308 493; x_wconf 80' lang='lat' dir='ltr'><strong>rum</strong></span> <span class='ocrx_word' id='word_1_24' title='bbox 340 432 672 490; x_wconf 74' lang='lat' dir='ltr'><strong>consulam</strong></span> <span class='ocrx_word' id='word_1_25' title='bbox 702 430 771 462; x_wconf 82' lang='grc'><strong>¹⁶²</strong></span> <span class='ocrx_word' id='word_1_26' title='bbox 805 428 1132 501; x_wconf 80' lang='lat' dir='ltr'><strong>llagraldum</strong></span> <span class='ocrx_word' id='word_1_27' title='bbox 1181 428 1426 499; x_wconf 71' lang='lat' dir='ltr'><strong>prazficit.</strong></span> <span class='ocrx_word' id='word_1_28' title='bbox 1484 428 1744 483; x_wconf 72' lang='lat' dir='ltr'><strong>Hortatur</strong></span> 
     </span>
    </p>
   </div>
   <div class='ocr_carea' id='block_1_4' title="bbox 209 518 1740 595">
    <p class='ocr_par' dir='ltr' id='par_1_4' title="bbox 209 518 1740 595">
     <span class='ocr_line' id='line_1_4' title="bbox 209 518 1740 595; baseline -0.003 -16"><span class='ocrx_word' id='word_1_29' title='bbox 209 540 313 582; x_wconf 84' lang='lat' dir='ltr'><strong>vero</strong></span> <span class='ocrx_word' id='word_1_30' title='bbox 334 522 632 595; x_wconf 83' lang='lat' dir='ltr'><strong>plurimum,</strong></span> <span class='ocrx_word' id='word_1_31' title='bbox 663 529 722 575; x_wconf 93' lang='lat' dir='ltr'><strong>ut</strong></span> <span class='ocrx_word' id='word_1_32' title='bbox 752 519 846 575; x_wconf 89' lang='lat' dir='ltr'><strong>Dei</strong></span> <span class='ocrx_word' id='word_1_33' title='bbox 878 526 1087 575; x_wconf 81' lang='lat' dir='ltr'><strong>tantum</strong></span> <span class='ocrx_word' id='word_1_34' title='bbox 1118 518 1381 574; x_wconf 77' lang='lat' dir='ltr'><strong>auxilium</strong></span> <span class='ocrx_word' id='word_1_35' title='bbox 1414 518 1740 588; x_wconf 83' lang='lat' dir='ltr'><strong>implorent;</strong></span> 
     </span>
    </p>
   </div>
   <div class='ocr_carea' id='block_1_5' title="bbox 205 608 1741 677">
    <p class='ocr_par' dir='ltr' id='par_1_5' title="bbox 205 608 1741 677">
     <span class='ocr_line' id='line_1_5' title="bbox 205 608 1741 677; baseline -0.004 -5"><span class='ocrx_word' id='word_1_36' title='bbox 205 616 316 672; x_wconf 85' lang='lat' dir='ltr'><strong>nihil</strong></span> <span class='ocrx_word' id='word_1_37' title='bbox 338 615 411 669; x_wconf 85' lang='lat' dir='ltr'><strong>eis</strong></span> <span class='ocrx_word' id='word_1_38' title='bbox 434 614 804 677; x_wconf 89' lang='lat' dir='ltr'><strong>metuendum,</strong></span> <span class='ocrx_word' id='word_1_39' title='bbox 844 611 976 666; x_wconf 86' lang='lat' dir='ltr'><strong>nihil</strong></span> <span class='ocrx_word' id='word_1_40' title='bbox 1020 611 1088 667; x_wconf 88' lang='lat' dir='ltr'><strong>de</strong></span> <span class='ocrx_word' id='word_1_41' title='bbox 1117 610 1341 667; x_wconf 81' lang='lat' dir='ltr'><strong>victoria</strong></span> <span class='ocrx_word' id='word_1_42' title='bbox 1394 608 1741 667; x_wconf 72' lang='lat' dir='ltr'><strong>diuidendum</strong></span> 
     </span>
    </p>
   </div>
   <div class='ocr_carea' id='block_1_6' title="bbox 206 703 1743 778">
    <p class='ocr_par' dir='ltr' id='par_1_6' title="bbox 206 703 1743 778">
     <span class='ocr_line' id='line_1_6' title="bbox 206 703 1743 778; baseline -0.004 -13"><span class='ocrx_word' id='word_1_43' title='bbox 206 720 498 766; x_wconf 81' lang='lat' dir='ltr'><strong>memorans.</strong></span> <span class='ocrx_word' id='word_1_44' title='bbox 560 706 733 778; x_wconf 75' lang='lat' dir='ltr'><strong>Regni</strong></span> <span class='ocrx_word' id='word_1_45' title='bbox 792 719 1005 778; x_wconf 88' lang='lat' dir='ltr'><strong>quoque</strong></span> <span class='ocrx_word' id='word_1_46' title='bbox 1049 718 1396 776; x_wconf 88' lang='lat' dir='ltr'><strong>pervasorem</strong></span> <span class='ocrx_word' id='word_1_47' title='bbox 1424 703 1494 735; x_wconf 84' lang='grc'><strong>¹⁶³</strong></span> <span class='ocrx_word' id='word_1_48' title='bbox 1516 704 1604 759; x_wconf 86' lang='lat' dir='ltr'><strong>vix</strong></span> <span class='ocrx_word' id='word_1_49' title='bbox 1634 720 1743 759; x_wconf 87' lang='lat' dir='ltr'><strong>uno</strong></span> 
     </span>
    </p>
   </div>
   <div class='ocr_carea' id='block_1_7' title="bbox 205 797 1741 868">
    <p class='ocr_par' dir='ltr' id='par_1_7' title="bbox 205 797 1741 868">
     <span class='ocr_line' id='line_1_7' title="bbox 205 797 1741 868; baseline -0.003 -11"><span class='ocrx_word' id='word_1_50' title='bbox 205 810 441 859; x_wconf 87' lang='lat' dir='ltr'><strong>momento</strong></span> <span class='ocrx_word' id='word_1_51' title='bbox 489 800 812 856; x_wconf 84' lang='lat' dir='ltr'><strong>duraturum</strong></span> <span class='ocrx_word' id='word_1_52' title='bbox 856 799 1133 854; x_wconf 83' lang='lat' dir='ltr'><strong>asserebat</strong></span> <span class='ocrx_word' id='word_1_53' title='bbox 1173 817 1188 852; x_wconf 92' lang='lat'><strong>:</strong></span> <span class='ocrx_word' id='word_1_54' title='bbox 1245 815 1266 850; x_wconf 72' lang='grc' dir='ltr'>ι</span> <span class='ocrx_word' id='word_1_55' title='bbox 1311 797 1448 854; x_wconf 86' lang='lat' dir='ltr'><strong>Cum</strong></span> <span class='ocrx_word' id='word_1_56' title='bbox 1488 798 1741 868; x_wconf 85' lang='lat' dir='ltr'><strong>inquiens</strong></span> 
     </span>
    </p>
   </div>
   <div class='ocr_carea' id='block_1_8' title="bbox 203 885 1740 959">
    <p class='ocr_par' dir='ltr' id='par_1_8' title="bbox 203 885 1740 959">
     <span class='ocr_line' id='line_1_8' title="bbox 203 885 1740 959; baseline -0.003 -12"><span class='ocrx_word' id='word_1_57' title='bbox 203 892 318 947; x_wconf 86' lang='lat' dir='ltr'><strong>Deus</strong></span> <span class='ocrx_word' id='word_1_58' title='bbox 356 889 659 959; x_wconf 70' lang='lat' dir='ltr'><strong>huiusmodi</strong></span> <span class='ocrx_word' id='word_1_59' title='bbox 712 888 1110 954; x_wconf 88' lang='lat' dir='ltr'><strong>abbominetur,</strong></span> <span class='ocrx_word' id='word_1_60' title='bbox 1135 895 1193 943; x_wconf 88' lang='lat' dir='ltr'><strong>et</strong></span> <span class='ocrx_word' id='word_1_61' title='bbox 1238 887 1379 957; x_wconf 88' lang='lat' dir='ltr'><strong>apud</strong></span> <span class='ocrx_word' id='word_1_62' title='bbox 1409 902 1535 943; x_wconf 89' lang='lat' dir='ltr'><strong>eum</strong></span> <span class='ocrx_word' id='word_1_63' title='bbox 1558 885 1740 942; x_wconf 86' lang='lat' dir='ltr'><strong>nullus</strong></span> 
     </span>
    </p>
   </div>
   <div class='ocr_carea' id='block_1_9' title="bbox 199 980 1740 1055">
    <p class='ocr_par' dir='ltr' id='par_1_9' title="bbox 199 980 1740 1055">
     <span class='ocr_line' id='line_1_9' title="bbox 199 980 1740 1055; baseline -0.001 -19"><span class='ocrx_word' id='word_1_64' title='bbox 199 983 431 1055; x_wconf 66' lang='lat' dir='ltr'><strong>superbia;</strong></span> <span class='ocrx_word' id='word_1_65' title='bbox 450 980 608 1036; x_wconf 84' lang='lat' dir='ltr'><strong>locus</strong></span> <span class='ocrx_word' id='word_1_66' title='bbox 634 981 726 1046; x_wconf 90' lang='lat' dir='ltr'><strong>sit,</strong></span> <span class='ocrx_word' id='word_1_67' title='bbox 772 980 1045 1050; x_wconf 83' lang='lat' dir='ltr'><strong>quomodo</strong></span> <span class='ocrx_word' id='word_1_68' title='bbox 1091 981 1258 1036; x_wconf 82' lang='lat' dir='ltr'><strong>stabit</strong></span> <span class='ocrx_word' id='word_1_69' title='bbox 1300 994 1461 1051; x_wconf 83' lang='lat' dir='ltr'><strong>quem</strong></span> <span class='ocrx_word' id='word_1_70' title='bbox 1490 980 1606 1051; x_wconf 86' lang='lat' dir='ltr'><strong>ipse</strong></span> <span class='ocrx_word' id='word_1_71' title='bbox 1631 994 1740 1035; x_wconf 90' lang='lat' dir='ltr'><strong>non</strong></span> 
     </span>
    </p>
   </div>
   <div class='ocr_carea' id='block_1_10' title="bbox 199 1070 1734 1144">
    <p class='ocr_par' dir='ltr' id='par_1_10' title="bbox 199 1070 1734 1144">
     <span class='ocr_line' id='line_1_10' title="bbox 199 1070 1734 1144; baseline -0.005 -13"><span class='ocrx_word' id='word_1_72' title='bbox 199 1072 375 1131; x_wconf 84' lang='lat' dir='ltr'><strong>munit?</strong></span> <span class='ocrx_word' id='word_1_73' title='bbox 397 1070 666 1144; x_wconf 87' lang='lat' dir='ltr'><strong>quomodo</strong></span> <span class='ocrx_word' id='word_1_74' title='bbox 680 1079 947 1141; x_wconf 78' lang='lat' dir='ltr'><strong>resurget,</strong></span> <span class='ocrx_word' id='word_1_75' title='bbox 963 1086 1124 1141; x_wconf 81' lang='lat' dir='ltr'><strong>quem</strong></span> <span class='ocrx_word' id='word_1_76' title='bbox 1141 1071 1254 1142; x_wconf 89' lang='lat' dir='ltr'><strong>ipse</strong></span> <span class='ocrx_word' id='word_1_77' title='bbox 1269 1071 1572 1143; x_wconf 66' lang='lat' dir='ltr'><strong>praecipitat</strong></span> <span class='ocrx_word' id='word_1_78' title='bbox 1590 1071 1693 1126; x_wconf 70' lang='lat' dir='ltr'><strong>“‘f</strong></span> <span class='ocrx_word' id='word_1_79' title='bbox 1714 1090 1734 1124; x_wconf 72' lang='grc' dir='ltr'><strong><em>ο</em></strong></span> 
     </span>
    </p>
   </div>
   <div class='ocr_carea' id='block_1_11' title="bbox 198 1159 1739 1233">
    <p class='ocr_par' dir='ltr' id='par_1_11' title="bbox 198 1159 1739 1233">
     <span class='ocr_line' id='line_1_11' title="bbox 198 1159 1739 1233; baseline 0 -16"><span class='ocrx_word' id='word_1_80' title='bbox 198 1163 250 1218; x_wconf 78' lang='lat' dir='ltr'><strong>Et</strong></span> <span class='ocrx_word' id='word_1_81' title='bbox 271 1171 378 1232; x_wconf 89' lang='lat' dir='ltr'><strong>post</strong></span> <span class='ocrx_word' id='word_1_82' title='bbox 420 1161 539 1215; x_wconf 66' lang='lat' dir='ltr'><strong>haec</strong></span> <span class='ocrx_word' id='word_1_83' title='bbox 572 1175 696 1216; x_wconf 81' lang='lat' dir='ltr'><strong>cum</strong></span> <span class='ocrx_word' id='word_1_84' title='bbox 743 1159 1015 1230; x_wconf 82' lang='lat' dir='ltr'><strong>episcopis</strong></span> <span class='ocrx_word' id='word_1_85' title='bbox 1063 1162 1302 1232; x_wconf 89' lang='lat' dir='ltr'><strong>virisque</strong></span> <span class='ocrx_word' id='word_1_86' title='bbox 1353 1161 1621 1233; x_wconf 76' lang='lat' dir='ltr'><strong>religiosis</strong></span> <span class='ocrx_word' id='word_1_87' title='bbox 1644 1163 1739 1233; x_wconf 90' lang='lat' dir='ltr'><strong>qui</strong></span> 
     </span>
    </p>
   </div>
   <div class='ocr_carea' id='block_1_12' title="bbox 198 1250 1739 1322">
    <p class='ocr_par' dir='ltr' id='par_1_12' title="bbox 198 1250 1739 1322">
     <span class='ocr_line' id='line_1_12' title="bbox 198 1250 1739 1322; baseline 0.003 -17"><span class='ocrx_word' id='word_1_88' title='bbox 198 1253 404 1315; x_wconf 84' lang='lat' dir='ltr'><strong>aderant,</strong></span> <span class='ocrx_word' id='word_1_89' title='bbox 455 1260 695 1306; x_wconf 83' lang='lat' dir='ltr'><strong>montem</strong></span> <span class='ocrx_word' id='word_1_90' title='bbox 747 1250 866 1307; x_wconf 85' lang='lat' dir='ltr'><strong>loco</strong></span> <span class='ocrx_word' id='word_1_91' title='bbox 915 1252 1224 1322; x_wconf 87' lang='lat' dir='ltr'><strong>oppositum</strong></span> <span class='ocrx_word' id='word_1_92' title='bbox 1254 1254 1591 1319; x_wconf 86' lang='lat' dir='ltr'><strong>conscendit,</strong></span> <span class='ocrx_word' id='word_1_93' title='bbox 1634 1255 1739 1310; x_wconf 81' lang='lat' dir='ltr'><strong>ubi</strong></span> 
     </span>
    </p>
   </div>
   <div class='ocr_carea' id='block_1_13' title="bbox 195 1330 1735 1414">
    <p class='ocr_par' dir='ltr' id='par_1_13' title="bbox 195 1330 1735 1414">
     <span class='ocr_line' id='line_1_13' title="bbox 195 1330 1735 1414; baseline 0 -16"><span class='ocrx_word' id='word_1_94' title='bbox 195 1344 326 1398; x_wconf 83' lang='lat' dir='ltr'><strong>etiam</strong></span> <span class='ocrx_word' id='word_1_95' title='bbox 353 1351 432 1399; x_wconf 84' lang='lat' dir='ltr'><strong>est</strong></span> <span class='ocrx_word' id='word_1_96' title='bbox 458 1341 686 1397; x_wconf 85' lang='lat' dir='ltr'><strong>basilica</strong></span> <span class='ocrx_word' id='word_1_97' title='bbox 711 1341 884 1398; x_wconf 77' lang='lat' dir='ltr'><strong>beata:</strong></span> <span class='ocrx_word' id='word_1_98' title='bbox 902 1330 1190 1398; x_wconf 71' lang='lat' dir='ltr'><strong>Génovefae</strong></span> <span class='ocrx_word' id='word_1_99' title='bbox 1218 1344 1446 1414; x_wconf 75' lang='lat' dir='ltr'><strong>virginis</strong></span> <span class='ocrx_word' id='word_1_100' title='bbox 1471 1344 1735 1411; x_wconf 87' lang='lat' dir='ltr'><strong>dedicata,</strong></span> 
     </span>
    </p>
   </div>
   <div class='ocr_carea' id='block_1_14' title="bbox 197 1432 1740 1504">
    <p class='ocr_par' dir='ltr' id='par_1_14' title="bbox 197 1432 1740 1504">
     <span class='ocr_line' id='line_1_14' title="bbox 197 1432 1740 1504; baseline -0.002 -12"><span class='ocrx_word' id='word_1_101' title='bbox 197 1445 407 1493; x_wconf 82' lang='lat' dir='ltr'><strong>eventum</strong></span> <span class='ocrx_word' id='word_1_102' title='bbox 436 1434 567 1491; x_wconf 81' lang='lat' dir='ltr'><strong>belli</strong></span> <span class='ocrx_word' id='word_1_103' title='bbox 590 1434 715 1490; x_wconf 85' lang='lat' dir='ltr'><strong>inde</strong></span> <span class='ocrx_word' id='word_1_104' title='bbox 735 1443 1072 1503; x_wconf 88' lang='lat' dir='ltr'><strong>experturus.</strong></span> <span class='ocrx_word' id='word_1_105' title='bbox 1114 1432 1326 1488; x_wconf 83' lang='lat' dir='ltr'><strong>Interea</strong></span> <span class='ocrx_word' id='word_1_106' title='bbox 1358 1433 1591 1503; x_wconf 87' lang='lat' dir='ltr'><strong>junctim</strong></span> <span class='ocrx_word' id='word_1_107' title='bbox 1617 1450 1740 1504; x_wconf 83' lang='lat' dir='ltr'><strong>pro-</strong></span> 
     </span>
    </p>
   </div>
   <div class='ocr_carea' id='block_1_15' title="bbox 196 1523 1739 1595">
    <p class='ocr_par' dir='ltr' id='par_1_15' title="bbox 196 1523 1739 1595">
     <span class='ocr_line' id='line_1_15' title="bbox 196 1523 1739 1595; baseline -0.003 -12"><span class='ocrx_word' id='word_1_108' title='bbox 196 1528 309 1583; x_wconf 82' lang='lat' dir='ltr'><strong>cedit</strong></span> <span class='ocrx_word' id='word_1_109' title='bbox 330 1525 603 1581; x_wconf 86' lang='lat' dir='ltr'><strong>exercitus</strong></span> <span class='ocrx_word' id='word_1_110' title='bbox 648 1534 705 1581; x_wconf 86' lang='lat' dir='ltr'><strong>et</strong></span> <span class='ocrx_word' id='word_1_111' title='bbox 758 1523 1133 1595; x_wconf 67' lang='lat' dir='ltr'><strong>magnanimus</strong></span> <span class='ocrx_word' id='word_1_112' title='bbox 1181 1524 1402 1595; x_wconf 86' lang='lat' dir='ltr'><strong>gradive</strong></span> <span class='ocrx_word' id='word_1_113' title='bbox 1448 1525 1501 1578; x_wconf 92' lang='lat' dir='ltr'><strong>in</strong></span> <span class='ocrx_word' id='word_1_114' title='bbox 1529 1525 1739 1579; x_wconf 88' lang='lat' dir='ltr'><strong>hostem</strong></span> 
     </span>
    </p>
   </div>
   <div class='ocr_carea' id='block_1_16' title="bbox 196 1613 1738 1685">
    <p class='ocr_par' dir='ltr' id='par_1_16' title="bbox 196 1613 1738 1685">
     <span class='ocr_line' id='line_1_16' title="bbox 196 1613 1738 1685; baseline -0.002 -14"><span class='ocrx_word' id='word_1_115' title='bbox 196 1617 443 1673; x_wconf 78' lang='lat' dir='ltr'><strong>accelerat.</strong></span> <span class='ocrx_word' id='word_1_116' title='bbox 489 1615 747 1671; x_wconf 86' lang='lat' dir='ltr'><strong>Procedit</strong></span> <span class='ocrx_word' id='word_1_117' title='bbox 793 1629 1009 1685; x_wconf 89' lang='lat' dir='ltr'><strong>quoque</strong></span> <span class='ocrx_word' id='word_1_118' title='bbox 1067 1614 1334 1677; x_wconf 90' lang='lat' dir='ltr'><strong>tirannus,</strong></span> <span class='ocrx_word' id='word_1_119' title='bbox 1391 1613 1575 1669; x_wconf 90' lang='lat' dir='ltr'><strong>animo</strong></span> <span class='ocrx_word' id='word_1_120' title='bbox 1631 1627 1738 1669; x_wconf 88' lang='lat' dir='ltr'><strong>non</strong></span> 
     </span>
    </p>
   </div>
   <div class='ocr_carea' id='block_1_17' title="bbox 195 1703 984 1777">
    <p class='ocr_par' dir='ltr' id='par_1_17' title="bbox 195 1703 984 1777">
     <span class='ocr_line' id='line_1_17' title="bbox 195 1703 984 1777; baseline -0.006 -15"><span class='ocrx_word' id='word_1_121' title='bbox 195 1710 353 1777; x_wconf 85' lang='lat' dir='ltr'><strong>impar,</strong></span> <span class='ocrx_word' id='word_1_122' title='bbox 375 1716 429 1760; x_wconf 86' lang='lat' dir='ltr'><strong>at</strong></span> <span class='ocrx_word' id='word_1_123' title='bbox 451 1705 758 1776; x_wconf 91' lang='lat' dir='ltr'><strong>legionibus</strong></span> <span class='ocrx_word' id='word_1_124' title='bbox 786 1703 984 1773; x_wconf 90' lang='lat' dir='ltr'><strong>potior.</strong></span> 
     </span>
    </p>
   </div>
   <div class='ocr_carea' id='block_1_18' title="bbox 247 1791 1737 1865">
    <p class='ocr_par' dir='ltr' id='par_1_18' title="bbox 247 1791 1737 1865">
     <span class='ocr_line' id='line_1_18' title="bbox 247 1791 1737 1865; baseline -0.001 -15"><span class='ocrx_word' id='word_1_125' title='bbox 247 1795 322 1850; x_wconf 67' lang='grc'><strong>46.</strong></span> <span class='ocrx_word' id='word_1_126' title='bbox 341 1793 543 1849; x_wconf 79' lang='lat' dir='ltr'><strong>Bellum</strong></span> <span class='ocrx_word' id='word_1_127' title='bbox 595 1792 733 1848; x_wconf 79' lang='lat' dir='ltr'><strong>inter</strong></span> <span class='ocrx_word' id='word_1_128' title='bbox 781 1791 1039 1847; x_wconf 83' lang='lat' dir='ltr'><strong>Karolum</strong></span> <span class='ocrx_word' id='word_1_129' title='bbox 1062 1803 1111 1847; x_wconf 81' lang='lat' dir='ltr'><strong>et</strong></span> <span class='ocrx_word' id='word_1_130' title='bbox 1151 1792 1476 1860; x_wconf 77' lang='lat' dir='ltr'><strong>Rotbertum,</strong></span> <span class='ocrx_word' id='word_1_131' title='bbox 1522 1794 1737 1865; x_wconf 79' lang='lat' dir='ltr'><strong>ejusque</strong></span> 
     </span>
    </p>
   </div>
   <div class='ocr_carea' id='block_1_19' title="bbox 191 1885 1736 1957">
    <p class='ocr_par' dir='ltr' id='par_1_19' title="bbox 191 1885 1736 1957">
     <span class='ocr_line' id='line_1_19' title="bbox 191 1885 1736 1957; baseline 0 -17"><span class='ocrx_word' id='word_1_132' title='bbox 191 1888 311 1957; x_wconf 72' lang='lat' dir='ltr'><strong>fuga.</strong></span> <span class='ocrx_word' id='word_1_133' title='bbox 332 1916 398 1927; x_wconf 91' lang='lat'><strong><em>—</em></strong></span> <span class='ocrx_word' id='word_1_134' title='bbox 420 1885 632 1953; x_wconf 85' lang='lat' dir='ltr'><strong>Quibus</strong></span> <span class='ocrx_word' id='word_1_135' title='bbox 677 1885 948 1954; x_wconf 84' lang='lat' dir='ltr'><strong>utrimque</strong></span> <span class='ocrx_word' id='word_1_136' title='bbox 972 1886 1101 1941; x_wconf 82' lang='lat' dir='ltr'><strong>visis</strong></span> <span class='ocrx_word' id='word_1_137' title='bbox 1123 1886 1445 1951; x_wconf 86' lang='lat' dir='ltr'><strong>comminus,</strong></span> <span class='ocrx_word' id='word_1_138' title='bbox 1470 1901 1592 1941; x_wconf 92' lang='lat' dir='ltr'><strong>cum</strong></span> <span class='ocrx_word' id='word_1_139' title='bbox 1619 1901 1736 1940; x_wconf 86' lang='lat' dir='ltr'><strong>ma-</strong></span> 
     </span>
    </p>
   </div>
   <div class='ocr_carea' id='block_1_20' title="bbox 193 1975 1738 2048">
    <p class='ocr_par' dir='ltr' id='par_1_20' title="bbox 193 1975 1738 2048">
     <span class='ocr_line' id='line_1_20' title="bbox 193 1975 1738 2048; baseline 0.002 -18"><span class='ocrx_word' id='word_1_140' title='bbox 193 1977 310 2032; x_wconf 82' lang='lat' dir='ltr'><strong>ximo</strong></span> <span class='ocrx_word' id='word_1_141' title='bbox 332 1976 564 2032; x_wconf 83' lang='lat' dir='ltr'><strong>clamore</strong></span> <span class='ocrx_word' id='word_1_142' title='bbox 594 1975 813 2045; x_wconf 85' lang='lat' dir='ltr'><strong>utrique</strong></span> <span class='ocrx_word' id='word_1_143' title='bbox 857 1978 1132 2032; x_wconf 83' lang='lat' dir='ltr'><strong>exercitus</strong></span> <span class='ocrx_word' id='word_1_144' title='bbox 1165 1977 1333 2048; x_wconf 86' lang='lat' dir='ltr'><strong>signis</strong></span> <span class='ocrx_word' id='word_1_145' title='bbox 1375 1977 1587 2034; x_wconf 78' lang='lat' dir='ltr'><strong>infestis</strong></span> <span class='ocrx_word' id='word_1_146' title='bbox 1609 1992 1738 2033; x_wconf 87' lang='lat' dir='ltr'><strong>con-</strong></span> 
     </span>
    </p>
   </div>
   <div class='ocr_carea' id='block_1_21' title="bbox 186 2066 1733 2138">
    <p class='ocr_par' dir='ltr' id='par_1_21' title="bbox 186 2066 1733 2138">
     <span class='ocr_line' id='line_1_21' title="bbox 186 2066 1733 2138; baseline 0.001 -17"><span class='ocrx_word' id='word_1_147' title='bbox 186 2076 398 2121; x_wconf 83' lang='lat' dir='ltr'><strong>currunt.</strong></span> <span class='ocrx_word' id='word_1_148' title='bbox 420 2066 819 2138; x_wconf 85' lang='lat' dir='ltr'><strong>Congressique</strong></span> <span class='ocrx_word' id='word_1_149' title='bbox 866 2066 1131 2122; x_wconf 76' lang='lat' dir='ltr'><strong>innumeri</strong></span> <span class='ocrx_word' id='word_1_150' title='bbox 1156 2068 1281 2124; x_wconf 89' lang='lat' dir='ltr'><strong>hinc</strong></span> <span class='ocrx_word' id='word_1_151' title='bbox 1310 2067 1432 2123; x_wconf 91' lang='lat' dir='ltr'><strong>inde</strong></span> <span class='ocrx_word' id='word_1_152' title='bbox 1457 2078 1733 2125; x_wconf 90' lang='lat' dir='ltr'><strong>corruunt.</strong></span> 
     </span>
    </p>
   </div>
   <div class='ocr_carea' id='block_1_22' title="bbox 193 2155 1737 2230">
    <p class='ocr_par' dir='ltr' id='par_1_22' title="bbox 193 2155 1737 2230">
     <span class='ocr_line' id='line_1_22' title="bbox 193 2155 1737 2230; baseline 0.003 -19"><span class='ocrx_word' id='word_1_153' title='bbox 193 2156 243 2211; x_wconf 85' lang='lat' dir='ltr'><strong>Et</strong></span> <span class='ocrx_word' id='word_1_154' title='bbox 266 2155 542 2213; x_wconf 81' lang='lat' dir='ltr'><strong>Rutbertus</strong></span> <span class='ocrx_word' id='word_1_155' title='bbox 581 2157 798 2227; x_wconf 84' lang='lat' dir='ltr'><strong>quidem</strong></span> <span class='ocrx_word' id='word_1_156' title='bbox 832 2172 925 2213; x_wconf 92' lang='lat' dir='ltr'><strong>rex</strong></span> <span class='ocrx_word' id='word_1_157' title='bbox 956 2172 1077 2212; x_wconf 91' lang='lat' dir='ltr'><strong>cum</strong></span> <span class='ocrx_word' id='word_1_158' title='bbox 1115 2158 1168 2212; x_wconf 91' lang='lat' dir='ltr'><strong>in</strong></span> <span class='ocrx_word' id='word_1_159' title='bbox 1205 2159 1498 2214; x_wconf 86' lang='lat' dir='ltr'><strong>certamine</strong></span> <span class='ocrx_word' id='word_1_160' title='bbox 1524 2160 1737 2230; x_wconf 87' lang='lat' dir='ltr'><strong>ignotus</strong></span> 
     </span>
    </p>
   </div>
   <div class='ocr_carea' id='block_1_23' title="bbox 186 2254 1735 2327">
    <p class='ocr_par' dir='ltr' id='par_1_23' title="bbox 186 2254 1735 2327">
     <span class='ocr_line' id='line_1_23' title="bbox 186 2254 1735 2327; baseline 0 -16"><span class='ocrx_word' id='word_1_161' title='bbox 186 2264 323 2320; x_wconf 70' lang='lat' dir='ltr'><strong>esset,</strong></span> <span class='ocrx_word' id='word_1_162' title='bbox 354 2266 407 2312; x_wconf 88' lang='lat' dir='ltr'><strong>et</strong></span> <span class='ocrx_word' id='word_1_163' title='bbox 429 2256 560 2312; x_wconf 90' lang='lat' dir='ltr'><strong>hinc</strong></span> <span class='ocrx_word' id='word_1_164' title='bbox 588 2255 715 2312; x_wconf 89' lang='lat' dir='ltr'><strong>inde</strong></span> <span class='ocrx_word' id='word_1_165' title='bbox 757 2254 1002 2311; x_wconf 88' lang='lat' dir='ltr'><strong>feriendo</strong></span> <span class='ocrx_word' id='word_1_166' title='bbox 1045 2264 1155 2311; x_wconf 90' lang='lat' dir='ltr'><strong>toto</strong></span> <span class='ocrx_word' id='word_1_167' title='bbox 1206 2271 1396 2327; x_wconf 88' lang='lat' dir='ltr'><strong>campo</strong></span> <span class='ocrx_word' id='word_1_168' title='bbox 1440 2255 1665 2323; x_wconf 78' lang='lat' dir='ltr'><strong>fureret,</strong></span> <span class='ocrx_word' id='word_1_169' title='bbox 1704 2272 1735 2311; x_wconf 93' lang='lat' dir='ltr'><strong>a</strong></span> 
     </span>
    </p>
   </div>
   <div class='ocr_carea' id='block_1_24' title="bbox 192 2348 1732 2420">
    <p class='ocr_par' dir='ltr' id='par_1_24' title="bbox 192 2348 1732 2420">
     <span class='ocr_line' id='line_1_24' title="bbox 192 2348 1732 2420; baseline 0 -17"><span class='ocrx_word' id='word_1_170' title='bbox 192 2348 453 2420; x_wconf 73' lang='lat' dir='ltr'><strong>coniuratis</strong></span> <span class='ocrx_word' id='word_1_171' title='bbox 496 2357 845 2418; x_wconf 85' lang='lat' dir='ltr'><strong>conspectus,</strong></span> <span class='ocrx_word' id='word_1_172' title='bbox 877 2364 946 2403; x_wconf 89' lang='lat' dir='ltr'><strong>an</strong></span> <span class='ocrx_word' id='word_1_173' title='bbox 995 2349 1109 2419; x_wconf 86' lang='lat' dir='ltr'><strong>ipse</strong></span> <span class='ocrx_word' id='word_1_174' title='bbox 1162 2359 1305 2405; x_wconf 87' lang='lat' dir='ltr'><strong>esset</strong></span> <span class='ocrx_word' id='word_1_175' title='bbox 1348 2350 1732 2420; x_wconf 89' lang='lat' dir='ltr'><strong>interrogatur.</strong></span> 
     </span>
    </p>
   </div>
   <div class='ocr_carea' id='block_1_25' title="bbox 192 2438 1735 2511">
    <p class='ocr_par' dir='ltr' id='par_1_25' title="bbox 192 2438 1735 2511">
     <span class='ocr_line' id='line_1_25' title="bbox 192 2438 1735 2511; baseline 0.003 -20"><span class='ocrx_word' id='word_1_176' title='bbox 192 2439 247 2492; x_wconf 72' lang='lat' dir='ltr'><strong>At</strong></span> <span class='ocrx_word' id='word_1_177' title='bbox 272 2438 350 2495; x_wconf 89' lang='lat' dir='ltr'><strong>ille</strong></span> <span class='ocrx_word' id='word_1_178' title='bbox 391 2440 716 2511; x_wconf 88' lang='lat' dir='ltr'><strong>intrepidus,</strong></span> <span class='ocrx_word' id='word_1_179' title='bbox 777 2454 901 2495; x_wconf 89' lang='lat' dir='ltr'><strong>mox</strong></span> <span class='ocrx_word' id='word_1_180' title='bbox 955 2439 1181 2495; x_wconf 84' lang='lat' dir='ltr'><strong>barbam</strong></span> <span class='ocrx_word' id='word_1_181' title='bbox 1227 2440 1532 2495; x_wconf 88' lang='lat' dir='ltr'><strong>obvelatam</strong></span> <span class='ocrx_word' id='word_1_182' title='bbox 1580 2441 1735 2496; x_wconf 89' lang='lat' dir='ltr'><strong>dete-</strong></span> 
     </span>
    </p>
   </div>
   <div class='ocr_carea' id='block_1_26' title="bbox 191 2530 1731 2602">
    <p class='ocr_par' dir='ltr' id='par_1_26' title="bbox 191 2530 1731 2602">
     <span class='ocr_line' id='line_1_26' title="bbox 191 2530 1731 2602; baseline 0.001 -19"><span class='ocrx_word' id='word_1_183' title='bbox 191 2530 250 2599; x_wconf 76' lang='lat' dir='ltr'><strong>git</strong></span> <span class='ocrx_word' id='word_1_184' title='bbox 272 2530 354 2595; x_wconf 71' lang='grc' dir='ltr'><strong>η’,</strong></span> <span class='ocrx_word' id='word_1_185' title='bbox 378 2545 613 2602; x_wconf 77' lang='lat' dir='ltr'><strong>sesetu</strong></span> <span class='ocrx_word' id='word_1_186' title='bbox 653 2545 773 2587; x_wconf 87' lang='lat' dir='ltr'><strong>esse</strong></span> <span class='ocrx_word' id='word_1_187' title='bbox 821 2539 1089 2586; x_wconf 86' lang='lat' dir='ltr'><strong>monstrat</strong></span> <span class='ocrx_word' id='word_1_188' title='bbox 1124 2530 1211 2596; x_wconf 73' lang='lat' dir='ltr'><strong>m,</strong></span> <span class='ocrx_word' id='word_1_189' title='bbox 1254 2532 1420 2585; x_wconf 88' lang='lat' dir='ltr'><strong>multa</strong></span> <span class='ocrx_word' id='word_1_190' title='bbox 1448 2532 1499 2587; x_wconf 92' lang='lat' dir='ltr'><strong>vi</strong></span> <span class='ocrx_word' id='word_1_191' title='bbox 1529 2533 1581 2586; x_wconf 91' lang='lat' dir='ltr'><strong>in</strong></span> <span class='ocrx_word' id='word_1_192' title='bbox 1606 2531 1731 2586; x_wconf 81' lang='lat' dir='ltr'><strong>Ful-</strong></span> 
     </span>
    </p>
   </div>
   <div class='ocr_carea' id='block_1_27' title="bbox 191 2619 1734 2679">
    <p class='ocr_par' dir='ltr' id='par_1_27' title="bbox 191 2619 1734 2679">
     <span class='ocr_line' id='line_1_27' title="bbox 191 2619 1734 2679; baseline 0.001 -5"><span class='ocrx_word' id='word_1_193' title='bbox 191 2620 366 2675; x_wconf 85' lang='lat' dir='ltr'><strong>bcrtum</strong></span> <span class='ocrx_word' id='word_1_194' title='bbox 417 2630 680 2678; x_wconf 79' lang='lat' dir='ltr'><strong>comitem</strong></span> <span class='ocrx_word' id='word_1_195' title='bbox 718 2619 923 2678; x_wconf 89' lang='lat' dir='ltr'><strong>ferrum</strong></span> <span class='ocrx_word' id='word_1_196' title='bbox 966 2622 1207 2678; x_wconf 84' lang='lat' dir='ltr'><strong>vibrans.</strong></span> <span class='ocrx_word' id='word_1_197' title='bbox 1251 2623 1346 2679; x_wconf 84' lang='lat' dir='ltr'><strong>Ille</strong></span> <span class='ocrx_word' id='word_1_198' title='bbox 1388 2639 1517 2678; x_wconf 89' lang='lat' dir='ltr'><strong>vero</strong></span> <span class='ocrx_word' id='word_1_199' title='bbox 1568 2623 1734 2679; x_wconf 75' lang='lat' dir='ltr'><strong>lmtali</strong></span> 
     </span>
    </p>
   </div>
   <div class='ocr_carea' id='block_1_28' title="bbox 192 2714 1735 2786">
    <p class='ocr_par' dir='ltr' id='par_1_28' title="bbox 192 2714 1735 2786">
     <span class='ocr_line' id='line_1_28' title="bbox 192 2714 1735 2786; baseline 0.004 -22"><span class='ocrx_word' id='word_1_200' title='bbox 192 2726 273 2767; x_wconf 80' lang='lat' dir='ltr'><strong>ictu</strong></span> <span class='ocrx_word' id='word_1_201' title='bbox 312 2722 540 2784; x_wconf 88' lang='lat' dir='ltr'><strong>accepto</strong></span> <span class='ocrx_word' id='word_1_202' title='bbox 583 2714 671 2779; x_wconf 69' lang='lat'><strong>“7,</strong></span> <span class='ocrx_word' id='word_1_203' title='bbox 721 2715 789 2772; x_wconf 88' lang='lat' dir='ltr'><strong>ab</strong></span> <span class='ocrx_word' id='word_1_204' title='bbox 823 2715 971 2771; x_wconf 89' lang='lat' dir='ltr'><strong>eoin</strong></span> <span class='ocrx_word' id='word_1_205' title='bbox 1017 2715 1266 2771; x_wconf 83' lang='lat' dir='ltr'><strong>dextram</strong></span> <span class='ocrx_word' id='word_1_206' title='bbox 1308 2715 1637 2786; x_wconf 84' lang='lat' dir='ltr'><strong>obliquatur.</strong></span> <span class='ocrx_word' id='word_1_207' title='bbox 1668 2717 1735 2770; x_wconf 89' lang='lat' dir='ltr'><strong>Et</strong></span> 
     </span>
    </p>
   </div>
   <div class='ocr_carea' id='block_1_29' title="bbox 191 2804 1736 2881">
    <p class='ocr_par' dir='ltr' id='par_1_29' title="bbox 191 2804 1736 2881">
     <span class='ocr_line' id='line_1_29' title="bbox 191 2804 1736 2881; baseline 0.001 -22"><span class='ocrx_word' id='word_1_208' title='bbox 191 2804 246 2859; x_wconf 75' lang='lat' dir='ltr'><strong>sic</strong></span> <span class='ocrx_word' id='word_1_209' title='bbox 262 2819 350 2875; x_wconf 86' lang='lat' dir='ltr'><strong>per</strong></span> <span class='ocrx_word' id='word_1_210' title='bbox 377 2804 571 2862; x_wconf 73' lang='lat' dir='ltr'><strong>loricae</strong></span> <span class='ocrx_word' id='word_1_211' title='bbox 591 2806 855 2864; x_wconf 89' lang='lat' dir='ltr'><strong>manicam</strong></span> <span class='ocrx_word' id='word_1_212' title='bbox 881 2807 1068 2881; x_wconf 82' lang='lat' dir='ltr'><strong>lancea</strong></span> <span class='ocrx_word' id='word_1_213' title='bbox 1111 2822 1235 2862; x_wconf 91' lang='lat' dir='ltr'><strong>eum</strong></span> <span class='ocrx_word' id='word_1_214' title='bbox 1264 2807 1316 2862; x_wconf 92' lang='lat' dir='ltr'><strong>in</strong></span> <span class='ocrx_word' id='word_1_215' title='bbox 1339 2806 1508 2862; x_wconf 89' lang='lat' dir='ltr'><strong>latere</strong></span> <span class='ocrx_word' id='word_1_216' title='bbox 1529 2808 1736 2878; x_wconf 85' lang='lat' dir='ltr'><strong>gravis-</strong></span> 
     </span>
    </p>
   </div>
   <div class='ocr_carea' id='block_1_30' title="bbox 188 2896 1736 2971">
    <p class='ocr_par' dir='ltr' id='par_1_30' title="bbox 188 2896 1736 2971">
     <span class='ocr_line' id='line_1_30' title="bbox 188 2896 1736 2971; baseline 0.005 -23"><span class='ocrx_word' id='word_1_217' title='bbox 188 2896 293 2951; x_wconf 78' lang='lat' dir='ltr'><strong>simu</strong></span> <span class='ocrx_word' id='word_1_218' title='bbox 313 2899 414 2953; x_wconf 90' lang='lat' dir='ltr'><strong>ictu</strong></span> <span class='ocrx_word' id='word_1_219' title='bbox 454 2899 699 2963; x_wconf 87' lang='lat' dir='ltr'><strong>sauciat,</strong></span> <span class='ocrx_word' id='word_1_220' title='bbox 728 2914 937 2956; x_wconf 89' lang='lat' dir='ltr'><strong>necnon</strong></span> <span class='ocrx_word' id='word_1_221' title='bbox 971 2909 1028 2957; x_wconf 91' lang='lat' dir='ltr'><strong>et</strong></span> <span class='ocrx_word' id='word_1_222' title='bbox 1054 2914 1149 2970; x_wconf 88' lang='lat' dir='ltr'><strong>per</strong></span> <span class='ocrx_word' id='word_1_223' title='bbox 1178 2913 1311 2970; x_wconf 91' lang='lat' dir='ltr'><strong>epar</strong></span> <span class='ocrx_word' id='word_1_224' title='bbox 1338 2910 1500 2971; x_wconf 89' lang='lat' dir='ltr'><strong>atque</strong></span> <span class='ocrx_word' id='word_1_225' title='bbox 1527 2900 1736 2971; x_wconf 85' lang='lat' dir='ltr'><strong>pulmo-</strong></span> 
     </span>
    </p>
   </div>
   <div class='ocr_carea' id='block_1_31' title="bbox 190 2990 1737 3066">
    <p class='ocr_par' dir='ltr' id='par_1_31' title="bbox 190 2990 1737 3066">
     <span class='ocr_line' id='line_1_31' title="bbox 190 2990 1737 3066; baseline 0.005 -24"><span class='ocrx_word' id='word_1_226' title='bbox 190 3003 280 3043; x_wconf 85' lang='lat' dir='ltr'><strong>nem</strong></span> <span class='ocrx_word' id='word_1_227' title='bbox 309 2999 361 3045; x_wconf 91' lang='lat' dir='ltr'><strong>et</strong></span> <span class='ocrx_word' id='word_1_228' title='bbox 384 2991 608 3048; x_wconf 85' lang='lat' dir='ltr'><strong>sinistri</strong></span> <span class='ocrx_word' id='word_1_229' title='bbox 657 2990 840 3049; x_wconf 89' lang='lat' dir='ltr'><strong>lateris</strong></span> <span class='ocrx_word' id='word_1_230' title='bbox 882 2994 1273 3064; x_wconf 86' lang='lat' dir='ltr'><strong>ypocundriam</strong></span> <span class='ocrx_word' id='word_1_231' title='bbox 1317 2994 1523 3049; x_wconf 86' lang='lat' dir='ltr'><strong>ferrum</strong></span> <span class='ocrx_word' id='word_1_232' title='bbox 1565 3010 1737 3066; x_wconf 91' lang='lat' dir='ltr'><strong>usque</strong></span> 
     </span>
    </p>
   </div>
   <div class='ocr_carea' id='block_1_32' title="bbox 1844 428 3423 500">
    <p class='ocr_par' dir='ltr' id='par_1_32' title="bbox 1844 428 3423 500">
     <span class='ocr_line' id='line_1_32' title="bbox 1844 428 3423 500; baseline -0.001 -16"><span class='ocrx_word' id='word_1_233' title='bbox 1844 428 2009 484; x_wconf 78' lang='lat' dir='ltr'><strong>Celtae</strong></span> <span class='ocrx_word' id='word_1_234' title='bbox 2045 430 2112 461; x_wconf 85' lang='grc'><strong>¹⁷³</strong></span> <span class='ocrx_word' id='word_1_235' title='bbox 2174 429 2481 486; x_wconf 87' lang='lat' dir='ltr'><strong>desertores</strong></span> <span class='ocrx_word' id='word_1_236' title='bbox 2539 444 2720 500; x_wconf 87' lang='lat' dir='ltr'><strong>regem</strong></span> <span class='ocrx_word' id='word_1_237' title='bbox 2764 430 3064 484; x_wconf 90' lang='lat' dir='ltr'><strong>extinctum</strong></span> <span class='ocrx_word' id='word_1_238' title='bbox 3118 428 3423 494; x_wconf 86' lang='lat' dir='ltr'><strong>amiserint,</strong></span> 
     </span>
    </p>
   </div>
   <div class='ocr_carea' id='block_1_33' title="bbox 1845 519 3426 591">
    <p class='ocr_par' dir='ltr' id='par_1_33' title="bbox 1845 519 3426 591">
     <span class='ocr_line' id='line_1_33' title="bbox 1845 519 3426 591; baseline -0.001 -15"><span class='ocrx_word' id='word_1_239' title='bbox 1845 521 2073 577; x_wconf 82' lang='lat' dir='ltr'><strong>Karolus</strong></span> <span class='ocrx_word' id='word_1_240' title='bbox 2106 537 2237 579; x_wconf 81' lang='lat' dir='ltr'><strong>vero</strong></span> <span class='ocrx_word' id='word_1_241' title='bbox 2269 522 2402 577; x_wconf 84' lang='lat' dir='ltr'><strong>nihil</strong></span> <span class='ocrx_word' id='word_1_242' title='bbox 2450 522 2744 591; x_wconf 84' lang='lat' dir='ltr'><strong>spoliorum</strong></span> <span class='ocrx_word' id='word_1_243' title='bbox 2773 522 3035 591; x_wconf 85' lang='lat' dir='ltr'><strong>attigerit.</strong></span> <span class='ocrx_word' id='word_1_244' title='bbox 3066 519 3329 577; x_wconf 86' lang='lat' dir='ltr'><strong>Neutrum</strong></span> <span class='ocrx_word' id='word_1_245' title='bbox 3360 521 3426 552; x_wconf 72' lang='grc' dir='ltr'><strong>¹⁷δ</strong></span> 
     </span>
    </p>
   </div>
   <div class='ocr_carea' id='block_1_34' title="bbox 1843 599 3426 684">
    <p class='ocr_par' dir='ltr' id='par_1_34' title="bbox 1843 599 3426 684">
     <span class='ocr_line' id='line_1_34' title="bbox 1843 599 3426 684; baseline 0.001 -19"><span class='ocrx_word' id='word_1_246' title='bbox 1843 610 2057 667; x_wconf 91' lang='lat' dir='ltr'><strong>illorum</strong></span> <span class='ocrx_word' id='word_1_247' title='bbox 2103 611 2274 682; x_wconf 88' lang='lat' dir='ltr'><strong>spolia</strong></span> <span class='ocrx_word' id='word_1_248' title='bbox 2324 612 2611 683; x_wconf 72' lang='lat' dir='ltr'><strong>diripuisse</strong></span> <span class='ocrx_word' id='word_1_249' title='bbox 2643 614 2709 644; x_wconf 74' lang='grc'>³⁷⁸</span> <span class='ocrx_word' id='word_1_250' title='bbox 2746 614 2969 684; x_wconf 88' lang='lat' dir='ltr'><strong>contigit</strong></span> <span class='ocrx_word' id='word_1_251' title='bbox 3023 599 3107 666; x_wconf 67' lang='grc'><strong>¹’⁷⁸.</strong></span> <span class='ocrx_word' id='word_1_252' title='bbox 3136 611 3302 681; x_wconf 85' lang='lat' dir='ltr'><strong>Cujus</strong></span> <span class='ocrx_word' id='word_1_253' title='bbox 3347 612 3426 668; x_wconf 87' lang='lat' dir='ltr'><strong>rei</strong></span> 
     </span>
    </p>
   </div>
   <div class='ocr_carea' id='block_1_35' title="bbox 1842 704 3426 773">
    <p class='ocr_par' dir='ltr' id='par_1_35' title="bbox 1842 704 3426 773">
     <span class='ocr_line' id='line_1_35' title="bbox 1842 704 3426 773; baseline 0.001 -16"><span class='ocrx_word' id='word_1_254' title='bbox 1842 704 2180 773; x_wconf 85' lang='lat' dir='ltr'><strong>oportunitas</strong></span> <span class='ocrx_word' id='word_1_255' title='bbox 2208 704 2274 735; x_wconf 72' lang='grc'><strong>¹⁷⁵</strong></span> <span class='ocrx_word' id='word_1_256' title='bbox 2300 719 2422 761; x_wconf 89' lang='lat' dir='ltr'><strong>cum</strong></span> <span class='ocrx_word' id='word_1_257' title='bbox 2447 704 2643 759; x_wconf 86' lang='lat' dir='ltr'><strong>Karolo</strong></span> <span class='ocrx_word' id='word_1_258' title='bbox 2663 705 2730 737; x_wconf 69' lang='grc'><strong>⁸⁷⁸</strong></span> <span class='ocrx_word' id='word_1_259' title='bbox 2758 721 2863 760; x_wconf 92' lang='lat' dir='ltr'><strong>non</strong></span> <span class='ocrx_word' id='word_1_260' title='bbox 2891 704 3170 768; x_wconf 80' lang='lat' dir='ltr'><strong>defuisset,</strong></span> <span class='ocrx_word' id='word_1_261' title='bbox 3192 705 3259 736; x_wconf 68' lang='grc'><strong>¹⁷³</strong></span> <span class='ocrx_word' id='word_1_262' title='bbox 3279 704 3426 759; x_wconf 89' lang='lat' dir='ltr'><strong>nulla</strong></span> 
     </span>
    </p>
   </div>
   <div class='ocr_carea' id='block_1_36' title="bbox 1844 796 3425 868">
    <p class='ocr_par' dir='ltr' id='par_1_36' title="bbox 1844 796 3425 868">
     <span class='ocr_line' id='line_1_36' title="bbox 1844 796 3425 868; baseline 0 -18"><span class='ocrx_word' id='word_1_263' title='bbox 1844 803 2021 851; x_wconf 89' lang='lat' dir='ltr'><strong>tamen</strong></span> <span class='ocrx_word' id='word_1_264' title='bbox 2056 796 2123 827; x_wconf 72' lang='grc'><strong>¹⁷⁶</strong></span> <span class='ocrx_word' id='word_1_265' title='bbox 2144 797 2336 852; x_wconf 90' lang='lat' dir='ltr'><strong>ductus</strong></span> <span class='ocrx_word' id='word_1_266' title='bbox 2384 798 2679 868; x_wconf 84' lang='lat' dir='ltr'><strong>cupiditate</strong></span> <span class='ocrx_word' id='word_1_267' title='bbox 2716 799 2784 829; x_wconf 68' lang='grc' dir='ltr'><strong>¹⁷δ</strong></span> <span class='ocrx_word' id='word_1_268' title='bbox 2805 813 2915 853; x_wconf 89' lang='lat' dir='ltr'><strong>rem</strong></span> <span class='ocrx_word' id='word_1_269' title='bbox 2948 798 3164 868; x_wconf 88' lang='lat' dir='ltr'><strong>penitus</strong></span> <span class='ocrx_word' id='word_1_270' title='bbox 3192 797 3262 828; x_wconf 81' lang='grc'><strong>¹⁷⁸</strong></span> <span class='ocrx_word' id='word_1_271' title='bbox 3286 797 3425 852; x_wconf 87' lang='lat' dir='ltr'><strong>vita-</strong></span> 
     </span>
    </p>
   </div>
   <div class='ocr_carea' id='block_1_37' title="bbox 1841 883 3425 959">
    <p class='ocr_par' dir='ltr' id='par_1_37' title="bbox 1841 883 3425 959">
     <span class='ocr_line' id='line_1_37' title="bbox 1841 883 3425 959; baseline 0.003 -21"><span class='ocrx_word' id='word_1_272' title='bbox 1841 885 1937 941; x_wconf 88' lang='lat' dir='ltr'><strong>vit.</strong></span> <span class='ocrx_word' id='word_1_273' title='bbox 1964 883 2100 940; x_wconf 86' lang='lat' dir='ltr'><strong>Nam</strong></span> <span class='ocrx_word' id='word_1_274' title='bbox 2147 887 2442 959; x_wconf 80' lang='lat' dir='ltr'><strong>transfugis</strong></span> <span class='ocrx_word' id='word_1_275' title='bbox 2480 888 2548 919; x_wconf 76' lang='grc'><strong>⁸⁷⁸</strong></span> <span class='ocrx_word' id='word_1_276' title='bbox 2570 889 2863 959; x_wconf 88' lang='lat' dir='ltr'><strong>plurimum</strong></span> <span class='ocrx_word' id='word_1_277' title='bbox 2914 888 3186 954; x_wconf 81' lang='lat' dir='ltr'><strong>dillidcns,</strong></span> <span class='ocrx_word' id='word_1_278' title='bbox 3236 896 3425 959; x_wconf 89' lang='lat' dir='ltr'><strong>utpote</strong></span> 
     </span>
    </p>
   </div>
   <div class='ocr_carea' id='block_1_38' title="bbox 1840 976 3425 1050">
    <p class='ocr_par' dir='ltr' id='par_1_38' title="bbox 1840 976 3425 1050">
     <span class='ocr_line' id='line_1_38' title="bbox 1840 976 3425 1050; baseline 0.001 -20"><span class='ocrx_word' id='word_1_279' title='bbox 1840 976 1931 1047; x_wconf 89' lang='lat' dir='ltr'><strong>qui</strong></span> <span class='ocrx_word' id='word_1_280' title='bbox 1961 977 2255 1032; x_wconf 80' lang='lat' dir='ltr'><strong>maximam</strong></span> <span class='ocrx_word' id='word_1_281' title='bbox 2281 979 2557 1034; x_wconf 88' lang='lat' dir='ltr'><strong>exercitus</strong></span> <span class='ocrx_word' id='word_1_282' title='bbox 2605 988 2813 1050; x_wconf 89' lang='lat' dir='ltr'><strong>partem</strong></span> <span class='ocrx_word' id='word_1_283' title='bbox 2853 980 3132 1046; x_wconf 90' lang='lat' dir='ltr'><strong>amiserat,</strong></span> <span class='ocrx_word' id='word_1_284' title='bbox 3160 993 3286 1034; x_wconf 86' lang='lat' dir='ltr'><strong>mox</strong></span> <span class='ocrx_word' id='word_1_285' title='bbox 3320 978 3425 1043; x_wconf 82' lang='lat' dir='ltr'><strong>iter</strong></span> 
     </span>
    </p>
   </div>
   <div class='ocr_carea' id='block_1_39' title="bbox 1839 1070 3421 1142">
    <p class='ocr_par' dir='ltr' id='par_1_39' title="bbox 1839 1070 3421 1142">
     <span class='ocr_line' id='line_1_39' title="bbox 1839 1070 3421 1142; baseline -0.001 -17"><span class='ocrx_word' id='word_1_286' title='bbox 1839 1071 1958 1126; x_wconf 91' lang='lat' dir='ltr'><strong>sine</strong></span> <span class='ocrx_word' id='word_1_287' title='bbox 1982 1070 2171 1142; x_wconf 88' lang='lat' dir='ltr'><strong>spoliis</strong></span> <span class='ocrx_word' id='word_1_288' title='bbox 2214 1072 2268 1125; x_wconf 91' lang='lat' dir='ltr'><strong>in</strong></span> <span class='ocrx_word' id='word_1_289' title='bbox 2304 1071 2571 1141; x_wconf 84' lang='lat' dir='ltr'><strong>Belgicam</strong></span> <span class='ocrx_word' id='word_1_290' title='bbox 2612 1072 2677 1103; x_wconf 82' lang='grc'><strong>¹⁷⁷</strong></span> <span class='ocrx_word' id='word_1_291' title='bbox 2707 1073 2943 1136; x_wconf 89' lang='lat' dir='ltr'><strong>retorsit,</strong></span> <span class='ocrx_word' id='word_1_292' title='bbox 2995 1081 3118 1142; x_wconf 90' lang='lat' dir='ltr'><strong>post</strong></span> <span class='ocrx_word' id='word_1_293' title='bbox 3144 1071 3211 1103; x_wconf 74' lang='lat'><strong>‘7&#39;</strong></span> <span class='ocrx_word' id='word_1_294' title='bbox 3237 1080 3421 1126; x_wconf 89' lang='lat' dir='ltr'><strong>trucu—</strong></span> 
     </span>
    </p>
   </div>
   <div class='ocr_carea' id='block_1_40' title="bbox 1841 1159 3420 1233">
    <p class='ocr_par' dir='ltr' id='par_1_40' title="bbox 1841 1159 3420 1233">
     <span class='ocr_line' id='line_1_40' title="bbox 1841 1159 3420 1233; baseline 0 -19"><span class='ocrx_word' id='word_1_295' title='bbox 1841 1160 2039 1216; x_wconf 88' lang='lat' dir='ltr'><strong>lentius</strong></span> <span class='ocrx_word' id='word_1_296' title='bbox 2065 1159 2242 1215; x_wconf 88' lang='lat' dir='ltr'><strong>redire</strong></span> <span class='ocrx_word' id='word_1_297' title='bbox 2271 1160 2564 1231; x_wconf 87' lang='lat' dir='ltr'><strong>disponens</strong></span> <span class='ocrx_word' id='word_1_298' title='bbox 2587 1160 2757 1233; x_wconf 72' lang='lat'><strong>(922).</strong></span> <span class='ocrx_word' id='word_1_299' title='bbox 2785 1160 2895 1216; x_wconf 86' lang='lat' dir='ltr'><strong>Hac</strong></span> <span class='ocrx_word' id='word_1_300' title='bbox 2918 1169 3237 1231; x_wconf 88' lang='lat' dir='ltr'><strong>tempestate</strong></span> <span class='ocrx_word' id='word_1_301' title='bbox 3262 1170 3420 1215; x_wconf 84' lang='lat' dir='ltr'><strong>terrae</strong></span> 
     </span>
    </p>
   </div>
   <div class='ocr_carea' id='block_1_41' title="bbox 1841 1253 3418 1326">
    <p class='ocr_par' dir='ltr' id='par_1_41' title="bbox 1841 1253 3418 1326">
     <span class='ocr_line' id='line_1_41' title="bbox 1841 1253 3418 1326; baseline -0.003 -17"><span class='ocrx_word' id='word_1_302' title='bbox 1841 1263 2021 1309; x_wconf 92' lang='lat' dir='ltr'><strong>motus</strong></span> <span class='ocrx_word' id='word_1_303' title='bbox 2049 1254 2103 1309; x_wconf 91' lang='lat' dir='ltr'><strong>in</strong></span> <span class='ocrx_word' id='word_1_304' title='bbox 2148 1270 2285 1326; x_wconf 83' lang='lat' dir='ltr'><strong>pago</strong></span> <span class='ocrx_word' id='word_1_305' title='bbox 2310 1253 2692 1309; x_wconf 87' lang='lat' dir='ltr'><strong>Camaracensi</strong></span> <span class='ocrx_word' id='word_1_306' title='bbox 2745 1253 2922 1308; x_wconf 86' lang='lat' dir='ltr'><strong>factus</strong></span> <span class='ocrx_word' id='word_1_307' title='bbox 2949 1261 3053 1319; x_wconf 92' lang='lat' dir='ltr'><strong>est,</strong></span> <span class='ocrx_word' id='word_1_308' title='bbox 3088 1269 3156 1307; x_wconf 81' lang='lat' dir='ltr'><strong>ex</strong></span> <span class='ocrx_word' id='word_1_309' title='bbox 3184 1267 3292 1322; x_wconf 92' lang='lat' dir='ltr'><strong>quo</strong></span> <span class='ocrx_word' id='word_1_310' title='bbox 3318 1253 3418 1305; x_wconf 82' lang='lat' dir='ltr'><strong>do-</strong></span> 
     </span>
    </p>
   </div>
   <div class='ocr_carea' id='block_1_42' title="bbox 1840 1328 3420 1401">
    <p class='ocr_par' dir='ltr' id='par_1_42' title="bbox 1840 1328 3420 1401">
     <span class='ocr_line' id='line_1_42' title="bbox 1840 1328 3420 1401; baseline -0.003 0"><span class='ocrx_word' id='word_1_311' title='bbox 1840 1361 1961 1401; x_wconf 85' lang='lat' dir='ltr'><strong>mus</strong></span> <span class='ocrx_word' id='word_1_312' title='bbox 1984 1345 2251 1401; x_wconf 73' lang='lat' dir='ltr'><strong>nonnullae</strong></span> <span class='ocrx_word' id='word_1_313' title='bbox 2291 1346 2564 1400; x_wconf 68' lang='lat' dir='ltr'><strong>subversae</strong></span> <span class='ocrx_word' id='word_1_314' title='bbox 2609 1352 2753 1400; x_wconf 88' lang='lat' dir='ltr'><strong>sunt.</strong></span> <span class='ocrx_word' id='word_1_315' title='bbox 2790 1328 2941 1399; x_wconf 86' lang='lat' dir='ltr'><strong>Unde</strong></span> <span class='ocrx_word' id='word_1_316' title='bbox 2971 1351 3026 1399; x_wconf 91' lang='lat' dir='ltr'><strong>et</strong></span> <span class='ocrx_word' id='word_1_317' title='bbox 3065 1358 3245 1398; x_wconf 90' lang='lat' dir='ltr'><strong>rerum</strong></span> <span class='ocrx_word' id='word_1_318' title='bbox 3276 1341 3420 1397; x_wconf 86' lang='lat' dir='ltr'><strong>cala-</strong></span> 
     </span>
    </p>
   </div>
   <div class='ocr_carea' id='block_1_43' title="bbox 1840 1435 3419 1506">
    <p class='ocr_par' dir='ltr' id='par_1_43' title="bbox 1840 1435 3419 1506">
     <span class='ocr_line' id='line_1_43' title="bbox 1840 1435 3419 1506; baseline -0.003 -15"><span class='ocrx_word' id='word_1_319' title='bbox 1840 1438 2003 1493; x_wconf 88' lang='lat' dir='ltr'><strong>mitas</strong></span> <span class='ocrx_word' id='word_1_320' title='bbox 2023 1437 2229 1491; x_wconf 76' lang='lat' dir='ltr'><strong>adverti</strong></span> <span class='ocrx_word' id='word_1_321' title='bbox 2255 1437 2451 1506; x_wconf 90' lang='lat' dir='ltr'><strong>putuit,</strong></span> <span class='ocrx_word' id='word_1_322' title='bbox 2485 1452 2617 1491; x_wconf 86' lang='lat' dir='ltr'><strong>cum</strong></span> <span class='ocrx_word' id='word_1_323' title='bbox 2652 1436 2801 1506; x_wconf 90' lang='lat' dir='ltr'><strong>regni</strong></span> <span class='ocrx_word' id='word_1_324' title='bbox 2832 1436 3085 1505; x_wconf 84' lang='lat' dir='ltr'><strong>princeps</strong></span> <span class='ocrx_word' id='word_1_325' title='bbox 3111 1443 3305 1505; x_wconf 64' lang='lat' dir='ltr'><strong>praeter</strong></span> <span class='ocrx_word' id='word_1_326' title='bbox 3329 1435 3419 1503; x_wconf 90' lang='lat' dir='ltr'><strong>jus</strong></span> 
     </span>
    </p>
   </div>
   <div class='ocr_carea' id='block_1_44' title="bbox 1840 1528 3419 1599">
    <p class='ocr_par' dir='ltr' id='par_1_44' title="bbox 1840 1528 3419 1599">
     <span class='ocr_line' id='line_1_44' title="bbox 1840 1528 3419 1599; baseline -0.003 -14"><span class='ocrx_word' id='word_1_327' title='bbox 1840 1538 2121 1599; x_wconf 87' lang='lat' dir='ltr'><strong>captus,ct</strong></span> <span class='ocrx_word' id='word_1_328' title='bbox 2142 1530 2196 1584; x_wconf 92' lang='lat' dir='ltr'><strong>in</strong></span> <span class='ocrx_word' id='word_1_329' title='bbox 2221 1544 2496 1585; x_wconf 89' lang='lat' dir='ltr'><strong>carcerem</strong></span> <span class='ocrx_word' id='word_1_330' title='bbox 2518 1544 2686 1597; x_wconf 83' lang='lat' dir='ltr'><strong>usque</strong></span> <span class='ocrx_word' id='word_1_331' title='bbox 2702 1530 2752 1582; x_wconf 90' lang='lat' dir='ltr'><strong>in</strong></span> <span class='ocrx_word' id='word_1_332' title='bbox 2782 1528 2925 1582; x_wconf 89' lang='lat' dir='ltr'><strong>diem</strong></span> <span class='ocrx_word' id='word_1_333' title='bbox 2949 1528 3071 1581; x_wconf 79' lang='lat' dir='ltr'><strong>vita:</strong></span> <span class='ocrx_word' id='word_1_334' title='bbox 3096 1541 3209 1581; x_wconf 69' lang='lat' dir='ltr'><strong>sua:</strong></span> <span class='ocrx_word' id='word_1_335' title='bbox 3227 1540 3419 1595; x_wconf 85' lang='lat' dir='ltr'><strong>supre-</strong></span> 
     </span>
    </p>
   </div>
   <div class='ocr_carea' id='block_1_45' title="bbox 1842 1618 3419 1688">
    <p class='ocr_par' dir='ltr' id='par_1_45' title="bbox 1842 1618 3419 1688">
     <span class='ocr_line' id='line_1_45' title="bbox 1842 1618 3419 1688; baseline -0.004 -9"><span class='ocrx_word' id='word_1_336' title='bbox 1842 1640 1987 1679; x_wconf 91' lang='lat' dir='ltr'><strong>mum</strong></span> <span class='ocrx_word' id='word_1_337' title='bbox 2017 1625 2270 1679; x_wconf 90' lang='lat' dir='ltr'><strong>detrusus</strong></span> <span class='ocrx_word' id='word_1_338' title='bbox 2297 1624 2385 1678; x_wconf 90' lang='lat' dir='ltr'><strong>sit.</strong></span> <span class='ocrx_word' id='word_1_339' title='bbox 2409 1622 2542 1676; x_wconf 86' lang='lat' dir='ltr'><strong>Nam</strong></span> <span class='ocrx_word' id='word_1_340' title='bbox 2570 1637 2692 1676; x_wconf 92' lang='lat' dir='ltr'><strong>cum</strong></span> <span class='ocrx_word' id='word_1_341' title='bbox 2720 1636 2831 1675; x_wconf 89' lang='lat' dir='ltr'><strong>rem</strong></span> <span class='ocrx_word' id='word_1_342' title='bbox 2853 1619 3141 1674; x_wconf 88' lang='lat' dir='ltr'><strong>militarem</strong></span> <span class='ocrx_word' id='word_1_343' title='bbox 3165 1618 3419 1688; x_wconf 88' lang='lat' dir='ltr'><strong>dispone-</strong></span> 
     </span>
    </p>
   </div>
   <div class='ocr_carea' id='block_1_46' title="bbox 1770 1707 3419 1781">
    <p class='ocr_par' dir='ltr' id='par_1_46' title="bbox 1770 1707 3419 1781">
     <span class='ocr_line' id='line_1_46' title="bbox 1770 1707 3419 1781; baseline -0.007 -10"><span class='ocrx_word' id='word_1_344' title='bbox 1770 1712 1818 1771; x_wconf 86' lang='grc' dir='ltr'><strong>Β</strong></span> <span class='ocrx_word' id='word_1_345' title='bbox 1846 1724 1948 1780; x_wconf 90' lang='lat' dir='ltr'><strong>ret,</strong></span> <span class='ocrx_word' id='word_1_346' title='bbox 1978 1726 2035 1769; x_wconf 89' lang='lat' dir='ltr'><strong>et</strong></span> <span class='ocrx_word' id='word_1_347' title='bbox 2070 1715 2369 1768; x_wconf 77' lang='lat' dir='ltr'><strong>exercitum</strong></span> <span class='ocrx_word' id='word_1_348' title='bbox 2406 1711 2763 1781; x_wconf 76' lang='lat' dir='ltr'><strong>copiosiorem</strong></span> <span class='ocrx_word' id='word_1_349' title='bbox 2806 1709 2995 1765; x_wconf 86' lang='lat' dir='ltr'><strong>Galliis</strong></span> <span class='ocrx_word' id='word_1_350' title='bbox 3024 1707 3227 1763; x_wconf 87' lang='lat' dir='ltr'><strong>inferre</strong></span> <span class='ocrx_word' id='word_1_351' title='bbox 3251 1721 3419 1777; x_wconf 83' lang='lat' dir='ltr'><strong>para-</strong></span> 
     </span>
    </p>
   </div>
   <div class='ocr_carea' id='block_1_47' title="bbox 1842 1799 3419 1875">
    <p class='ocr_par' dir='ltr' id='par_1_47' title="bbox 1842 1799 3419 1875">
     <span class='ocr_line' id='line_1_47' title="bbox 1842 1799 3419 1875; baseline -0.006 -15"><span class='ocrx_word' id='word_1_352' title='bbox 1842 1813 1944 1869; x_wconf 89' lang='lat' dir='ltr'><strong>ret,</strong></span> <span class='ocrx_word' id='word_1_353' title='bbox 1974 1802 2253 1875; x_wconf 87' lang='lat' dir='ltr'><strong>Gallisque</strong></span> <span class='ocrx_word' id='word_1_354' title='bbox 2305 1803 2429 1858; x_wconf 90' lang='lat' dir='ltr'><strong>inde</strong></span> <span class='ocrx_word' id='word_1_355' title='bbox 2452 1803 2619 1856; x_wconf 83' lang='lat' dir='ltr'><strong>timor</strong></span> <span class='ocrx_word' id='word_1_356' title='bbox 2673 1801 2874 1855; x_wconf 88' lang='lat' dir='ltr'><strong>multus</strong></span> <span class='ocrx_word' id='word_1_357' title='bbox 2921 1800 3285 1863; x_wconf 89' lang='lat' dir='ltr'><strong>incuteretur,</strong></span> <span class='ocrx_word' id='word_1_358' title='bbox 3318 1799 3419 1852; x_wconf 84' lang='lat' dir='ltr'><strong>mi-</strong></span> 
     </span>
    </p>
   </div>
   <div class='ocr_carea' id='block_1_48' title="bbox 1840 1887 3418 1958">
    <p class='ocr_par' dir='ltr' id='par_1_48' title="bbox 1840 1887 3418 1958">
     <span class='ocr_line' id='line_1_48' title="bbox 1840 1887 3418 1958; baseline -0.006 -9"><span class='ocrx_word' id='word_1_359' title='bbox 1840 1895 1978 1951; x_wconf 87' lang='lat' dir='ltr'><strong>tiore</strong></span> <span class='ocrx_word' id='word_1_360' title='bbox 2010 1894 2191 1947; x_wconf 89' lang='lat' dir='ltr'><strong>animo</strong></span> <span class='ocrx_word' id='word_1_361' title='bbox 2227 1892 2560 1947; x_wconf 80' lang='lat' dir='ltr'><strong>ferebantur.</strong></span> <span class='ocrx_word' id='word_1_362' title='bbox 2590 1891 2743 1958; x_wconf 84' lang='lat' dir='ltr'><strong>Quod</strong></span> <span class='ocrx_word' id='word_1_363' title='bbox 2776 1889 3002 1944; x_wconf 80' lang='lat' dir='ltr'><strong>Karolus</strong></span> <span class='ocrx_word' id='word_1_364' title='bbox 3030 1903 3124 1943; x_wconf 88' lang='lat' dir='ltr'><strong>rex</strong></span> <span class='ocrx_word' id='word_1_365' title='bbox 3157 1887 3418 1943; x_wconf 86' lang='lat' dir='ltr'><strong>subintel-</strong></span> 
     </span>
    </p>
   </div>
   <div class='ocr_carea' id='block_1_49' title="bbox 1839 1962 3415 2056">
    <p class='ocr_par' dir='ltr' id='par_1_49' title="bbox 1839 1962 3415 2056">
     <span class='ocr_line' id='line_1_49' title="bbox 1839 1962 3415 2056; baseline -0.004 -18"><span class='ocrx_word' id='word_1_366' title='bbox 1839 1984 2028 2056; x_wconf 88' lang='lat' dir='ltr'><strong>ligens,</strong></span> <span class='ocrx_word' id='word_1_367' title='bbox 2050 1999 2147 2055; x_wconf 88' lang='lat' dir='ltr'><strong>per</strong></span> <span class='ocrx_word' id='word_1_368' title='bbox 2169 1983 2373 2054; x_wconf 84' lang='lat' dir='ltr'><strong>legatos</strong></span> <span class='ocrx_word' id='word_1_369' title='bbox 2400 1997 2654 2037; x_wconf 87' lang='lat' dir='ltr'><strong>revocare</strong></span> <span class='ocrx_word' id='word_1_370' title='bbox 2677 1995 2772 2036; x_wconf 89' lang='lat' dir='ltr'><strong>eos</strong></span> <span class='ocrx_word' id='word_1_371' title='bbox 2801 1962 3096 2043; x_wconf 74' lang='lat' dir='ltr'><strong>nitebatur,</strong></span> <span class='ocrx_word' id='word_1_372' title='bbox 3124 1977 3415 2047; x_wconf 89' lang='lat' dir='ltr'><strong>multisque</strong></span> 
     </span>
    </p>
   </div>
   <div class='ocr_carea' id='block_1_50' title="bbox 1839 2066 3420 2141">
    <p class='ocr_par' dir='ltr' id='par_1_50' title="bbox 1839 2066 3420 2141">
     <span class='ocr_line' id='line_1_50' title="bbox 1839 2066 3420 2141; baseline -0.008 -9"><span class='ocrx_word' id='word_1_373' title='bbox 1839 2077 2140 2133; x_wconf 88' lang='lat' dir='ltr'><strong>rationibus</strong></span> <span class='ocrx_word' id='word_1_374' title='bbox 2201 2076 2281 2129; x_wconf 89' lang='lat' dir='ltr'><strong>eis</strong></span> <span class='ocrx_word' id='word_1_375' title='bbox 2327 2074 2379 2128; x_wconf 91' lang='lat' dir='ltr'><strong>id</strong></span> <span class='ocrx_word' id='word_1_376' title='bbox 2436 2073 2662 2127; x_wconf 87' lang='lat' dir='ltr'><strong>suadere</strong></span> <span class='ocrx_word' id='word_1_377' title='bbox 2722 2066 3420 2141; x_wconf 81' lang='lat' dir='ltr'><strong>querebat.-Nortmannis</strong></span> 
     </span>
    </p>
   </div>
   <div class='ocr_carea' id='block_1_51' title="bbox 1838 2159 3416 2240">
    <p class='ocr_par' dir='ltr' id='par_1_51' title="bbox 1838 2159 3416 2240">
     <span class='ocr_line' id='line_1_51' title="bbox 1838 2159 3416 2240; baseline -0.008 -16"><span class='ocrx_word' id='word_1_378' title='bbox 1838 2183 2053 2240; x_wconf 88' lang='lat' dir='ltr'><strong>quoque</strong></span> <span class='ocrx_word' id='word_1_379' title='bbox 2103 2181 2275 2236; x_wconf 89' lang='lat' dir='ltr'><strong>usque</strong></span> <span class='ocrx_word' id='word_1_380' title='bbox 2326 2166 2392 2220; x_wconf 89' lang='lat' dir='ltr'><strong>ad</strong></span> <span class='ocrx_word' id='word_1_381' title='bbox 2443 2163 2696 2219; x_wconf 76' lang='lat' dir='ltr'><strong>effectum</strong></span> <span class='ocrx_word' id='word_1_382' title='bbox 2752 2163 2948 2225; x_wconf 83' lang='lat' dir='ltr'><strong>suasit,</strong></span> <span class='ocrx_word' id='word_1_383' title='bbox 3003 2160 3141 2215; x_wconf 91' lang='lat' dir='ltr'><strong>adeo</strong></span> <span class='ocrx_word' id='word_1_384' title='bbox 3199 2168 3259 2213; x_wconf 91' lang='lat' dir='ltr'><strong>ut</strong></span> <span class='ocrx_word' id='word_1_385' title='bbox 3306 2159 3416 2229; x_wconf 88' lang='lat' dir='ltr'><strong>regi</strong></span> 
     </span>
    </p>
   </div>
   <div class='ocr_carea' id='block_1_52' title="bbox 1838 2250 3415 2333">
    <p class='ocr_par' dir='ltr' id='par_1_52' title="bbox 1838 2250 3415 2333">
     <span class='ocr_line' id='line_1_52' title="bbox 1838 2250 3415 2333; baseline -0.008 -19"><span class='ocrx_word' id='word_1_386' title='bbox 1838 2260 1997 2317; x_wconf 81' lang='lat' dir='ltr'><strong>fldcm</strong></span> <span class='ocrx_word' id='word_1_387' title='bbox 2034 2259 2322 2330; x_wconf 87' lang='lat' dir='ltr'><strong>spondere,</strong></span> <span class='ocrx_word' id='word_1_388' title='bbox 2348 2256 2508 2325; x_wconf 86' lang='lat' dir='ltr'><strong>eique</strong></span> <span class='ocrx_word' id='word_1_389' title='bbox 2558 2261 2616 2308; x_wconf 95' lang='lat' dir='ltr'><strong>ut</strong></span> <span class='ocrx_word' id='word_1_390' title='bbox 2650 2253 2870 2333; x_wconf 85' lang='lat' dir='ltr'><strong>juberet</strong></span> <span class='ocrx_word' id='word_1_391' title='bbox 2917 2250 3152 2306; x_wconf 89' lang='lat' dir='ltr'><strong>militare</strong></span> <span class='ocrx_word' id='word_1_392' title='bbox 3195 2250 3415 2305; x_wconf 87' lang='lat' dir='ltr'><strong>vellent.</strong></span> 
     </span>
    </p>
   </div>
   <div class='ocr_carea' id='block_1_53' title="bbox 1838 2339 3415 2418">
    <p class='ocr_par' dir='ltr' id='par_1_53' title="bbox 1838 2339 3415 2418">
     <span class='ocr_line' id='line_1_53' title="bbox 1838 2339 3415 2418; baseline -0.008 -13"><span class='ocrx_word' id='word_1_393' title='bbox 1838 2350 1941 2418; x_wconf 85' lang='lat' dir='ltr'><strong>Qui</strong></span> <span class='ocrx_word' id='word_1_394' title='bbox 1967 2365 2090 2404; x_wconf 88' lang='lat' dir='ltr'><strong>cum</strong></span> <span class='ocrx_word' id='word_1_395' title='bbox 2122 2347 2235 2418; x_wconf 86' lang='lat' dir='ltr'><strong>regi</strong></span> <span class='ocrx_word' id='word_1_396' title='bbox 2265 2345 2544 2400; x_wconf 85' lang='lat' dir='ltr'><strong>militaturi</strong></span> <span class='ocrx_word' id='word_1_397' title='bbox 2571 2357 2864 2399; x_wconf 83' lang='lat' dir='ltr'><strong>occurrere</strong></span> <span class='ocrx_word' id='word_1_398' title='bbox 2915 2350 3195 2413; x_wconf 87' lang='lat' dir='ltr'><strong>pararent,</strong></span> <span class='ocrx_word' id='word_1_399' title='bbox 3224 2356 3253 2394; x_wconf 92' lang='lat' dir='ltr'><strong>a</strong></span> <span class='ocrx_word' id='word_1_400' title='bbox 3288 2339 3415 2395; x_wconf 80' lang='lat' dir='ltr'><strong>Gal-</strong></span> 
     </span>
    </p>
   </div>
   <div class='ocr_carea' id='block_1_54' title="bbox 1836 2432 3418 2499">
    <p class='ocr_par' dir='ltr' id='par_1_54' title="bbox 1836 2432 3418 2499">
     <span class='ocr_line' id='line_1_54' title="bbox 1836 2432 3418 2499; baseline -0.008 -4"><span class='ocrx_word' id='word_1_401' title='bbox 1836 2443 1903 2499; x_wconf 91' lang='lat' dir='ltr'><strong>lis</strong></span> <span class='ocrx_word' id='word_1_402' title='bbox 1940 2440 2428 2498; x_wconf 87' lang='lat' dir='ltr'><strong>intercurrentibus</strong></span> <span class='ocrx_word' id='word_1_403' title='bbox 2468 2436 2682 2491; x_wconf 81' lang='lat' dir='ltr'><strong>inliihiti</strong></span> <span class='ocrx_word' id='word_1_404' title='bbox 2730 2443 2876 2493; x_wconf 91' lang='lat' dir='ltr'><strong>sunt.</strong></span> <span class='ocrx_word' id='word_1_405' title='bbox 2930 2432 3082 2489; x_wconf 87' lang='lat' dir='ltr'><strong>Unde</strong></span> <span class='ocrx_word' id='word_1_406' title='bbox 3129 2443 3185 2487; x_wconf 92' lang='lat' dir='ltr'><strong>et</strong></span> <span class='ocrx_word' id='word_1_407' title='bbox 3228 2446 3418 2486; x_wconf 90' lang='lat' dir='ltr'><strong>eorum</strong></span> 
     </span>
    </p>
   </div>
   <div class='ocr_carea' id='block_1_55' title="bbox 1837 2514 3099 2605">
    <p class='ocr_par' dir='ltr' id='par_1_55' title="bbox 1837 2514 3099 2605">
     <span class='ocr_line' id='line_1_55' title="bbox 1837 2514 3099 2605; baseline -0.011 -15"><span class='ocrx_word' id='word_1_408' title='bbox 1837 2534 2097 2605; x_wconf 78' lang='lat' dir='ltr'><strong>Suppeliis</strong></span> <span class='ocrx_word' id='word_1_409' title='bbox 2128 2549 2223 2588; x_wconf 87' lang='lat' dir='ltr'><strong>rex</strong></span> <span class='ocrx_word' id='word_1_410' title='bbox 2253 2532 2499 2602; x_wconf 90' lang='lat' dir='ltr'><strong>privatus</strong></span> <span class='ocrx_word' id='word_1_411' title='bbox 2527 2537 2628 2583; x_wconf 90' lang='lat' dir='ltr'><strong>est.</strong></span> <span class='ocrx_word' id='word_1_412' title='bbox 3092 2514 3099 2519; x_wconf 72' lang='grc'>’</span> 
     </span>
    </p>
   </div>
   <div class='ocr_carea' id='block_1_56' title="bbox 1907 2618 3415 2697">
    <p class='ocr_par' dir='ltr' id='par_1_56' title="bbox 1907 2618 3415 2697">
     <span class='ocr_line' id='line_1_56' title="bbox 1907 2618 3415 2697; baseline -0.006 -14"><span class='ocrx_word' id='word_1_413' title='bbox 1907 2630 1996 2683; x_wconf 71' lang='grc'><strong>47.</strong></span> <span class='ocrx_word' id='word_1_414' title='bbox 2021 2627 2235 2697; x_wconf 82' lang='lat' dir='ltr'><strong>Rodulﬁ</strong></span> <span class='ocrx_word' id='word_1_415' title='bbox 2252 2627 2318 2657; x_wconf 83' lang='grc'><strong>¹⁷⁹</strong></span> <span class='ocrx_word' id='word_1_416' title='bbox 2333 2625 2465 2695; x_wconf 84' lang='lat' dir='ltr'><strong>regis</strong></span> <span class='ocrx_word' id='word_1_417' title='bbox 2477 2623 2732 2694; x_wconf 77' lang='lat' dir='ltr'><strong>promotio</strong></span> <span class='ocrx_word' id='word_1_418' title='bbox 2758 2622 2824 2655; x_wconf 71' lang='grc'><strong>³⁷⁸</strong></span> <span class='ocrx_word' id='word_1_419' title='bbox 2841 2637 2903 2674; x_wconf 86' lang='lat' dir='ltr'><strong>ac</strong></span> <span class='ocrx_word' id='word_1_420' title='bbox 2923 2618 3112 2675; x_wconf 71' lang='grc' dir='ltr'><em>Κατ-σιξ</em></span> <span class='ocrx_word' id='word_1_421' title='bbox 3138 2620 3205 2653; x_wconf 70' lang='grc'><strong>³⁷⁸</strong></span> <span class='ocrx_word' id='word_1_422' title='bbox 3220 2621 3415 2690; x_wconf 77' lang='lat' dir='ltr'><strong>captio.</strong></span> 
     </span>
    </p>
   </div>
   <div class='ocr_carea' id='block_1_57' title="bbox 1835 2712 3415 2790">
    <p class='ocr_par' dir='ltr' id='par_1_57' title="bbox 1835 2712 3415 2790">
     <span class='ocr_line' id='line_1_57' title="bbox 1835 2712 3415 2790; baseline -0.006 -12"><span class='ocrx_word' id='word_1_423' title='bbox 1835 2754 1906 2763; x_wconf 93' lang='lat'><strong>—</strong></span> <span class='ocrx_word' id='word_1_424' title='bbox 1923 2721 2104 2777; x_wconf 87' lang='lat' dir='ltr'><strong>Gallia</strong></span> <span class='ocrx_word' id='word_1_425' title='bbox 2119 2720 2403 2790; x_wconf 86' lang='lat' dir='ltr'><strong>pertinatia</strong></span> <span class='ocrx_word' id='word_1_426' title='bbox 2421 2716 2726 2771; x_wconf 87' lang='lat' dir='ltr'><strong>nullatenus</strong></span> <span class='ocrx_word' id='word_1_427' title='bbox 2739 2713 3100 2784; x_wconf 88' lang='lat' dir='ltr'><strong>quiescentes,</strong></span> <span class='ocrx_word' id='word_1_428' title='bbox 3127 2712 3415 2769; x_wconf 77' lang='lat' dir='ltr'><strong>Rodulfum</strong></span> 
     </span>
    </p>
   </div>
   <div class='ocr_carea' id='block_1_58' title="bbox 1839 2806 3415 2882">
    <p class='ocr_par' dir='ltr' id='par_1_58' title="bbox 1839 2806 3415 2882">
     <span class='ocr_line' id='line_1_58' title="bbox 1839 2806 3415 2882; baseline -0.003 -15"><span class='ocrx_word' id='word_1_429' title='bbox 1839 2809 2511 2882; x_wconf 73' lang='lat' dir='ltr'><strong>RichardiBurgundiunis</strong></span> <span class='ocrx_word' id='word_1_430' title='bbox 2556 2807 2721 2861; x_wconf 80' lang='lat' dir='ltr'><strong>lilium</strong></span> <span class='ocrx_word' id='word_1_431' title='bbox 2765 2806 3017 2869; x_wconf 86' lang='lat' dir='ltr'><strong>accitum,</strong></span> <span class='ocrx_word' id='word_1_432' title='bbox 3044 2807 3185 2876; x_wconf 84' lang='lat' dir='ltr'><strong>apud</strong></span> <span class='ocrx_word' id='word_1_433' title='bbox 3228 2808 3415 2862; x_wconf 90' lang='lat' dir='ltr'><strong>urbem</strong></span> 
     </span>
    </p>
   </div>
   <div class='ocr_carea' id='block_1_59' title="bbox 1839 2896 3414 2968">
    <p class='ocr_par' dir='ltr' id='par_1_59' title="bbox 1839 2896 3414 2968">
     <span class='ocr_line' id='line_1_59' title="bbox 1839 2896 3414 2968; baseline -0.003 -10"><span class='ocrx_word' id='word_1_434' title='bbox 1839 2903 2242 2968; x_wconf 89' lang='lat' dir='ltr'><strong>Suessonicam,</strong></span> <span class='ocrx_word' id='word_1_435' title='bbox 2272 2917 2338 2957; x_wconf 88' lang='lat' dir='ltr'><strong>eo</strong></span> <span class='ocrx_word' id='word_1_436' title='bbox 2371 2901 2495 2959; x_wconf 88' lang='lat' dir='ltr'><strong>licet</strong></span> <span class='ocrx_word' id='word_1_437' title='bbox 2522 2899 2657 2955; x_wconf 86' lang='lat' dir='ltr'><strong>satis</strong></span> <span class='ocrx_word' id='word_1_438' title='bbox 2710 2896 3056 2960; x_wconf 86' lang='lat' dir='ltr'><strong>reclamante,</strong></span> <span class='ocrx_word' id='word_1_439' title='bbox 3100 2912 3281 2968; x_wconf 85' lang='lat' dir='ltr'><strong>regem</strong></span> <span class='ocrx_word' id='word_1_440' title='bbox 3311 2900 3414 2955; x_wconf 87' lang='lat' dir='ltr'><strong>sibi</strong></span> 
     </span>
    </p>
   </div>
   <div class='ocr_carea' id='block_1_60' title="bbox 1838 2989 3419 3065">
    <p class='ocr_par' dir='ltr' id='par_1_60' title="bbox 1838 2989 3419 3065">
     <span class='ocr_line' id='line_1_60' title="bbox 1838 2989 3419 3065; baseline -0.002 -15"><span class='ocrx_word' id='word_1_441' title='bbox 1838 2994 2198 3065; x_wconf 66' lang='lat' dir='ltr'><strong>praefecerunt</strong></span> <span class='ocrx_word' id='word_1_442' title='bbox 2239 2993 2374 3064; x_wconf 81' lang='lat' dir='ltr'><strong>(Jul.</strong></span> <span class='ocrx_word' id='word_1_443' title='bbox 2419 2991 2528 3063; x_wconf 80' lang='lat' dir='ltr'><strong>l5),</strong></span> <span class='ocrx_word' id='word_1_444' title='bbox 2569 2991 2745 3046; x_wconf 89' lang='lat' dir='ltr'><strong>virum</strong></span> <span class='ocrx_word' id='word_1_445' title='bbox 2790 2999 3095 3052; x_wconf 82' lang='lat' dir='ltr'><strong>strenuum,</strong></span> <span class='ocrx_word' id='word_1_446' title='bbox 3131 3003 3193 3045; x_wconf 90' lang='lat' dir='ltr'><strong>ac</strong></span> <span class='ocrx_word' id='word_1_447' title='bbox 3221 2989 3419 3047; x_wconf 89' lang='lat' dir='ltr'><strong>litteris</strong></span> 
     </span>
    </p>
   </div>
   <div class='ocr_carea' id='block_1_61' title="bbox 189 3071 3419 3159">
    <p class='ocr_par' dir='ltr' id='par_1_61' title="bbox 189 3071 3419 3159">
     <span class='ocr_line' id='line_1_61' title="bbox 189 3071 3419 3159; baseline 0.001 -27"><span class='ocrx_word' id='word_1_448' title='bbox 189 3094 229 3133; x_wconf 83' lang='lat' dir='ltr'><strong>tu</strong></span> <span class='ocrx_word' id='word_1_449' title='bbox 259 3082 476 3153; x_wconf 88' lang='lat' dir='ltr'><strong>clipeum</strong></span> <span class='ocrx_word' id='word_1_450' title='bbox 522 3086 779 3159; x_wconf 74' lang='lat' dir='ltr'><strong>transigit</strong></span> <span class='ocrx_word' id='word_1_451' title='bbox 836 3086 924 3152; x_wconf 81' lang='grc'><strong>¹⁶⁸,</strong></span> <span class='ocrx_word' id='word_1_452' title='bbox 950 3100 1006 3143; x_wconf 92' lang='lat' dir='ltr'><strong>et</strong></span> <span class='ocrx_word' id='word_1_453' title='bbox 1034 3087 1428 3159; x_wconf 89' lang='lat' dir='ltr'><strong>circumseptus</strong></span> <span class='ocrx_word' id='word_1_454' title='bbox 1473 3089 1541 3145; x_wconf 92' lang='lat' dir='ltr'><strong>ab</strong></span> <span class='ocrx_word' id='word_1_455' title='bbox 1589 3089 1730 3156; x_wconf 82' lang='lat' dir='ltr'><strong>aliis,</strong></span> <span class='ocrx_word' id='word_1_456' title='bbox 1761 3071 1805 3132; x_wconf 68' lang='grc' dir='ltr'><strong>(ἶ</strong></span> <span class='ocrx_word' id='word_1_457' title='bbox 1838 3087 2148 3144; x_wconf 88' lang='lat' dir='ltr'><strong>liberalibus</strong></span> <span class='ocrx_word' id='word_1_458' title='bbox 2178 3102 2285 3141; x_wconf 90' lang='lat' dir='ltr'><strong>non</strong></span> <span class='ocrx_word' id='word_1_459' title='bbox 2315 3084 2668 3140; x_wconf 88' lang='lat' dir='ltr'><strong>mediocriter</strong></span> <span class='ocrx_word' id='word_1_460' title='bbox 2708 3084 3054 3137; x_wconf 83' lang='lat' dir='ltr'><strong>instructum.</strong></span> <span class='ocrx_word' id='word_1_461' title='bbox 3083 3080 3235 3148; x_wconf 83' lang='lat' dir='ltr'><strong>Quod</strong></span> <span class='ocrx_word' id='word_1_462' title='bbox 3262 3081 3419 3137; x_wconf 86' lang='lat' dir='ltr'><strong>Heri-</strong></span> 
     </span>
    </p>
   </div>
   <div class='ocr_carea' id='block_1_62' title="bbox 184 3174 1732 3251">
    <p class='ocr_par' dir='ltr' id='par_1_62' title="bbox 184 3174 1732 3251">
     <span class='ocr_line' id='line_1_62' title="bbox 184 3174 1732 3251; baseline 0.005 -24"><span class='ocrx_word' id='word_1_463' title='bbox 184 3182 354 3241; x_wconf 83' lang='lat' dir='ltr'><strong>septem</strong></span> <span class='ocrx_word' id='word_1_464' title='bbox 382 3174 603 3232; x_wconf 88' lang='lat' dir='ltr'><strong>lanceis</strong></span> <span class='ocrx_word' id='word_1_465' title='bbox 624 3176 904 3235; x_wconf 85' lang='lat' dir='ltr'><strong>confossus</strong></span> <span class='ocrx_word' id='word_1_466' title='bbox 925 3180 1292 3251; x_wconf 74' lang='lat' dir='ltr'><strong>praecipitatus</strong></span> <span class='ocrx_word' id='word_1_467' title='bbox 1321 3182 1547 3247; x_wconf 88' lang='lat' dir='ltr'><strong>corruit,</strong></span> <span class='ocrx_word' id='word_1_468' title='bbox 1600 3181 1732 3235; x_wconf 89' lang='lat' dir='ltr'><strong>diri-</strong></span> 
     </span>
    </p>
   </div>
   <div class='ocr_carea' id='block_1_63' title="bbox 187 3261 1734 3336">
    <p class='ocr_par' dir='ltr' id='par_1_63' title="bbox 187 3261 1734 3336">
     <span class='ocr_line' id='line_1_63' title="bbox 187 3261 1734 3336; baseline 0.004 -19"><span class='ocrx_word' id='word_1_469' title='bbox 187 3261 408 3331; x_wconf 77' lang='lat' dir='ltr'><strong>guitque;</strong></span> <span class='ocrx_word' id='word_1_470' title='bbox 448 3263 735 3336; x_wconf 85' lang='lat' dir='ltr'><strong>multoque</strong></span> <span class='ocrx_word' id='word_1_471' title='bbox 771 3265 1060 3323; x_wconf 86' lang='lat' dir='ltr'><strong>Fulbertus</strong></span> <span class='ocrx_word' id='word_1_472' title='bbox 1106 3282 1229 3323; x_wconf 81' lang='lat' dir='ltr'><strong>mox</strong></span> <span class='ocrx_word' id='word_1_473' title='bbox 1284 3270 1580 3325; x_wconf 83' lang='lat' dir='ltr'><strong>exhaustus</strong></span> <span class='ocrx_word' id='word_1_474' title='bbox 1605 3285 1734 3325; x_wconf 84' lang='lat' dir='ltr'><strong>san-</strong></span> 
     </span>
    </p>
   </div>
   <div class='ocr_carea' id='block_1_64' title="bbox 192 3350 1737 3430">
    <p class='ocr_par' dir='ltr' id='par_1_64' title="bbox 192 3350 1737 3430">
     <span class='ocr_line' id='line_1_64' title="bbox 192 3350 1737 3430; baseline 0.008 -25"><span class='ocrx_word' id='word_1_475' title='bbox 192 3350 326 3419; x_wconf 74' lang='lat' dir='ltr'><strong>guine</strong></span> <span class='ocrx_word' id='word_1_476' title='bbox 349 3363 405 3408; x_wconf 92' lang='lat' dir='ltr'><strong>et</strong></span> <span class='ocrx_word' id='word_1_477' title='bbox 423 3355 815 3422; x_wconf 86' lang='lat' dir='ltr'><strong>intercertans,</strong></span> <span class='ocrx_word' id='word_1_478' title='bbox 847 3367 1091 3413; x_wconf 90' lang='lat' dir='ltr'><strong>mortuus</strong></span> <span class='ocrx_word' id='word_1_479' title='bbox 1141 3359 1353 3416; x_wconf 86' lang='lat' dir='ltr'><strong>cecidit.</strong></span> <span class='ocrx_word' id='word_1_480' title='bbox 1407 3360 1737 3430; x_wconf 84' lang='lat' dir='ltr'><strong>lntercmpto</strong></span> 
     </span>
    </p>
   </div>
   <div class='ocr_carea' id='block_1_65' title="bbox 194 3443 1736 3520">
    <p class='ocr_par' dir='ltr' id='par_1_65' title="bbox 194 3443 1736 3520">
     <span class='ocr_line' id='line_1_65' title="bbox 194 3443 1736 3520; baseline 0.007 -26"><span class='ocrx_word' id='word_1_481' title='bbox 194 3453 297 3498; x_wconf 87' lang='lat' dir='ltr'><strong>vero</strong></span> <span class='ocrx_word' id='word_1_482' title='bbox 346 3443 634 3510; x_wconf 81' lang='lat' dir='ltr'><strong>Rotberto.</strong></span> <span class='ocrx_word' id='word_1_483' title='bbox 686 3456 832 3503; x_wconf 91' lang='lat' dir='ltr'><strong>tanta</strong></span> <span class='ocrx_word' id='word_1_484' title='bbox 896 3449 946 3503; x_wconf 89' lang='lat' dir='ltr'><strong>vi</strong></span> <span class='ocrx_word' id='word_1_485' title='bbox 998 3450 1160 3506; x_wconf 61' lang='lat' dir='ltr'><strong>caedis</strong></span> <span class='ocrx_word' id='word_1_486' title='bbox 1218 3459 1445 3520; x_wconf 91' lang='lat' dir='ltr'><strong>uterque</strong></span> <span class='ocrx_word' id='word_1_487' title='bbox 1507 3452 1736 3507; x_wconf 87' lang='lat' dir='ltr'><strong>deseviit</strong></span> 
     </span>
    </p>
   </div>
   <div class='ocr_carea' id='block_1_66' title="bbox 184 3533 1734 3612">
    <p class='ocr_par' dir='ltr' id='par_1_66' title="bbox 184 3533 1734 3612">
     <span class='ocr_line' id='line_1_66' title="bbox 184 3533 1734 3612; baseline 0.006 -26"><span class='ocrx_word' id='word_1_488' title='bbox 184 3533 440 3599; x_wconf 83' lang='lat' dir='ltr'><strong>exercitus,</strong></span> <span class='ocrx_word' id='word_1_489' title='bbox 476 3543 540 3590; x_wconf 90' lang='lat' dir='ltr'><strong>ut</strong></span> <span class='ocrx_word' id='word_1_490' title='bbox 568 3536 623 3591; x_wconf 91' lang='lat' dir='ltr'><strong>in</strong></span> <span class='ocrx_word' id='word_1_491' title='bbox 645 3547 797 3607; x_wconf 90' lang='lat' dir='ltr'><strong>parte</strong></span> <span class='ocrx_word' id='word_1_492' title='bbox 811 3535 928 3607; x_wconf 83' lang='lat' dir='ltr'><strong>ejus</strong></span> <span class='ocrx_word' id='word_1_493' title='bbox 949 3538 1015 3572; x_wconf 83' lang='grc'><strong>¹⁶⁹</strong></span> <span class='ocrx_word' id='word_1_494' title='bbox 1034 3539 1283 3596; x_wconf 90' lang='lat' dir='ltr'><strong>undecim</strong></span> <span class='ocrx_word' id='word_1_495' title='bbox 1307 3541 1473 3605; x_wconf 90' lang='lat' dir='ltr'><strong>milia,</strong></span> <span class='ocrx_word' id='word_1_496' title='bbox 1502 3542 1554 3595; x_wconf 91' lang='lat' dir='ltr'><strong>in</strong></span> <span class='ocrx_word' id='word_1_497' title='bbox 1583 3553 1734 3612; x_wconf 87' lang='lat' dir='ltr'><strong>parte</strong></span> 
     </span>
    </p>
   </div>
   <div class='ocr_carea' id='block_1_67' title="bbox 186 3624 1729 3704">
    <p class='ocr_par' dir='ltr' id='par_1_67' title="bbox 186 3624 1729 3704">
     <span class='ocr_line' id='line_1_67' title="bbox 186 3624 1729 3704; baseline 0.008 -30"><span class='ocrx_word' id='word_1_498' title='bbox 186 3636 288 3679; x_wconf 81' lang='lat' dir='ltr'><strong>vero</strong></span> <span class='ocrx_word' id='word_1_499' title='bbox 318 3624 501 3683; x_wconf 69' lang='grc' dir='ltr'><strong>Κειτοιί</strong></span> <span class='ocrx_word' id='word_1_500' title='bbox 563 3637 768 3699; x_wconf 89' lang='lat' dir='ltr'><strong>septem</strong></span> <span class='ocrx_word' id='word_1_501' title='bbox 812 3631 960 3686; x_wconf 87' lang='lat' dir='ltr'><strong>milia</strong></span> <span class='ocrx_word' id='word_1_502' title='bbox 1008 3640 1229 3695; x_wconf 85' lang='lat' dir='ltr'><strong>centum</strong></span> <span class='ocrx_word' id='word_1_503' title='bbox 1277 3631 1645 3704; x_wconf 89' lang='lat' dir='ltr'><strong>duodeviginti</strong></span> <span class='ocrx_word' id='word_1_504' title='bbox 1699 3649 1729 3686; x_wconf 90' lang='lat' dir='ltr'><strong>a</strong></span> 
     </span>
    </p>
   </div>
   <div class='ocr_carea' id='block_1_68' title="bbox 187 3711 1731 3793">
    <p class='ocr_par' dir='ltr' id='par_1_68' title="bbox 187 3711 1731 3793">
     <span class='ocr_line' id='line_1_68' title="bbox 187 3711 1731 3793; baseline 0.009 -29"><span class='ocrx_word' id='word_1_505' title='bbox 187 3711 456 3774; x_wconf 82' lang='lat' dir='ltr'><strong>Flodoardo</strong></span> <span class='ocrx_word' id='word_1_506' title='bbox 506 3720 818 3789; x_wconf 79' lang='lat' dir='ltr'><strong>presbitero</strong></span> <span class='ocrx_word' id='word_1_507' title='bbox 872 3721 1019 3779; x_wconf 84' lang='lat' dir='ltr'><strong>ferro</strong></span> <span class='ocrx_word' id='word_1_508' title='bbox 1086 3722 1359 3779; x_wconf 85' lang='lat' dir='ltr'><strong>interiisse</strong></span> <span class='ocrx_word' id='word_1_509' title='bbox 1402 3723 1731 3793; x_wconf 87' lang='lat' dir='ltr'><strong>descriptum</strong></span> 
     </span>
    </p>
   </div>
   <div class='ocr_carea' id='block_1_69' title="bbox 186 3803 1730 3882">
    <p class='ocr_par' dir='ltr' id='par_1_69' title="bbox 186 3803 1730 3882">
     <span class='ocr_line' id='line_1_69' title="bbox 186 3803 1730 3882; baseline 0.008 -26"><span class='ocrx_word' id='word_1_510' title='bbox 186 3803 241 3857; x_wconf 84' lang='lat' dir='ltr'><strong>sit</strong></span> <span class='ocrx_word' id='word_1_511' title='bbox 257 3808 378 3880; x_wconf 62' lang='grc' dir='ltr'><strong>(Π).</strong></span> <span class='ocrx_word' id='word_1_512' title='bbox 405 3809 475 3865; x_wconf 83' lang='lat' dir='ltr'><strong>Et</strong></span> <span class='ocrx_word' id='word_1_513' title='bbox 506 3810 621 3880; x_wconf 80' lang='lat' dir='ltr'><strong>jam</strong></span> <span class='ocrx_word' id='word_1_514' title='bbox 654 3812 870 3882; x_wconf 89' lang='lat' dir='ltr'><strong>quidem</strong></span> <span class='ocrx_word' id='word_1_515' title='bbox 921 3813 1103 3869; x_wconf 83' lang='lat' dir='ltr'><strong>Karoli</strong></span> <span class='ocrx_word' id='word_1_516' title='bbox 1151 3814 1376 3871; x_wconf 85' lang='lat' dir='ltr'><strong>victoria</strong></span> <span class='ocrx_word' id='word_1_517' title='bbox 1426 3815 1730 3879; x_wconf 89' lang='lat' dir='ltr'><strong>videbatur,</strong></span> 
     </span>
    </p>
   </div>
   <div class='ocr_carea' id='block_1_70' title="bbox 186 3898 1730 3976">
    <p class='ocr_par' dir='ltr' id='par_1_70' title="bbox 186 3898 1730 3976">
     <span class='ocr_line' id='line_1_70' title="bbox 186 3898 1730 3976; baseline 0.005 -25"><span class='ocrx_word' id='word_1_518' title='bbox 186 3907 238 3946; x_wconf 82' lang='lat' dir='ltr'><strong>eo</strong></span> <span class='ocrx_word' id='word_1_519' title='bbox 257 3898 385 3966; x_wconf 89' lang='lat' dir='ltr'><strong>quod</strong></span> <span class='ocrx_word' id='word_1_520' title='bbox 410 3900 627 3956; x_wconf 85' lang='lat' dir='ltr'><strong>tiranno</strong></span> <span class='ocrx_word' id='word_1_521' title='bbox 652 3902 855 3970; x_wconf 88' lang='lat' dir='ltr'><strong>occiso,</strong></span> <span class='ocrx_word' id='word_1_522' title='bbox 881 3903 973 3973; x_wconf 90' lang='lat' dir='ltr'><strong>qui</strong></span> <span class='ocrx_word' id='word_1_523' title='bbox 1018 3903 1163 3960; x_wconf 91' lang='lat' dir='ltr'><strong>illius</strong></span> <span class='ocrx_word' id='word_1_524' title='bbox 1211 3903 1428 3959; x_wconf 86' lang='lat' dir='ltr'><strong>fuerant</strong></span> <span class='ocrx_word' id='word_1_525' title='bbox 1466 3905 1521 3959; x_wconf 91' lang='lat' dir='ltr'><strong>in</strong></span> <span class='ocrx_word' id='word_1_526' title='bbox 1549 3903 1730 3976; x_wconf 82' lang='lat' dir='ltr'><strong>fugam</strong></span> 
     </span>
    </p>
   </div>
   <div class='ocr_carea' id='block_1_71' title="bbox 185 3983 1732 4068">
    <p class='ocr_par' dir='ltr' id='par_1_71' title="bbox 185 3983 1732 4068">
     <span class='ocr_line' id='line_1_71' title="bbox 185 3983 1732 4068; baseline 0.01 -29"><span class='ocrx_word' id='word_1_527' title='bbox 185 3983 497 4057; x_wconf 74' lang='lat' dir='ltr'><strong>ferebantur;</strong></span> <span class='ocrx_word' id='word_1_528' title='bbox 522 4007 647 4048; x_wconf 90' lang='lat' dir='ltr'><strong>cum</strong></span> <span class='ocrx_word' id='word_1_529' title='bbox 667 4008 797 4049; x_wconf 90' lang='lat' dir='ltr'><strong>ecce</strong></span> <span class='ocrx_word' id='word_1_530' title='bbox 819 3993 971 4068; x_wconf 82' lang='lat' dir='ltr'><strong>Hugo</strong></span> <span class='ocrx_word' id='word_1_531' title='bbox 992 3995 1238 4051; x_wconf 79' lang='lat' dir='ltr'><strong>Rotberti</strong></span> <span class='ocrx_word' id='word_1_532' title='bbox 1269 3996 1411 4054; x_wconf 78' lang='lat' dir='ltr'><strong>illius</strong></span> <span class='ocrx_word' id='word_1_533' title='bbox 1439 3999 1527 4053; x_wconf 77' lang='lat' dir='ltr'><strong>vix</strong></span> <span class='ocrx_word' id='word_1_534' title='bbox 1556 3999 1732 4054; x_wconf 84' lang='lat' dir='ltr'><strong>adhuc</strong></span> 
     </span>
    </p>
   </div>
   <div class='ocr_carea' id='block_1_72' title="bbox 190 4081 1730 4158">
    <p class='ocr_par' dir='ltr' id='par_1_72' title="bbox 190 4081 1730 4158">
     <span class='ocr_line' id='line_1_72' title="bbox 190 4081 1730 4158; baseline 0.003 -18"><span class='ocrx_word' id='word_1_535' title='bbox 190 4081 460 4148; x_wconf 80' lang='lat' dir='ltr'><strong>pubescens</strong></span> <span class='ocrx_word' id='word_1_536' title='bbox 489 4086 549 4141; x_wconf 87' lang='lat' dir='ltr'><strong>in</strong></span> <span class='ocrx_word' id='word_1_537' title='bbox 577 4087 818 4158; x_wconf 68' lang='lat' dir='ltr'><strong>praelium</strong></span> <span class='ocrx_word' id='word_1_538' title='bbox 845 4087 911 4142; x_wconf 88' lang='lat' dir='ltr'><strong>ab</strong></span> <span class='ocrx_word' id='word_1_539' title='bbox 940 4086 1229 4143; x_wconf 84' lang='lat' dir='ltr'><strong>Heriberto</strong></span> <span class='ocrx_word' id='word_1_540' title='bbox 1265 4088 1570 4155; x_wconf 88' lang='lat' dir='ltr'><strong>deducitur,</strong></span> <span class='ocrx_word' id='word_1_541' title='bbox 1602 4105 1730 4144; x_wconf 86' lang='lat' dir='ltr'><strong>suc-</strong></span> 
     </span>
    </p>
   </div>
   <div class='ocr_carea' id='block_1_73' title="bbox 184 4177 1727 4253">
    <p class='ocr_par' dir='ltr' id='par_1_73' title="bbox 184 4177 1727 4253">
     <span class='ocr_line' id='line_1_73' title="bbox 184 4177 1727 4253; baseline 0.005 -23"><span class='ocrx_word' id='word_1_542' title='bbox 184 4177 429 4247; x_wconf 79' lang='lat' dir='ltr'><strong>curritque</strong></span> <span class='ocrx_word' id='word_1_543' title='bbox 459 4179 787 4237; x_wconf 87' lang='lat' dir='ltr'><strong>labentibus.</strong></span> <span class='ocrx_word' id='word_1_544' title='bbox 814 4182 878 4237; x_wconf 87' lang='lat' dir='ltr'><strong>Et</strong></span> <span class='ocrx_word' id='word_1_545' title='bbox 902 4182 1029 4237; x_wconf 90' lang='lat' dir='ltr'><strong>licet</strong></span> <span class='ocrx_word' id='word_1_546' title='bbox 1057 4196 1179 4235; x_wconf 90' lang='lat' dir='ltr'><strong>cum</strong></span> <span class='ocrx_word' id='word_1_547' title='bbox 1223 4183 1396 4253; x_wconf 91' lang='lat' dir='ltr'><strong>copiis</strong></span> <span class='ocrx_word' id='word_1_548' title='bbox 1423 4183 1727 4248; x_wconf 84' lang='lat' dir='ltr'><strong>advenerit,</strong></span> 
     </span>
    </p>
   </div>
   <div class='ocr_carea' id='block_1_74' title="bbox 184 4272 1732 4346">
    <p class='ocr_par' dir='ltr' id='par_1_74' title="bbox 184 4272 1732 4346">
     <span class='ocr_line' id='line_1_74' title="bbox 184 4272 1732 4346; baseline 0.006 -25"><span class='ocrx_word' id='word_1_549' title='bbox 184 4273 333 4323; x_wconf 82' lang='lat' dir='ltr'><strong>tamen</strong></span> <span class='ocrx_word' id='word_1_550' title='bbox 358 4279 553 4340; x_wconf 85' lang='lat' dir='ltr'><strong>utpote</strong></span> <span class='ocrx_word' id='word_1_551' title='bbox 572 4272 664 4342; x_wconf 85' lang='lat' dir='ltr'><strong>qui</strong></span> <span class='ocrx_word' id='word_1_552' title='bbox 701 4281 852 4342; x_wconf 90' lang='lat' dir='ltr'><strong>patre</strong></span> <span class='ocrx_word' id='word_1_553' title='bbox 879 4274 967 4338; x_wconf 83' lang='grc'><strong>¹⁷⁰,</strong></span> <span class='ocrx_word' id='word_1_554' title='bbox 990 4273 1191 4328; x_wconf 89' lang='lat' dir='ltr'><strong>amisso</strong></span> <span class='ocrx_word' id='word_1_555' title='bbox 1217 4288 1410 4346; x_wconf 88' lang='lat' dir='ltr'><strong>omnes</strong></span> <span class='ocrx_word' id='word_1_556' title='bbox 1451 4284 1732 4345; x_wconf 88' lang='lat' dir='ltr'><strong>suspectos</strong></span> 
     </span>
    </p>
   </div>
   <div class='ocr_carea' id='block_1_75' title="bbox 185 4355 1731 4429">
    <p class='ocr_par' dir='ltr' id='par_1_75' title="bbox 185 4355 1731 4429">
     <span class='ocr_line' id='line_1_75' title="bbox 185 4355 1731 4429; baseline 0.006 -22"><span class='ocrx_word' id='word_1_557' title='bbox 185 4355 405 4426; x_wconf 79' lang='lat' dir='ltr'><strong>habebat,</strong></span> <span class='ocrx_word' id='word_1_558' title='bbox 468 4361 726 4418; x_wconf 85' lang='lat' dir='ltr'><strong>nullooue</strong></span> <span class='ocrx_word' id='word_1_559' title='bbox 752 4364 883 4419; x_wconf 88' lang='lat' dir='ltr'><strong>duce</strong></span> <span class='ocrx_word' id='word_1_560' title='bbox 912 4363 1086 4420; x_wconf 89' lang='lat' dir='ltr'><strong>fretus</strong></span> <span class='ocrx_word' id='word_1_561' title='bbox 1110 4373 1250 4429; x_wconf 87' lang='lat' dir='ltr'><strong>erat,</strong></span> <span class='ocrx_word' id='word_1_562' title='bbox 1291 4380 1323 4418; x_wconf 92' lang='lat' dir='ltr'><strong>a</strong></span> <span class='ocrx_word' id='word_1_563' title='bbox 1348 4363 1470 4419; x_wconf 89' lang='lat' dir='ltr'><strong>belli</strong></span> <span class='ocrx_word' id='word_1_564' title='bbox 1525 4364 1731 4418; x_wconf 82' lang='lat' dir='ltr'><strong>violen-</strong></span> 
     </span>
    </p>
   </div>
   <div class='ocr_carea' id='block_1_76' title="bbox 1840 3173 3417 3236">
    <p class='ocr_par' dir='ltr' id='par_1_76' title="bbox 1840 3173 3417 3236">
     <span class='ocr_line' id='line_1_76' title="bbox 1840 3173 3417 3236; baseline -0.006 0"><span class='ocrx_word' id='word_1_565' title='bbox 1840 3181 2025 3236; x_wconf 89' lang='lat' dir='ltr'><strong>bertus</strong></span> <span class='ocrx_word' id='word_1_566' title='bbox 2055 3188 2327 3234; x_wconf 88' lang='lat' dir='ltr'><strong>tantorum</strong></span> <span class='ocrx_word' id='word_1_567' title='bbox 2358 3176 2619 3231; x_wconf 90' lang='lat' dir='ltr'><strong>malorum</strong></span> <span class='ocrx_word' id='word_1_568' title='bbox 2664 3175 2910 3230; x_wconf 84' lang='lat' dir='ltr'><strong>incentor</strong></span> <span class='ocrx_word' id='word_1_569' title='bbox 2936 3187 3058 3229; x_wconf 91' lang='lat' dir='ltr'><strong>sese</strong></span> <span class='ocrx_word' id='word_1_570' title='bbox 3086 3173 3221 3229; x_wconf 89' lang='lat' dir='ltr'><strong>velle</strong></span> <span class='ocrx_word' id='word_1_571' title='bbox 3251 3175 3417 3228; x_wconf 86' lang='lat' dir='ltr'><strong>dissi-</strong></span> 
     </span>
    </p>
   </div>
   <div class='ocr_carea' id='block_1_77' title="bbox 1838 3266 3419 3338">
    <p class='ocr_par' dir='ltr' id='par_1_77' title="bbox 1838 3266 3419 3338">
     <span class='ocr_line' id='line_1_77' title="bbox 1838 3266 3419 3338; baseline -0.006 -11"><span class='ocrx_word' id='word_1_572' title='bbox 1838 3271 2067 3335; x_wconf 86' lang='lat' dir='ltr'><strong>mulans,</strong></span> <span class='ocrx_word' id='word_1_573' title='bbox 2094 3270 2351 3325; x_wconf 80' lang='lat' dir='ltr'><strong>Karolum</strong></span> <span class='ocrx_word' id='word_1_574' title='bbox 2392 3283 2571 3338; x_wconf 85' lang='lat' dir='ltr'><strong>regem</strong></span> <span class='ocrx_word' id='word_1_575' title='bbox 2618 3281 2716 3336; x_wconf 89' lang='lat' dir='ltr'><strong>per</strong></span> <span class='ocrx_word' id='word_1_576' title='bbox 2762 3266 2968 3336; x_wconf 88' lang='lat' dir='ltr'><strong>legatos</strong></span> <span class='ocrx_word' id='word_1_577' title='bbox 3012 3266 3263 3329; x_wconf 87' lang='lat' dir='ltr'><strong>accersit,</strong></span> <span class='ocrx_word' id='word_1_578' title='bbox 3300 3273 3419 3318; x_wconf 78' lang='lat' dir='ltr'><strong>tan-</strong></span> 
     </span>
    </p>
   </div>
   <div class='ocr_carea' id='block_1_78' title="bbox 1839 3355 3419 3431">
    <p class='ocr_par' dir='ltr' id='par_1_78' title="bbox 1839 3355 3419 3431">
     <span class='ocr_line' id='line_1_78' title="bbox 1839 3355 3419 3431; baseline -0.004 -15"><span class='ocrx_word' id='word_1_579' title='bbox 1839 3364 1908 3419; x_wconf 89' lang='lat' dir='ltr'><strong>tis</strong></span> <span class='ocrx_word' id='word_1_580' title='bbox 1932 3361 2156 3431; x_wconf 81' lang='lat' dir='ltr'><strong>ﬂagiciis</strong></span> <span class='ocrx_word' id='word_1_581' title='bbox 2188 3376 2248 3417; x_wconf 89' lang='lat' dir='ltr'><strong>se</strong></span> <span class='ocrx_word' id='word_1_582' title='bbox 2290 3360 2451 3414; x_wconf 91' lang='lat' dir='ltr'><strong>reniti</strong></span> <span class='ocrx_word' id='word_1_583' title='bbox 2494 3358 2728 3413; x_wconf 88' lang='lat' dir='ltr'><strong>voluisse</strong></span> <span class='ocrx_word' id='word_1_584' title='bbox 2776 3356 3059 3421; x_wconf 89' lang='lat' dir='ltr'><strong>mandans,</strong></span> <span class='ocrx_word' id='word_1_585' title='bbox 3092 3355 3188 3410; x_wconf 89' lang='lat' dir='ltr'><strong>sed</strong></span> <span class='ocrx_word' id='word_1_586' title='bbox 3232 3355 3419 3425; x_wconf 62' lang='lat' dir='ltr'><strong>conjuo</strong></span> 
     </span>
    </p>
   </div>
   <div class='ocr_carea' id='block_1_79' title="bbox 1838 3448 3414 3517">
    <p class='ocr_par' dir='ltr' id='par_1_79' title="bbox 1838 3448 3414 3517">
     <span class='ocr_line' id='line_1_79' title="bbox 1838 3448 3414 3517; baseline -0.006 -8"><span class='ocrx_word' id='word_1_587' title='bbox 1838 3465 2080 3511; x_wconf 89' lang='lat' dir='ltr'><strong>ratorum</strong></span> <span class='ocrx_word' id='word_1_588' title='bbox 2108 3471 2136 3508; x_wconf 89' lang='lat' dir='ltr'><strong>a</strong></span> <span class='ocrx_word' id='word_1_589' title='bbox 2162 3452 2507 3508; x_wconf 89' lang='lat' dir='ltr'><strong>multitudine</strong></span> <span class='ocrx_word' id='word_1_590' title='bbox 2533 3448 3008 3506; x_wconf 85' lang='lat' dir='ltr'><strong>vehementissime</strong></span> <span class='ocrx_word' id='word_1_591' title='bbox 3030 3461 3414 3517; x_wconf 89' lang='lat' dir='ltr'><strong>suppressum;</strong></span> 
     </span>
    </p>
   </div>
   <div class='ocr_carea' id='block_1_80' title="bbox 1838 3537 3419 3608">
    <p class='ocr_par' dir='ltr' id='par_1_80' title="bbox 1838 3537 3419 3608">
     <span class='ocr_line' id='line_1_80' title="bbox 1838 3537 3419 3608; baseline -0.008 -9"><span class='ocrx_word' id='word_1_592' title='bbox 1838 3555 1965 3601; x_wconf 91' lang='lat' dir='ltr'><strong>tunc</strong></span> <span class='ocrx_word' id='word_1_593' title='bbox 2012 3544 2216 3599; x_wconf 87' lang='lat' dir='ltr'><strong>nullum</strong></span> <span class='ocrx_word' id='word_1_594' title='bbox 2258 3541 2473 3597; x_wconf 89' lang='lat' dir='ltr'><strong>consilii</strong></span> <span class='ocrx_word' id='word_1_595' title='bbox 2547 3540 2722 3594; x_wconf 90' lang='lat' dir='ltr'><strong>locum</strong></span> <span class='ocrx_word' id='word_1_596' title='bbox 2782 3537 3044 3608; x_wconf 88' lang='lat' dir='ltr'><strong>patuisse,</strong></span> <span class='ocrx_word' id='word_1_597' title='bbox 3103 3550 3246 3591; x_wconf 86' lang='lat' dir='ltr'><strong>nunc</strong></span> <span class='ocrx_word' id='word_1_598' title='bbox 3290 3550 3419 3589; x_wconf 80' lang='lat' dir='ltr'><strong>vero</strong></span> 
     </span>
    </p>
   </div>
   <div class='ocr_carea' id='block_1_81' title="bbox 1837 3626 3421 3704">
    <p class='ocr_par' dir='ltr' id='par_1_81' title="bbox 1837 3626 3421 3704">
     <span class='ocr_line' id='line_1_81' title="bbox 1837 3626 3421 3704; baseline -0.006 -13"><span class='ocrx_word' id='word_1_599' title='bbox 1837 3636 2060 3691; x_wconf 89' lang='lat' dir='ltr'><strong>remedii</strong></span> <span class='ocrx_word' id='word_1_600' title='bbox 2089 3644 2297 3704; x_wconf 89' lang='lat' dir='ltr'><strong>partem</strong></span> <span class='ocrx_word' id='word_1_601' title='bbox 2339 3631 2598 3703; x_wconf 89' lang='lat' dir='ltr'><strong>optimam</strong></span> <span class='ocrx_word' id='word_1_602' title='bbox 2640 3644 2764 3684; x_wconf 85' lang='lat' dir='ltr'><strong>sese</strong></span> <span class='ocrx_word' id='word_1_603' title='bbox 2810 3628 3134 3699; x_wconf 90' lang='lat' dir='ltr'><strong>repperisse.</strong></span> <span class='ocrx_word' id='word_1_604' title='bbox 3185 3626 3337 3683; x_wconf 86' lang='lat' dir='ltr'><strong>Unde</strong></span> <span class='ocrx_word' id='word_1_605' title='bbox 3363 3636 3421 3681; x_wconf 86' lang='lat' dir='ltr'><strong>et</strong></span> 
     </span>
    </p>
   </div>
   <div class='ocr_carea' id='block_1_82' title="bbox 1832 3718 3413 3792">
    <p class='ocr_par' dir='ltr' id='par_1_82' title="bbox 1832 3718 3413 3792">
     <span class='ocr_line' id='line_1_82' title="bbox 1832 3718 3413 3792; baseline -0.009 -9"><span class='ocrx_word' id='word_1_606' title='bbox 1832 3728 2100 3783; x_wconf 87' lang='lat' dir='ltr'><strong>maturius</strong></span> <span class='ocrx_word' id='word_1_607' title='bbox 2134 3726 2378 3788; x_wconf 89' lang='lat' dir='ltr'><strong>accedat,</strong></span> <span class='ocrx_word' id='word_1_608' title='bbox 2409 3738 2517 3792; x_wconf 90' lang='lat' dir='ltr'><strong>quo</strong></span> <span class='ocrx_word' id='word_1_609' title='bbox 2547 3722 2596 3776; x_wconf 91' lang='lat' dir='ltr'><strong>ei</strong></span> <span class='ocrx_word' id='word_1_610' title='bbox 2624 3721 2739 3790; x_wconf 87' lang='lat' dir='ltr'><strong>ipse</strong></span> <span class='ocrx_word' id='word_1_611' title='bbox 2761 3720 3020 3775; x_wconf 87' lang='lat' dir='ltr'><strong>obvenire</strong></span> <span class='ocrx_word' id='word_1_612' title='bbox 3043 3718 3259 3782; x_wconf 86' lang='lat' dir='ltr'><strong>valeat;</strong></span> <span class='ocrx_word' id='word_1_613' title='bbox 3290 3732 3413 3771; x_wconf 91' lang='lat' dir='ltr'><strong>cum</strong></span> 
     </span>
    </p>
   </div>
   <div class='ocr_carea' id='block_1_83' title="bbox 1834 3806 3415 3891">
    <p class='ocr_par' dir='ltr' id='par_1_83' title="bbox 1834 3806 3415 3891">
     <span class='ocr_line' id='line_1_83' title="bbox 1834 3806 3415 3891; baseline -0.011 -16"><span class='ocrx_word' id='word_1_614' title='bbox 1834 3819 2019 3891; x_wconf 87' lang='lat' dir='ltr'><strong>paucis</strong></span> <span class='ocrx_word' id='word_1_615' title='bbox 2045 3827 2245 3880; x_wconf 88' lang='lat' dir='ltr'><strong>tamen,</strong></span> <span class='ocrx_word' id='word_1_616' title='bbox 2279 3828 2346 3868; x_wconf 89' lang='lat' dir='ltr'><strong>ne</strong></span> <span class='ocrx_word' id='word_1_617' title='bbox 2373 3813 2421 3867; x_wconf 90' lang='lat' dir='ltr'><strong>si</strong></span> <span class='ocrx_word' id='word_1_618' title='bbox 2454 3826 2576 3866; x_wconf 91' lang='lat' dir='ltr'><strong>eum</strong></span> <span class='ocrx_word' id='word_1_619' title='bbox 2606 3810 2788 3864; x_wconf 86' lang='lat' dir='ltr'><strong>multis</strong></span> <span class='ocrx_word' id='word_1_620' title='bbox 2809 3808 3119 3871; x_wconf 80' lang='lat' dir='ltr'><strong>adveniant,</strong></span> <span class='ocrx_word' id='word_1_621' title='bbox 3143 3806 3415 3861; x_wconf 89' lang='lat' dir='ltr'><strong>dissiden-</strong></span> 
     </span>
    </p>
   </div>
   <div class='ocr_carea' id='block_1_84' title="bbox 1837 3897 3417 3971">
    <p class='ocr_par' dir='ltr' id='par_1_84' title="bbox 1837 3897 3417 3971">
     <span class='ocr_line' id='line_1_84' title="bbox 1837 3897 3417 3971; baseline -0.011 -5"><span class='ocrx_word' id='word_1_622' title='bbox 1837 3913 1969 3967; x_wconf 92' lang='lat' dir='ltr'><strong>tium</strong></span> <span class='ocrx_word' id='word_1_623' title='bbox 1991 3909 2344 3964; x_wconf 87' lang='lat' dir='ltr'><strong>animositate</strong></span> <span class='ocrx_word' id='word_1_624' title='bbox 2376 3906 2431 3958; x_wconf 94' lang='lat' dir='ltr'><strong>in</strong></span> <span class='ocrx_word' id='word_1_625' title='bbox 2479 3902 2678 3959; x_wconf 88' lang='lat' dir='ltr'><strong>bellum</strong></span> <span class='ocrx_word' id='word_1_626' title='bbox 2725 3909 3010 3971; x_wconf 87' lang='lat' dir='ltr'><strong>cogantur.</strong></span> <span class='ocrx_word' id='word_1_627' title='bbox 3036 3897 3103 3952; x_wconf 88' lang='lat' dir='ltr'><strong>Et</strong></span> <span class='ocrx_word' id='word_1_628' title='bbox 3129 3912 3228 3967; x_wconf 93' lang='lat' dir='ltr'><strong>pro</strong></span> <span class='ocrx_word' id='word_1_629' title='bbox 3257 3897 3417 3951; x_wconf 82' lang='lat' dir='ltr'><strong>itine-</strong></span> 
     </span>
    </p>
   </div>
   <div class='ocr_carea' id='block_1_85' title="bbox 1836 3989 3413 4067">
    <p class='ocr_par' dir='ltr' id='par_1_85' title="bbox 1836 3989 3413 4067">
     <span class='ocr_line' id='line_1_85' title="bbox 1836 3989 3413 4067; baseline -0.011 -7"><span class='ocrx_word' id='word_1_630' title='bbox 1836 4006 1913 4060; x_wconf 92' lang='lat' dir='ltr'><strong>ris</strong></span> <span class='ocrx_word' id='word_1_631' title='bbox 1946 4003 2242 4060; x_wconf 88' lang='lat' dir='ltr'><strong>securitate</strong></span> <span class='ocrx_word' id='word_1_632' title='bbox 2268 4000 2314 4055; x_wconf 91' lang='lat' dir='ltr'><strong>si</strong></span> <span class='ocrx_word' id='word_1_633' title='bbox 2346 3998 2449 4053; x_wconf 88' lang='lat' dir='ltr'><strong>sibi</strong></span> <span class='ocrx_word' id='word_1_634' title='bbox 2483 3996 2713 4067; x_wconf 87' lang='lat' dir='ltr'><strong>placeat,</strong></span> <span class='ocrx_word' id='word_1_635' title='bbox 2745 3996 2814 4047; x_wconf 88' lang='lat' dir='ltr'><strong>ab</strong></span> <span class='ocrx_word' id='word_1_636' title='bbox 2843 3992 2975 4062; x_wconf 91' lang='lat' dir='ltr'><strong>ipsis</strong></span> <span class='ocrx_word' id='word_1_637' title='bbox 3020 3991 3213 4063; x_wconf 89' lang='lat' dir='ltr'><strong>legatis</strong></span> <span class='ocrx_word' id='word_1_638' title='bbox 3239 3989 3413 4060; x_wconf 84' lang='lat' dir='ltr'><strong>juris-</strong></span> 
     </span>
    </p>
   </div>
   <div class='ocr_carea' id='block_1_86' title="bbox 1829 4079 3415 4167">
    <p class='ocr_par' dir='ltr' id='par_1_86' title="bbox 1829 4079 3415 4167">
     <span class='ocr_line' id='line_1_86' title="bbox 1829 4079 3415 4167; baseline -0.011 -17"><span class='ocrx_word' id='word_1_639' title='bbox 1829 4097 2047 4167; x_wconf 86' lang='lat' dir='ltr'><strong>jurandi</strong></span> <span class='ocrx_word' id='word_1_640' title='bbox 2099 4094 2260 4150; x_wconf 80' lang='lat' dir='ltr'><strong>fidem</strong></span> <span class='ocrx_word' id='word_1_641' title='bbox 2308 4090 2560 4159; x_wconf 88' lang='lat' dir='ltr'><strong>accipiat.</strong></span> <span class='ocrx_word' id='word_1_642' title='bbox 2614 4087 2729 4142; x_wconf 79' lang='lat' dir='ltr'><strong>Rex</strong></span> <span class='ocrx_word' id='word_1_643' title='bbox 2788 4085 2982 4139; x_wconf 89' lang='lat' dir='ltr'><strong>horum</strong></span> <span class='ocrx_word' id='word_1_644' title='bbox 3028 4081 3300 4145; x_wconf 89' lang='lat' dir='ltr'><strong>credulus,</strong></span> <span class='ocrx_word' id='word_1_645' title='bbox 3346 4079 3415 4134; x_wconf 89' lang='lat' dir='ltr'><strong>ab</strong></span> 
     </span>
    </p>
   </div>
   <div class='ocr_carea' id='block_1_87' title="bbox 1835 4175 3414 4263">
    <p class='ocr_par' dir='ltr' id='par_1_87' title="bbox 1835 4175 3414 4263">
     <span class='ocr_line' id='line_1_87' title="bbox 1835 4175 3414 4263; baseline -0.012 -19"><span class='ocrx_word' id='word_1_646' title='bbox 1835 4190 2028 4263; x_wconf 86' lang='lat' dir='ltr'><strong>legatis</strong></span> <span class='ocrx_word' id='word_1_647' title='bbox 2047 4185 2422 4259; x_wconf 85' lang='lat' dir='ltr'><strong>jusjurandum</strong></span> <span class='ocrx_word' id='word_1_648' title='bbox 2451 4198 2550 4253; x_wconf 90' lang='lat' dir='ltr'><strong>pro</strong></span> <span class='ocrx_word' id='word_1_649' title='bbox 2581 4179 2703 4243; x_wconf 67' lang='lat' dir='ltr'><strong>.iide</strong></span> <span class='ocrx_word' id='word_1_650' title='bbox 2735 4177 2966 4248; x_wconf 88' lang='lat' dir='ltr'><strong>accepit,</strong></span> <span class='ocrx_word' id='word_1_651' title='bbox 3018 4190 3082 4230; x_wconf 88' lang='lat' dir='ltr'><strong>ac</strong></span> <span class='ocrx_word' id='word_1_652' title='bbox 3121 4175 3241 4229; x_wconf 90' lang='lat' dir='ltr'><strong>sine</strong></span> <span class='ocrx_word' id='word_1_653' title='bbox 3288 4186 3414 4227; x_wconf 85' lang='lat' dir='ltr'><strong>suo—</strong></span> 
     </span>
    </p>
   </div>
   <div class='ocr_carea' id='block_1_88' title="bbox 1841 4263 3410 4343">
    <p class='ocr_par' dir='ltr' id='par_1_88' title="bbox 1841 4263 3410 4343">
     <span class='ocr_line' id='line_1_88' title="bbox 1841 4263 3410 4343; baseline -0.013 -6"><span class='ocrx_word' id='word_1_654' title='bbox 1841 4296 1960 4337; x_wconf 90' lang='lat' dir='ltr'><strong>rum</strong></span> <span class='ocrx_word' id='word_1_655' title='bbox 1993 4277 2387 4335; x_wconf 81' lang='lat' dir='ltr'><strong>deliberatione</strong></span> <span class='ocrx_word' id='word_1_656' title='bbox 2428 4272 2688 4343; x_wconf 88' lang='lat' dir='ltr'><strong>proditori</strong></span> <span class='ocrx_word' id='word_1_657' title='bbox 2730 4270 2989 4325; x_wconf 77' lang='lat' dir='ltr'><strong>ohvenire</strong></span> <span class='ocrx_word' id='word_1_658' title='bbox 3031 4281 3136 4321; x_wconf 91' lang='lat' dir='ltr'><strong>non</strong></span> <span class='ocrx_word' id='word_1_659' title='bbox 3181 4263 3410 4320; x_wconf 88' lang='lat' dir='ltr'><strong>distulit.</strong></span> 
     </span>
    </p>
   </div>
   <div class='ocr_carea' id='block_1_89' title="bbox 1836 4354 3507 4443">
    <p class='ocr_par' dir='ltr' id='par_1_89' title="bbox 1836 4354 3507 4443">
     <span class='ocr_line' id='line_1_89' title="bbox 1836 4354 3507 4443; baseline -0.01 -16"><span class='ocrx_word' id='word_1_660' title='bbox 1836 4373 1904 4427; x_wconf 87' lang='lat' dir='ltr'><strong>Et</strong></span> <span class='ocrx_word' id='word_1_661' title='bbox 1929 4372 2172 4443; x_wconf 88' lang='lat' dir='ltr'><strong>proditor</strong></span> <span class='ocrx_word' id='word_1_662' title='bbox 2194 4370 2346 4425; x_wconf 89' lang='lat' dir='ltr'><strong>dolos</strong></span> <span class='ocrx_word' id='word_1_663' title='bbox 2367 4365 2738 4429; x_wconf 78' lang='lat' dir='ltr'><strong>dissimulans,</strong></span> <span class='ocrx_word' id='word_1_664' title='bbox 2770 4378 2893 4418; x_wconf 90' lang='lat' dir='ltr'><strong>cum</strong></span> <span class='ocrx_word' id='word_1_665' title='bbox 2924 4363 3111 4431; x_wconf 90' lang='lat' dir='ltr'><strong>paucis</strong></span> <span class='ocrx_word' id='word_1_666' title='bbox 3136 4373 3291 4429; x_wconf 64' lang='lat' dir='ltr'><strong>atque</strong></span> <span class='ocrx_word' id='word_1_667' title='bbox 3318 4358 3414 4412; x_wconf 92' lang='lat' dir='ltr'><strong>ob—</strong></span> <span class='ocrx_word' id='word_1_668' title='bbox 3502 4354 3507 4365; x_wconf 80' lang='grc'><strong>”</strong></span> 
     </span>
    </p>
   </div>
   <div class='ocr_carea' id='block_1_90' title="bbox 184 4439 3419 4530">
    <p class='ocr_par' dir='ltr' id='par_1_90' title="bbox 184 4439 3419 4530">
     <span class='ocr_line' id='line_1_90' title="bbox 184 4439 3419 4530; baseline -0.001 -26"><span class='ocrx_word' id='word_1_669' title='bbox 184 4448 240 4499; x_wconf 71' lang='lat' dir='ltr'><strong>lia</strong></span> <span class='ocrx_word' id='word_1_670' title='bbox 280 4452 503 4519; x_wconf 87' lang='lat' dir='ltr'><strong>quievit.</strong></span> <span class='ocrx_word' id='word_1_671' title='bbox 535 4452 669 4507; x_wconf 78' lang='lat' dir='ltr'><strong>Illud</strong></span> <span class='ocrx_word' id='word_1_672' title='bbox 722 4461 925 4509; x_wconf 89' lang='lat' dir='ltr'><strong>tantum</strong></span> <span class='ocrx_word' id='word_1_673' title='bbox 954 4455 1311 4511; x_wconf 87' lang='lat' dir='ltr'><strong>memorabile</strong></span> <span class='ocrx_word' id='word_1_674' title='bbox 1358 4455 1524 4511; x_wconf 85' lang='lat' dir='ltr'><strong>fuisse</strong></span> <span class='ocrx_word' id='word_1_675' title='bbox 1553 4454 1723 4510; x_wconf 86' lang='lat' dir='ltr'><strong>refer-</strong></span> <span class='ocrx_word' id='word_1_676' title='bbox 1760 4439 1807 4498; x_wconf 86' lang='grc' dir='ltr'><strong>Ῐ)</strong></span> <span class='ocrx_word' id='word_1_677' title='bbox 1836 4439 1998 4519; x_wconf 72' lang='lat' dir='ltr'><strong>venit.</strong></span> <span class='ocrx_word' id='word_1_678' title='bbox 2030 4463 2286 4530; x_wconf 79' lang='lat' dir='ltr'><strong>Datisque</strong></span> <span class='ocrx_word' id='word_1_679' title='bbox 2313 4458 2513 4515; x_wconf 87' lang='lat' dir='ltr'><strong>osculis</strong></span> <span class='ocrx_word' id='word_1_680' title='bbox 2559 4456 2796 4525; x_wconf 80' lang='lat' dir='ltr'><strong>excepti,</strong></span> <span class='ocrx_word' id='word_1_681' title='bbox 2842 4450 3202 4508; x_wconf 85' lang='lat' dir='ltr'><strong>familiaribus</strong></span> <span class='ocrx_word' id='word_1_682' title='bbox 3250 4447 3419 4503; x_wconf 90' lang='lat' dir='ltr'><strong>collo-</strong></span> 
     </span>
    </p>
   </div>
   <div class='ocr_carea' id='block_1_91' title="bbox 184 4528 1723 4619">
    <p class='ocr_par' dir='ltr' id='par_1_91' title="bbox 184 4528 1723 4619">
     <span class='ocr_line' id='line_1_91' title="bbox 184 4528 1723 4619; baseline 0.012 -32"><span class='ocrx_word' id='word_1_683' title='bbox 184 4543 252 4591; x_wconf 89' lang='lat' dir='ltr'><strong>tur</strong></span> <span class='ocrx_word' id='word_1_684' title='bbox 277 4541 355 4606; x_wconf 72' lang='grc' dir='ltr'><strong>ιτι,</strong></span> <span class='ocrx_word' id='word_1_685' title='bbox 379 4544 533 4613; x_wconf 88' lang='lat' dir='ltr'><strong>quod</strong></span> <span class='ocrx_word' id='word_1_686' title='bbox 562 4528 702 4600; x_wconf 79' lang='lat' dir='ltr'><strong>nullo</strong></span> <span class='ocrx_word' id='word_1_687' title='bbox 731 4547 1014 4603; x_wconf 86' lang='lat' dir='ltr'><strong>resistente</strong></span> <span class='ocrx_word' id='word_1_688' title='bbox 1037 4547 1212 4603; x_wconf 91' lang='lat' dir='ltr'><strong>locum</strong></span> <span class='ocrx_word' id='word_1_689' title='bbox 1242 4549 1365 4604; x_wconf 90' lang='lat' dir='ltr'><strong>belli</strong></span> <span class='ocrx_word' id='word_1_690' title='bbox 1416 4552 1723 4619; x_wconf 81' lang='lat' dir='ltr'><strong>occupavit,</strong></span> 
     </span>
    </p>
   </div>
   <div class='ocr_carea' id='block_1_92' title="bbox 180 4632 1726 4706">
    <p class='ocr_par' dir='ltr' id='par_1_92' title="bbox 180 4632 1726 4706">
     <span class='ocr_line' id='line_1_92' title="bbox 180 4632 1726 4706; baseline 0.011 -24"><span class='ocrx_word' id='word_1_691' title='bbox 180 4637 224 4682; x_wconf 83' lang='lat' dir='ltr'><strong>et</strong></span> <span class='ocrx_word' id='word_1_692' title='bbox 240 4632 630 4706; x_wconf 84' lang='lat' dir='ltr'><strong>aliquantisper</strong></span> <span class='ocrx_word' id='word_1_693' title='bbox 658 4638 708 4691; x_wconf 92' lang='lat' dir='ltr'><strong>in</strong></span> <span class='ocrx_word' id='word_1_694' title='bbox 736 4653 799 4693; x_wconf 90' lang='lat' dir='ltr'><strong>eo</strong></span> <span class='ocrx_word' id='word_1_695' title='bbox 826 4640 993 4704; x_wconf 85' lang='lat' dir='ltr'><strong>stetit,</strong></span> <span class='ocrx_word' id='word_1_696' title='bbox 1025 4641 1138 4696; x_wconf 91' lang='lat' dir='ltr'><strong>acsi</strong></span> <span class='ocrx_word' id='word_1_697' title='bbox 1170 4642 1452 4698; x_wconf 89' lang='lat' dir='ltr'><strong>manubias</strong></span> <span class='ocrx_word' id='word_1_698' title='bbox 1488 4644 1726 4699; x_wconf 88' lang='lat' dir='ltr'><strong>hostium</strong></span> 
     </span>
    </p>
   </div>
   <div class='ocr_carea' id='block_1_93' title="bbox 180 4719 1726 4792">
    <p class='ocr_par' dir='ltr' id='par_1_93' title="bbox 180 4719 1726 4792">
     <span class='ocr_line' id='line_1_93' title="bbox 180 4719 1726 4792; baseline 0.009 -14"><span class='ocrx_word' id='word_1_699' title='bbox 180 4719 482 4792; x_wconf 83' lang='lat' dir='ltr'><strong>direpturus.</strong></span> <span class='ocrx_word' id='word_1_700' title='bbox 519 4726 671 4783; x_wconf 89' lang='lat' dir='ltr'><strong>Unde</strong></span> <span class='ocrx_word' id='word_1_701' title='bbox 697 4742 750 4786; x_wconf 90' lang='lat' dir='ltr'><strong>et</strong></span> <span class='ocrx_word' id='word_1_702' title='bbox 778 4733 878 4789; x_wconf 78' lang='lat' dir='ltr'><strong>sibi</strong></span> <span class='ocrx_word' id='word_1_703' title='bbox 906 4736 1081 4790; x_wconf 88' lang='lat' dir='ltr'><strong>victor</strong></span> <span class='ocrx_word' id='word_1_704' title='bbox 1117 4735 1402 4792; x_wconf 89' lang='lat' dir='ltr'><strong>videbatur</strong></span> <span class='ocrx_word' id='word_1_705' title='bbox 1432 4737 1521 4790; x_wconf 72' lang='grc'><strong>⁸⁷⁸.</strong></span> <span class='ocrx_word' id='word_1_706' title='bbox 1552 4737 1726 4792; x_wconf 77' lang='lat' dir='ltr'><strong>[inro-</strong></span> 
     </span>
    </p>
   </div>
   <div class='ocr_carea' id='block_1_94' title="bbox 178 4806 1730 4899">
    <p class='ocr_par' dir='ltr' id='par_1_94' title="bbox 178 4806 1730 4899">
     <span class='ocr_line' id='line_1_94' title="bbox 178 4806 1730 4899; baseline 0.011 -32"><span class='ocrx_word' id='word_1_707' title='bbox 178 4806 246 4865; x_wconf 78' lang='lat' dir='ltr'><strong>lns</strong></span> <span class='ocrx_word' id='word_1_708' title='bbox 272 4829 396 4873; x_wconf 82' lang='lat' dir='ltr'><strong>vero</strong></span> <span class='ocrx_word' id='word_1_709' title='bbox 430 4820 504 4874; x_wconf 88' lang='lat' dir='ltr'><strong>ob</strong></span> <span class='ocrx_word' id='word_1_710' title='bbox 528 4834 717 4876; x_wconf 85' lang='lat' dir='ltr'><strong>necem</strong></span> <span class='ocrx_word' id='word_1_711' title='bbox 755 4824 948 4881; x_wconf 79' lang='lat' dir='ltr'><strong>tiranni</strong></span> <span class='ocrx_word' id='word_1_712' title='bbox 978 4827 1200 4882; x_wconf 86' lang='lat' dir='ltr'><strong>victoria</strong></span> <span class='ocrx_word' id='word_1_713' title='bbox 1228 4829 1390 4899; x_wconf 91' lang='lat' dir='ltr'><strong>potiri</strong></span> <span class='ocrx_word' id='word_1_714' title='bbox 1423 4844 1543 4885; x_wconf 89' lang='lat' dir='ltr'><strong>sese</strong></span> <span class='ocrx_word' id='word_1_715' title='bbox 1572 4840 1730 4899; x_wconf 82' lang='lat' dir='ltr'><strong>puta-</strong></span> 
     </span>
    </p>
   </div>
   <div class='ocr_carea' id='block_1_95' title="bbox 1826 4540 3417 4624">
    <p class='ocr_par' dir='ltr' id='par_1_95' title="bbox 1826 4540 3417 4624">
     <span class='ocr_line' id='line_1_95' title="bbox 1826 4540 3417 4624; baseline -0.013 -15"><span class='ocrx_word' id='word_1_716' title='bbox 1826 4556 1971 4624; x_wconf 85' lang='lat' dir='ltr'><strong>quiis</strong></span> <span class='ocrx_word' id='word_1_717' title='bbox 1992 4552 2142 4608; x_wconf 89' lang='lat' dir='ltr'><strong>cousi</strong></span> <span class='ocrx_word' id='word_1_718' title='bbox 2173 4559 2319 4605; x_wconf 89' lang='lat' dir='ltr'><strong>sunt.</strong></span> <span class='ocrx_word' id='word_1_719' title='bbox 2354 4548 2422 4601; x_wconf 88' lang='lat' dir='ltr'><strong>Et</strong></span> <span class='ocrx_word' id='word_1_720' title='bbox 2474 4549 2615 4601; x_wconf 90' lang='lat' dir='ltr'><strong>inter</strong></span> <span class='ocrx_word' id='word_1_721' title='bbox 2653 4543 2980 4613; x_wconf 83' lang='lat' dir='ltr'><strong>loquendum</strong></span> <span class='ocrx_word' id='word_1_722' title='bbox 3009 4540 3293 4594; x_wconf 90' lang='lat' dir='ltr'><strong>cohortem</strong></span> <span class='ocrx_word' id='word_1_723' title='bbox 3324 4550 3417 4589; x_wconf 86' lang='lat' dir='ltr'><strong>ar-</strong></span> 
     </span>
    </p>
   </div>
   <div class='ocr_carea' id='block_1_96' title="bbox 1831 4627 3413 4705">
    <p class='ocr_par' dir='ltr' id='par_1_96' title="bbox 1831 4627 3413 4705">
     <span class='ocr_line' id='line_1_96' title="bbox 1831 4627 3413 4705; baseline -0.015 -5"><span class='ocrx_word' id='word_1_724' title='bbox 1831 4628 2101 4700; x_wconf 84' lang='lat' dir='ltr'><strong>matorum</strong></span> <span class='ocrx_word' id='word_1_725' title='bbox 2133 4643 2198 4697; x_wconf 90' lang='lat' dir='ltr'><strong>ad</strong></span> <span class='ocrx_word' id='word_1_726' title='bbox 2224 4639 2424 4695; x_wconf 80' lang='lat' dir='ltr'><strong>abditis</strong></span> <span class='ocrx_word' id='word_1_727' title='bbox 2448 4647 2659 4701; x_wconf 89' lang='lat' dir='ltr'><strong>evocat,</strong></span> <span class='ocrx_word' id='word_1_728' title='bbox 2689 4635 2908 4705; x_wconf 81' lang='lat' dir='ltr'><strong>regique</strong></span> <span class='ocrx_word' id='word_1_729' title='bbox 2932 4634 3152 4687; x_wconf 87' lang='lat' dir='ltr'><strong>incauto</strong></span> <span class='ocrx_word' id='word_1_730' title='bbox 3185 4627 3413 4682; x_wconf 87' lang='lat' dir='ltr'><strong>inducit.</strong></span> 
     </span>
    </p>
   </div>
   <div class='ocr_carea' id='block_1_97' title="bbox 1832 4724 3421 4806">
    <p class='ocr_par' dir='ltr' id='par_1_97' title="bbox 1832 4724 3421 4806">
     <span class='ocr_line' id='line_1_97' title="bbox 1832 4724 3421 4806; baseline -0.016 -13"><span class='ocrx_word' id='word_1_731' title='bbox 1832 4738 1935 4806; x_wconf 85' lang='lat' dir='ltr'><strong>Qui</strong></span> <span class='ocrx_word' id='word_1_732' title='bbox 1968 4735 2297 4793; x_wconf 90' lang='lat' dir='ltr'><strong>multitudini</strong></span> <span class='ocrx_word' id='word_1_733' title='bbox 2332 4734 2491 4787; x_wconf 90' lang='lat' dir='ltr'><strong>reniti</strong></span> <span class='ocrx_word' id='word_1_734' title='bbox 2517 4746 2623 4786; x_wconf 90' lang='lat' dir='ltr'><strong>non</strong></span> <span class='ocrx_word' id='word_1_735' title='bbox 2649 4728 2856 4793; x_wconf 87' lang='lat' dir='ltr'><strong>valens,</strong></span> <span class='ocrx_word' id='word_1_736' title='bbox 2909 4744 2939 4781; x_wconf 91' lang='lat' dir='ltr'><strong>a</strong></span> <span class='ocrx_word' id='word_1_737' title='bbox 2971 4724 3201 4780; x_wconf 78' lang='lat' dir='ltr'><strong>cohorte</strong></span> <span class='ocrx_word' id='word_1_738' title='bbox 3234 4727 3421 4789; x_wconf 80' lang='lat' dir='ltr'><strong>captus</strong></span> 
     </span>
    </p>
   </div>
   <div class='ocr_carea' id='block_1_98' title="bbox 1831 4810 3424 4897">
    <p class='ocr_par' dir='ltr' id='par_1_98' title="bbox 1831 4810 3424 4897">
     <span class='ocr_line' id='line_1_98' title="bbox 1831 4810 3424 4897; baseline -0.016 -12"><span class='ocrx_word' id='word_1_739' title='bbox 1831 4840 1951 4897; x_wconf 90' lang='lat' dir='ltr'><strong>est;</strong></span> <span class='ocrx_word' id='word_1_740' title='bbox 1991 4829 2263 4897; x_wconf 82' lang='lat' dir='ltr'><strong>aliquibus</strong></span> <span class='ocrx_word' id='word_1_741' title='bbox 2294 4840 2417 4879; x_wconf 78' lang='lat' dir='ltr'><strong>cuni</strong></span> <span class='ocrx_word' id='word_1_742' title='bbox 2464 4841 2528 4880; x_wconf 90' lang='lat' dir='ltr'><strong>eo</strong></span> <span class='ocrx_word' id='word_1_743' title='bbox 2556 4821 2752 4891; x_wconf 89' lang='lat' dir='ltr'><strong>captis,</strong></span> <span class='ocrx_word' id='word_1_744' title='bbox 2783 4817 3107 4890; x_wconf 87' lang='lat' dir='ltr'><strong>quibusdam</strong></span> <span class='ocrx_word' id='word_1_745' title='bbox 3133 4812 3298 4867; x_wconf 89' lang='lat' dir='ltr'><strong>etiam</strong></span> <span class='ocrx_word' id='word_1_746' title='bbox 3344 4810 3424 4862; x_wconf 86' lang='lat' dir='ltr'><strong>in-</strong></span> 
     </span>
    </p>
   </div>
   <div class='ocr_carea' id='block_1_99' title="bbox 1429 4962 2086 5028">
    <p class='ocr_par' dir='ltr' id='par_1_99' title="bbox 1429 4962 2086 5028">
     <span class='ocr_line' id='line_1_99' title="bbox 1429 4962 2086 5028; baseline -0.002 -9"><span class='ocrx_word' id='word_1_747' title='bbox 1429 4962 1659 5019; x_wconf 75' lang='grc' dir='ltr'><strong>νΑΒιΑῑ</strong></span> <span class='ocrx_word' id='word_1_748' title='bbox 1702 4964 1995 5028; x_wconf 83' lang='lat' dir='ltr'><strong>LECTION</strong></span> <span class='ocrx_word' id='word_1_749' title='bbox 2005 4965 2086 5019; x_wconf 88' lang='lat' dir='ltr'><strong>ES</strong></span> 
     </span>
    </p>
   </div>
   <div class='ocr_carea' id='block_1_100' title="bbox 187 5132 232 5150">
    <p class='ocr_par' dir='ltr' id='par_1_100' title="bbox 187 5132 232 5150">
     <span class='ocr_line' id='line_1_100' title="bbox 187 5132 232 5150; baseline 0 0"><span class='ocrx_word' id='word_1_750' title='bbox 187 5132 232 5150; x_wconf 39' lang='lat' dir='ltr'><strong>si.</strong></span> 
     </span>
    </p>
   </div>
   <div class='ocr_carea' id='block_1_101' title="bbox 234 5063 3434 5150">
    <p class='ocr_par' dir='ltr' id='par_1_101' title="bbox 234 5063 3434 5150">
     <span class='ocr_line' id='line_1_101' title="bbox 234 5063 3434 5150; baseline -0 -21"><span class='ocrx_word' id='word_1_751' title='bbox 234 5063 295 5101; x_wconf 77' lang='grc'><strong>⁸⁸³</strong></span> <span class='ocrx_word' id='word_1_752' title='bbox 318 5084 372 5150; x_wconf 54' lang='lat' dir='ltr'><strong>ll:</strong></span> <span class='ocrx_word' id='word_1_753' title='bbox 419 5087 471 5127; x_wconf 67' lang='grc' dir='ltr'><strong>ορ</strong></span> <span class='ocrx_word' id='word_1_754' title='bbox 515 5072 707 5150; x_wconf 45' lang='lat' dir='ltr'><strong>coda};</strong></span> <span class='ocrx_word' id='word_1_755' title='bbox 776 5075 843 5150; x_wconf 58' lang='grc' dir='ltr'><strong>¹⁶ἶ</strong></span> <span class='ocrx_word' id='word_1_756' title='bbox 872 5078 1144 5150; x_wconf 77' lang='lat' dir='ltr'><strong>tirannum</strong></span> <span class='ocrx_word' id='word_1_757' title='bbox 1176 5077 1225 5149; x_wconf 4' lang='lat' dir='ltr'><strong>lg.</strong></span> <span class='ocrx_word' id='word_1_758' title='bbox 1258 5147 1265 5149; x_wconf 14' lang='grc' dir='ltr'><strong>Α</strong></span> <span class='ocrx_word' id='word_1_759' title='bbox 1304 5078 1372 5149; x_wconf 18' lang='lat'><strong>“7”</strong></span> <span class='ocrx_word' id='word_1_760' title='bbox 1402 5095 1504 5136; x_wconf 90' lang='lat' dir='ltr'><strong>non</strong></span> <span class='ocrx_word' id='word_1_761' title='bbox 1536 5080 1698 5150; x_wconf 80' lang='lat' dir='ltr'><strong>erigit</strong></span> <span class='ocrx_word' id='word_1_762' title='bbox 1728 5084 1777 5137; x_wconf 75' lang='grc' dir='ltr'><strong>Ι.</strong></span> <span class='ocrx_word' id='word_1_763' title='bbox 1858 5079 1926 5117; x_wconf 74' lang='grc'><strong>¹⁶³</strong></span> <span class='ocrx_word' id='word_1_764' title='bbox 1956 5096 1985 5134; x_wconf 89' lang='lat' dir='ltr'><strong>a</strong></span> <span class='ocrx_word' id='word_1_765' title='bbox 2014 5079 2182 5133; x_wconf 88' lang='lat' dir='ltr'><strong>lorica</strong></span> <span class='ocrx_word' id='word_1_766' title='bbox 2209 5078 2455 5136; x_wconf 80' lang='lat' dir='ltr'><strong>extraxit</strong></span> <span class='ocrx_word' id='word_1_767' title='bbox 2482 5081 2529 5135; x_wconf 85' lang='lat' dir='ltr'><strong>i.</strong></span> <span class='ocrx_word' id='word_1_768' title='bbox 2610 5074 2677 5105; x_wconf 71' lang='lat'><strong>““</strong></span> <span class='ocrx_word' id='word_1_769' title='bbox 2704 5067 3121 5150; x_wconf 51' lang='lat' dir='ltr'><strong>monstravit}.</strong></span> <span class='ocrx_word' id='word_1_770' title='bbox 3200 5064 3268 5096; x_wconf 86' lang='grc'><strong>¹⁶⁷</strong></span> <span class='ocrx_word' id='word_1_771' title='bbox 3302 5070 3434 5140; x_wconf 57' lang='grc' dir='ltr'><strong>Ῡοτο</strong></span> 
     </span>
    </p>
   </div>
  </div>
