3988 5362
587 367 655 423 45
1688 363 1966 421 ,1110115111
2008 362 2064 416 S.
2109 364 2367 420 REMIGII
2407 346 2715 422 MONACHI
3754 374 3811 428 11

590 477 886 548 teremptis,
919 476 1140 548 reliquis
1170 490 1381 547 quoque
1411 474 1626 546 fugatis.
1658 477 1963 544 Ductusque
1991 475 2154 529 Pero-
2184 484 2229 538 Λ
2260 493 2380 531 cum
2430 477 2633 547 aliquot
2675 479 3016 548 magnaiibus
3055 494 3216 551 super
3254 480 3471 536 fluvium
3532 481 3812 552 Sequa::am

589 584 735 634 nam,
786 569 1043 623 carcerali
1096 567 1355 622 custodia:
1404 567 1711 635 deputatur.
1759 566 2012 625 Germani
2044 565 2155 636 (78)

589 673 714 729 rege
759 659 980 723 amisso,
1015 659 1067 711 in
1118 657 1331 711 diversa
1382 655 1645 709 feruntur.
1688 655 1925 719 Quorum
1978 654 2160 709 aliide

593 751 771 805 reditu
818 749 1018 804 domini
1070 749 1371 813 elaborant,
1421 748 1511 802 alii
1558 762 1688 802 vero
1735 765 1762 801 a
1806 763 1900 817 spe
1944 747 2159 816 dejecti,

590 838 818 895 Rodulfo
847 840 960 908 regi
1001 838 1204 905 favent,
1250 854 1349 893 nec
1394 847 1572 892 tamen
1606 839 1658 892 in
1683 838 1799 907 ejus
1829 823 1985 892 fidem
2011 840 2163 908 peni-

593 942 679 985 tus
707 930 1028 984 concedunt.
1080 929 1317 996 Quorum
1354 928 1564 998 priores
1612 927 2019 997 exspectatione
2046 928 2163 982 diu-

592 1026 702 1078 tina
738 1024 961 1078 domini
1025 1023 1328 1077 libertatem
1384 1022 1748 1091 opperientes,
1817 1020 2160 1076 lleribertum

590 1120 918 1190 proditorem
960 1119 1026 1173 de
1052 1118 1171 1171 fidei
1208 1116 1497 1171 violatione
1526 1131 1653 1186 sepe
1677 1122 2068 1179 convenerunt,
2098 1129 2161 1168 ac

591 1211 714 1269 inde
734 1210 1020 1279 plurimum
1052 1210 1190 1278 apud
1221 1207 1357 1262 male
1407 1202 1654 1262 conscios
1702 1206 1982 1276 conquesti
2016 1212 2158 1260 sunt.

589 1299 794 1365 Quibus
814 1300 1138 1368 persuadere
1170 1313 1275 1351 non
1321 1297 1580 1363 valentes,
1636 1298 1704 1353 dc.
1731 1296 1954 1368 perjurii
2008 1304 2160 1352 reatu

594 1391 726 1445 nihil
759 1391 972 1447 ruboris
1000 1392 1357 1454 incusserunt,
1392 1406 1515 1445 cum
1560 1391 1641 1445 ira
1679 1391 1771 1445 Dei
1798 1390 1878 1445 eis
1907 1390 2159 1444 immine-

588 1491 690 1538 ret.

659 1573 745 1627 48.
772 1571 941 1643 (934.)
966 1573 1187 1627 Exnctio
1206 1574 1271 1604 ¹⁸⁰
1302 1573 1533 1642 pecunia:
1560 1573 1624 1605 ¹⁸⁰
1649 1573 1868 1642 publica:
1892 1572 1956 1603 “‘°
1979 1571 2161 1643 piratis

590 1654 802 1715 danda.
839 1692 907 1702 —
935 1662 1058 1716 llazc
1099 1661 1224 1715 dum
1269 1671 1580 1733 agerentur,
1627 1671 1832 1732 pyrala:
1861 1662 1925 1693 ³⁸⁸
1955 1660 2160 1717 Gallias

591 1757 919 1824 irruperunt,
968 1755 1231 1824 pecudum
1281 1764 1762 1824 armentorumque
1815 1755 2158 1818 abductione,

2261 571 2583 626 adversariis
2609 572 2831 627 inducit.
2866 572 2935 626 At
2965 582 3170 644 pyratze
3199 574 3268 604 ¹⁸⁶
3289 574 3518 629 renisuri
3547 575 3815 631 obvenien-

2264 672 2363 727 tes,
2402 677 2432 716 a
2457 662 2623 718 Gallis
2658 663 2710 717 in
2747 678 2843 717 sua
2886 672 3063 720 castra
3100 665 3277 721 redire
3320 666 3493 721 coacti
3527 675 3663 721 sunt.
3693 668 3816 723 Galli

2263 752 2526 825 fugientes
2552 755 2799 821 insecuti,
2829 756 3021 812 castris
3054 757 3231 827 ignem
3258 757 3556 822 inmittunt,
3585 772 3819 828 congres-

2263 846 2416 916 sique
2444 847 2748 902 vebementi
2786 846 3086 914 conamine,
3119 848 3289 903 victos
3320 856 3589 904 sternunt.
3624 849 3691 902 At
3739 851 3818 904 alii

2264 933 2384 1006 fuga
2413 936 2674 1005 pedestri,
2717 936 2808 991 alii
2857 936 3104 1008 profugio
3149 936 3325 991 navali
3363 936 3533 1007 elapsi
3559 945 3704 1001 sunt,
3742 939 3821 992 alii

2263 1040 2386 1080 cum
2414 1025 2608 1082 castris
2628 1027 2896 1092 succensi,
2914 1025 3003 1080 alii
3020 1026 3165 1080 ferro
3187 1026 3253 1079 ad
3279 1027 3381 1081 tria
3406 1026 3549 1081 milia
3573 1026 3824 1083 interfecti

2263 1124 2406 1171 sunt.
2457 1116 2602 1184 Quos
2632 1117 2743 1188 (79)
2774 1132 2903 1172 vero
2947 1117 3072 1188 fuga
3116 1118 3432 1187 exagitavit,
3463 1128 3583 1188 post
3626 1118 3824 1173 collecti

2264 1206 2496 1277 quodam
2528 1222 2626 1261 suo
2649 1208 2846 1278 oppido
2861 1223 3017 1263 secus
3043 1222 3192 1261 mare
3208 1207 3331 1262 site»
3349 1207 3558 1263 collecti
3581 1216 3723 1262 sunt.
3738 1207 3827 1262 Cui

2262 1297 2426 1351 etiam
2449 1297 2613 1368 Auga:
2634 1314 2827 1353 nomen
2853 1309 2990 1354 erat.

2332 1389 2421 1445 50.
2453 1389 2691 1447 Rationis
2719 1403 2918 1463 pyram:
2942 1376 3182 1448 inieritus
3217 1410 3534 1464 suorumque
3574 1378 3747 1447 ruina.
3768 1423 3832 1434 -—

2264 1478 2500 1546 Quorum
2527 1482 2777 1553 princeps
2805 1482 2959 1538 Rollo
2987 1482 3376 1540 sufﬁcientibus
3400 1483 3569 1554 copiis
3586 1483 3832 1554 oppidum

2264 1573 2531 1643 impleas,
2590 1573 2733 1629 bello
2782 1589 2902 1630 sese
2953 1575 3239 1630 manifeste
3287 1576 3520 1645 paravit.
3559 1575 3675 1630 Rex
3721 1575 3837 1630 inde

2264 1664 2557 1733 digressus,
2584 1663 2879 1719 exercitum
2908 1665 3219 1733 provocanti
3244 1664 3426 1730 i.-.fert,
3460 1665 3712 1735 congredi
3737 1680 3835 1719 non

2263 1753 2534 1809 differens.
2559 1754 2821 1826 Oppidum
2843 1770 3127 1826 aggressus
3148 1765 3251 1811 est.
3276 1756 3343 1810 Et
3363 1756 3644 1812 obsidione
3664 1755 3838 1826 dispo-

588 1846 989 1916 multarumque
1027 1860 1187 1916 opum
1247 1846 1539 1911 exbaustu,
1613 1862 1735 1899 cum
1808 1845 2158 1916 plurimorum
2195 1843 2235 1902 Β
2265 1842 2386 1908 sita,
2426 1842 2618 1897 vallum
2663 1858 2771 1913 quo
2818 1845 3161 1916 cingebatur,
3208 1845 3476 1916 irrumpit.
3528 1846 3710 1915 Atque
3769 1845 3840 1899 sic

589 1937 896 2007 captivitate
925 1946 1121 1991 terram
1146 1936 1551 2007 depopttlantes.
1606 1939 1847 2004 Quorum
1903 1938 2158 2007 impetum

590 2043 681 2083 rex
712 2029 920 2094 dolens,
949 2044 1168 2085 suorum
1206 2045 1335 2085 usus
1366 2030 1595 2086 consilio
1635 2030 1975 2085 exactionem
2000 2043 2160 2100 pecu-

590 2120 693 2174 niae
718 2119 1134 2175 collatitizelieri
1183 2120 1529 2176 exactoribus
1585 2121 1795 2182 indixit,
1847 2120 2161 2191 quaebosti-

586 2210 688 2265 bus
714 2211 764 2265 in
795 2210 944 2279 pacis
969 2222 1128 2280 pacto
1158 2211 1516 2267 conferretur.
1558 2212 1622 2266 Et
1643 2212 1861 2276 collata,
1887 2212 1955 2266 ad
1978 2220 2159 2266 votum

587 2318 872 2359 commune
934 2305 1306 2375 paciscuntur,
1346 2297 1537 2380 'atque
1581 2305 1634 2358 in
1689 2320 1783 2360 sua
1835 2303 2157 2359 concedunt.

590 2397 701 2450 ltex
727 2411 856 2451 vero
886 2396 1012 2451 licet
1057 2412 1271 2451 merens
1304 2399 1372 2451 ad
1427 2397 1528 2451 alia
1573 2412 1631 2452 se
1667 2397 1917 2452 contulit.
1946 2396 2162 2451 Exerci-

591 2498 705 2542 tum
731 2488 914 2556 itaque
945 2489 997 2541 in
1036 2487 1380 2556 Aquitaniam
1436 2488 1698 2544 adversus
1720 2488 1838 2558 ejus
1861 2488 2160 2558 principem

587 2576 872 2632 Vilelmum
899 2587 1072 2647 parat,
1102 2593 1166 2633 eo
1209 2579 1352 2648 quod
1400 2579 1555 2634 subdi
1597 2580 1698 2634 sibi
1731 2586 2158 2648 contempneret.

584 2668 654 2723 Et
678 2677 918 2740 tempore
961 2675 1230 2738 Oportuno
1255 2682 1378 2722 cum
1426 2668 1669 2723 exercitu
1716 2683 1875 2738 super
1921 2667 2159 2739 Ligerim

591 2761 767 2833 aﬂ‘uit.
800 2763 865 2815 At
909 2760 1191 2816 Wilelmus
1241 2760 1470 2815 militum
1524 2761 1732 2830 copiam
1763 2776 1868 2816 non
1928 2760 2158 2830 patiens,

598 2854 844 2908 obruenti
867 2867 965 2922 per
984 2852 1190 2923 legatos
1225 2851 1465 2906 occurrit
1494 2851 1580 2917 ⁸⁸³,
1612 2852 1826 2922 illisque
1884 2850 2044 2906 ﬂuvio
2075 2852 2159 2906 in-

586 2943 885 3012 terﬂuente,
955 2945 1008 2999 in
1075 2945 1376 3014 legatorum
1447 2945 1789 3000 suasionibus
1859 2943 1971 2998 dies
2047 2951 2157 2998 tota

585 3046 902 3107 consumpta
951 3048 1051 3092 est.
1117 3036 1358 3090 Tandem
1408 3035 1495 3090 die
1541 3036 1714 3089 altera
1766 3034 1925 3088 fidem
1974 3034 2159 3091 utrim-

587 3144 689 3199 que
718 3128 885 3199 pacti,
917 3144 945 3181 a
972 3143 1031 3183 se
1059 3128 1447 3183 discesserunt.

2267 1935 2470 1990 tirones
2505 1935 2804 2005 peribolum
2853 1935 2966 2007 (80)
3002 1937 3449 2003 conscendentes,
3500 1936 3842 1992 adversarios

2263 2026 2577 2096 pervadunt.
2620 2025 2933 2097 Oppidoque
2975 2028 3131 2097 potiti
3170 2027 3261 2094 ⁸⁸⁷,
3301 2042 3481 2083 mares
3513 2043 3707 2082 omnes
3736 2037 3843 2083 tru-

2263 2116 2460 2171 cidant.
2495 2117 2730 2172 Feminis
2776 2117 2997 2173 intactis
3042 2128 3289 2190 parcunt.
3318 2118 3582 2190 Oppidum
3624 2120 3847 2174 diruunt

2263 2218 2424 2279 atque
2450 2212 2789 2265 comburunt.
2808 2210 2973 2281 Cujus
2987 2211 3250 2268 incendiis
3270 2226 3395 2268 aere
3421 2214 3645 2270 densato
3672 2229 3739 2269 ac
3759 2216 3848 2269 de-

2263 2303 2498 2373 nigrato,
2538 2302 2592 2356 in
2639 2309 2781 2357 tetra
2808 2302 3037 2374 caligine
3062 2304 3301 2359 nonnulli
3327 2305 3635 2371 evadentes,
3684 2304 3848 2359 ﬁniti-

2262 2409 2405 2449 mam
2435 2395 2504 2437 !“
2535 2396 2807 2466 quandam
2834 2407 3102 2467 occupant
3144 2397 3402 2453 insulam.
3438 2397 3584 2466 Quos
3611 2399 3735 2455 sine
3764 2400 3847 2455 di-

2262 2486 2459 2543 latione
2487 2490 2758 2546 exercitus
2787 2504 3072 2561 aggressus
3106 2491 3330 2561 appetit,
3370 2507 3435 2548 ac
3461 2491 3636 2546 navali
3667 2507 3848 2562 pugna

2262 2582 2431 2637 victos
2458 2583 2734 2653 opprimit.
2791 2582 2986 2637 Piratae
3035 2583 3161 2637 vitae
3202 2597 3353 2653 spem
3383 2584 3720 2649 amittentes,
3759 2582 3850 2637 alii

2262 2685 2379 2727 sese
2403 2670 2654 2728 fluctibus
2677 2673 3005 2745 immergunt
3023 2688 3086 2730 ac
3107 2685 3420 2740 enecentur,
3448 2674 3536 2729 alii
3559 2684 3851 2730 enatantes
3890 2704 3891 2709 η

2262 2760 2329 2814 ab
2379 2761 2820 2819 observatoribus
2846 2761 3078 2836 jugulati
3132 2775 3277 2831 sunt,
3324 2765 3413 2819 alii
3444 2766 3608 2820 nimia
3655 2764 3854 2820 formi-

2261 2851 2384 2907 dine
2410 2854 2536 2909 tacti
2562 2855 2680 2910 telis
2700 2857 2932 2925 propriis
2954 2870 3076 2911 sese
3099 2866 3376 2926 appetunt.
3404 2856 3468 2910 Et
3489 2858 3568 2910 sic
3591 2857 3855 2912 omnibus

2262 2942 2524 3012 ademptis
2538 2945 2825 3015 przedaque
2842 2946 3048 3016 direpta
3066 2962 3169 3001 non
3186 2948 3416 3013 modica,
3439 2962 3533 3002 rex
3554 2946 3856 3003 Bclvacum

2262 3032 2436 3097 rediit,
2477 3034 2655 3105 ibique
2684 3037 2900 3091 resedit.

2336 3124 2423 3179 51.
2460 3125 2630 3197 (9ἳ6.)
2666 3126 2801 3180 Item
2834 3129 3129 3197 piratarum
3157 3129 3222 3160 ¹⁸⁹
3246 3129 3483 3183 interitus
3508 3128 3596 3181 “9.
3619 3160 3690 3169 —
3723 3129 3859 3186 [nde

655 3219 742 3275 49.
770 3208 942 3291 (923.)
968 3218 1284 3290 Congressus
1313 3219 1382 3251 ¹⁸³
1405 3216 1618 3286 Rodulﬁ
1652 3217 1717 3256 ¹⁸³
1743 3217 1872 3287 regis
1896 3232 2013 3270 cum
2029 3218 2161 3287 pira-

2272 3217 2454 3274 audito
2473 3218 2909 3275 Atrabatensium
2942 3222 3257 3293 rcgionema
3281 3223 3468 3293 piratis
3491 3222 3611 3277 aliis
3635 3226 3857 3289 vexari,

587 3313 654 3367 tis
687 3313 1073 3383 “',eorumque
1098 3310 1234 3381 fusio
1258 3309 1536 3365 ηερ-κει
1559 3309 1682 3366 inde
1708 3324 2005 3381 regressus,
2022 3310 2169 3364 febre

590 3414 746 3461 acuta
803 3405 940 3474 apud
1002 3404 1189 3459 urbem
1241 3402 1562 3459 Senonicam
1612 3402 2002 3473 corripiturQui
2045 3418 2166 3457 cum

586 3498 672 3552 die
711 3497 910 3552 cretica
936 3494 1311 3560 convaluisset,
1337 3496 1389 3549 vi
1430 3495 1662 3550 recidiva
1692 3509 1881 3550 rursus
1904 3494 2166 3564 opprimi-

588 3595 696 3640 tur.
727 3586 804 3641 Ac
827 3586 893 3640 de
917 3584 1087 3640 salute
1109 3585 1417 3653 desperans,
1445 3584 1643 3639 Remos
1677 3585 1742 3639 ad
1784 3592 2032 3639 sanctum
2063 3582 2165 3637 Re-

587 3678 809 3749 migium
833 3692 950 3733 sese
972 3676 1168 3732 deferri
1199 3676 1342 3732 fecit.
1367 3676 1463 3732 Cui
1489 3676 1626 3730 dona
1661 3676 1886 3746 plurima
1919 3674 2162 3746 largitus,

584 3773 768 3842 elapso
797 3785 980 3827 mense
1010 3771 1214 3826 utiliter
1237 3770 1529 3837 convaluit,
1556 3771 1854 3840 urbemque
1879 3769 2167 3825 Snessoni-

588 3876 706 3915 eam
738 3861 842 3915 alia
868 3868 1154 3916 curaturus
1183 3862 1427 3930 expetiit.
1460 3859 1556 3914 Ubi
1586 3875 1706 3914 cum
1728 3860 1869 3929 apud
1898 3850 2165 3930 principes

587 3968 700 4009 rem
727 3953 992 4025 publicam
1024 3953 1351 4017 consuleret,
1376 3951 1534 4023 legati
1558 3952 1849 4017 adsistunt,
1877 3953 1967 4021 qui
2005 3968 2163 4024 pyra-

587 4054 671 4100 tas
714 4046 783 4077 ⁸⁸³
827 4044 933 4100 fide
973 4044 1170 4099 violata
1207 4044 1493 4099 interiores
1535 4043 1855 4114 Burgundii}:
1887 4044 1954 4083 ¹⁸¹⁵
1983 4054 2164 4114 partes

586 4137 816 4207 irupisse
854 4144 1128 4200 asserunt;
1183 4148 1609 4204 cungressosque
1656 4148 1779 4189 cum
1809 4133 2053 4190 Manasse
2099 4148 2162 4188 ac

588 4231 831 4287 Varnero
850 4229 1154 4291 comitibus,
1184 4226 1450 4283 Jozsclmo
1472 4237 1635 4297 atque
1656 4227 1920 4296 Ansegiso
1955 4227 2165 4296 episco-

585 4321 689 4390 pis,
739 4319 874 4374 adeo
921 4318 1203 4382 defecisse,
1243 4325 1301 4371 ut
1352 4331 1537 4373 eorum
1588 4316 1692 4373 960
1740 4317 1877 4385 apud
1926 4327 2162 4373 montem

586 4403 807 4465 Calaum
861 4419 1263 4474 sternerentur,
1318 4408 1558 4463 nonnulli
1607 4408 1750 4477 capti
1807 4418 2158 4474 tenerentur;

589 4502 793 4573 reliqua
826 4518 953 4558 vero
983 4503 1249 4557 minorum
1299 4510 1508 4566 manus;
1557 4500 1704 4569 lapsa
1760 4501 2004 4571 profugio
2042 4502 2109 4556 sit
2143 4519 2157 4567 ;

589 4595 886 4651 Warnerus
924 4611 1051 4651 vero
1088 4610 1225 4665 equo
1255 4593 1456 4659 occiso,
1489 4608 1594 4663 quo
1634 4602 1818 4649 vectus
1866 4592 2158 4658 ferebatur,

590 4689 773 4744 decem
796 4688 1105 4743 vulneribus
1126 4686 1396 4757 perfossus
1421 4686 1702 4741 interierit.
1727 4685 1822 4741 His
1842 4701 1938 4741 rex
1962 4697 2160 4750 motus,

591 4779 731 4834 diem
756 4778 976 4834 alteram
991 4779 1043 4832 in
1065 4777 1308 4847 partibus
1319 4776 1716 4831 deliberationis
1732 4784 1895 4831 totam
1917 4790 2161 4832 consum-

591 4870 715 4939 psit.
762 4869 830 4923 Et
880 4870 966 4924 die
1022 4868 1201 4931 tertia,
1234 4868 1410 4923 edicto
1435 4865 1579 4935 regio
1603 4867 1806 4921 tirones
1830 4880 1893 4921 ex
1929 4866 2165 4921 citeriori

590 4959 759 5015 Gallia
817 4961 952 5014 intra
1009 4960 1120 5014 dies
1166 4958 1472 5028 quindecim
1511 4957 1742 5028 collegit.
1798 4956 2166 5028 Collectosque

2270 3319 2545 3379 assumpto
2574 3311 2815 3365 exercitu
2839 3312 2906 3366 ab
2935 3313 3019 3367 bis
3051 3315 3144 3384 qui
3182 3313 3299 3370 loca
3331 3315 3601 3368 maritima
3638 3314 3861 3369 incole-

2269 3401 2420 3467 bant,
2472 3403 2786 3471 repentinus
2824 3404 2879 3458 in
2928 3419 3022 3461 eos
3068 3404 3259 3460 fertur.
3302 3405 3496 3462 Piratae
3545 3407 3861 3461 comminus

2268 3496 2519 3564 congredi
2568 3512 2677 3552 non
2707 3496 2962 3563 ferentes,
3020 3498 3086 3553 ab
3129 3500 3367 3554 exercitu
3416 3502 3611 3555 cedere
3671 3501 3861 3555 coacti

2268 3597 2416 3645 sunt.
2467 3589 2543 3645 Ac
2572 3591 2821 3656 coartati,
2872 3589 3008 3646 saltu
3038 3593 3269 3662 quodam
3300 3592 3464 3646 vitam
3528 3592 3662 3646 tueri
3710 3593 3862 3646 nite-

2268 3681 2485 3737 bantur.
2540 3683 2610 3736 At
2651 3684 2924 3737 exercitus
2972 3683 3393 3754 circumquaque
3439 3699 3532 3738 eos
3566 3684 3860 3747 obsidens,

2267 3776 2399 3829 adeo
2454 3776 2700 3843 urgebat.
2751 3774 2830 3828 llli
2861 3789 2990 3829 vero
3041 3785 3200 3830 noctu
3249 3777 3533 3845 eruptione
3585 3774 3759 3841 facta,
3804 3776 3859 3828 in

2266 3874 2443 3917 castra
2496 3864 2634 3933 regis
2692 3862 2960 3919 feruntur.
2992 3865 3061 3918 Et
3105 3866 3548 3927 circumvallante
3599 3865 3860 3918 exercitu

2266 3953 2479 4022 penitus
2504 3954 2716 4019 inclusi,
2749 3954 3043 4010 miserabili
3075 3955 3304 4010 fortuna:
3320 3958 3674 4012 succubuere.
3710 3954 3862 4011 Octo

2265 4059 2498 4114 namque
2524 4059 2710 4099 eorum
2741 4046 2883 4099 milia
2915 4047 3047 4117 (81),
3075 4047 3146 4101 ibi
3176 4062 3295 4102 cesa
3330 4046 3660 4102 referuntur.
3733 4047 3865 4114 Quo

2267 4136 2494 4190 tumultu
2523 4151 2615 4190 rex
2642 4136 2783 4192 inter
2804 4137 3056 4192 humeros
3078 4137 3148 4171 ¹⁹⁰
3168 4138 3463 4203 sauciatus,
3485 4136 3866 4209 Hildegaudus

2264 4242 2415 4294 vero,
2464 4228 2751 4283 clarissimi
2803 4229 3017 4301 generis
3070 4243 3272 4291 eomes,
3324 4230 3683 4299 interemptus
3732 4240 3862 4293 est;

2264 4318 2461 4389 aliique
2487 4319 2726 4375 nonnulli
2756 4336 2853 4375 nec
2885 4330 3059 4375 tamen
3082 4320 3261 4390 aliquo
3288 4321 3506 4376 nomine
3530 4320 3685 4377 clari.
3732 4322 3876 4393 Rex‘

2228 4452 2238 4461 .
2263 4409 2487 4464 victoria
2517 4411 2739 4479 potitus,
2769 4411 3084 4466 Lautlunum
3120 4412 3299 4466 rediit.

2338 4501 2426 4556 52.
2456 4502 2630 4575 (927.)
2666 4502 2831 4558 Luna:
2872 4505 3089 4575 defectio
3117 4504 3204 4558 ¹⁹¹.
3229 4536 3299 4547 --
3329 4505 3478 4561 Tunc
3526 4507 3689 4561 etiam
3725 4506 3868 4560 luna

2268 4594 2675 4662 quartadecima
2716 4604 2874 4649 terra}
2920 4594 3131 4664 obiectu
3163 4598 3479 4661 obscurata,
3506 4598 3715 4653 visibus
3780 4600 3863 4652 in-

2269 4685 2532 4738 tuentium
2557 4684 2771 4740 defecit.
2796 4686 2956 4741 Acies
2980 4701 3193 4756 quoque
3228 4687 3394 4757 ignea:
3424 4687 3608 4744 Remis
3640 4687 3689 4742 in
3728 4688 3870 4743 celo

2270 4779 2398 4832 visa:
2418 4789 2560 4832 sunt.
2592 4777 2798 4845 Quibus
2829 4780 3276 4849 prtesagientibus
3306 4781 3501 4852 signis,
3525 4781 3765 4836 febrium
3795 4795 3870 4835 ac

2273 4868 2652 4923 tussicularum
2681 4870 2900 4926 morbus
2932 4885 2963 4925 e
3003 4871 3231 4937 vestigio
3259 4872 3493 4941 irrepsit.
3526 4871 3675 4927 Unde
3705 4886 3869 4923 IIOII-

2272 4960 2402 5014 nulli
2433 4960 2685 5015 ltelaliter
2705 4959 2897 5026 allecti,
2937 4961 3256 5018 occubuere.
3285 4962 3415 5018 Cum
3451 4963 3534 5017 bis
3558 4976 3779 5035 quoque
3809 4969 3874 5016 ct

1864 5072 2096 5128 VARI/E
2144 5072 2540 5128 LECTIONES.

666 5190 733 5221 130
769 5189 807 5228 ῑςῗ
856 5204 885 5228 ο
937 5203 965 5228 ρ
988 5204 1051 5228 ρτ
1071 5188 1283 5228 nminat,
1364 5187 1429 5217 ³⁸³
1458 5185 1760 5228 nnrlmnnni
1790 5186 1837 5228 l,

1918 5186 1983 5226 18⁸
2020 5202 2067 5228 n,
2110 5187 2291 5228 dnlncn
2322 5196 2499 5228 tamnn
2530 5190 2578 5228 lc

2660 5185 2727 5218 ⁸⁸³
2754 5187 2830 5228 Cn
2882 5188 2923 5228 Ω
2979 5204 3006 5228 ι·
3049 5189 3156 5228 for
3183 5189 3376 5228 rnnc’nnl
3476 5188 3543 5222 ηδ
3575 5196 3876 5228 nnrhnan-
