3988 5362
169 241 224 297 i5
1031 234 1511 294 HISTORIARUM
1550 235 1729 291 LIBRI
1770 236 2127 306 QUATUOR.
2166 268 2233 277 —
2270 236 2398 293 LIB.
2429 236 2470 290 1.
3339 235 3408 293 46

170 356 314 412 litium
339 351 679 407 tumultuatio
734 350 875 407 inter
905 366 1084 423 regem
1140 366 1204 405 ac
1250 349 1590 405 lleribertum
1623 349 1715 421 qui
1748 362 1790 420 Α
1820 350 1936 407 rico
1982 349 2215 415 cuidam,
2250 350 2318 406 ab
2343 349 2579 423 Aquensi
2629 347 2902 420 episcopio
2925 357 3239 420 pyratarum
3268 328 3409 404 inse»

170 448 387 505 Karolum
412 445 511 500 sub
555 443 802 500 custodia
832 443 1127 509 detinebat,
1157 458 1263 497 non
1296 442 1505 497 modica
1535 441 1723 497 subse-

166 551 268 596 cuta
288 546 436 608 atque
468 535 744 608 exagitata
774 534 839 576 ³⁸³
870 542 970 598 εει,
1008 548 1073 588 eo
1114 533 1255 602 quod
1281 530 1597 586 Heribertus
1655 531 1724 587 ab

169 647 272 703 rege
311 631 467 684 nimia
520 627 830 699 expetebat,
887 642 984 681 rex
1016 640 1144 681 vero
1189 633 1373 694 utpote
1408 621 1721 689 insatiabili,

165 723 276 777 nihil
297 718 759 775 accommodabat.

220 813 294 867 53.
324 809 554 865 Knrolus
602 809 673 843 ⁸⁸³
712 809 965 864 liberatur
993 807 1062 839 ¹’³
1106 807 1170 861 ab
1219 804 1496 861 Heriberto
1539 802 1628 855 ⁸⁸⁸.
1656 833 1728 843 —

165 905 271 977 Regi
294 917 421 974 ergo
455 901 634 956 minas
657 899 976 956 Heribertus
1005 899 1314 962 intendens,
1347 895 1607 950 Karolum
1640 907 1727 950 re-

162 1010 259 1066 gem
285 1009 310 1046 a
338 1006 561 1047 carcere
597 990 851 1046 eductum
903 989 958 1044 in
1007 1004 1203 1059 pagum
1235 986 1724 1041 Veromandensem

162 1086 371 1147 deduxit.
403 1100 513 1140 non
542 1092 600 1139 ut
646 1098 813 1156 regno
841 1083 1015 1138 ﬁdelis
1043 1097 1167 1138 eum
1211 1080 1543 1143 restitueret,
1573 1086 1632 1130 at
1670 1083 1729 1130 ut

161 1195 211 1236 ex
231 1181 335 1251 ejus
359 1178 653 1234 eductione
692 1177 925 1247 aliquam
969 1175 1234 1245 suspectis
1266 1170 1609 1228 formidinem
1646 1168 1731 1221 in-

160 1279 354 1329 cuteret.
395 1270 757 1325 Nortmannis
811 1269 993 1338 itaque
1041 1266 1321 1321 accersitis
1369 1272 1531 1345 atque
1587 1260 1727 1329 apud

160 1362 378 1435 oppidum
412 1362 630 1432 Augam
682 1360 948 1425 collectis,
986 1374 1109 1414 eum
1145 1357 1214 1389 ¹⁹¹⁵
1244 1355 1494 1422 deducit;
1550 1353 1730 1422 ibique

161 1455 274 1509 filius
308 1452 555 1509 Rollonis
615 1460 844 1523 pyrataa,
895 1452 962 1507 de
1012 1449 1165 1519 cujus
1202 1447 1579 1505 interfectione
1615 1445 1728 1514 jam

160 1544 355 1600 relatum
380 1553 494 1609 est,
524 1544 671 1614 regis
693 1542 940 1597 manibus
956 1556 1076 1597 sese
1102 1540 1455 1596 militaturum
1480 1537 1729 1593 commit-

162 1639 230 1700 tit,
260 1637 526 1707 ﬁdemque
560 1637 809 1708 spondet,
837 1651 900 1691 ac
930 1642 1276 1690 sacramento
1308 1632 1509 1687 ﬁrmat.

1826 440 2061 495 ctatione
2087 440 2262 510 pulso,
2290 456 2388 510 pro
2416 455 2481 494 eo
2509 439 2819 494 ministrare
2844 451 3159 493 concessum
3192 435 3410 492 est.Cui

1824 534 1989 589 etiam
2033 534 2306 588 abbatiam
2350 528 2521 588 sancti
2565 531 2834 586 Timothei
2885 529 3126 585 martiris
3169 530 3236 585 ad
3283 545 3415 586 usus

1824 625 2073 696 proprios
2118 625 2385 689 attribuit,
2425 633 2482 680 et
2524 624 2744 693 insuper
2795 621 3181 677 canonicorum
3214 621 3413 676 victum

1826 720 1987 774 simul
2011 719 2328 790 impertivit.
2363 718 2625 773 Rodulfus
2657 718 2862 773 interea
2894 732 2987 772 rex
3040 726 3244 787 quanta
3275 714 3417 772 foret

1825 812 2055 882 aequitas
2089 827 2200 867 suae
2224 812 2348 866 vita:
2380 812 2754 867 demonstrare
2778 810 3022 882 cupiens,
3062 809 3129 864 ad
3156 809 3414 865 Karolum

1826 902 1918 957 ubi
1949 904 2267 958 servabatur
2309 903 2560 958 accessit.
2600 902 2753 973 Apud
2782 917 2943 973 quem
2991 900 3156 955 multa
3187 901 3254 955 de
3298 899 3417 969 ejus

1827 990 2061 1045 miseriis
2092 1002 2440 1063 conquestus,
2464 993 2701 1047 sermoni
2732 990 3008 1062 multiplici
3041 991 3085 1046 si
3117 989 3419 1046 oﬁ'enderat

1829 1082 2145 1152 suppliciter
2174 1083 2386 1138 veniam
2430 1080 2758 1153 postulabat.
2791 1081 2855 1135 Et
2885 1082 3141 1152 quoniam
3178 1080 3417 1152 suscepti

1830 1175 2109 1245 regiminis
2137 1176 2345 1245 apicem
2371 1175 2586 1244 penitus
2609 1174 2859 1229 amittere
2886 1190 2990 1229 non
3014 1173 3245 1240 valebat,
3275 1174 3417 1244 quod

1833 1267 1967 1321 ratio
1996 1266 2311 1345 conferebat
2359 1267 2407 1323 ei
2449 1267 2706 1330 restituit,
2742 1267 2899 1321 sedes
2938 1265 3191 1322 videlicet
3238 1266 3416 1337 regias

1830 1355 1929 1411 hoc
1957 1366 2039 1411 est
2066 1357 2396 1412 Altiniacum
2447 1365 2501 1411 et
2552 1355 2900 1422 Pontionem;
2933 1355 3119 1425 sicque
3169 1354 3418 1412 Suessio-

1815 1444 1957 1501 ’ttttm
1986 1449 2266 1502 remeavit.

1899 1540 1986 1594 56.
2042 1539 2230 1595 Κανοιὶ
2279 1541 2469 1596 οὸιιιιε.
2525 1572 2595 1581 ——
2649 1541 2879 1617 Karolus
2925 1549 3046 1611 post
3103 1541 3220 1596 hate
3277 1540 3418 1596 tedio

1829 1641 1884 1687 et
1921 1647 2124 1703 angore
2165 1632 2450 1698 deﬁciens,
2485 1634 2537 1686 in
2577 1633 3010 1687 machronosiam
3047 1631 3265 1687 decidit.
3304 1630 3417 1686 Hu-

213 1728 289 1782 54.
313 1727 483 1797 (928.)
521 1725 795 1782 Sententia
819 1726 887 1767 ¹⁹ι
911 1742 1061 1797 papa:
1084 1725 1139 1779 in
1163 1725 1228 1765 "II
1249 1722 1535 1793 Rodulfum
1564 1723 1630 1755 ¹⁹⁸
1643 1739 1730 1792 pe-
1761 1736 1805 1795 Β
1835 1725 2181 1795 moribusque
2206 1725 2383 1781 noxiis
2420 1736 2667 1791 vexatus,
2693 1734 2814 1796 post
2841 1724 3069 1781 multum
3105 1724 3419 1798 languorem

160 1827 239 1871 ttta
260 1834 317 1871 an
340 1817 626 1873 Heriberlo
659 1818 729 1850 ¹⁹⁸
758 1818 949 1889 rejecta
980 1817 1068 1870 ¹⁹⁸.
1085 1848 1154 1857 —
1180 1816 1387 1871 Exinde
1405 1814 1725 1870 Heribertus

164 1906 366 1962 Rodull’o
389 1908 505 1977 regi
550 1908 821 1974 invidens,
858 1908 1146 1964 admodum
1171 1907 1545 1963 insidiabatur.
1576 1904 1727 1962 Unde

157 2007 323 2053 etcum
346 1997 547 2054 Karolo
571 1999 772 2055 Remos
787 2000 1103 2065 deveniens,
1123 2014 1218 2070 pro
1240 2014 1306 2054 eo
1326 1998 1554 2053 Romam
1577 1998 1727 2068 lega-

160 2090 441 2157 tosdirigit,
493 2106 561 2145 ac
612 2088 845 2146 Johanni
894 2106 1046 2162 papa:
1083 2090 1365 2161 epistolam
1403 2090 1590 2155 mittit,
1634 2104 1729 2160 per

162 2191 287 2247 quam
318 2180 694 2251 signiﬁcabat,
735 2190 923 2237 contra
970 2180 1224 2236 Karolum
1263 2196 1365 2236 nec
1390 2195 1508 2236 sese
1530 2180 1730 2250 conju-

164 2287 302 2339 rasse,
332 2290 431 2330 nec
465 2275 866 2343 conjurationis
892 2276 1167 2331 conscium
1199 2274 1384 2341 fuisse,
1432 2274 1730 2344 conjuratis

160 2372 333 2421 tantum
362 2367 604 2422 invitum
632 2368 882 2423 cessisse.
911 2365 1062 2422 Unde
1088 2376 1141 2423 et
1168 2382 1226 2422 se
1247 2366 1385 2421 velle
1412 2365 1727 2436 plurimum,

159 2466 206 2510 ut
245 2456 466 2511 Karolus
528 2471 699 2527 regno
745 2455 1088 2520 restituatur,
1142 2455 1236 2525 qui
1290 2455 1551 2510 innocens
1612 2454 1731 2510 sine

159 2561 290 2600 causa
320 2546 576 2616 abjectus
608 2545 696 2600 sit.
727 2542 837 2600 Nec
872 2544 1044 2600 solum
1074 2560 1132 2601 se
1154 2545 1205 2600 in
1230 2545 1331 2601 hac
1360 2560 1477 2601 esse
1505 2553 1728 2600 senten-

159 2636 227 2699 tia,
252 2645 300 2690 at
330 2636 677 2707 eptitnorum
701 2651 943 2707 quosque
975 2636 1045 2667 ¹⁹⁶
1066 2646 1263 2707 praeter
1304 2638 1404 2692 hos
1432 2638 1527 2707 qui
1576 2638 1732 2693 donis

157 2728 523 2799 multiplicibus
578 2729 815 2799 corrupti
870 2730 979 2785 sint
1007 2731 1094 2783 ‘9’.
1132 2729 1470 2800 Quapropter
1515 2738 1569 2784 et
1619 2731 1734 2801 ipse

160 2819 442 2874 auctoritate
482 2821 789 2890 apostolica
815 2836 982 2891 regno
1008 2821 1221 2877 restitui
1253 2835 1432 2891 regem
1461 2819 1732 2890 abjectum

154 2908 333 2977 iubeat;
374 2911 722 2981 quicumque
769 2911 884 2982 ejus
938 2923 1209 2983 praecepto
1267 2910 1532 2983 refragari
1580 2912 1732 2969 nisus

157 3000 306 3070 fuerit,
335 3006 699 3059 anathemate
727 3013 1001 3075 perpetuae
1051 3004 1448 3060 maledictionis
1483 3006 1734 3061 condem-

1828 1818 1936 1872 vita
1973 1818 2216 1889 privatus
2246 1827 2328 1873 est
2360 1818 2505 1890 (929,
2536 1817 2654 1872 Oct.
2695 1818 2770 1890 7).
2823 1816 3087 1873 Rodulfus
3112 1834 3245 1874 vero
3297 1834 3417 1887 rex,

1828 1918 2045 1982 pyratas
2089 1909 2317 1965 Galliam
2368 1909 2748 1980 Aquitanicam
2794 1909 3058 1980 irrupisse
3090 1924 3186 1980 per
3217 1909 3423 1982 legatos

1827 2004 2445 2074 compcriens,eamque
2499 2001 2768 2057 hostiliter
2825 2000 3225 2057 debacchantes
3275 2002 3420 2058 infe-

1831 2104 2026 2161 stasse,
2060 2096 2168 2149 vim
2196 2093 2397 2150 inferre
2432 2095 2726 2166 cogitabat.

1900 2188 1989 2242 57.
2016 2187 2168 2258 Regis
2196 2188 2265 2226 ’θ’
2296 2204 2357 2243 ac
2385 2198 2693 2257 pyratarum
2717 2187 2786 2227 ’θ’
2810 2187 3072 2256 conﬂictio
3100 2186 3193 2252 m,
3216 2202 3427 2240 eorum-

1828 2297 1928 2350 que
1964 2280 2103 2350 fttsio
2134 2281 2222 2334 ’°'.
2255 2311 2325 2320 ——
2346 2280 2532 2335 Edicto
2561 2295 2701 2351 ergo.
2738 2279 2889 2351 regio
2923 2279 3176 2336 omnibus
3217 2279 3308 2350 qui
3359 2279 3425 2332 de

1834 2371 2052 2426 militari
2094 2371 2285 2426 ordine
2335 2370 2612 2435 valebant,
2640 2369 2830 2425 accitis
2863 2383 2929 2424 ex
2971 2368 3146 2425 Gallia
3196 2368 3421 2433 Celtica,

1814 2476 1955 2515 'cum
1991 2456 2176 2516 multis
2210 2459 2518 2531 Belgarum.
2573 2461 2856 2515 duodecim
2892 2459 3145 2514 cohortes
3188 2459 3420 2514 ordinat.

1833 2551 1965 2607 Cum
1998 2553 2194 2623 quibus
2223 2552 2329 2608 iter
2355 2552 2644 2623 arripiens,
2669 2566 2840 2622 usque
2888 2550 3208 2605 Lemovicas
3232 2564 3425 2621 proce—

1836 2645 1932 2699 dit.
1963 2644 2149 2715 [hique
2182 2643 2483 2715 legionibus
2512 2642 2807 2712 dispositis,
2834 2657 2954 2698 cum
2987 2650 3191 2713 pyratze
3218 2641 3424 2712 regium

1835 2735 2146 2806 aequitatum
2176 2752 2279 2789 non
2299 2735 2650 2798 sustinentes,
2672 2732 2920 2804 profugio
2934 2732 3069 2801 eripi
3098 2731 3422 2794 niterentur,

1835 2829 1905 2884 ab
1942 2827 2335 2898 Aquitanorum
2366 2826 2579 2897 legione
2603 2824 2802 2896 repulsi
2833 2831 2975 2880 sunt.
3003 2821 3118 2879 Rex
3141 2837 3271 2877 vero
3301 2837 3424 2877 cum

1837 2919 2151 2977 cohortibus
2177 2929 2524 2991 prosecutus.
2553 2919 2704 2990 gravi
2733 2919 2866 2975 cede
2894 2932 3032 2989 pene
3052 2932 3243 2972 onmes
3268 2915 3425 2982 fudit,

1838 3010 2023 3082 paucis
2070 3010 2196 3082 fuga
2230 3010 2415 3080 lapsis.
2469 3010 2699 3067 Suorum
2728 3024 2856 3066 vero
2895 3008 3135 3064 nonnulli
3175 3008 3427 3072 sauciati,

158 3105 283 3163 νυεις
313 3112 375 3152 ac
399 3112 511 3167 ιηο
544 3097 648 3152 hac
675 3112 732 3152 I‘e
755 3095 1023 3169 episcopis
1057 3107 1219 3168 atque
1247 3097 1582 3168 principibus
1610 3097 1733 3152 Gal-
1762 3107 1807 3167 C
1838 3118 1903 3158 ex
1939 3101 2158 3157 vulnere
2184 3101 2539 3167 convaluere;
2590 3100 2755 3171 aliqui
2791 3099 2956 3155 etiam
2984 3098 3276 3155 interfecti.
3322 3099 3429 3154 Ita-

157 3185 317 3244 liarum
349 3201 406 3246 et
431 3189 754 3246 Germaniae
794 3190 1078 3262 epistolam
1113 3190 1334 3262 dirigat,
1361 3191 1731 3246 continentem

161 3291 203 3334 et
220 3282 475 3339 bonorum
501 3284 962 3349 benedictionem,
992 3292 1047 3339 et
1074 3283 1535 3338 contradictorum
1569 3282 1735 3337 ntale-

158 3371 440 3430 dietionetn.
506 3373 700 3444 Legati
758 3389 890 3446 ergo
945 3374 1177 3429 Romam
1237 3382 1529 3445 preperant
1566 3389 1733 3445 nego-

156 3462 342 3519 tium-“3
367 3466 682 3539 peracturi,
706 3466 797 3522 sed
810 3465 1574 3537 cnnsumptoitinerislabore,
1601 3466 1733 3520 nihil

156 3558 512 3612 mandatorum
568 3567 851 3631 peragunt.
907 3556 1152 3630 Namque
1181 3573 1208 3612 a
1238 3555 1495 3628 prmfecto
1547 3566 1735 3628 captus

157 3658 286 3717 papa,
316 3663 381 3704 eo
414 3649 573 3719 quod,
616 3664 646 3702 a
694 3664 751 3705 se
777 3649 1064 3719 plurimum
1091 3649 1398 3713 dissideret,
1429 3649 1497 3707 ab
1526 3664 1591 3703 eo
1618 3665 1736 3704 car-

160 3735 294 3790 cer-ali
316 3738 575 3799 custodia
603 3738 961 3794 detinebatur.
995 3738 1149 3795 Unde
1192 3746 1247 3794 et
1293 3739 1411 3794 sine
1452 3736 1737 3808 legationis

160 3826 326 3884 effectu
356 3830 626 3900 digressi,
684 3832 737 3884 in
776 3830 980 3888 Gallias
1029 3840 1362 3888 remearunt.
1415 3829 1736 3885 Heribertus

159 3929 266 3973 vero
292 3922 358 3975 ad
384 3920 498 3975 alia
526 3934 650 3975 sese
674 3920 981 3988 conferens,
1005 3924 1145 3993 apud
1188 3923 1465 3994 llugonem
1509 3925 1576 3955 "9
1606 3923 1739 3979 Rot-

160 4008 276 4066 lterti
294 4012 465 4069 ﬁlium
488 4014 564 4068 de
585 4011 688 4068 ﬁde
710 4015 851 4069 inter
872 4030 990 4071 sese
1014 4016 1260 4072 habenda
1275 4018 1412 4072 adeo
1436 4018 1737 4088 satagebat.

162 4100 303 4169 Quem
339 4112 397 4160 et
422 4104 781 4161 suasionibus
801 4106 1092 4163 eﬁicaciter
1119 4108 1345 4175 allicuit,
1372 4125 1437 4165 ac
1461 4108 1566 4164 ﬁde
1594 4109 1736 4179 pacti

162 4194 244 4248 sibi
270 4198 565 4252 annexuit.
598 4194 840 4268 Hugonis
869 4199 1049 4269 itaque
1075 4197 1299 4255 etIicatia
1330 4214 1642 4270 persuasus,
1670 4200 1736 4254 ad

160 4281 429 4344 Rodulfunt
473 4287 645 4353 redit,
671 4288 830 4358 eique
851 4288 1226 4346 reconciliatus
1242 4291 1551 4362 aliquandiu
1576 4291 1738 4346 hcsit.

160 4374 299 4447 Cujus
323 4381 377 4435 in
410 4380 593 4437 multa
622 4382 796 4451 gratia
820 4393 1123 4452 susceptus,
1163 4393 1222 4438 ut
1258 4400 1317 4439 se
1345 4384 1621 4440 ﬁdelitatis
1642 4400 1740 4439 ex-

1836 3209 1942 3266 que
1969 3195 2170 3251 factttm
2207 3203 2312 3258 est,
2344 3202 2402 3248 ut
2432 3193 2687 3265 Aquitani
2719 3191 2925 3264 gratias
2967 3190 3081 3263 regi
3112 3190 3425 3257 reddentes,

1838 3284 2004 3340 multa
2027 3285 2075 3339 ei
2103 3284 2467 3341 benivolentia
2494 3283 2652 3339 subdi
2679 3282 2973 3348 voluerint,
2999 3296 3064 3337 ac
3084 3281 3209 3352 jure
3242 3296 3428 3337 sacra-

1836 3378 2005 3433 menti
2046 3378 2099 3432 in
2157 3376 2316 3431 Iidem
2362 3375 2729 3431 ﬁrmissimam
2768 3373 3161 3431 concesserint.
3220 3373 3427 3440 Quibus

1839 3469 2040 3524 utiliter
2067 3468 2311 3539 patratis,
2341 3482 2431 3522 rex
2460 3467 2760 3523 exercitum
2792 3465 3027 3532 reduxit,
3057 3464 3433 3536 procinctum-

1838 3577 1943 3632 qttc
1966 3562 2143 3617 solvit.
3392 3560 3397 3566 ”

1909 3654 1999 3708 58.
2038 3648 2304 3706 Ileriberti
2328 3661 2375 3705 et
2408 3653 2479 3693 ¹⁰³
2524 3650 2758 3721 Hugom’s
2774 3650 3054 3729 dissensio.
3074 3680 3144 3689 —
3165 3648 3299 3703 Dum
3317 3649 3433 3702 haec

1838 3751 2176 3812 gererentur,
2231 3743 2373 3795 inter
2435 3742 2894 3811 llug0ttem'°‘et
2951 3739 3300 3794 Hcribertum
3362 3738 3429 3791 de

1840 3833 2146 3903 praelatum
2174 3832 2436 3903 dignitate
2487 3832 2609 3887 lites
2628 3832 2918 3903 agitantur.
2953 3830 3280 3899 Efferatique
3311 3845 3430 3885 sese

1839 3924 2037 3994 przedis
2084 3932 2137 3977 et
2184 3923 2448 3978 incendiis
2478 3923 2715 3995 graviter
2743 3920 3001 3976 alliciunt.
3041 3921 3156 3976 Rex
3193 3922 3245 3975 itt
3277 3920 3431 3975 lleri-

1843 4018 2057 4070 hertum
2088 4014 2397 4085 indignans,
2427 4030 2491 4069 eo
2544 4014 2687 4083 quod
2735 4013 2975 4084 perﬁdia:
3004 4021 3276 4082 promtum
3304 4026 3426 4067 esse

1842 4117 2211 4180 cognosceret,
2274 4105 2516 4176 Hugonis
2571 4106 2639 4137 ²⁰⁸
2700 4105 2948 4175 partibus
2999 4104 3070 4142 "5
3127 4103 3309 4158 stabat
3356 4101 3427 4134 ²⁰⁸

1842 4201 1982 4255 unde
2010 4200 2082 4231 ¹⁰⁸
2108 4209 2163 4254 ει
2203 4198 2475 4253 Hcriberti
2511 4198 2584 4229 ²⁰⁸
2614 4197 2869 4268 oppidum
2905 4195 2976 4227 ¹⁰⁶
3006 4195 3306 4251 Donincum
3337 4210 3434 4251 no-

1844 4292 2010 4357 mine,
2042 4290 2266 4363 Hugone
2288 4290 2461 4347 ascito
2489 4304 2776 4360 aggressus
2795 4296 3089 4360 expugnat,
3120 4303 3186 4342 ac
3210 4296 3431 4358 captum

1843 4381 2030 4437 diruit.
2059 4379 2167 4435 Nec
2196 4380 2375 4434 minus
2418 4388 2474 4433 et
2520 4378 2841 4433 Atrabatunt
2882 4376 3164 4433 obsidione
3191 4376 3435 4431 adhibita

159 4482 441 4529 secutorem
490 4481 849 4542 monstraret,
873 4474 1127 4531 Karolutn
1152 4490 1275 4530 mox
1298 4476 1523 4532 Peronae
1549 4478 1601 4531 in
1627 4492 1741 4531 car-
1768 4490 1815 4549 ι)
1842 4478 2008 4547 cepit,
2037 4477 2292 4546 civesque
2315 4476 2509 4539 victos,
2537 4488 2601 4529 ac
2619 4472 2831 4542 juratos
2867 4473 2969 4528 sibi
3003 4471 3287 4527 anttexuit.
3319 4470 3439 4526 Rex

160 4576 311 4619 aerem
338 4565 602 4621 retrusit.

211 4655 295 4712 55.
324 4658 649 4712 Ueribertus
678 4657 749 4691 ²⁰⁰
777 4676 809 4712 a
832 4675 945 4731 rege
966 4659 1034 4692 '°°
1062 4657 1306 4715 Remense
1336 4661 1405 4692 ¹⁰⁰
1426 4662 1742 4732 episcopium

155 4749 332 4818 occepit
362 4750 463 4803 '°'.
518 4779 597 4789 —
625 4748 776 4805 Unde
795 4759 849 4806 et
874 4752 941 4807 ab
979 4767 1106 4823 rege
1153 4753 1342 4808 donari
1389 4762 1595 4824 petens,
1624 4754 1741 4824 epi-

157 4841 380 4910 scopium
410 4841 696 4898 Remense
723 4850 824 4899 sub
845 4840 1084 4916 'optentu
1117 4845 1212 4901 ﬁlii
1262 4848 1342 4902 sui
1391 4848 1565 4904 adhuc
1589 4847 1744 4917 pueri

157 4931 214 4986 ab
242 4948 305 4988 eo
351 4934 599 5003 accepit.
646 4932 783 4988 Nam
838 4945 894 4990 et
929 4947 1056 4992 tunc
1081 4936 1184 4992 bac
1206 4938 1312 4993 vita
1343 4940 1479 4996 diva:
1514 4939 1581 4971 ²⁰¹
1624 4955 1741 4995 mc-

158 5023 324 5078 ntoriae
372 5021 612 5079 Sculqu
658 5026 1094 5095 metropolitanus
1136 5029 1458 5087 decesserat.
1500 5032 1574 5084 At
1618 5031 1744 5100 quia

158 5120 273 5167 atas
295 5115 549 5170 tenerior
572 5129 795 5184 puerum
816 5118 983 5174 sacris
1006 5117 1201 5175 ofﬁciis
1219 5120 1563 5189 prohibebat,
1586 5117 1747 5175 Odel-

1849 4568 1973 4623 inde
1996 4568 2271 4639 digressus
2287 4566 2597 4638 (951),cum
2626 4566 2870 4635 quietum
2904 4580 3027 4620 sese
3057 4564 3436 4624 arbitraretur,

1849 4659 2168 4715 Heribertus
2202 4657 2491 4713 Germanis
2511 4657 2601 4727 qui
2638 4655 2819 4711 Rheni
2859 4657 3015 4710 litora
3046 4655 3293 4709 incolunt
3314 4653 3448 4707 edu-

1849 4750 1970 4814 ctis,
2008 4748 2062 4803 in
2092 4762 2273 4819 regem
2313 4746 2510 4814 fertur,
2543 4762 2606 4802 ac
2632 4745 2925 4802 execrabili
2967 4744 3151 4798 furore
3196 4740 3445 4797 incendia

1850 4844 2172 4913 rapinasque
2200 4843 2464 4898 exercuit.
2512 4840 2738 4911 Insuper
2788 4849 2844 4896 et
2897 4836 3136 4908 Hugonis
3193 4833 3452 4906 oppidum

1852 4933 1994 5005 quod
2021 4947 2178 4988 secus
2212 4940 2509 4987 torrentem
2532 4931 2783 4987 Vitulam‘
2805 4931 2964 4987 situm
2996 4926 3203 4981 Braina
3227 4921 3451 4982 dicitur,

1853 5034 2102 5096 occupat,
2142 5024 2309 5095 capit,
2339 5039 2405 5081 ac
2432 5024 2616 5078 diruit.

1924 5117 2012 5171 59.
2057 5114 2317 5171 Heriberti
2348 5117 2665 5187 prwparatio
2699 5113 2769 5143 '°"
2814 5120 2995 5167 contra
3040 5106 3107 5136 ⁹⁰⁷
3166 5114 3355 5175 "egem'
3387 5126 3460 5134 ’-

1446 5290 1684 5353 VARIIE
1743 5287 2142 5347 LECTIONES.
