3988 5362
565 331 664 399 47,
1675 324 1948 382 RICIIERI
1980 325 2038 381 S.
2077 325 2334 382 REMIGII
2372 323 2678 384 MONACHI
3745 334 3808 392 48

564 444 733 515 liuius
774 458 902 498 vero
933 441 1270 498 contumeliae
1299 453 1516 496 causam
1561 453 1655 496 rex
1697 454 1755 495 se
1794 437 2137 494 constituisse
2165 449 2210 504 Α
2241 453 2270 491 a
2297 438 2456 506 regiis
2482 439 2835 510 stipatoribus
2866 447 3076 510 captus,
3109 441 3320 514 eoquod
3347 450 3400 497 et
3425 441 3538 514 ipse
3577 442 3809 502 desertor

562 538 888 607 intelligens,
928 535 1044 605 ejus
1092 534 1380 605 potentiam
1424 533 1665 588 minuere
1696 533 1987 602 quzerebat.
2022 532 2133 587 Re-

561 629 835 686 mensibus
864 641 992 697 ergo
1022 625 1230 680 civibus
1269 625 1472 696 legatos
1512 623 1698 690 mittit,
1739 638 1803 678 ac
1833 634 1890 678 ut
1921 622 2138 693 pontifi-

560 736 678 776 ccm
707 719 906 790 eligant
932 716 1192 788 praecipit.
1239 715 1390 782 Quod
1419 715 1583 768 etiam
1626 714 1680 768 ni
1711 713 1928 778 faciant,
1971 713 2136 767 alium

556 823 757 884 prmter
783 825 969 868 eorum
1013 807 1170 872 velle,
1212 807 1292 860 eis
1331 821 1450 860 sese
1477 805 1852 874 impositurum
1895 803 2131 858 mandat.

556 905 630 958 At
661 903 828 964 cives,
878 897 1040 968 regiae
1089 895 1371 966 legationis
1420 895 1734 949 mandatum
1781 893 2132 962 excipientes,

559 992 688 1065 quid
717 992 817 1062 ipsi
867 989 992 1046 inde
1031 987 1198 1042 velint
1235 1001 1300 1041 ac
1332 985 1589 1049 sentiant,
1628 1000 1727 1055 per
1755 999 1882 1038 suos
1929 983 2135 1054 legatos

559 1084 832 1148 referunt;
868 1095 986 1137 sese
1015 1079 1262 1134 videlicet
1298 1077 1448 1148 regio
1465 1073 1620 1146 jussu
1666 1073 1934 1130 ileriberti
1965 1075 2133 1129 lilium

554 1176 685 1232 licet
732 1173 906 1230 adhuc
959 1184 1183 1240 puerum
1234 1166 1562 1236 suscepisse,
1613 1175 1773 1236 atque
1823 1164 2132 1237 pontificem

555 1265 806 1338 elegisse,
836 1262 961 1318 inde
987 1260 1148 1316 etiam
1177 1257 1340 1312 fidem
1367 1257 1416 1311 ei
1440 1255 1553 1328 jam
1597 1254 1799 1312 factam
1828 1269 2132 1311 accommo-

555 1357 743 1422 dasse;
770 1360 1098 1426 quapropter
1123 1346 1436 1420 inpossibile
1457 1361 1597 1414 esse,
1625 1356 1683 1401 ut
1706 1344 1812 1401 fide
1851 1345 2128 1412 inviolata,

554 1446 624 1503 ab
655 1461 721 1502 eo
755 1445 836 1500 sic
872 1442 1102 1498 deﬁcere
1131 1439 1358 1510 possint.
1402 1437 1520 1492 Rex
1567 1437 1814 1506 partibus
1859 1434 2131 1492 Ileriberti

554 1540 702 1595 cives
741 1535 922 1591 favere
967 1532 1292 1603 intelligens,
1346 1529 1576 1586 collecto
1625 1527 1891 1592 exercitu,
1940 1528 2130 1583 urbem

553 1626 867 1702 repentinus
894 1624 1222 1695 aggreditur.
1263 1620 1578 1693 Ingredique
1623 1617 1948 1690 prohibitus,
1981 1617 2127 1673 obsi-

552 1720 766 1774 dionem
793 1715 1043 1786 applicat,
1075 1729 1139 1768 ac
1165 1712 1398 1767 urbanos
1425 1711 1742 1766 resistentes
1765 1709 2001 1765 fervidus
2031 1708 2126 1762 ad-

2237 526 2304 582 ab
2333 543 2458 599 rege
2486 529 2781 595 defecerat,
2811 529 2926 602 regi
2956 530 3166 587 oblatus
3195 540 3300 587 est.
3321 531 3423 599 Qui
3447 532 3588 602 apud
3615 549 3808 606 regem,

2236 622 2586 692 prodentibus
2615 622 2696 676 sui
2747 622 2872 678 facti
2913 624 3166 688 consciis,
3209 625 3492 680 convictus
3537 625 3629 692 ¹¹³,
3664 643 3812 700 erga-

2235 715 2378 770 stqu
2411 715 2766 784 mancipatur.
2791 715 2912 783 Quo
2940 725 3178 786 peracto,
3217 731 3247 770 a
3274 716 3516 788 pernicie
3541 715 3804 774 IIcriberti

2237 822 2344 861 non
2391 806 2678 872 desistens,
2729 806 2953 877 Ilugone
3003 808 3198 874 ascito,
3246 823 3368 864 cum
3421 818 3546 864 octo
3603 810 3811 866 milibus

2234 893 2551 949 Laudnnum
2581 897 2803 966 appetit.
2849 896 2948 952 Ubi
2981 912 3102 952 cum
3135 896 3453 954 Heribertus
3483 899 3651 954 multa
3675 899 3812 956 obsi-

2234 985 2394 1041 dione
2434 995 2738 1056 urgeretur,
2773 988 3081 1057 egrediendi
3113 987 3290 1043 locum
3313 989 3382 1044 ab
3410 1003 3536 1060 rege
3555 989 3808 1060 postulat,

2232 1093 2298 1132 eo
2319 1079 2463 1147 quod
2489 1079 2673 1148 copias
2711 1081 2940 1135 militum
2964 1081 3315 1150 ciborumque
3345 1080 3672 1137 sufficientes
3708 1099 3811 1138 non

2233 1166 2475 1222 haberet.
2524 1167 2642 1235 Quo
2688 1171 2756 1225 ab
2798 1184 2924 1242 rege
2953 1171 3197 1234 obtento,
3249 1187 3372 1226 cum
3419 1171 3532 1228 suis
3575 1173 3645 1228 ab
3685 1173 3813 1230 urbe

2231 1258 2432 1326 exivit;
2461 1274 2685 1315 uxorem
2711 1260 2762 1314 in
2785 1275 2910 1317 arce
2931 1275 3094 1330 quam
3113 1269 3458 1316 exstruxerat
3483 1261 3813 1334 relinquens,

2231 1363 2355 1404 cum
2375 1351 2546 1420 copiis
2567 1365 2687 1407 sese
2712 1353 3099 1408 snbventurum
3131 1353 3184 1408 in
3215 1353 3463 1424 proximo
3487 1365 3660 1412 ratus.
3696 1355 3812 1412 Rex

2231 1454 2458 1494 vacuam
2491 1437 2678 1496 urbem
2725 1441 3019 1514 ingressus,
3053 1443 3314 1513 dolosque
3349 1445 3571 1515 penitus
3617 1447 3815 1502 adver-

2235 1541 2372 1598 tens,
2399 1548 2580 1588 arcem
2617 1533 2872 1589 diuturna
2918 1535 3316 1607 expugnatione
3357 1545 3538 1603 vexat,
3583 1552 3817 1608 eamque

2232 1625 2650 1694 circumquaque
2680 1625 2862 1691 vallat,
2908 1642 2971 1682 ac
3017 1643 3231 1683 omnem
3271 1629 3578 1700 egrediendi
3610 1631 3816 1686 aditum

2231 1715 2499 1782 obcludit;
2528 1733 2760 1788 pugnam
2784 1719 2990 1773 diutina
3019 1721 3398 1790 congressione
3429 1721 3716 1778 adhibens.
3748 1721 3820 1776 At

552 1820 726 1880 urget.
744 1808 846 1876 Qui
877 1805 1042 1862 multa
1071 1804 1472 1877 expugnatione
1499 1802 1697 1868 vexati,
1728 1802 2126 1858 terciatandem
2158 1808 2203 1869 Β
2234 1816 2382 1863 tanto
2420 1809 2717 1864 certamine
2762 1810 2905 1864 vires
2939 1810 3308 1866 resistentium
3359 1811 3614 1880 impares,
3649 1811 3820 1868 armis

551 1901 850 1958 ebdomada
901 1907 1085 1970 portas
1132 1897 1260 1952 victi
1297 1905 1362 1952 'et
1411 1894 1681 1964 supplices
1726 1907 2006 1964 aperuere.

623 1995 710 2049 60.
744 1991 928 2048 Oratio
960 1988 1168 2059 Rodulﬁ
1207 1988 1340 2059 regis
1368 1987 1436 2041 ad
1469 1986 1538 2018 ’³⁸
1583 1987 1714 2040 cives
1750 1983 2028 2040 Remenscs
2060 1983 2130 2016 ⁸⁸⁸

479 2065 484 2072 ’
550 2102 644 2156 pro
665 2101 718 2138 se
741 2081 982 2137 suasoria
1011 2079 1102 2132 ¹⁰³.
1134 2107 1204 2118 -—
1227 2076 1617 2149 Ingressusque
1642 2075 1830 2128 urbem
1859 2089 1978 2138 rex,
2009 2083 2130 2144 post

551 2175 805 2232 nonnulla
845 2172 1127 2243 disposita,
1175 2169 1368 2225 collato
1397 2183 1518 2223 cum
1566 2167 1680 2222 suis
1716 2165 1941 2220 consilio
1982 2167 2130 2222 cives

551 2265 780 2322 accersit
808 2263 898 2318 ’°’.
929 2261 1230 2330 Coramque
1255 2259 1335 2314 sic
1362 2257 1706 2313 contionatus
1735 2255 1811 2308 ait
1839 2273 1850 2308 :
1893 2272 1912 2306 ι
1951 2253 2129 2322 Quan-

550 2371 664 2418 tum
692 2358 940 2429 inquiens
971 2355 1154 2421 caedis,
1178 2361 1439 2425 quantum
1471 2352 1634 2407 etiam
1677 2351 2010 2421 rapinarum,
2040 2365 2127 2405 res

548 2452 762 2524 publica
789 2449 857 2481 ἰο
889 2448 1122 2504 factione
1145 2445 1406 2500 malorum
1432 2457 1602 2512 nuper
1628 2457 1784 2512 passa
1807 2442 1896 2508 sit,
1925 2442 2128 2512 optime

549 2553 610 2600 ut
637 2551 766 2616 puto
797 2541 986 2597 nostis.
1035 2538 1152 2595 Non
1193 2538 1336 2592 enim
1383 2535 1498 2590 fieri
1528 2536 1722 2605 potuit,
1764 2543 1822 2590 ut
1863 2542 1939 2589 tot
1969 2535 2128 2590 malis

546 2637 745 2706 ubique
771 2631 1166 2706 grassantibus,
1192 2629 1372 2684 intacti
1401 2628 1719 2697 penitusque
1749 2625 2014 2680 immunes
2043 2641 2127 2680 re-

547 2725 948 2799 llnqneremini.
983 2723 1116 2778 Nam
1146 2735 1268 2777 cum
1310 2729 1490 2773 vestra
1523 2716 1828 2772 necessaria
1871 2731 1998 2786 sepe
2045 2715 2127 2770 di-

548 2830 723 2889 repta,
751 2831 879 2888 sepe
907 2816 1185 2872 combusta
1224 2812 1354 2876 sint,
1382 2825 1567 2866 eorum
1599 2810 1958 2865 calamitatem
1989 2808 2124 2864 tole-

547 2911 729 2966 vastis.
761 2909 822 2964 Et
853 2923 959 2962 non
983 2905 1156 2962 solum
1180 2903 1394 2974 publica
1417 2901 1681 2966 exterius,
1711 2910 1765 2954 at
1796 2901 1886 2955 hic
1915 2900 2124 2970 privata

546 3003 688 3058 bona
719 2999 1045 3054 intrinsecus
1075 3011 1104 3050 a
1128 2994 1412 3049 sevissimo
1435 3001 1684 3047 exactore
1707 2990 2008 3055 IIeriberto,
2034 3005 2124 3045 co-

547 3092 678 3147 tidie
701 3089 1111 3144 imminuuutur.
1143 3084 1294 3140 Uti-.ie
1324 3093 1379 3138 et
1422 3083 1573 3138 vobis
1611 3081 1999 3138 consulendum
2029 3096 2120 3135 ar-

547 3183 740 3247 bitror,
791 3191 848 3235 ut
884 3188 1155 3250 pastorem
1209 3175 1362 3231 vobis
1417 3173 1759 3229 commodum
1813 3162 2196 3227 couibentiaC

549 3273 818 3332 communi
849 3271 1082 3342 eligatis,
1129 3285 1252 3325 cum
1285 3268 1374 3323 ille
1421 3266 1618 3322 tiranni
1665 3266 1804 3322 filius
1833 3266 2010 3322 adhuc
2035 3264 2122 3318 in-

547 3369 808 3432 fantulus,
839 3359 992 3420 vobis
1022 3364 1244 3418 idoneus
1274 3377 1384 3417 non
1421 3361 1512 3429 sit,
1539 3376 1603 3416 ac
1631 3358 1890 3416 canonica
1931 3368 2119 3411 aucto-

545 3462 682 3518 ritas
714 3474 906 3514 vacare
937 3456 1234 3512 {ecclesiam
1270 3463 1488 3524 pastore
1535 3462 1686 3510 tanto
1731 3463 1975 3522 tempore
2015 3465 2118 3504 non

546 3553 845 3626 permittat.
891 3551 998 3606 Nec
1034 3549 1313 3604 dedecoris
1337 3548 1623 3619 quicquam
1653 3549 1704 3602 in
1732 3563 1827 3602 vos
1858 3545 2124 3601 redunda-

544 3645 648 3712 bit,
675 3659 796 3700 cum
817 3641 1032 3696 militari
1060 3639 1308 3696 violentia
1341 3639 1510 3694 victos
1532 3649 1587 3693 et
1607 3649 1812 3708 captos,
1837 3637 1940 3691 alia
1970 3635 2122 3706 sequi

545 3737 842 3794 necessitas
885 3748 982 3790 vos
1029 3733 1306 3802 adurgeat.
1359 3729 1468 3787 Nec
1517 3747 1612 3786 vos
1664 3729 1840 3786 fateor
1890 3739 2119 3794 tantum,

545 3841 808 3902 quantum
837 3843 936 3900 ego
961 3829 1011 3882 in
1039 3828 1141 3882 hoc
1168 3825 1382 3896 negotio
1403 3825 1674 3880 oberravi.
1707 3825 1891 3894 Itaque
1927 3822 2122 3878 fecisse

547 3941 633 3980 me
657 3923 876 3995 penitet.
910 3920 1154 3976 Peniteat
1177 3929 1230 3975 et
1251 3935 1346 3978 vos
1374 3930 1676 3976 vestrarum
1701 3935 1881 3974 rerum
1907 3919 2122 3987 diSpen-

545 4015 692 4068 dium
741 4013 1030 4084 peregisse.
1073 4011 1334 4068 lteducite
1386 4012 1439 4065 in
1477 4019 1735 4074 mentem,
1784 4017 1987 4078 qmnta
2029 4022 2124 4062 vos

540 4103 824 4160 calamitas
844 4102 1101 4158 all'ecerit.
1126 4103 1474 4158 Considerate
1495 4102 1682 4166 etiam,
1707 4111 1910 4170 quanto
1931 4114 2124 4156 secun-

545 4193 738 4250 darum
766 4207 946 4249 rerum
968 4209 1221 4249 successu
1259 4192 1484 4264 provehi
1517 4191 1758 4262 possitis,
1789 4191 1834 4246 si
1863 4191 2003 4245 bono
2029 4205 2123 4260 pa-

543 4295 690 4343 store
716 4285 998 4355 regamini.
1035 4305 1054 4338 ι

614 4377 704 4432 61.
745 4375 950 4432 Electio
991 4376 1198 4430 Artoldi
1237 4375 1425 4428 ²¹¹.--
1459 4374 1618 4430 Cives
1667 4371 1734 4426 ab
1779 4384 1904 4444 rege
1952 4370 2119 4433 suasi,

537 4471 706 4542 jussis
741 4471 901 4540 regiis
932 4470 1254 4525 concedunt.
1304 4467 1561 4522 Artoldus
1611 4467 1793 4535 itaque
1823 4463 2120 4520 monachus

545 4579 673 4637 rege
712 4563 934 4634 iubente
977 4577 1042 4617 ex
1088 4560 1336 4617 cazuobio
1381 4559 1554 4614 sancti
1605 4557 1833 4628 Remigii
1879 4555 2120 4612 onmium

544 4639 814 4716 consensu
864 4670 990 4710 mox
1036 4647 1364 4722 assumptus,
1419 4667 1516 4722 per
1563 4651 1960 4721 impositionem
2010 4665 2119 4704 ma-

544 4761 710 4802 nuum
769 4745 1144 4815 episcoporum
1195 4750 1434 4812 tempore
1491 4741 1782 4796 constituto
1826 4739 1991 4810 regali
2031 4740 2123 4795 do-

542 4836 766 4892 natione
806 4841 1156 4890 consecvatur
1202 4833 1504 4904 episcopus.
1552 4831 1654 4899 Qui
1711 4832 2008 4902 prudenter
2059 4847 2122 4886 ac

546 4937 765 4981 strenue
793 4926 974 4980 omnia
1005 4939 1218 4994 gerens,
1273 4924 1402 4978 satis
1435 4923 1546 4976 suis
1595 4920 1818 4992 profuit,
1859 4932 2020 4992 atquc
2056 4938 2122 4976 ex

547 5023 686 5076 bene
713 5017 892 5082 factis,
917 5015 1157 5072 omnium
1201 5024 1255 5069 et
1290 5014 1522 5069 maxime
1555 5029 1776 5068 suorum
1815 5013 2122 5070 benivolen-

549 5115 678 5170 tiam
708 5109 916 5166 habuit.

619 5203 709 5258 62.
740 5200 924 5270 Captio
947 5199 1170 5254 Booonis
1199 5199 1267 5230 ¹¹²
1294 5197 1624 5253 Catalaunici
1654 5199 1721 5230 m
1741 5199 1964 5270 episcopi
1988 5197 2122 5252 Lau-

2226 1897 2488 1968 depositis
2529 1899 2746 1966 cedunt,
2802 1913 2866 1954 ac
2914 1914 3012 1968 pro
3061 1903 3167 1954 vita
3218 1900 3540 1970 supplicant.
3591 1901 3822 1958 Tiranni

2232 2007 2360 2046 vero
2385 2007 2522 2046 uxor
2543 1992 2700 2046 simul
2724 1993 2886 2060 victa,
2913 2007 3013 2063 pro
3033 2008 3090 2048 se
3113 1993 3369 2064 petitura,
3396 1994 3462 2049 ad
3488 2010 3669 2067 regem
3695 2010 3820 2050 cum

2231 2084 2343 2140 suis
2368 2093 2640 2154 praperat,
2672 2101 2850 2140 arcem
2889 2087 3138 2151 reddens,
3173 2102 3236 2141 ac
3259 2088 3572 2158 egrediendi
3603 2097 3822 2142 tantum

2230 2175 2404 2230 locum
2427 2185 2632 2245 petens.
2669 2175 2780 2230 Rex
2804 2191 2933 2231 vero
2953 2175 3208 2238 feminam
3235 2176 3470 2231 retinere
3493 2176 3820 2246 dedignans,

2231 2279 2350 2320 cum
2374 2266 2488 2319 suis
2511 2265 2713 2336 digredi
2737 2267 3004 2336 permisit,
3031 2282 3094 2322 ac
3119 2281 3300 2322 arcem
3321 2267 3514 2322 exinde
3534 2281 3658 2322 cum
3683 2267 3824 2322 urbe

2229 2357 2482 2412 obtinuit.

2309 2449 2398 2503 65.
2431 2449 2607 2521 (952.)
2655 2449 2960 2516 Interfeclio
3004 2451 3074 2484 ’³⁵
3111 2451 3365 2506 Adelelmi
3413 2452 3612 2506 comitis
3663 2449 3744 2483 ‘“
3791 2467 3825 2505 α

2227 2541 2450 2613 quodam
2481 2541 2667 2596 clerico
2694 2543 2764 2575 *"
2807 2543 3122 2615 episcopium
3173 2543 3522 2599 Noriomense
3551 2543 3621 2576 ’“
3663 2561 3828 2612 expe-

2227 2641 2364 2687 tente
2401 2633 2470 2664 “i'
2500 2633 2712 2689 seducto
2758 2635 2848 2690 ω.
2883 2667 2953 2676 -
2985 2635 3086 2691 Ubi
3131 2645 3413 2706 postquam
3447 2637 3566 2691 urbi
3603 2635 3829 2691 tuenda:

2229 2731 2535 2787 necessaria
2576 2732 2849 2788 ordinavit
2879 2733 2968 2799 "3,
3003 2733 3070 2788 de
3108 2733 3381 2806 episcopio
3409 2734 3572 2788 etiam
3612 2732 3829 2788 Novio-

2226 2822 2399 2878 mensi
2427 2824 2512 2880 cui
2541 2834 2685 2880 esset
2709 2824 2946 2879 dandum
2995 2823 3348 2890 deliberabat,
3391 2839 3515 2879 cum
3547 2835 3673 2879 tunc
3705 2822 3830 2895 Ay-

2227 2917 2418 2972 rardus
2441 2917 2724 2988 episcopus
2753 2917 2974 2972 obisset.
3012 2917 3144 2973 Nam
3176 2917 3485 2973 Walbertus
3513 2917 3832 2973 Corbeien-

2226 3009 2365 3063 sium
2411 3009 2577 3064 abbas
2605 3009 2651 3062 ei
2689 3010 2979 3065 succedere
3017 3010 3322 3080 petebatur,
3356 3009 3438 3063 vir
3467 3018 3730 3062 strenuus
3765 3024 3837 3064 ac

2227 3099 2485 3165 liberalis,
2513 3107 2568 3154 et
2610 3100 2695 3154 cui
2729 3099 3125 3155 totiushonesti
3157 3099 3324 3154 decus
3365 3098 3652 3152 admodum
3704 3097 3836 3168 pla-

2227 3191 2356 3246 cuit.
2392 3189 2500 3245 Nec
2531 3191 2706 3246 minus
2731 3198 2787 3244 et
2821 3191 3090 3260 praedictae
3130 3190 3280 3245 urbis
3306 3189 3525 3259 quidam
3557 3187 3832 3253 clericus,

2225 3280 2294 3334 ab
2317 3295 2442 3350 rege
2468 3295 2584 3335 sese
2611 3279 2726 3334 ﬁeri
2753 3294 3121 3336 successorem
3147 3279 3478 3350 postulabat,
3503 3279 3588 3332 vir
3613 3279 3836 3333 barba-

2225 3387 2340 3436 rus,
2367 3387 2526 3446 ηιίιῃιι
2551 3380 2714 3440 atque
2740 3371 2955 3426 audatia
2991 3371 3209 3436 nimius,
3235 3381 3290 3427 et
3320 3370 3406 3425 cui
3447 3369 3662 3424 solitum
3693 3378 3834 3424 erat

2225 3475 2408 3517 rermn
2457 3461 2754 3517 alienarunt
2827 3462 3256 3532 surreptionibus
3305 3461 3498 3516 lastari.
3577 3460 3674 3514 llic
3757 3461 3834 3514 ab

2225 3567 2351 3622 rege
2393 3553 2710 3622 civibusque
2753 3553 3018 3624 abjectus,
3067 3569 3162 3609 cor
3207 3554 3272 3608 ad
3323 3553 3475 3608 dolos
3521 3553 3834 3608 convertit.

2222 3644 2558 3700 Adelelmum
2608 3647 2788 3716 itaque
2840 3647 3279 3702 Atrabatcnsium
3333 3647 3608 3709 comitem,
3656 3643 3834 3714 cujus

2223 3751 2383 3792 casus
2437 3752 2730 3792 memorem
2779 3736 2960 3790 multis
2997 3736 3244 3802 incussit,
3293 3737 3613 3790 seducturus
3647 3735 3832 3804 petit,

2225 3827 2338 3896 ejus
2369 3829 2625 3882 auxilium
2671 3827 2984 3897 suppliciter
3011 3835 3220 3896 petens,
3263 3842 3325 3882 ac
3355 3821 3513 3881 suuni
3561 3825 3630 3857 “°
3658 3825 3838 3896 polli-

2225 3931 2382 3982 cens;
2405 3933 2524 3971 sese
2545 3919 2612 3972 ab
2636 3933 2760 3985 rege
2787 3925 3152 3988 contemptum
3185 3916 3398 3987 penitus
3427 3917 3788 3986 supprimens
3817 3933 3832 3969 :

2231 4025 2249 4058 ο
2296 4006 2353 4062 Si
2401 4008 2573 4076 inquit
2599 4022 2696 4076 per
2725 4017 2776 4062 te.
2804 4009 3146 4078 episcopatus
3191 4008 3450 4079 dignitate
3484 4008 3686 4078 potiar,
3721 4025 3836 4080 per

2225 4115 2313 4156 me
2342 4097 2630 4156 efﬁcaciter
2654 4101 2941 4156 comitatus
2965 4101 3226 4157 honorem
3253 4101 3624 4170 consequeris.
3651 4099 3834 4167 Quod

2224 4193 2389 4248 etiam
2436 4193 2516 4248 sic
2561 4192 2675 4248 ﬁeri
2728 4193 2950 4260 valebit,
3005 4193 3050 4248 si
3099 4201 3398 4248 nocturnus
3431 4191 3580 4246 urbis
3624 4206 3841 4247 muros

2225 4284 2578 4348 conscendas,
2609 4294 2663 4338 et
2709 4298 2792 4338 me
2831 4283 3058 4340 interius
3100 4291 3446 4353 procurante,
3483 4292 3602 4338 tuos
3632 4282 3835 4336 intro-

2226 4375 2410 4431 ducas.
2461 4374 2570 4444 Ego
2614 4375 2774 4428 etiam
2807 4391 2926 4430 cum
2967 4375 3211 4446 pluribus
3257 4375 3441 4430 adero.
3480 4374 3841 4446 Collectique

2227 4467 2278 4522 in
2307 4468 2540 4540 agmine,
2573 4468 2762 4523 urbem
2795 4468 3169 4538 pervademus.
3203 4467 3388 4536 Itaque
3419 4467 3531 4532 lict,
3559 4474 3618 4522 ut
3663 4467 3840 4522 cives

2227 4568 2318 4614 aut.
2351 4559 2652 4630 capiamus,
2681 4567 2772 4612 aut
2796 4558 3188 4628 propulsemus.
3221 4579 3239 4610 ι
3275 4557 3477 4612 Horum
3499 4556 3843 4614 Adelclmus

2228 4650 2502 4716 credulus,
2539 4651 2698 4706 dictis
2723 4651 2999 4706 suadentis
3030 4650 3192 4705 favet.
3227 4648 3416 4706 Scelus
3453 4664 3582 4720 ergo
3612 4657 3840 4704 attem-

2228 4752 2496 4814 ptaturus,
2529 4742 2714 4796 urbem
2766 4751 3068 4796 nocturnus
3101 4755 3224 4796 cum
3277 4740 3586 4808 ingentibus
3635 4741 3842 4810 copiis

2227 4834 2380 4906 petit.
2412 4833 2650 4890 Clericus
2689 4833 2822 4888 nulli
2864 4833 2915 4887 in
2956 4833 3090 4886 urbe
3117 4831 3257 4886 male
3283 4831 3554 4895 credulus,
3597 4829 3843 4889 facinus

2229 4924 2548 4994 patrandum
2599 4925 2652 4979 in
2707 4923 2825 4978 loco
2877 4923 3282 4994 opperiebatur.
3330 4921 3448 4990 Quo
3496 4922 3842 4978 Adelelmus

2226 5015 2511 5080 accedens,
2541 5016 2700 5070 abeo
2727 5030 2848 5070 cum
2889 5014 3004 5070 suis
3045 5023 3304 5085 exceptus
3335 5023 3436 5069 est.
3475 5012 3844 5084 Densatiqne

2225 5107 2278 5162 in
2309 5121 2475 5162 unum
2497 5105 2639 5160 tubis
2659 5119 2722 5160 ac
2749 5105 3006 5170 clamore,
3033 5114 3194 5174 atque
3235 5119 3510 5158 armorum
3552 5102 3840 5171 strepitu,

2223 5200 2277 5255 in
2300 5199 2477 5256 noctis
2497 5197 2726 5269 caligine
2752 5198 2938 5251 urbem
2966 5198 3278 5251 exturbant.
3311 5195 3464 5252 Unde
3490 5197 3636 5249 cives
3658 5197 3847 5252 exci-
