3988 5362
196 482 263 539 I9
1049 486 1523 545 HISTORIARUM
1562 485 1741 542 LIBRI
1778 484 2129 555 QUATUOR.
2170 517 2239 527 —
2276 485 2399 541 LIB.
2442 484 2503 541 II.
3373 482 3443 537 50

194 596 244 651 in
278 613 447 652 unum
481 598 678 670 juncti,
706 614 808 671 per
836 601 1024 657 urbem
1056 603 1292 675 dispergi
1337 601 1762 658 formidaverint.
1793 604 1840 663 Α
1868 610 2179 667 occurrunt,
2209 603 2432 671 ejusque
2463 600 2710 655 manibus
2739 615 2867 656 suas
2894 598 3157 654 inserunt.
3197 597 3441 653 Militiam

195 687 341 743 Unde
389 699 447 745 et
492 692 745 748 omnibus
794 692 1101 765 profugiam
1148 696 1340 764 patuit.
1388 693 1544 748 Cives
1587 694 1770 762 itaque

190 778 422 844 abducti,
472 795 505 834 a
552 782 749 838 vicinis
777 798 929 837 arma
958 798 1022 839 ac
1050 783 1285 853 reliquas
1312 783 1596 852 suppecias
1622 782 1766 836 acci-

188 869 355 937 piunt,
393 879 451 925 et
472 872 560 926 die
583 874 775 941 quinta
800 875 1167 945 magnanimes
1198 874 1250 929 in
1286 875 1472 928 urbem
1500 873 1765 927 feruntur.

187 961 490 1016 Suburbani
533 965 700 1041 etiam
730 963 965 1020 feliciter
1002 965 1341 1021 subveniunt.
1373 965 1609 1035 Pngnam
1639 978 1771 1034 ergo

185 1052 589 1120 promptissime
613 1055 895 1110 adhibent.
922 1054 1232 1111 Adelelmus
1270 1070 1397 1110 vero
1428 1054 1766 1122 clericusqne

183 1159 297 1197 cum
347 1145 484 1208 suis,
535 1147 807 1202 acerrime
855 1146 1179 1201 renituntur.
1225 1146 1294 1199 At
1350 1145 1540 1214 vulgus
1582 1143 1673 1212 qui
1713 1143 1764 1198 in

184 1233 309 1288 urbe
336 1244 704 1300 remanserat,
752 1236 941 1305 eisque
980 1236 1139 1290 fidem
1171 1242 1512 1289 sacramento
1539 1232 1760 1296 fecerat,

186 1324 335 1378 fidem
363 1324 665 1393 abrumpit,
693 1340 761 1380 ac
791 1340 822 1380 a
850 1337 1000 1396 tergo
1034 1324 1244 1379 duriter
1277 1338 1369 1380 eos
1403 1323 1562 1379 cedit.
1612 1322 1763 1377 Facti

185 1422 355 1468 autem
394 1414 639 1469 hostium
670 1414 855 1479 medii,
904 1414 956 1468 in
1004 1413 1303 1469 (ecclesiam
1354 1414 1540 1482 fugere
1586 1412 1762 1468 coacti

186 1512 320 1558 sunt.
362 1502 574 1560 Urbani
619 1521 752 1562 vero
789 1507 857 1563 ab
888 1506 1239 1561 interioribus
1278 1506 1499 1575 recepti,
1545 1503 1762 1559 Adclel-

185 1609 320 1647 tuum
365 1609 431 1650 ac
451 1595 716 1653 clericum
743 1598 988 1668 persequi
1025 1612 1129 1652 non
1161 1596 1514 1651 desistebant.
1554 1594 1761 1651 Portis-

184 1700 278 1755 que
330 1686 601 1743 tccclesize
644 1690 897 1753 concisis,
948 1690 1130 1744 hostes
1178 1697 1459 1759 appetunt,
1501 1704 1565 1743 ac
1606 1703 1761 1744 secus

182 1773 345 1829 altare
384 1784 652 1847 utrosque
690 1793 813 1833 cum
849 1777 1094 1849 pluribus
1127 1777 1247 1833 aliis
1270 1778 1564 1833 crudeliter
1594 1778 1763 1832 truci-

183 1864 461 1922 daverunt.
524 1868 833 1941 Urbemque
899 1870 1261 1940 possidentes,
1317 1886 1413 1924 sua
1486 1885 1754 1941 recepere.

1872 695 2158 762 spondent,
2188 709 2251 747 ac
2282 694 2405 748 inde
2434 692 2591 746 ﬁdem
2624 701 2784 760 prout
2818 706 2910 746 rex
2933 689 3089 758 jubet
3115 690 3435 745 concedunt.

1871 782 1985 836 Rex
2014 782 2137 837 inde
2168 784 2462 851 digressus,
2493 783 2545 836 in
2581 782 2889 850 Aquitania:
2924 781 3195 836 exteriora
3225 795 3285 836 se
3312 795 3440 836 con-

1872 873 2009 926 tulit.
2044 873 2161 940 Quo
2212 876 2373 926 eziam
2422 882 2477 926 et
2526 872 2707 942 Lupus
2759 872 3043 927 Acinarius
3097 873 3294 938 Vasco,
3344 872 3459 943 qui,

1868 979 2063 1032 equum
2103 963 2375 1018 ferebatur
2405 963 2606 1017 habere
2648 978 2909 1017 annorum
2943 962 3059 1033 plus
3102 977 3264 1032 quam
3308 977 3437 1018 ceu-

1870 1063 1980 1108 tum
2012 1049 2255 1110 etatlltuc
2286 1065 2395 1110 toto
2414 1070 2642 1125 corpore
2671 1054 3082 1119 validissimum,
3102 1054 3212 1123 regi
3239 1053 3432 1107 milita.

1869 1153 2021 1200 turus
2042 1148 2302 1210 occurrit,
2318 1162 2378 1201 ac
2395 1147 2683 1217 provincia?
2703 1145 3079 1213 procuratione
3095 1145 3324 1208 reddita,
3341 1159 3433 1198 rex

1867 1234 2164 1289 liberaliter
2188 1236 2448 1301 reddidit,
2470 1245 2629 1306 atque
2659 1252 2689 1291 a
2718 1252 2775 1292 se
2804 1236 3090 1307 principari
3144 1234 3434 1290 concessit.

1935 1325 2021 1381 65;
2054 1325 2223 1397 (934.)
2256 1326 2450 1381 Turma
2500 1326 2757 1381 malorum
2792 1327 2861 1359 ἰθ
2904 1326 3162 1396 prodigia.
3206 1354 3276 1364 —
3326 1322 3437 1377 Ilae

1866 1433 2077 1487 quoque
2106 1427 2441 1488 tempestate,
2468 1420 2636 1487 igneae
2668 1418 2849 1473 Remis
2878 1418 2931 1472 in
2965 1416 3095 1472 crclo
3122 1415 3266 1469 acies
3286 1414 3434 1477 visa',

1863 1524 1917 1565 et
1946 1511 2176 1566 flammae
2204 1512 2530 1583 sanguinem,
2574 1512 2727 1580 quasi
2771 1511 2950 1582 jacula
2992 1518 3085 1563 aut
3134 1514 3435 1575 serpentes.

1865 1600 2188 1655 discurrere.
2237 1600 2355 1655 Mox
2384 1616 2599 1671 quoque
2627 1601 2794 1655 subiit
2817 1601 2885 1633 m
2925 1609 2979 1656 et
3013 1598 3197 1670 pestis,
3228 1595 3439 1667 papulis

1863 1693 2190 1765 erysipilatis
2218 1694 2527 1750 innumeros
2564 1708 2819 1748 enecans.
2864 1691 2971 1747 Nec
3024 1691 3193 1745 multo
3221 1696 3344 1759 post
3385 1696 3441 1743 et

1863 1783 2006 1853 regis
2041 1782 2283 1838 defectus
2301 1765 2641 1838 subsecutus.
2666 1782 2800 1836 Nam
2828 1797 2949 1837 cum
2979 1778 3273 1835 autumnali
3306 1786 3439 1832 tem-

1861 1887 1993 1941 pore
2031 1872 2346 1928 melancolia
2381 1873 2432 1927 in
2463 1872 2791 1942 patientibus
2836 1870 3183 1933 redundaret,
3215 1882 3436 1925 cacocc-

180 1954 383 2019 Quibus
412 1960 668 2026 patratis.
714 1975 779 2014 ac
809 1960 963 2031 legali
995 1962 1246 2031 repurgio
1283 1960 1527 2016 :ecclesia
1559 1977 1754 2015 emun-
1788 1961 1829 2019 Β
1859 1962 1963 2026 xia,
1990 1963 2130 2032 quod
2158 1961 2333 2016 Latini
2359 1961 2550 2016 malam
2564 1961 2807 2032 corporis
2831 1958 3200 2015 habitudinem
3227 1957 3436 2024 dicunt,

180 2045 318 2108 data.
352 2047 673 2105 Walbertus
694 2050 1037 2107 Corbeiensis
1067 2053 1361 2107 monachus
1391 2053 1658 2118 etabbas,
1689 2052 1756 2107 ab

180 2153 298 2209 rege
327 2142 590 2206 donatus,
627 2157 725 2211 per
753 2142 1224 2214 metropolitanum
1258 2143 1534 2199 Artoldum
1565 2142 1758 2198 Novio-

182 2235 440 2289 mcusium
473 2246 839 2292 consecratur
867 2238 1167 2307 episcopus.

246 2324 328 2377 6L
350 2326 662 2395 Aquitanica
706 2328 773 2359 ²¹⁷
804 2338 956 2397 atque
1004 2326 1274 2381 Vasconia?
1303 2327 1369 2358 ¹¹⁷
1400 2327 1655 2397 principes
1688 2328 1755 2359 ²¹⁷

177 2418 276 2486 regi
312 2416 565 2474 Rotberto
595 2419 869 2474 militaturi
898 2421 965 2452 ’ν’
996 2431 1274 2474 occurrunt
1308 2421 1396 2474 “7.
1439 2451 1507 2460 —-
1536 2420 1750 2475 Interea

175 2505 467 2563 Gothorum
494 2510 782 2582 principes
825 2511 1239 2582 Ragenmundus
1266 2521 1321 2566 et
1359 2512 1753 2581 Ermingaudus

174 2612 325 2668 super
376 2600 630 2672 Ligerim
682 2602 897 2659 ﬂuvium
945 2603 1059 2674 regi
1104 2603 1417 2659 obvenienti
1462 2604 1750 2659 militatum

1860 2047 1971 2108 t'oto
1996 2064 2253 2110 autumno
2282 2055 2532 2109 detentus
2553 2062 2637 2109 est
2666 2053 2834 2125 (935).
2870 2053 3163 2121 Victusque
3192 2047 3435 2104 humoris

1860 2146 2246 2215 superﬂuitate,
2280 2147 2495 2210 defecit,
2526 2146 2909 2214 hominemque
2938 2144 3106 2198 exivit
3134 2140 3278 2211 (956,
3302 2139 3441 2195 Jan.

1860 2238 1926 2293 ll
1960 2236 2118 2310 [82]).
2152 2236 2208 2292 In
2239 2238 2461 2293 basilica
2492 2247 2693 2293 sanctae
2721 2236 2995 2292 Columbae
3040 2233 3264 2305 virginis
3294 2231 3435 2303 apud

1859 2330 2104 2387 Senonas
2161 2330 2326 2385 multa
2383 2332 2677 2386 amicorum
2736 2330 3045 2394 attritione,
3104 2338 3435 2397 suorumque

1855 2421 2115 2491 obsequio
2182 2423 2495 2478 tumulatur.
2566 2423 2638 2477 De
2715 2422 2866 2492 regni
2948 2416 3437 2474 amministratione

1860 2512 1993 2567 nihil
2021 2513 2317 2583 disposuit;
2342 2523 2397 2569 at
2422 2514 2748 2584 primatibus
2780 2528 2898 2567 eam
2923 2510 3160 2580 reliquit,
3191 2523 3256 2563 eo
3291 2504 3433 2576 quod

1860 2604 1998 2660 filios
2028 2623 2131 2660 non
2156 2608 2425 2673 habuerit,
2448 2606 2540 2677 qui
2571 2621 2855 2678 regnorum
2883 2618 3063 2660 rerum
3107 2600 3432 2672 potirentur.

1460 2713 1691 2769 VARIAE
1734 2712 2130 2770 LECTIONES.

228 2826 294 2856 ³³⁷
332 2826 677 2897 Aquitania‘,
717 2841 798 2894 co,
829 2841 915 2896 pe,
940 2841 1013 2893 m,
1038 2841 1101 2881 oc
1126 2842 1190 2881 ex
1210 2826 1429 2896 conject.

1524 2824 1591 2863 ιη
1621 2824 1671 2880 lo
1708 2825 1896 2880 abacis.
1973 2829 2040 2861 ¹¹⁹
2066 2828 2438 2886 subsecutaest
2462 2832 2509 2884 l.

1689 2913 1895 2975 NOTAE
1906 2959 1919 2974 .

229 2985 337 3056 (82)
366 2983 459 3041 Cf.
483 2985 630 3041 Ann.
658 2986 716 3042 S.
740 2985 1028 3043 Columbaa.
1058 2984 1161 3043 SS.
1192 2986 1231 3042 I.
1267 2985 1391 3042 £05.

1271 3300 1630 3391 LIBER
1698 3297 2347 3390 SECUNDUS.

225 3598 1078 3655 I.Gallorummdeliberatio’”
1102 3601 1165 3655 de
1188 3602 1384 3671 regem
1409 3602 1634 3655 creando
1655 3602 1745 3655 "°.
1775 3604 1821 3667 C
1854 3602 2105 3671 majestas
2132 3601 2256 3656 ltesa
2286 3601 2375 3668 sit,
2428 3600 2594 3657 multo
2646 3608 2843 3657 conatu
2906 3601 3172 3671 imprimis
3221 3603 3273 3657 id
3322 3606 3440 3660 erit'

164 3717 221 3731 ι-
258 3693 396 3749 Post
440 3692 609 3763 cujus
629 3695 906 3764 exequias,
936 3694 1203 3763 principes
1244 3694 1297 3747 in
1330 3693 1541 3748 diversa
1583 3693 1745 3749 duce-

163 3785 369 3850 bantur,
416 3785 699 3856 ﬁnemque
746 3784 1000 3855 petebant
1045 3784 1277 3840 varium.
1327 3785 1464 3842 Galli
1510 3800 1744 3856 namque

164 3871 313 3929 Celtze
332 3890 471 3930 cum
496 3874 799 3942 Aquitanis,
820 3874 1096 3945 llugonem
1122 3875 1365 3931 Rotberti
1388 3878 1529 3947 regis
1552 3877 1738 3943 ﬁlium,

164 3960 326 4034 Belgze
356 3981 507 4022 vero
534 3965 857 4022 Ludovicum
881 3966 1058 4023 Karoli
1087 3968 1470 4039 sequebantur.
1503 3969 1742 4038 Quorum

166 4059 328 4112 neutri
393 4060 766 4116 commoditas
818 4062 1004 4118 aderat
1059 4066 1336 4134 regnandi,
1413 4081 1535 4122 cum
1587 4066 1742 4139 Hugo

165 4157 361 4212 patrem
392 4150 475 4204 ob
529 4150 867 4207 insolentiam
899 4154 1123 4222 periisse
1172 4155 1648 4221 reminiscebatur,
1687 4166 1743 4213 et

163 4240 224 4293 ob
243 4244 342 4297 hoc
364 4256 623 4313 regnare
648 4243 971 4311 formidaret,
1001 4255 1053 4300 et
1078 4246 1383 4302 Ludovicus
1418 4248 1470 4302 in
1497 4249 1742 4318 partibus

160 4328 391 4400 Anglicas
417 4341 756 4399 moraretur,
781 4349 843 4389 eo
873 4335 1013 4406 quod
1048 4336 1175 4389 illuc
1214 4336 1423 4391 delatus
1471 4336 1646 4392 infans
1673 4340 1740 4394 ad

160 4424 490 4477 avunculum
525 4423 865 4481 Adelstanum
892 4441 1069 4499 regem
1098 4426 1280 4491 fuerit,
1312 4428 1383 4481 ob
1420 4426 1658 4499 Hugonis
1685 4432 1741 4482 e't

159 4509 427 4568 llcriberti
482 4514 920 4584 insectationem,
970 4533 1035 4572 eo
1063 4517 1209 4588 quod
1254 4516 1354 4587 ipsi
1388 4525 1594 4587 patrem
1622 4520 1741 4589 ejus

157 4601 756 4670 comprehendissent,
804 4621 865 4663 ac
926 4607 1133 4663 carceri
1215 4606 1526 4663 trusissent.
1598 4607 1740 4665 Galli

157 4686 326 4759 itaque
371 4693 433 4747 in
486 4692 645 4763 regis
685 4698 1005 4763 promotione
1042 4697 1325 4754 liberiores
1365 4699 1535 4754 videri
1584 4699 1737 4756 labo-

155 4791 353 4846 rantes,
432 4782 556 4837 sub
619 4781 833 4852 ilugone
885 4788 1017 4843 duce
1083 4785 1433 4844 deliberaturi
1490 4790 1557 4845 de
1612 4805 1740 4861 rege

151 4872 384 4927 creando
410 4871 649 4927 collecti
676 4882 807 4929 sunt.

1848 3691 2191 3758 abolendum,
2222 3701 2383 3763 atque
2413 3692 2480 3747 ab
2509 3690 2679 3747 oculis
2706 3692 3083 3747 amovendum.
3118 3693 3424 3749 Discordia-

1847 3796 1967 3835 rttm
2014 3781 2196 3850 itaque
2242 3782 2512 3836 molimina
2545 3781 2746 3847 absint,
2774 3789 2829 3836 et
2877 3783 3147 3837 communi
3181 3783 3420 3838 omnium

1846 3873 2152 3929 conibentia
2216 3874 2281 3927 de
2355 3872 2688 3944 prtcferendo
2736 3874 2979 3943 principe
3041 3874 3418 3930 deliberemus.

1846 3962 2007 4019 Pater
2033 3980 2184 4019 mens
2224 3973 2401 4019 vestra
2426 3965 2698 4034 quondam
2725 3964 2963 4017 omnium
3007 3965 3280 4021 voluntate
3325 3981 3435 4019 rex.

1846 4066 2083 4123 creatus,
2110 4073 2215 4112 non
2247 4057 2364 4112 sine
2416 4071 2609 4127 magno
2657 4055 2903 4125 regnavit
2933 4054 3192 4121 facinore,
3220 4071 3340 4109 cum
3374 4056 3419 4112 is

1844 4148 1928 4202 cui
1956 4148 2053 4202 soli
2078 4145 2201 4215 jura
2230 4147 2484 4218 regnandi
2517 4144 2869 4207 debebantur,
2899 4146 3123 4210 viveret,
3156 4155 3210 4200 et
3232 4145 3420 4200 vivens

1844 4256 2063 4296 carcere
2090 4240 2446 4295 clauderetur.
2479 4238 2848 4306 Quodcrcdite
2867 4238 2974 4293 Deo
3002 4256 3106 4293 non
3136 4250 3418 4309 acceptum

1844 4329 2032 4386 fuisse.
2067 4328 2219 4384 Unde
2270 4338 2324 4385 et
2368 4328 2531 4394 absit,
2571 4337 2629 4383 ut
2658 4343 2755 4399 ego
2781 4328 2952 4399 patris
3002 4329 3117 4383 loco
3141 4329 3417 4383 restituar.

1843 4420 1954 4476 Nec
2001 4434 2132 4474 vero
2167 4420 2324 4475 alieni
2363 4420 2577 4491 generis
2606 4434 2931 4493 quemquam
2971 4427 3092 4489 post
3138 4417 3274 4472 divae
3302 4432 3421 4472 me-

1843 4515 2031 4569 moria:
2055 4513 2122 4547 '“
2151 4513 2437 4569 Rodulfum
2461 4512 2698 4567 arbitror
2712 4511 3147 4580 promovendtnn,
3169 4524 3289 4564 cum
3303 4508 3422 4579 ejus

1844 4617 2087 4675 tempore
2125 4606 2297 4659 visum
2343 4604 2434 4669 sit,
2460 4604 2590 4672 quid
2624 4617 2766 4657 nunc
2815 4602 3021 4656 innasci
3069 4601 3256 4670 possit,
3290 4615 3422 4655 con-

1842 4703 2078 4766 temptus
2100 4694 2345 4749 videlicet
2369 4693 2531 4763 regis,
2557 4707 2619 4747 ac
2641 4706 2736 4761 per
2758 4691 2861 4747 hoc
2887 4692 3185 4761 principum
3213 4690 3418 4746 dissen-

1841 4804 1952 4843 sus.
1985 4787 2279 4856 Repetatur
2307 4800 2437 4857 ergo
2466 4785 2766 4853 interrupta
2820 4783 3090 4852 paululum
3143 4783 3302 4854 regiae
3330 4798 3423 4853 ge-

1844 4878 2140 4933 nerationis
2201 4876 2368 4942 linea,
2422 4891 2488 4933 ac
2533 4873 2722 4932 Karoli
2783 4873 2948 4928 filium
3008 4873 3337 4928 Ludovicum
3387 4888 3419 4926 a

207 4961 260 5016 2.
290 4963 502 5018 Oratio
559 4960 874 5033 Hugonis’“
916 4969 1059 5026 ducis
1088 4971 1157 5003 ¹²¹
1205 4971 1273 5024 ad
1316 4969 1497 5026 Gallos
1519 4971 1586 5005 ²²¹
1642 4989 1736 5042 pro
1769 4957 1818 5017 Β
1844 4968 2223 5024 transmarinis
2267 4966 2515 5038 partibus
2559 4974 2897 5027 revocantes,
2939 4978 3117 5034 regem
3142 4961 3296 5016 vobis
3329 4962 3419 5014 de-

149 5050 409 5109 Ludovico
441 5053 551 5105 1".
588 5082 662 5092 -—
694 5053 919 5121 Quorum
957 5062 1164 5119 medius
1196 5062 1303 5117 dux
1354 5070 1476 5133 post
1508 5063 1735 5120 multam

147 5147 619 5180 hancnallai:nnnm
670 5145 731 5180 οιΑ
778 5151 986 5180 run-lenm
1032 5153 1446 5180 ιιι-..ἓαοΑΙΑι-σῗηη
1495 5154 1729 5180 Λκξνκ-α-ι·

1840 5067 2026 5115 center
2071 5067 2273 5114 create.
2328 5054 2528 5128 Sicque
2575 5055 2686 5120 flet,
2715 5065 2777 5110 ut
2815 5063 2871 5109 et
2914 5054 3131 5123 antiqua
3162 5051 3418 5107 nobilitas

1839 5152 2001 5180 “nam
2025 5151 2209 5180 nl:nn:n
2247 5160 2500 5180 nnnuva\llun
2550 5157 2597 5180 nl
2630 5147 2873 5180 .rnllﬂna‘nn
2902 5148 2971 5180 ῗίθ
3013 5161 3038 5180 n
3067 5147 3419 5180 nannrimnniic
