3988 5362
529 437 590 492 51
652 438 655 441 ’
1661 435 1936 492 [llCllERl
1976 436 2035 492 S.
2081 435 2341 492 REMIGII
2381 436 2686 493 MONACHI
3726 440 3790 498 52

528 545 858 607 Ludovicum
882 550 1088 621 dirigit,
1117 548 1208 620 qui
1236 550 1283 604 ei
1333 564 1363 604 a
1404 550 1538 606 duce
1569 550 1870 606 Galliarum
1891 550 2120 622 aliisque
2146 554 2192 614 Α
2224 565 2327 620 que
2347 547 2702 620 jurejurando
2724 564 2783 605 se
2829 557 3048 607 acturos
3072 552 3413 609 confirment.
3438 553 3589 621 Quod
3633 556 3676 610 si
3700 572 3792 613 no-

527 644 862 716 prineipibus
890 643 1123 699 reditum
1157 644 1443 709 suadeant,
1475 659 1538 698 ac
1574 644 1640 699 de
1668 644 1877 699 itineris
1906 644 2113 699 securi-

529 747 660 804 tate,
712 736 872 792 ﬁdem
921 737 1250 793 sacramenti
1277 734 1402 806 jure
1430 735 1667 802 faciant,
1693 736 1992 807 principum
2023 735 2119 790 ad-

531 836 750 898 ventum
782 844 953 899 usque
984 831 1049 885 ad
1086 830 1232 899 ipsas
1280 828 1503 883 litoreas
1554 844 1749 883 arenas
1774 830 2115 884 denuntient.

530 924 632 991 Qui
665 939 791 980 mox
821 926 1046 997 digressi
1086 925 1356 980 Morinum
1382 926 1451 957 ²¹⁸
1486 924 1598 996 (85)
1626 925 1977 980 devenerunt.
2020 922 2116 979 Cu.

521 1019 611 1089 jus
632 1019 686 1074 in
714 1030 873 1089 portu
906 1033 1071 1074 naves
1098 1018 1351 1089 ingressi,
1376 1017 1510 1071 velis
1536 1015 1869 1071 tumentibus
1895 1028 2119 1086 prospe-

528 1110 623 1174 ris,
649 1110 849 1176 ventis,
897 1110 1092 1179 raptim
1138 1108 1205 1163 ad
1244 1117 1446 1163 terram
1474 1106 1662 1163 devexi
1692 1117 1838 1162 sunt.
1871 1104 2118 1161 Adelsta-

528 1215 632 1255 nus
657 1216 755 1255 rex
788 1200 840 1254 in
892 1201 1081 1257 urbem
1112 1214 1233 1270 qute
1260 1199 1463 1255 dicitur
1514 1198 1745 1254 Eurvich
1770 1198 1908 1271 (84),
1931 1212 2119 1270 regno-

527 1307 651 1348 rum
698 1293 914 1363 negotia
965 1308 1090 1348 cum
1137 1302 1332 1363 nepote
1368 1291 1644 1348 Ludovico
1691 1291 1831 1363 apud
1856 1305 1984 1346 suos
2009 1289 2119 1345 dis-

526 1386 784 1454 ponebat.
810 1385 925 1441 Huc
949 1385 1109 1456 legati
1140 1385 1507 1451 devenientes,
1538 1401 1721 1457 regem
1747 1385 1968 1451 adeunt,
1993 1397 2059 1438 ac
2087 1398 2120 1438 a

526 1477 665 1531 duce
686 1476 1138 1548 magnatibusque
1158 1475 1435 1533 Gallorum
1467 1476 1725 1532 decenter
1760 1476 2085 1532 salutantur.

595 1568 650 1628 3.
676 1568 889 1640 Legatio
911 1570 983 1601 "'
1004 1566 1277 1623 Gallorum
1299 1568 1371 1602 “‘
1391 1569 1460 1624 ad
1481 1568 1824 1623 Adelslanum
1855 1568 1927 1600 ²¹⁶
1949 1582 2117 1638 regem

524 1675 620 1730 pro
644 1658 905 1715 Ludovico
926 1661 1016 1714 ηδ.
1032 1692 1101 1701 -
1121 1661 1475 1732 Legationem
1492 1663 1654 1717 etiam
1672 1661 2079 1733 promulgantes
2103 1678 2116 1713 :

535 1770 553 1803 ι
589 1751 775 1819 Ducis,
816 1752 1091 1823 inquiunt,
1146 1751 1532 1818 benivolentia,
1569 1761 1729 1824 atque
1761 1751 2001 1807 omnium
2028 1749 2119 1820 qui

526 1844 583 1899 in
610 1843 799 1900 Galliis
828 1845 1068 1916 potiores
1110 1852 1256 1911 sunt,
1284 1845 1390 1900 huc
1431 1859 1529 1915 per
1557 1845 1732 1900 undas
1754 1842 1921 1914 ignoti
1954 1841 2122 1896 maris

2220 646 2336 710 lint,
2368 661 2487 701 sese
2512 647 2560 700 ei
2580 646 2828 701 daturum
2854 662 3075 702 suorum
3104 647 3319 719 aliquod
3348 664 3667 719 regnorum;
3690 667 3791 722 quo

2220 747 2506 793 contentus
2526 748 2579 791 et
2609 738 2721 791 suis
2749 739 3070 807 gaudeat,et
3101 739 3292 795 alienis
3321 756 3428 795 non
3460 740 3792 797 sollicitetur.

2218 828 2336 882 Dux
2366 845 2489 883 cum
2516 828 2736 899 reliquis
2767 829 3061 885 Galliarum
3092 832 3434 903 magnatibus
3459 832 3510 886 id
3542 847 3662 889 sese
3722 833 3794 889 fa-

2222 929 2435 974 cturum
2464 920 2679 985 asserit,
2697 920 2740 975 si
2768 937 2861 977 rex
2887 931 3101 977 creatus
3118 937 3148 976 a
3175 923 3286 978 suis
3308 924 3548 980 consiliis
3574 940 3678 979 non
3700 926 3794 982 ab-

2219 1012 2396 1067 sistat.
2422 1010 2855 1084 Prosecutusque
2884 1012 3238 1084 jurisjurandi
3269 1024 3670 1071 sacramentum
3695 1032 3794 1072 non

2219 1104 2424 1160 abnuit.
2455 1104 2689 1177 Legatus
2719 1105 2900 1177 itaque
2926 1107 3161 1174 rediens,
3194 1108 3305 1179 regi
3337 1105 3799 1179 praestolantich

2218 1198 2399 1252 omnia
2428 1197 2614 1254 refert.
2672 1198 2823 1255 Unde
2848 1208 2903 1254 et
2937 1214 3165 1256 securus
3186 1211 3437 1272 nepotem
3472 1216 3599 1256 cum
3624 1200 3693 1256 iis
3709 1202 3799 1271 qui

2219 1290 2359 1361 apud
2390 1306 2449 1346 se
2474 1290 2714 1361 potiores
2758 1299 2935 1357 erant,
2976 1290 3144 1347 multa
3182 1292 3473 1364 insignium
3506 1293 3802 1348 ambitione

2220 1384 2449 1441 navibus
2480 1385 2683 1457 dirigit.
2710 1384 2961 1456 Velisque
2986 1401 3117 1441 aura
3152 1387 3433 1443 commoda
3465 1386 3806 1455 turgentibus

2220 1476 2442 1547 pelagus
2475 1477 2719 1549 ingressi,
2753 1492 2851 1547 per
2872 1478 3115 1548 quietum
3145 1478 3521 1548 spumantibus
3548 1478 3716 1534 remis
3741 1479 3805 1535 ad

2223 1575 2420 1620 terram
2447 1566 2715 1622 feruntur.
2753 1567 3012 1623 Firmatis
3036 1556 3165 1623 vero
3193 1577 3343 1639 tergo
3375 1584 3554 1624 arenae
3578 1569 3810 1625 navibus

2174 1654 2181 1663 ’
2220 1656 2525 1715 Ludovicus
2555 1660 2852 1731 egreditur,
2881 1675 2946 1715 ac
2985 1661 3178 1714 ducem
3209 1673 3332 1716 eum
3374 1661 3597 1731 reliquis
3621 1674 3812 1716 occur-

2223 1752 2467 1808 rentibus
2497 1752 2796 1820 excipiens,
2822 1750 2945 1820 jure
2996 1753 3324 1807 sacramenti
3358 1752 3458 1807 sibi
3498 1751 3807 1823 adcopulat.

2224 1845 2342 1900 Dux
2380 1846 2504 1900 inde
2533 1834 2868 1910 accelerans,
2898 1859 3096 1914 equum
3129 1844 3431 1914 insignibus
3458 1844 3624 1915 regiis
3654 1844 3812 1898 ador-

525 1935 871 2003 devenimus;
918 1944 1067 1991 tanta
1090 1946 1175 1992 est
1196 1936 1436 1991 omnium
1469 1935 1736 2002 voluntas,
1765 1934 2120 2003 omniumque
2147 1925 2193 1985 Β
2224 1945 2409 1991 natum
2432 1936 2672 1992 adducit.
2707 1935 2877 2002 Quem
2901 1950 3024 1990 cum
3050 1936 3297 1990 ascensui
3325 1946 3513 2006 aptare
3542 1934 3730 2000 vellet,
3759 1943 3813 1991 et

525 2040 846 2083 consensus.
869 2027 1017 2083 Divae
1040 2028 1317 2085 memoriae
1339 2027 1407 2063 ⁸³⁷
1427 2026 1656 2083 Rodulfo
1670 2026 1786 2082 orbi
1808 2027 2113 2090 subtracto,

524 2116 633 2171 dux
670 2115 1004 2173 Ludovicum
1037 2118 1327 2174 succedere
1362 2116 1695 2188 procuravit,
1722 2132 1844 2173 cum
1882 2117 1935 2173 id
1959 2117 2114 2171 multi

525 2206 678 2263 inviti
699 2209 1077 2273 concederent,
1108 2225 1172 2264 eo
1201 2211 1345 2280 quod
1369 2210 1435 2265 de
1462 2210 1635 2280 patris
1657 2210 1909 2280 captione
1941 2208 2112 2264 tilium

525 2284 664 2354 adeo
686 2307 996 2369 suspectum
1024 2299 1307 2355 haberent.
1335 2300 1587 2356 Attamen
1640 2301 1761 2356 duci
1789 2300 2113 2365 elaboranti,

525 2388 582 2444 id
610 2389 678 2445 ab
698 2391 955 2447 omnibus
962 2391 1355 2462 jocuudissime
1382 2408 1698 2449 concessum
1724 2392 2115 2449 est.Ludovico

525 2493 658 2550 ergo
670 2495 859 2537 omnes
881 2481 1019 2539 bene
1039 2497 1135 2552 per
1149 2484 1329 2538 omnia
1352 2492 1559 2554 optant.
1585 2482 1694 2540 Nec
1709 2484 1809 2539 sibi
1827 2484 2116 2555 quicquam

525 2570 704 2641 majus
727 2583 820 2627 aut
844 2573 1024 2629 carius
1063 2583 1147 2629 est
1167 2572 1284 2643 ejus
1311 2574 1507 2630 salute.
1536 2574 1689 2629 Illum
1714 2575 1897 2645 itaque
1926 2588 2117 2630 omnes

526 2661 680 2716 reddi
735 2670 946 2732 petunt,
982 2677 1143 2734 quem
1182 2663 1236 2718 in
1286 2661 1476 2719 Galliis
1513 2664 1719 2719 utiliter
1768 2680 1995 2736 regnare
2023 2682 2117 2721 eu-

526 2755 699 2824 piunt.
727 2754 965 2827 Tempus
1015 2757 1272 2813 constitui
1319 2757 1526 2823 volunt,
1556 2774 1663 2829 quo
1708 2768 1998 2832 regnatura
2049 2760 2117 2817 ad

526 2847 644 2917 ipsa
700 2848 869 2904 maris
908 2849 1067 2905 litora
1115 2851 1221 2905 dux
1273 2866 1396 2905 eum
1444 2852 1721 2921 princibus
1769 2863 2039 2908 occurrat.
2092 2872 2111 2905 ι

451 2994 466 3008 ,
531 2934 855 2995 A'delstanus
883 2956 976 2996 rex
1004 2956 1067 2996 ac
1094 2942 1138 2996 si
1154 2942 1401 2998 barbaris
1431 2943 1544 3015 (85)
1579 2959 1684 2999 non
1716 2946 1849 3000 satis
1870 2946 2114 3010 credens,

529 3032 598 3086 ab
626 3032 707 3087 eis
732 3031 892 3088 ﬁdem
921 3048 1016 3103 per
1041 3044 1382 3091 sacramenta
1415 3052 1577 3107 super
1609 3038 1711 3094 hoc
1730 3039 1945 3109 quaerit,
1968 3049 2023 3095 et
2050 3041 2123 3094 ad

526 3132 712 3180 votum
774 3123 993 3195 accipit.
1023 3124 1257 3196 Tempus
1305 3142 1521 3198 quoque
1570 3128 1822 3201 colloquii
1881 3132 2116 3186 habendi

527 3218 801 3274 statuitur.
827 3219 1017 3292 Legati
1046 3220 1114 3275 ab
1142 3236 1267 3292 rege
1294 3221 1561 3277 munerati
1596 3231 1761 3294 atque
1784 3224 2033 3296 digressi,
2060 3223 2113 3278 in

2220 2028 2308 2083 ille
2334 2028 2622 2100 impatiens
2643 2028 2695 2082 in
2718 2027 2930 2082 diversa
2958 2042 3077 2082 sese
3105 2026 3333 2093 tolleret,
3350 2026 3659 2082 Ludovicus
3686 2026 3813 2097 agili

2217 2116 2493 2173 exilitione
2538 2116 2848 2187 prosiliens,
2877 2131 3017 2186 equo
3037 2116 3297 2186 strepenti
3328 2115 3567 2187 neglecta
3621 2118 3815 2186 stapha

2219 2210 2532 2279 repentinus
2582 2209 2795 2264 insedit.
2843 2207 2994 2275 Quod
3031 2211 3195 2262 etiam
3231 2206 3331 2263 fuit
3388 2207 3645 2263 omnibus
3692 2222 3817 2279 gra-

2219 2312 2356 2369 tum,
2380 2318 2444 2358 ac
2481 2301 2661 2357 multae
2690 2300 3064 2371 gratulationis
3092 2301 3426 2369 provocatio.
3451 2298 3621 2372 Cujus
3653 2315 3809 2354 arma

2218 2396 2324 2451 dux
2353 2396 2672 2465 suscipiens,
2696 2394 2928 2466 armiger
2954 2394 3313 2465 prazcedebat,
3333 2394 3503 2449 donec
3518 2393 3710 2464 jussus
3742 2392 3816 2424 ’³³

2218 2485 2557 2557 magnatibus
2612 2485 2909 2541 Galliarum
2980 2485 3229 2540 contulit.
3292 2484 3499 2552 Quibus
3571 2484 3815 2539 militan-

2220 2577 2360 2633 tibus
2383 2592 2502 2633 cum
2545 2577 2711 2632 multa
2761 2577 3058 2633 ambitione
3101 2586 3155 2632 et
3183 2578 3442 2648 obsequio
3482 2576 3812 2631 Laudunum

2218 2668 2482 2723 deductus
2502 2677 2604 2722 est.
2640 2667 2739 2724 Ubi
2766 2669 2926 2722 etiam
2954 2678 3009 2723 et
3040 2668 3298 2739 regnandi
3320 2668 3443 2739 jura
3480 2666 3815 2737 quindennis

2218 2762 2512 2832 accipiens,
2542 2762 2793 2817 omnibus
2835 2760 3139 2816 faventibus
3184 2776 3281 2831 per
3311 2760 3566 2815 domuum
3606 2768 3819 2814 metro-

2220 2854 2513 2925 politanum
2560 2854 2841 2909 Artoldum
2872 2870 2993 2909 eum
3038 2854 3308 2924 episcopis
3340 2855 3413 2908 20
3450 2870 3544 2908 rex
3586 2862 3818 2907 creatus

2221 2954 2304 3000 est
2333 2945 2482 3015 (Jun.
2532 2945 2641 3015 19).
2674 2945 2800 2999 Inde
2835 2960 3049 3013 quoque
3074 2944 3355 3007 deductus,
3392 2944 3444 2997 in
3474 2942 3670 3011 vicinis
3713 2958 3815 2997 ur-

2220 3034 2378 3089 bibus
2403 3033 2734 3105 gratulanter
2756 3033 3044 3102 excipitur.
3072 3032 3320 3089 Universi
3356 3032 3403 3087 ei
3448 3030 3817 3100 applaudunt.

2218 3129 2416 3186 Omnes
2451 3131 2703 3184 letantur.
2735 3129 2905 3183 Tanta
2943 3128 3179 3183 omnium
3205 3126 3304 3181 fuit
3335 3135 3389 3179 et
3417 3125 3603 3181 eadem
3630 3138 3819 3179 mens.

2288 3220 2341 3275 5.
2372 3220 2568 3275 ch'“
2614 3238 2729 3275 cum
2770 3221 2900 3273 duce
2948 3218 3313 3289 Burgundiam
3336 3216 3407 3249 '“
3451 3218 3574 3287 petit
3596 3216 3692 3282 ³³⁸,
3754 3233 3821 3269 ac

529 3310 736 3368 Gallias
766 3314 899 3369 mari
931 3328 1179 3370 remenso
1231 3314 1480 3379 redeunt,
1514 3315 1580 3371 ab
1615 3330 1741 3387 rege
1766 3317 1969 3388 gratias
1993 3316 2113 3371 duci
2142 3296 2188 3357 (ἶ
2222 3313 2396 3367 urbem
2418 3313 2758 3383 Lingonicam
2789 3312 2860 3346 ³³⁸
2884 3312 3013 3367 bello
3034 3314 3211 3383 repetit
3252 3311 3323 3342 ³³⁸
3354 3312 3593 3381 capitque
3620 3310 3719 3364 '3‘.
3748 3338 3824 3350 -—

531 3406 852 3470 referentes,
881 3421 944 3461 ac
966 3422 1062 3475 pro
1092 3408 1236 3478 regis
1264 3407 1483 3463 creandi
1509 3407 1863 3464 advocatione
1893 3409 2120 3465 multam

529 3496 647 3568 ejus
668 3498 959 3553 amicitiam
973 3498 1307 3569 pollicentes.
1339 3498 1453 3554 Dux
1472 3500 1654 3570 itaque
1670 3517 1792 3555 eum
1822 3500 2119 3556 Galliarum

529 3576 862 3660 principibus
916 3590 1173 3645 domuum
1228 3605 1408 3661 regem
1464 3592 1764 3662 excepturi,
1820 3590 2119 3647 Bononiam

530 3682 776 3745 veniunt,
807 3697 871 3737 ac
906 3697 1063 3739 secus
1092 3683 1234 3753 ipsas
1274 3684 1495 3740 litoreas
1542 3699 1734 3739 arenas
1772 3685 2003 3749 collecti,
2039 3695 2122 3741 tu-

530 3776 809 3847 guriorum
841 3774 1088 3831 incendio
1136 3777 1467 3845 presentiam
1499 3791 1653 3832 suam
1678 3777 1767 3840 ²¹⁸,
1809 3778 1876 3833 iis
1920 3779 2012 3849 qni
2066 3778 2118 3832 in

533 3868 702 3923 altero
731 3867 888 3923 litore
926 3877 1085 3923 erant
1135 3869 1497 3925 ostendebant
1523 3869 1616 3923 ⁸⁸⁸.
1674 3870 1750 3925 lbi
1776 3871 1921 3924 enim
1958 3870 2122 3924 Adel-

530 3968 719 4013 stanus
749 3975 840 4014 rex
869 3974 991 4013 cum
1022 3960 1171 4030 regio
1203 3960 1447 4029 equitatu
1476 3968 1723 4030 nepotem
1755 3958 2111 4028 praestolanti-

504 4051 631 4105 .bus
662 4048 830 4105 Gallis
862 4050 1127 4105 missurus
1173 4050 1379 4105 aderat.
1430 4047 1595 4119 Cujus
1626 4048 1697 4081 ¹³⁰
1721 4047 1874 4117 jussu
1930 4048 2121 4103 domus

534 4142 741 4212 aliquot
791 4156 1065 4196 succensa:
1116 4156 1236 4197 sese
1296 4141 1578 4197 advenisse
1632 4151 1782 4195 trans
1816 4141 2006 4211 positis
2033 4140 2121 4196 de-

534 4234 932 4290 monstrabant.

602 4330 655 4385 4.
694 4329 847 4401 Hugo
873 4330 943 4361 ¹³¹
969 4340 1016 4384 et
1045 4330 1229 4401 reliqui
1249 4327 1548 4385 Galliarum
1573 4329 1641 4360 '3‘
1668 4329 1926 4400 principes
1943 4327 2122 4383 Ludo-

531 4425 700 4479 vicum
728 4421 796 4454 ’³⁸
842 4422 905 4475 ab
951 4422 1109 4476 exilio
1148 4422 1215 4453 ³³⁸
1277 4430 1520 4475 revocant
1554 4420 1621 4451 ¹³¹
1687 4420 1902 4493 ejusque
1952 4420 2119 4489 ﬁunt,

532 4531 751 4586 eumque
777 4514 845 4545 ²⁸¹
872 4530 1040 4585 regem
1063 4523 1261 4568 creant.
1302 4544 1373 4553 —
1407 4510 1522 4566 Rex
1570 4525 1700 4581 ergo
1728 4509 1970 4567 Odonem
2009 4511 2122 4580 epi-

448 4662 461 4671 .
534 4625 757 4681 scopum
781 4607 871 4674 η’,
903 4616 1022 4678 post
1061 4606 1173 4679 (86)
1203 4605 1779 4662 Canthorbricensium
1808 4603 2121 4674 metropoli-

533 4708 742 4765 tanum,
789 4698 957 4755 Gallis
992 4714 1057 4754 ex
1112 4698 1341 4754 adverso
1373 4697 1585 4768 positis,
1636 4697 1872 4767 legatum
1916 4694 2120 4762 dirigit,

534 4808 747 4864 magnae
775 4792 1052 4855 aequitatis
1079 4807 1143 4847 ac
1186 4790 1509 4862 eloquentiae
1562 4789 1762 4856 virum,
1790 4786 2125 4843 Ludovicum

537 4902 658 4944 sese
686 4886 920 4943 libenter
968 4886 1260 4941 missurum
1304 4882 1590 4950 mandans,
1645 4882 1691 4938 si
1721 4891 1869 4937 tanto
1892 4879 2040 4935 illum
2069 4880 2124 4933 in

2222 3407 2333 3463 Nec
2363 3408 2541 3463 minus
2564 3418 2618 3463 et
2642 3409 3006 3480 Burgundiam
3037 3417 3239 3477 petere,
3266 3421 3330 3462 ac
3353 3406 3513 3460 urbes
3541 3403 3822 3474 sedesque

2223 3500 2398 3571 regias
2429 3500 2662 3555 lustrare
2707 3516 2736 3554 a
2779 3502 2913 3557 duce
2950 3509 3216 3555 monetur.
3257 3498 3367 3552 Rex
3404 3496 3640 3551 hortanti
3676 3511 3821 3551 con-

2222 3591 2484 3656 sentiens,
2511 3590 2874 3664 Burgundiam
2902 3591 3037 3646 duce
3065 3589 3358 3645 comitante
3379 3585 3706 3656 ingreditur.
3732 3584 3820 3639 Ad

2222 3697 2382 3753 quem
2412 3684 2624 3738 urbium
2657 3682 2929 3752 principes
2960 3682 3268 3750 benigniter
3304 3676 3659 3741 conﬂuentes,
3695 3688 3824 3729 ma-

2223 3775 2417 3844 gnitice
2447 3782 2796 3841 exceperunt.
2833 3773 2908 3826 Ac
2940 3757 3109 3839 rogati
3147 3771 3304 3825 ﬁdem
3330 3768 3452 3838 jure
3478 3773 3824 3822 sacramenti

2221 3865 2504 3919 dederunt.
2539 3863 2691 3931 [iugo
2717 3871 2923 3916 tantum
2952 3861 3157 3915 Rodulli
3186 3860 3328 3930 regis
3349 3858 3519 3913 frater
3546 3855 3825 3927 Lingoni-

2222 3970 2339 4011 cam
2387 3956 2572 4009 urbem
2603 3953 2906 4022 possidens,
2958 3953 3066 4023 regi
3116 3966 3403 4005 occurrere
3433 3946 3668 4013 distulit,
3703 3961 3829 4016 quin

2220 4053 2578 4101 occurrerunt
2617 4043 2902 4098 admodum
2932 4043 3102 4096 iratus
3128 4040 3260 4112 (87).
3291 4039 3402 4093 Rex
3431 4038 3555 4093 dum
3594 4050 3700 4104 per
3722 4035 3827 4089 ali—

2224 4148 2353 4211 quot
2374 4138 2701 4194 ebdomadas
2731 4152 2827 4191 sua
2874 4135 3149 4199 lustraret,
3178 4134 3379 4188 inimici
3421 4129 3686 4185 invidiam
3724 4127 3829 4182 ad-

2221 4235 2401 4291 vertit.
2429 4232 2741 4303 Propouens
2766 4231 2946 4299 itaque
2962 4237 3086 4282 ante
3113 4227 3409 4281 discessum
3436 4221 3637 4277 nullam
3666 4235 3825 4291 pra:-

2226 4327 2387 4382 terire
2417 4320 3075 4394 urbem,legatosllugoni
3102 4318 3300 4390 dirigit,
3327 4317 3417 4387 qui
3457 4330 3484 4369 a
3515 4313 3825 4383 pertinatia

2226 4440 2347 4479 eum
2381 4428 2654 4483 revocent,
2684 4433 2747 4473 ac
2778 4417 2825 4471 ei
2855 4418 2921 4471 de
2971 4414 3074 4470 tlde
3118 4413 3217 4469 sibi
3278 4409 3539 4466 servanda
3587 4421 3829 4478 persua-

2224 4516 2403 4570 deant.
2434 4513 2533 4580 Qui
2563 4511 2701 4581 apud
2734 4526 2856 4563 eum
2906 4516 3243 4577 perorantes,
3285 4503 3416 4558 nihil
3452 4501 3620 4573 pacis,
3674 4499 3827 4555 nihil

2226 4604 2356 4675 regii
2387 4602 2606 4658 honoris
2633 4609 2980 4669 acceperunt.
3018 4596 3169 4651 Unde
3222 4605 3276 4651 et
3330 4594 3591 4667 digressi,
3622 4592 3826 4647 audita

2228 4696 2337 4767 regi
2372 4695 2633 4749 referunt.
2679 4693 2834 4764 llugo
2865 4700 3062 4762 praeter
3089 4687 3181 4757 jus
3212 4704 3270 4743 se
3293 4688 3470 4758 egisse
3494 4686 3823 4747 dinoscens,

2224 4787 2345 4841 urbi
2368 4786 2550 4856 copias
2590 4784 2828 4854 deputat.
2861 4780 2978 4852 Ipse
3012 4781 3064 4834 in
3095 4787 3276 4847 partes
3317 4776 3468 4848 regni
3507 4774 3829 4832 exteriores

2229 4892 2397 4947 usque
2424 4875 2489 4931 ad
2518 4884 2729 4943 tempus
2768 4872 3043 4928 secedens.
3072 4870 3183 4926 Rex
3208 4882 3338 4925 vero
3367 4867 3631 4939 pertinaci
3670 4865 3831 4919 indi—

537 4979 726 5037 Galliis
752 4981 959 5037 honore
980 4985 1266 5050 proveant,
1288 4985 1494 5048 quanto
1520 4976 1678 5048 ipsea
1704 4975 1817 5031 suis
1836 4980 2125 5046 provectus
2223 4984 2412 5040 gnans,
2441 4965 2742 5021 exercitum
2784 4962 2901 5017 urbi
2930 4960 3180 5032 applicat,
3213 4976 3241 5013 a
3295 4968 3592 5050 partequa
3632 4954 3831 5050 plani-

539 5080 648 5145 est,
682 5086 808 5128 cum
839 5070 915 5126 illi
955 5047 1118 5125 etiam
1144 5084 1249 5124 non
1274 5047 1452 5125 minus
1479 5067 1531 5124 id
1563 5066 1741 5123 facere
1767 5066 2012 5131 valeant;
2044 5062 2126 5118 id-
2224 5061 2359 5116 ciem
2386 5057 2623 5131 praefert,
2647 5070 2877 5127 pugnam
2902 5053 3101 5109 acriter
3142 5051 3411 5121 ingerens.
3450 5047 3635 5102 Altera
3660 5047 3832 5100 enim

1795 5180 2029 5239 ἾΑΙὶΙίΕ
2072 5176 2473 5235 LECTIONES.

1807 5298 1997 5355 Jouico
2034 5310 2098 5349 ea:
2137 5291 2258 5362 conj
2456 5291 2494 5304 “
2554 5286 2602 5362 '_'

3501 5279 3521 5300 ο
3568 5287 3718 5298 -.νιρ-
3742 5279 3799 5298 ³-

728 5347 1016 5362 υνιιυιιιυιιι
1058 5347 1105 5360 ι·
1281 5347 1351 5362 ιυι
1391 5347 1402 5356 ι
1421 5347 1528 5362 tunae,
