4026 6312
218 404 285 461 5'5
1083 372 1558 437 HISTORIARUM
1598 364 1782 426 LIBRI
1819 362 2176 435 QUATUOR.
2221 392 2290 403 -—
2326 360 2452 415 LlB.
2499 359 2559 414 ll.
3419 351 3487 404 54

220 522 395 585 parte,
426 510 599 565 latere
629 504 829 562 montis
854 502 1068 564 educto,
1101 511 1240 568 pene
1287 487 1672 548 inaccessibilis
1699 490 1801 540 est.
1832 482 1879 544 Α
1908 489 1964 535 et
1987 487 2168 550 utpote
2195 494 2223 531 a
2255 477 2366 533 suis
2395 476 2662 585 desertus,
2695 474 3024 530 sevieutibus
3051 467 3233 531 cessit.

224 571 277 658 lu
307 571 464 671 parte
486 613 617 669 ergo
645 610 767 666 quae
793 589 1060 648 obsidioni
1095 586 1271 657 aptior
1299 591 1404 647 est,
1446 579 1644 634 milites
1687 571 1805 628 urbi

223 667 325 749 rex
348 706 473 747 cum
502 667 641 744 duce
672 684 915 741 adhibet.
938 679 1144 748 Quibus
1174 671 1597 746 inpugnantibus
1624 667 1810 722 hostes

220 782 697 841 vehementissime
722 778 1000 837 resistunt,
1025 771 1249 838 telisque
1263 783 1327 822 ac
1349 763 1614 834 lapidibus
1626 772 1808 814 aerem

221 878 490 939 densant,
546 882 709 940 atque
765 869 1085 937 impetentes
1133 868 1393 915 atterunt.
1458 854 1575 909 Non
1626 863 1806 909 tamen

221 979 395 1034 usque
446 963 517 1017 ad
561 960 812 1016 effectum
867 953 1187 1025 repulsionis
1222 956 1465 1021 perstare
1496 953 1806 1016 potuerunt.

220 1055 356 1109 Nam
412 1053 548 1124 regii
587 1049 862 1119 equitatus
903 1045 1302 1100 infestationem
1343 1055 1451 1093 non
1482 1036 1740 1100 ferentes,
1778 1049 1807 1087 a

219 1155 376 1215 parte
420 1151 730 1213 praerupta,
773 1154 892 1208 quae
943 1135 1223 1190 obsidione
1278 1145 1383 1185 non
1439 1126 1806 1198 premebatur,

223 1246 385 1291 nocte
416 1232 623 1305 egressi
663 1229 1002 1300 aufugerunt.
1038 1224 1196 1280 Cives
1234 1236 1364 1277 vero
1395 1220 1485 1288 qui
1534 1229 1810 1272 remanse-

223 1333 372 1389 runt,
418 1323 535 1393 regi
584 1337 706 1375 mox
736 1331 921 1390 portas
947 1329 1226 1388 aperuere,
1250 1327 1371 1367 eum
1397 1324 1517 1364 cum
1546 1307 1660 1362 suis
1682 1306 1806 1362 abso

222 1432 327 1485 que
355 1413 727 1484 refragatioue
763 1410 815 1464 in
859 1409 993 1463 urbe
1041 1400 1418 1477 gratulabundi
1452 1398 1805 1467 excipientes.

227 1508 339 1575 Qua
366 1523 466 1562 rex
497 1505 721 1575 potitus,
747 1503 815 1556 ab
843 1502 959 1571 ejus
981 1499 1236 1570 episcOpo
1258 1495 1487 1565 aliisque
1520 1492 1668 1563 regni
1687 1505 1812 1561 pro-

228 1599 446 1653 ceribus
464 1594 686 1650 obsides
734 1592 963 1663 accepit,
1003 1599 1164 1660 atque
1195 1589 1273 1643 sic
1325 1602 1447 1641 cum
1491 1584 1628 1640 duce
1661 1581 1812 1636 Pari-

229 1691 365 1745 sium
393 1691 505 1742 iter
542 1686 779 1743 retorsit.

296 1780 350 1831 6.
377 1777 555 1848 (957.)
588 1776 703 1831 Rea:
730 1776 880 1829 ducis
903 1774 973 1806 “'
1002 1772 1420 1843 procurationem
1441 1769 1508 1802 ’³⁸
1529 1787 1559 1823 a
1582 1785 1635 1822 se
1660 1784 1811 1821 amo-

1982 574 2035 630 8.
2078 571 2245 641 (958.)
2289 569 2551 639 Oppidum
2576 565 2954 622 Montim’acum
2995 585 3088 622 rex
3110 584 3199 637 per
3228 568 3491 622 cohortem

1910 671 2170 734 eamngnat
2215 661 2284 692 ¹³⁹
2315 660 2531 731 ejusque
2571 661 2855 730 principem
2886 658 2955 691 ’³⁸
2986 659 3142 730 capit.
3173 689 3242 699 -—-
3283 657 3490 725 Quibus

1911 752 2168 823 digressis
2212 767 2305 807 rex
2353 751 2420 806 ad
2470 750 2725 821 oppidum
2781 748 3162 804 Montiniacum
3213 749 3490 804 cohortem

1911 847 2096 911 mittit,
2144 861 2266 915 quae
2315 843 2444 898 illud
2492 850 2750 911 occupet,
2801 850 3127 910 captumque
3175 841 3373 906 diruat,
3427 856 3492 895 ω

1910 939 2053 1010 quod
2087 936 2272 991 Serius
2311 934 2528 1004 quidam
2580 932 2860 989 latrocinia
2908 946 3200 995 exercens,
3250 930 3359 985 illic
3402 945 3492 985 re-

1908 1033 2089 1104 ceptui
2118 1044 2233 1086 sese
2269 1029 2520 1085 habebat:
2553 1026 2760 1082 Cohors
2785 1041 2914 1096 ergo
2938 1024 3188 1094 Oppidum
3212 1032 3488 1093 appetens,
3538 1026 3539 1029 ‘

1909 1123 2153 1177 latrones
2181 1123 2480 1191 impugnat.
2513 1117 2623 1174 Nec
2671 1126 2877 1172 morata
2910 1117 2957 1169 vi
3003 1116 3170 1186 capit,
3201 1115 3490 1179 comburit,

1911 1231 1976 1270 ac
2024 1213 2255 1270 subruit.
2324 1210 2615 1266 Latronem
2679 1209 2976 1280 principem
3041 1207 3494 1275 comprehensum

1912 1304 2150 1361 dimissis
2175 1303 2474 1358 minoribus
2502 1302 2611 1373 regi
2636 1299 2870 1357 deducit.
2898 1298 2999 1366 Qui
3022 1315 3143 1353 cum
3164 1298 3320 1367 jussu
3347 1297 3495 1366 regio
3536 1356 3541 1363 ε

1912 1394 2197 1468 gladiatori
2231 1393 2574 1449 decollandus
2605 1390 2928 1456 traderetur,
2956 1390 3165 1445 Artoldi
3206 1389 3493 1444 Remorum

1912 1486 2308 1557 metropolitani
2340 1485 2643 1540 interventu
2675 1483 2902 1553 gratiam
2950 1481 3019 1537 ab
3072 1498 3195 1552 rege
3238 1481 3491 1545 obtinuit,

1915 1595 1978 1635 ac
2011 1594 2131 1634 sese
2184 1578 2412 1634 ulterius
2462 1593 2566 1631 non
2615 1577 3058 1632 latrocinaturum
3083 1574 3317 1644 juratus,
3348 1575 3498 1631 abire

1914 1672 2210 1742 permissus
2229 1679 2331 1725 est.
2355 1669 2450 1724 llis
2479 1670 2550 1723 ita
2582 1669 2768 1739 gemis,
2820 1682 2912 1723 rex
2951 1668 3001 1722 in
3051 1662 3230 1737 partes
3271 1666 3500 1739 Belgica:

1918 1763 2052 1818 mari
2107 1762 2387 1830 contiguas
2431 1759 2733 1824 concessit,
2784 1760 3037 1830 oppidum
3073 1761 3126 1815 in
3180 1759 3297 1830 ipso
3336 1760 3501 1815 maris

233 1871 298 1926 rit
327 1870 422 1923 ”'.
448 1834 663 1924 —-,Rex
688 1866 925 1923 felicium
966 1880 1145 1921 rerum
1172 1878 1427 1920 successu
1456 1862 1651 1926 elatus,
1679 1876 1813 1931 prae-
1848 1834 1891 1893 Β
1921 1864 2076 1927 portu
2132 1864 2413 1910 exstruere
2464 1854 2633 1909 nisus.
2683 1852 2778 1908 Cui
2831 1853 2994 1907 etiam
3050 1851 3169 1907 loco
3197 1851 3363 1907 Guiso
3419 1859 3504 1906 est

231 1972 313 2017 ter
332 1962 489 2017 ducis
521 1958 959 2031 procurationem
989 1972 1076 2014 res
1107 1972 1235 2012 suas
1270 1954 1510 2010 ordinari
1547 1967 1705 2023 posse
1726 1967 1816 2005 co-

232 2054 458 2125 gitabat.
502 2051 660 2108 Unde
681 2060 736 2106 et
760 2050 837 2104 rei
863 2048 1118 2105 militaris
1141 2046 1666 2103 administrationem
1699 2043 1817 2097 abs-

235 2160 335 2216 que
381 2160 447 2201 eo
472 2143 588 2214 jam
630 2143 973 2213 disponebat.
1027 2138 1346 2195 Laudunum
1393 2137 1576 2205 itaque
1620 2134 1814 2196 tendit,

238 2236 414 2307 ibique
455 2245 690 2290 matrem
735 2248 890 2289 suam
940 2232 1222 2303 Ethgivam
1261 2229 1504 2300 reginam
1560 2227 1627 2280 ad
1662 2226 1815 2279 urbis

241 2328 531 2384 custodiam
561 2327 806 2397 deputat.
857 2323 936 2379 Ac
989 2321 1184 2379 exinde
1221 2333 1577 2391 quaecumque
1623 2325 1817 2389 prteter

245 2422 415 2477 ducem
480 2418 859 2474 adoriebatur.
912 2415 1067 2484 Quod
1130 2415 1295 2471 etiam
1341 2412 1441 2467 fuit
1498 2426 1604 2466 non
1660 2408 1815 2463 mini-

242 2512 410 2567 tum”
423 2510 568 2566 labis
598 2509 972 2565 seminarium.
999 2508 1116 2563 Dux
1147 2506 1345 2561 etenim
1369 2516 1549 2575 regem
1566 2517 1676 2569 suae
1694 2516 1818 2573 pro-

241 2604 524 2659 curationis
553 2600 968 2671 dispositionem
1006 2597 1305 2668 reppulisse
1332 2597 1637 2658 advertens,
1664 2594 1818 2649 lleri—

243 2694 434 2749 bertam
464 2694 733 2750 comitem
764 2692 866 2747 sibi
897 2690 1136 2755 asciscit,
1163 2689 1397 2759 plurima
1426 2687 1567 2758 apud
1603 2701 1725 2742 eum
1764 2686 1816 2740 in

249 2785 782 2857 regiscontumeliam
811 2792 1174 2855 pertractans.
1205 2780 1518 2836 Amicitiam
1541 2779 1685 2833 inter
1698 2790 1818 2833 88:8

260 2889 466 2935 mutuam
498 2878 916 2935 conditionibus
944 2877 1219 2947 utrimque
1247 2874 1599 2931 confirmant.

320 2971 356 3024 7.
380 2970 697 3026 Heriberttts
736 2979 967 3026 castrum
1016 2968 1373 3023 Teodericium
1395 2964 1516 3020 dolo
1561 2964 1724 3033 capit,
1757 2979 1818 3017 ac

241 3062 542 3127 proditorem
568 3061 629 3114 in
662 3059 869 3115 vincula
908 3059 1141 3130 conﬁcit.
1174 3088 1244 3098 —
1279 3056 1596 3113 lieribertus
1636 3055 1818 3124 itaque

240 3148 512 3205 Walonem
573 3150 720 3219 regis
750 3148 958 3204 fidelem
989 3148 1080 3219 qui
1105 3157 1287 3203 castro
1315 3148 1457 3218 quod
1496 3144 1815 3201 Theoderici

236 3238 421 3294 dicitur
448 3248 712 3309 prmerat,
748 3240 799 3294 in
829 3239 952 3294 dolo
976 3239 1127 3303 adiit,
1157 3254 1223 3294 ac
1245 3240 1311 3295 de
1346 3237 1644 3308 transfugio
1668 3235 1816 3291 illum

235 3330 547 3402 alloquitur.
599 3331 708 3386 Nec
743 3332 833 3386 diu
881 3340 1141 3397 moratus,
1167 3334 1392 3403 decepto
1416 3332 1483 3364 ’⁸⁷
1508 3330 1819 3402 persuadet,

236 3425 439 3494 majora
469 3424 755 3496 pollicens,
785 3440 850 3480 ac
899 3426 1052 3496 plura
1086 3425 1431 3497 promittens.
1459 3424 1552 3481 llle
1602 3439 1726 3480 mox
1755 3423 1822 3479 de

233 3517 492 3586 pollicitis
517 3516 898 3587 jusjurandum
927 3519 1185 3589 postulat,
1208 3520 1476 3591 postulata
1510 3535 1541 3574 a
1585 3534 1705 3575 sese
1744 3518 1823 3575 sic

234 3610 509 3667 facturum
551 3614 841 3683 spondens.
877 3613 1151 3670 Tirannus
1194 3614 1429 3668 libenter
1473 3612 1679 3667 annuit.
1715 3610 1823 3668 Nec

237 3706 419 3761 minus
446 3715 499 3762 e:
521 3705 801 3777 transfuga
817 3709 1052 3778 juratus,
1074 3715 1287 3778 tempus
1303 3705 1568 3776 patrando
1596 3705 1823 3761 facinori

241 3798 596 3853 demonstrat.
624 3798 795 3855 Immo
841 3806 895 3854 et
949 3799 1149 3854 tiranni
1200 3799 1453 3854 manibus
1481 3813 1600 3853 sese
1631 3797 1826 3852 exinde

242 3888 597 3945 militaturum
624 3892 933 3958 committit,
959 3908 1022 3948 ac
1043 3908 1109 3947 ex
1127 3892 1315 3947 militia
1338 3892 1497 3947 fidem
1514 3906 1823 3947 accommo-

246 3980 347 4035 dat.
377 3981 500 4049 Quo
526 3993 746 4052 peracto
768 3985 822 4039 in
846 4000 944 4040 sua
972 3986 1274 4042 discedunt.
1306 3983 1541 4057 Tempus
1579 3985 1822 4052 advenit,

248 4070 397 4128 Walu
442 4074 715 4131 simulatis
762 4077 993 4146 negotiis
1047 4078 1246 4134 milites
1303 4079 1481 4151 regios
1506 4079 1597 4148 qui
1642 4093 1826 4133 secum

245 4174 510 4233 punet-ant
533 4166 587 4220 in
610 4167 842 4233 diversa,
871 4183 935 4224 ac
955 4169 999 4224 si
1033 4169 1173 4239 regis
1196 4184 1413 4225 causam
1449 4168 1688 4225 facturos
1708 4169 1826 4225 dis-

251 4256 416 4323 ponit.
477 4255 598 4326 Ipse
633 4267 815 4313 castro
852 4268 1117 4315 evacuato
1147 4259 1293 4315 solus
1326 4273 1446 4314 cum
1495 4259 1711 4314 famulis
1744 4274 1827 4313 re-

256 4346 534 4416 iinquitur.
588 4347 698 4405 Nec
738 4350 909 4405 defuit
953 4366 1075 4407 cum
1114 4352 1339 4406 cohorte
1378 4352 1639 4406 tirannus.
1672 4350 1825 4419 Quia

258 4440 528 4509 transfuga
550 4453 852 4513 susceptus,
875 4453 1114 4499 castrum
1146 4444 1448 4521 ingreditur
1473 4454 1636 4513 atque
1666 4459 1830 4499 occu-

255 4537 355 4597 eat.
412 4530 1128 4605 lututtusque‘transfugam
1161 4553 1172 4588 :
1207 4553 1227 4586 ε
1290 4534 1561 4599 Putasne,
1631 4536 1826 4605 inquit,

255 4628 351 4675 tua
378 4636 524 4678 cura:
553 4625 807 4694 oppidum
856 4626 957 4681 hoc
1003 4627 1426 4682 reservandum?
1462 4647 1480 4677 ι
1503 4636 1830 4697 captumque

254 4726 369 4766 mox
399 4713 453 4766 in
474 4714 684 4769 vincula
708 4716 950 4787 conjicit,
969 4718 1188 4787 suisque
1209 4718 1373 4773 castri
1403 4719 1706 4773 custodiam
1735 4719 1830 4773 do~

254 4808 361 4854 nat.
388 4800 453 4856 Et
483 4813 643 4858 nocte
689 4804 794 4859 diei
840 4805 1184 4871 succedente,
1209 4806 1324 4861 caeli
1354 4821 1480 4877 pars
1523 4808 1829 4877 prodigiose

254 4888 480 4947 ﬂammis
525 4896 956 4965 erumpentibus°
985 4896 1038 4951 in
1080 4898 1448 4968 septentrione
1484 4900 1677 4954 ardere
1713 4900 1829 4955 visa

256 4991 352 5036 est.
368 4982 485 5051 Qua
515 4985 681 5041 etiam
708 5002 832 5043 mox
855 4989 1203 5060 prosequitur
1227 4999 1283 5046 et
1320 4989 1701 5062 Hungarorum
1735 5009 1832 5063 per

256 5069 449 5129 Gallias
507 5080 788 5148 repentina
829 5081 1151 5151 persecutio.
1195 5080 1297 5149 Qui
1349 5083 1572 5139 nimium
1614 5087 1838 5142 saevien-

259 5175 335 5221 tes
357 5168 449 5234 ³³⁸,
465 5171 758 5243 municipia
775 5172 1003 5243 aliquot,
1017 5156 1347 5245 villasqueet
1360 5191 1516 5247 agros
1532 5178 1835 5248 depopulati

260 5269 412 5317 sunt:
438 5261 698 5320 basilicas
743 5280 962 5336 quoque
999 5266 1349 5337 quamplures
1389 5269 1835 5336 combusserunt;

258 5362 319 5402 ac
340 5349 658 5423 indempnes
688 5354 868 5410 redire
893 5356 963 5411 ob
985 5356 1290 5427 principum
1318 5356 1689 5414 dissidentiam
1716 5376 1841 5430 per-

260 5440 403 5495 missi
458 5452 614 5510 sunt,
674 5461 796 5499 cum
849 5461 1041 5517 magna
1081 5449 1417 5519 captivorum
1466 5450 1830 5508 multitudine.

261 5528 368 5585 Rex
400 5534 545 5589 enim
574 5537 758 5605 copias
783 5552 888 5592 non
940 5538 1168 5605 habens,
1210 5539 1561 5611 ignominiam
1598 5543 1835 5611 pertulit,

1921 1962 2136 2001 nomen.
2168 1945 2542 2016 Exceptusque
2569 1942 2637 1997 ab
2665 1943 2892 1998 Arnulfo
2922 1942 3156 2013 regionis
3179 1941 3321 1996 illius
3346 1942 3501 2011 prin-

1919 2038 2056 2107 cipe,
2084 2037 2223 2107 apud
2254 2050 2376 2091 eum
2407 2036 2475 2091 de
2503 2036 2682 2106 oppidi
2709 2035 2981 2090 erectione
3012 2035 3224 2104 agebat.
3252 2033 3349 2089 Ubi
3373 2035 3499 2089 dum

1919 2127 1973 2183 in
2000 2130 2207 2200 agendo
2236 2142 2415 2182 moras
2448 2126 2670 2191 faceret,
2704 2134 2942 2181 castrum
2986 2125 3270 2181 Remensis
3309 2124 3501 2178 accele-

1919 2220 2014 2275 sia:
2063 2221 2279 2276 nomine
2328 2219 2643 2275 Causostem
2704 2234 2861 2275 secus
2916 2217 3137 2272 fluvium
3200 2218 3501 2275 Matronam

1919 2312 2083 2367 situm
2105 2312 2172 2367 ab
2199 2310 2422 2367 Artoldo
2445 2309 2673 2381 praesule
2706 2309 2935 2374 editum,
2982 2307 3296 2363 lleribertus
3323 2307 3505 2379 prodi-

1920 2405 2065 2458 tione
2110 2402 2413 2474 ingreditur
2452 2417 2517 2456 ac
2544 2402 2708 2471 capit,
2755 2400 3176 2469 Castrensesqne
3222 2400 3500 2464 invadens,

1918 2510 2104 2550 eorum
2135 2495 2371 2564 potiores
2393 2494 2627 2549 abducit.
2653 2492 2797 2548 Rura
2823 2494 3244 2563 circumquaque
3262 2491 3501 2563 depopu-

1920 2588 2079 2653 latur,
2115 2603 2178 2642 ac
2210 2586 2516 2658 ingentibus
2543 2587 2743 2656 prmdis
2765 2583 3019 2656 oppidum
3048 2584 3258 2656 implet,
3296 2594 3349 2639 et
3379 2598 3504 2639 cum

1921 2680 2089 2735 armis
2111 2679 2311 2735 milites
2343 2679 2415 2734 ibi
2437 2679 2677 2748 deponit,
2709 2678 2965 2733 aliorsum
2992 2678 3104 2747 ipse
3126 2677 3405 2732 secedens.

1987 2772 2041 2827 9.
2086 2771 2199 2825 lica:
2243 2770 2491 2824 Lauduni
2516 2786 2688 2823 arcem
2741 2770 2899 2839 capit.
2925 2801 2996 2810 —
3023 2768 3231 2825 interea
3282 2769 3396 2839 regi
3438 2769 3507 2824 ab

1920 2859 2334 2931 metropolitano
2380 2874 2475 2929 per
2522 2858 2728 2929 legatos
2794 2859 2896 2913 ista
2964 2867 3348 2929 suggeruntur.
3401 2858 3507 2925 Qui

1919 2969 2043 3010 mox
2067 2963 2301 3025 coeptum
2326 2952 2597 3024 negotium
2625 2952 3008 3015 intermittens,
3036 2965 3132 3006 suo
3154 2950 3508 3006 auxiliaturus

1921 3046 2248 3118 regreditur.
2278 3044 2476 3100 Milites
2504 3044 2727 3117 colligit,
2754 3060 2818 3099 ac
2850 3044 3149 3100 exercitum
3172 3053 3347 3113 parat.
3372 3042 3506 3097 Cum

1922 3153 2027 3209 quo
2054 3137 2375 3193 Laudunum
2402 3136 2643 3200 veniens,
2691 3150 2869 3190 arcem
2919 3135 2987 3191 ab
3013 3133 3299 3189 lleriberto
3340 3148 3511 3203 nuper

1926 3231 1998 3287 ibi
2032 3237 2365 3287 exstructam
2399 3237 2453 3286 et
2478 3245 2508 3284 a
2541 3231 2653 3285 suis
2676 3231 2853 3286 adhuc
2878 3230 3149 3286 detentam
3176 3229 3404 3285 obsidet.
3439 3229 3509 3283 At

1926 3321 2016 3389 qui
2044 3320 2098 3374 in
2129 3334 2253 3375 arce
2283 3327 2457 3384 erant,
2491 3318 2763 3375 rebellioni
2809 3335 2928 3375 sese
2957 3329 3168 3390 parant.
3221 3318 3334 3374 Rex
3382 3333 3512 3389 ergo

1925 3412 2280 3469 circumcirca
2303 3411 2614 3482 sagittarios
2635 3410 2920 3475 adhibens,
2939 3410 3233 3465 missilibus
3262 3410 3513 3466 evincere

1927 3505 2188 3561 instabat.
2222 3505 2277 3559 ln
2329 3519 2438 3573 quo
2494 3503 2725 3558 tumultu
2772 3503 2900 3558 hinc
2950 3503 3072 3557 inde
3123 3518 3281 3572 quam
3331 3504 3513 3572 plures

1928 3596 2153 3651 sauciati
2191 3594 2359 3657 fuere,
2391 3610 2512 3650 cum
2544 3608 2649 3649 non
2699 3594 2877 3649 minus
2921 3594 3016 3664 qui
3053 3594 3107 3647 in
3155 3609 3281 3649 arce
3331 3603 3511 3661 erant,

1928 3689 2139 3759 sagittis
2163 3688 2392 3758 aliisque
2419 3685 2715 3742 missilibus
2741 3694 3039 3741 uterentur.
3072 3685 3187 3741 Rex
3217 3700 3346 3758 ergo
3389 3699 3511 3739 cum

1930 3781 2090 3832 tinem
2123 3778 2467 3849 oppugnandi
2498 3776 2701 3831 viribus
2730 3791 2835 3830 non
2860 3776 3096 3841 fecisset,
3125 3777 3402 3849 ingeniose
3421 3790 3517 3832 eos

1929 3884 2122 3939 capere
2148 3869 2439 3939 cogitabat.

2001 3960 2085 4016 10,
2137 3960 2397 4016 Machinw
2450 3959 2756 4031 compositio
2805 3959 2987 4011 “°.—
3016 3957 3165 4012 Fecit.
3215 3958 3397 4027 itaque
3446 3973 3515 4011 ex

1932 4055 2426 4111 vehementissimis
2448 4053 2609 4125 lignis
2629 4052 2949 4123 compactis,
2980 4052 3315 4116 machinam,
3342 4048 3517 4103 instar

1932 4147 2265 4220 longilaterae
2315 4146 2506 4203 domus
2536 4188 2551 4213 ,
2597 4146 2878 4203 duodecim
2928 4146 3169 4199 virorum
3219 4158 3512 4214 capacem,

1931 4237 2153 4293 humani
2196 4236 2444 4306 corporis
2499 4244 2721 4291 statura:
2770 4236 2822 4290 in
2881 4234 2990 4290 alto
3036 4234 3322 4304 aequalem,
3364 4234 3518 4303 cujus

1932 4331 2168 4401 parietes
2190 4331 2258 4385 de
2280 4330 2486 4400 ingenti
2514 4329 2783 4399 lignorum
2815 4330 3028 4392 robore,
3064 4337 3262 4383 tectum
3294 4341 3423 4382 vero
3454 4327 3521 4381 de

1934 4424 2084 4480 duris
2111 4439 2174 4478 ac
2205 4424 2427 4479 intextis
2450 4422 2691 4478 cratibus
2707 4422 2991 4477 exstruxit.
3011 4419 3109 4476 Cui
3138 4421 3301 4474 etiam
3328 4414 3520 4474 intrin-

1934 4529 2090 4570 secus
2119 4523 2265 4570 rotas
2293 4522 2528 4583 quatuor
2571 4513 2836 4578 adhibuit,
2868 4512 3008 4567 unde
3059 4512 3307 4567 machina
3356 4512 3426 4565 ab
3455 4510 3521 4565 iis

1934 4608 2024 4677 qui
2049 4607 2373 4663 intrinsecus
2402 4607 2657 4673 laterent,
2688 4622 2859 4676 usque
2887 4606 2954 4660 ad
2987 4620 3167 4660 arcem
3211 4603 3521 4675 impellere-
3610 4601 3624 4607 “

1937 4710 2043 4752 tur.
2071 4697 2143 4752 At
2189 4706 2386 4752 tectura
2419 4713 2524 4752 non
2574 4711 2727 4766 aeque
2778 4706 3010 4751 stratum
3057 4695 3178 4761 fuit,
3214 4708 3401 4751 verum
3452 4697 3521 4751 ab

1936 4792 2186 4847 acumine
2211 4791 2401 4846 dextra
2431 4790 2654 4860 levaque
2682 4788 3040 4859 dependebat,
3072 4797 3129 4842 ut
3148 4787 3312 4858 jactis
3335 4787 3523 4858 lapidi-

1938 4889 2037 4943 bus
2064 4886 2279 4942 facilius
2322 4886 2533 4956 lapsum
2561 4883 2845 4954 praeberet.
2894 4883 3024 4951 Quae
3050 4891 3352 4948 exstruCta,
3385 4882 3519 4935 tiro-

1939 4978 2098 5033 nibus
2120 4992 2243 5034 mox
2268 4978 2486 5047 impleta
2521 4982 2623 5043 est,
2655 4992 2721 5031 ac
2749 4977 2814 5031 ad
2836 4990 3019 5030 arcem
3064 4974 3197 5029 rotis
3234 4972 3516 5029 mobilibus

1942 5069 2191 5139 impulsa.
2226 5069 2398 5137 Quam
2423 5084 2546 5123 cum
2591 5082 2637 5123 a'
2670 5068 3045 5139 superioribus
3091 5067 3275 5122 hostes
3299 5064 3523 5135 rupibus

1941 5164 2251 5233 opprimere
2285 5173 2639 5228 conarentur,
2668 5177 2702 5215 ‘a
2748 5162 3041 5232 sagittariis
3072 5160 3308 5228 undique
3350 5158 3525 5226 dispu-

1941 5257 2082 5321 sitis,
2110 5256 2497 5312 contumeliose
2550 5255 2747 5325 repulsi
2799 5264 2944 5310 sunt.
2987 5252 3067 5307 Ad
3108 5266 3289 5306 arcem
3340 5251 3526 5317 itaque

1945 5351 2199 5406 machina
2248 5348 2502 5414 deducta,
2558 5362 2747 5405 murus
2778 5362 2843 5402 ex
2875 5353 3027 5416 parte
3078 5343 3308 5398 suffusus
3361 5352 3557 5423 atque,

1946 5460 2167 5500 eversus
2217 5452 2317 5498 est.
2368 5444 2564 5498 llostes
2610 5440 3009 5497 multitudinem
3046 5444 3377 5491 armatorum
3430 5424 3553 5505 per

1948 5541 2095 5595 hunc
2122 5539 2331 5593 hiatum
2378 5536 2635 5607 possibile
2673 5534 2939 5590 introduci
2972 5531 3341 5594 formidantes,
3375 5541 3527 5583 arma

1506 5650 1764 5706 ινΑῐιιίΕ
1808 5646 2210 5709 [.ECTIONES.

326 5736 394 5767 ’³³
429 5735 492 5798 is,
527 5754 609 5802 ra,
647 5754 708 5816 _m
733 5779 746 5816 ε
774 5739 815 5794 it
845 5741 1094 5816 exnronj.
1139 5740 1241 5816 _"f
1284 5739 1383 5795 fuit
1406 5741 1653 5813 magmel.
1687 5742 1738 5799 l.
1819 5744 1885 5776 ³³⁷
1924 5743 2275 5816 pnssilanimo
2305 5742 2355 5797 l.
2433 5742 2504 5775 ’³⁸
2544 5757 2586 5796 s.
2635 5741 2703 5794 ob
2729 5738 3029 5809 principum
3072 5735 3443 5793 dissidentium
3473 5730 3521 5786 l.

263 5806 327 5837 ’3’
353 5817 433 5873 at,
478 5824 565 5864 em
603 5810 827 5865 abscisa.
907 5811 975 5843 m
1007 5806 1070 5868 co
1095 5812 1372 5866 abscisum.
