3988 5362
488 438 556 495 55
1603 444 1879 502 RlCllERI
1921 444 1977 501 S.
2014 447 2275 506 REMIGII
2309 450 2619 509 MONACHI
2823 509 2833 515 _
3692 452 3764 510 56

489 558 765 627 deponunt
792 598 807 623 ,
858 573 921 614 ac
955 560 1156 631 regiam
1206 561 1548 616 clementiam
1605 562 1910 632 implorant.
1958 563 2070 618 Rex
2103 571 2144 626 Α
2176 565 2449 628 emiserat,
2479 564 2789 635 acsialiqua
2817 564 2968 619 utilia
2990 573 3293 621 curaturos.
3315 564 3465 622 Unde
3489 575 3541 621 et
3565 566 3681 636 ipse
3705 567 3767 622 in

448 662 618 719 ‘ergo
650 648 883 719 amplius
938 650 1250 706 tumultuari
1290 653 1604 722 prohibens,
1652 653 1881 708 intactos
1936 670 2077 724 pene

487 738 1137 809 comprehendit,pr:eter
1188 743 1288 797 hos
1330 743 1419 813 qui
1472 744 1525 797 in
1580 744 1797 798 militari
1845 745 2073 800 tumultu

488 830 718 885 sauciati
747 827 933 897 fuere,
986 846 1221 902 suosque
1271 835 1337 887 ad
1390 834 1541 889 urbis
1582 834 1798 889 tutelam
1848 837 1902 891 iu
1945 851 2075 893 arce

485 921 754 992 deposuit.

559 1012 644 1066 Η.
690 1012 860 1083 (959.)
899 1012 1062 1068 Dolus
1094 1016 1302 1086 Amulli
1337 1027 1491 1088 atque
1522 1018 1612 1082 "',
1663 1021 1839 1089 Oppidi
1884 1020 2074 1074 Mona-

408 1150 418 1158 .
483 1102 683 1157 sterioli
716 1102 782 1135 ³⁸⁸
814 1105 1006 1175 captio.
1038 1136 1109 1145 -—
1137 1105 1262 1162 Haac
1291 1108 1416 1162 dum
1447 1121 1783 1181 gererentur,
1818 1112 2074 1168 Arnulfus

484 1194 779 1264 prmdictus
832 1197 1162 1254 Morinorum
1214 1201 1500 1272 princeps,
1555 1203 1760 1258 Erluini
1815 1205 2070 1276 oppidum

483 1302 646 1343 secus
674 1304 826 1344 mare
857 1291 1019 1346 situm
1052 1292 1490 1349 Monasteriolum
1520 1295 1632 1366 (88)
1671 1298 1908 1362 nomine,
1960 1313 2072 1354 sua:

480 1382 623 1452 parti
658 1383 860 1439 addere
885 1385 1151 1455 cogitans,
1179 1402 1244 1440 eo
1269 1389 1410 1457 qvod
1439 1404 1504 1442 ex
1552 1390 1767 1443 navium
1814 1391 2070 1447 advecta-

486 1473 723 1531 tionibus
750 1476 876 1533 inde
899 1477 1081 1549 plures
1108 1492 1334 1550 questus
1360 1485 1698 1553 proveniant,
1737 1465 2070 1557 adipiscendi

482 1564 709 1620 insidias
736 1570 1113 1639 componebat.
1145 1572 1337 1643 Dirigit
1358 1574 1538 1643 itaque
1564 1576 1823 1644 quosdam
1849 1592 2068 1648 suorum

479 1653 708 1712 callidos
751 1658 804 1712 in
857 1667 1007 1715 veste
1058 1662 1303 1733 abjeeta,
1356 1664 1506 1721 dolos
1559 1667 1945 1735 dissimulans,
2002 1669 2071 1725 ad

481 1745 750 1813 quendam
774 1748 1014 1818 ejusdem
1042 1753 1221 1823 oppidi
1269 1758 1571 1822 custodem,
1623 1774 1785 1830 quem
1816 1761 1979 1815 etiam
2014 1762 2067 1817 in

479 1836 787 1905 proditione
816 1856 921 1895 non
968 1841 1239 1901 difﬁdebat
1287 1845 1620 1904 facillimum.
1666 1850 1765 1917 Qui
1812 1851 2065 1923 ingressi,

2179 671 2335 710 muro
2393 665 2575 721 stans,
2636 654 2810 711 facem
2872 656 3303 711 ardentissimam
3347 657 3762 726 praetendebat,

2175 747 2337 802 veluti
2366 746 2579 802 famulis
2593 748 2808 803 emissis
2828 748 3005 803 lumen
3025 748 3452 814 ministraturus,
3466 764 3574 818 quo
3593 749 3764 804 etiam

2175 839 2393 894 luminis
2416 839 2573 911 signo
2600 855 2696 910 per
2725 840 2933 911 legatos
2968 839 3173 894 aditum
3202 839 3619 910 signiﬁcaverat.
3644 839 3768 895 Huc

2174 930 2434 986 Arnulfus
2460 946 2584 987 cum
2629 933 2870 1001 equitatu
2919 932 3154 999 irruens,
3201 946 3299 1001 per
3326 939 3539 1000 portam
3571 940 3766 1000 paten-

2176 1031 2281 1077 tem
2313 1023 2567 1093 oppidnm
2602 1022 2878 1097 ingressus
2907 1033 3010 1078 est.
3058 1027 3239 1092 quue
3285 1023 3511 1092 potitus.
3552 1022 3766 1076 Erluini

2173 1125 2399 1166 uxorem
2430 1126 2551 1165 cum
2600 1110 2725 1166 ﬁliis
2760 1111 2921 1181 capit,
2970 1126 3035 1165 ac
3081 1110 3197 1180 ejus
3228 1111 3516 1166 thesauros
3551 1111 3765 1181 diripit.

2171 1203 2431 1258 Erluinus
2459 1218 2586 1258 vero
2637 1204 2821 1258 habitu
2872 1205 3173 1267 immutate,
3228 1217 3258 1256 e
3301 1204 3480 1258 medio
3518 1202 3765 1258 hostium

2171 1292 2386 1362 elapsus
2445 1302 2548 1347 est.
2596 1292 2856 1348 Arnulfus
2898 1308 3114 1364 quoque
3162 1293 3415 1348 omnibus
3473 1293 3763 1365 pervasis,

2169 1384 2369 1454 oppido
2417 1398 2545 1439 suos
2593 1383 2847 1455 deputat,
2902 1383 3111 1438 Erluini
3162 1399 3387 1439 uxorem
3444 1400 3568 1439 cum
3615 1383 3768 1439 natis

2171 1471 2490 1529 )Edelstano
2550 1474 2661 1544 regi
2711 1473 3004 1545 Anglorum
3063 1476 3358 1531 servandos
3407 1484 3557 1530 trans
3602 1489 3763 1530 mare

2171 1564 2438 1634 deportat.
2466 1561 2664 1633 Sicque
2693 1564 2760 1619 ad
2788 1579 2884 1618 sua
2908 1563 3104 1633 oppido
3126 1565 3240 1619 suis
3266 1565 3473 1620 munito
3502 1565 3688 1621 rediit.

2242 1655 2325 1710 15.
2371 1652 2681 1726 Conquestio
2718 1653 2788 1685 “'
2817 1653 3027 1708 Erluini
3058 1655 3129 1686 ⁸⁵⁵
3155 1656 3294 1725 apud
3344 1654 3647 1710 Wilelmum
3687 1656 3768 1687 ’⁵⁸

2168 1750 2353 1804 ducem
2396 1749 2460 1803 de
2494 1749 2654 1803 castri
2689 1750 2969 1819 umorisque
3005 1748 3075 1781 ’“
3116 1760 3162 1804 et
3204 1759 3446 1804 natorum
3485 1747 3557 1782 ’⁸⁸
3594 1751 3765 1807 antis-

2167 1844 2314 1897 sione
2336 1842 2426 1895 Μ.
2450 1872 2521 1881 -
2546 1841 2801 1897 Erluinus
2824 1857 2952 1898 vero
2998 1843 3086 1896 vix
3118 1842 3307 1897 mortis
3333 1841 3569 1913 periculo
3596 1840 3763 1907 liber,

480 1939 612 1982 eum
633 1942 663 1981 a
691 1928 910 1986 domino
932 1931 1191 2000 salutant,
1222 1952 1283 1991 ac
1310 1936 1563 2007 loquendi
1603 1942 2064 2010 opportunitatem

2173 1935 2236 1990 ad
2255 1932 2562 1989 Wilelmum
2584 1932 2881 2004 principem
2902 1932 3354 1989 Nortmannornm
3375 1949 3494 1991 sese
3508 1933 3761 1999 contulit,

479 2023 691 2085 petunt.
738 2016 1010 2077 Seccdunt
1056 2039 1206 2095 ergo.
1235 2026 1314 2080 llli
1366 2035 1573 2083 tantum
1618 2045 1736 2085 esse
1790 2032 2063 2103 negotium

480 2113 701 2176 propter
723 2111 867 2180 quod
902 2124 1163 2170 venerant
1188 2116 1522 2185 simulantes,
1548 2129 1657 2175 uta
1684 2137 1789 2191 quo
1829 2124 2066 2179 exordiri

479 2211 721 2271 possent,
747 2205 965 2274 penitus
994 2208 1334 2280 ignorarent,
1358 2213 1749 2287 aliquantisper
1778 2216 2059 2273 herebant.

479 2290 544 2345 Et
577 2297 796 2352 tandem
819 2299 1185 2368 suspirantes:
1205 2321 1223 2354 ι
1253 2302 1351 2358 Eia
1374 2315 1445 2372 te,
1475 2306 1744 2376 inquiunt,
1771 2307 2061 2364 Rotberte!

479 2383 565 2438 eia
598 2393 650 2441 te
675 2386 973 2446 Rotberte!
1009 2423 1079 2430 —
1106 2394 1187 2448 sic
1231 2396 1376 2450 enim
1424 2400 1809 2453 vocabatur—
1847 2401 2065 2470 quantis

477 2475 638 2531 malis
688 2478 930 2550 elapsus,
988 2485 1208 2552 quantis
1257 2487 1514 2556 periculis
1563 2499 1849 2560 exemptus
1874 2505 1954 2556 es,
2011 2498 2067 2545 et

475 2568 663 2636 quanti
716 2570 941 2642 insuper
988 2577 1348 2632 secundarum
1417 2595 1597 2635 rerum
1650 2582 1746 2635 tibi
1801 2581 2067 2638 debentur

476 2671 764 2715 successus
790 2662 805 2715 l
831 2681 849 2713 ι
870 2661 936 2717 Et
958 2665 1143 2719 statim
1165 2668 1507 2736 protulerunt
1530 2670 1665 2726 duos
1693 2672 1901 2739 anulos,
1928 2672 2068 2728 alter

477 2765 722 2818 aureum,
779 2754 918 2812 alter
961 2773 1093 2815 vero
1146 2760 1403 2817 ferremn.
1439 2783 1457 2813 ι
1514 2748 1749 2821 Etvide
1793 2766 2061 2838 inquiunt,

474 2842 605 2912 quid
637 2844 691 2898 in
723 2845 809 2901 his
836 2849 1096 2919 perpendi
1130 2851 1323 2908 valeat.
1364 2874 1382 2906 ι
1411 2854 1529 2922 Quo
1578 2856 1706 2926 quid
1736 2866 1883 2913 esset
1912 2859 2066 2930 igno—

475 2942 650 3000 rante,
683 2936 759 2993 illi
788 2950 1148 3007 prosecnntur
1181 2961 1195 2995 :
1233 2963 1250 2995 ε
1288 2944 1344 2998 ln
1375 2961 1509 3001 auro
1538 2945 1678 3001 dona
1729 2948 1965 3018 egregia,
2010 2948 2062 3001 in

474 3022 624 3079 ferro
652 3026 863 3082 vincula
894 3031 1133 3087 carceris
1176 3040 1325 3102 puta.
1367 3034 1538 3090 Instat
1580 3037 1782 3091 etenim
1830 3047 2061 3106 tempus,

476 3128 585 3183 quo
604 3124 657 3170 et
678 3117 932 3188 oppidum
956 3120 1057 3177 hoc
1081 3122 1133 3177 in
1154 3121 1247 3191 jus
1266 3125 1487 3183 alterius
1514 3128 1792 3183 concedat.
1813 3127 2069 3184 Taeenda

474 3206 593 3263 haec
619 3215 723 3263 tute
759 3208 882 3266 ﬁdei
914 3215 1324 3272 committimus.
1353 3216 1462 3273 Res
1490 3218 1643 3275 vobis
1666 3221 1866 3275 nesciis
1890 3220 2065 3292 dispo-

2166 2025 2453 2095 plurimam
2495 2025 2562 2080 de
2597 2025 2711 2080 suis
2760 2025 2978 2081 casibus
3008 2025 3415 2096 querimoniam
3447 2025 3585 2096 apud
3631 2040 3764 2079 eum

2166 2116 2399 2188 agitans,
2431 2130 2555 2172 sese
2582 2115 2832 2186 inquiens
2887 2113 3261 2181 infeliciorem,
3310 2130 3434 2170 cum
3485 2115 3647 2186 οιιίὐο
3704 2123 3767 2170 et

2166 2206 2425 2262 militibus
2452 2206 2721 2276 privatus,
2756 2221 2820 2261 ac
2867 2219 3036 2260 uxore
3066 2204 3297 2274 ﬁliisque
3347 2203 3592 2270 orbatus,
3621 2203 3765 2259 nihil

2165 2309 2364 2370 prater
2391 2314 2588 2369 corpus
2615 2298 2909 2369 possideat.
2944 2298 3020 2352 De
3048 2297 3227 2367 oppidi
3250 2296 3547 2352 amissione
3567 2281 3675 2350 non
3698 2310 3765 2351 se

2165 2393 2301 2447 adeo
2327 2390 2485 2455 allici,
2521 2406 2643 2446 cum
2670 2391 2722 2445 id
2748 2390 2864 2446 sine
2898 2403 2992 2459 spe
3031 2388 3208 2459 aliqua
3238 2389 3615 2459 recuperandi
3644 2404 3763 2443 non

2165 2486 2257 2550 sit,
2287 2499 2353 2540 eo
2381 2484 2524 2555 quod
2568 2494 2711 2539 terra
2748 2482 3057 2545 immobilis,
3089 2496 3153 2535 ac
3198 2481 3453 2551 oppidum
3501 2480 3769 2535 intransi-

2168 2580 2337 2635 tivum
2360 2577 2448 2633 sit.
2484 2575 2679 2632 Uxoris
2704 2589 2834 2630 vero
2882 2589 2945 2628 ac
2974 2572 3204 2627 ﬁliorum
3242 2572 3497 2642 privatio,
3526 2570 3771 2627 calami-

2167 2678 2333 2726 tatem
2364 2666 2817 2725 interminabilem
2847 2664 3179 2737 praetendere
3203 2664 3469 2729 videntur,
3501 2680 3623 2720 cum
3652 2662 3769 2719 illis

2165 2760 2500 2831 consumptis
2543 2759 2659 2828 ipse
2698 2757 2976 2812 doloribus
3000 2754 3233 2810 assiduis
3260 2763 3543 2825 urgeatur,
3564 2765 3622 2809 et
3649 2768 3767 2809 non

2165 2855 2522 2925 consumptis,
2554 2861 2610 2906 at
2629 2851 2731 2907 sub
2755 2850 2928 2905 aliena
2956 2846 3323 2904 dominatione
3344 2847 3601 2913 detentis,
3642 2847 3769 2919 ipse

2165 2963 2301 3001 vana
2331 2930 2621 3002 sedueatur
2646 2941 3066 3012 exspectatione.
3118 2937 3295 3005 Quare
3321 2952 3537 3007 quoque
3563 2938 3633 2992 ad
3664 2953 3768 3009 pe-

2168 3037 2325 3094 tenda
2355 3035 2549 3092 solatia
2577 3049 2634 3089 se
2667 3034 2879 3088 venisse
2907 3030 3261 3095 memorabat,
3292 3044 3354 3085 ac
3381 3029 3773 3100 gemebundus

2168 3130 2281 3184 base
2305 3127 2674 3183 indesinenter
2701 3124 2939 3195 petebat.

2237 3218 2323 3272 14.
2369 3215 2622 3271 Erluinus
2645 3214 2893 3285 oppidum
2923 3219 3187 3282 expugnat
3215 3226 3276 3265 ac
3311 3208 3469 3279 capit.
3498 3238 3570 3250 -—
3592 3207 3779 3263 Prin-.

475 3297 576 3352 sita
602 3307 703 3355 est.
731 3299 840 3357 Nos
869 3318 1084 3374 quoque
1131 3306 1181 3361 id
1233 3307 1409 3378 ipsum
1460 3309 1676 3379 penitus
1726 3309 2062 3380 ignoramus.
2094 3303 2137 3364 C
2168 3323 2297 3378 eeps
2344 3306 2430 3361 bis
2480 3303 2853 3375 quierimoniis
2899 3311 3100 3367 motus,
3146 3298 3404 3354 auxilium
3450 3298 3665 3364 annuit,
3696 3312 3771 3353 ac

474 3391 655 3447 Atrei
687 3408 953 3449 summam
1006 3398 1147 3453 seire
1193 3414 1297 3455 non
1329 3416 1607 3472 negamus.
1641 3400 1866 3458 Mortem
1892 3402 2069 3472 loqui-

474 3498 599 3540 mur
631 3495 721 3542 aut
752 3488 997 3545 exilium.
1038 3491 1189 3548 Unde
1214 3503 1269 3549 et
1302 3494 1397 3550 tibi
1432 3494 1691 3551 Arnnlfus
1720 3510 1904 3552 comes
1932 3511 2065 3552 con-

478 3574 687 3644 sulens,
734 3578 927 3637 futurae
976 3582 1145 3639 cladis
1180 3585 1545 3641 calamitatem
1590 3601 1687 3657 per
1734 3603 1828 3642 sua
1867 3589 2062 3644 indicia

474 3667 837 3738 signiﬁcavit;
869 3672 1091 3730 hortans
1120 3683 1179 3730 ut
1208 3677 1274 3730 ad
1321 3692 1442 3732 sese
1487 3687 1750 3745 transeas,
1808 3689 1864 3735 et
1906 3679 1975 3735 ab
2001 3694 2066 3736 eo

478 3760 598 3814 auri
630 3770 684 3815 et
727 3763 938 3834 argenti
992 3764 1258 3837 insignia,
1306 3777 1689 3839 terrarumque
1738 3771 1947 3840 copiam
2002 3786 2067 3825 ac

476 3851 707 3907 militum
742 3855 1140 3914 multitudinem
1172 3860 1430 3931 accipias,
1460 3876 1582 3916 cum
1614 3862 1756 3917 dono
1797 3863 1958 3933 regis.
2007 3861 2063 3915 ln

475 3958 670 4001 manus
694 3945 1179 4015 Nortntannorum,
1227 3967 1333 4022 qua
1379 3960 1497 4007 arte
1535 3952 1829 4017 nescimus,
1864 3953 1915 4005 in
1938 3966 2062 4021 pro-

472 4044 621 4100 ximo
649 4046 769 4102 sitis
811 4047 1111 4103 deventuri.
1156 4048 1224 4103 Et
1267 4049 1394 4120 quid
1423 4064 1587 4119 super
1638 4048 1723 4103 liis
1762 4048 1859 4103 tibi
1889 4047 2063 4103 visum

473 4133 662 4199 fuerit,
691 4136 870 4191 amico
899 4152 998 4206 per
1029 4153 1126 4193 nos
1157 4140 1487 4210 respondere
1530 4154 1597 4194 ne
1641 4137 1878 4194 differas.
1921 4159 1939 4191 ι
1971 4138 2065 4194 llle

476 4222 775 4295 cupiditate
809 4227 1021 4293 ductus,
1052 4230 1413 4298 proditionem
1444 4229 1516 4262 ’"
1545 4229 1844 4285 addubitat.
1894 4228 2063 4285 Here—

473 4315 722 4386 batergo
743 4326 984 4389 stupens.
1028 4320 1288 4391 Proponit
1327 4322 1427 4378 sibi
1486 4322 1700 4377 tandem
1747 4321 2064 4393 proditionis

488 4405 743 4474 dedecus,
774 4423 836 4462 ea
865 4424 1022 4479 posse
1056 4413 1382 4468 necessitate
1411 4412 1655 4483 purgari.
1686 4411 1826 4482 quod
1874 4427 2064 4467 onmes

475 4496 775 4568 oppidanos
801 4500 855 4554 in
887 4501 1133 4571 proximo
1163 4511 1258 4557 aut
1299 4504 1612 4559 exulaturos
1640 4512 1735 4558 aut
1771 4504 2063 4558 morituros

474 4586 579 4642 sibi
604 4586 1257 4648 innotuit.~Proditionem
1292 4607 1422 4665 ergo
1450 4592 1696 4663 spondet,
1747 4607 1812 4648 ac
1846 4591 2062 4662 juratus

474 4676 638 4736 ﬁdem
678 4678 790 4735 dat.
830 4680 941 4738 Nec
985 4683 1164 4739 minus
1210 4693 1266 4740 ct
1314 4659 1387 4739 illi
1443 4659 1509 4741 de
1553 4684 1807 4756 pollicitis
1851 4659 2059 4754 iurant.
2091 4659 2140 4719 D

444 4768 713 4843 ,Tempus
763 4772 989 4831 facinori
1036 4778 1217 4843 datur,
1273 4792 1339 4833 ac
1396 4788 1739 4835 sacramento
1790 4780 2059 4834 tinuatur.

472 4860 660 4933 Legati
683 4864 930 4937 digressi,
969 4883 1092 4944 sese
1113 4870 1448 4939 persuasisse
1483 4869 1743 4926 referunt.

547 4956 632 5014 12.
664 4956 944 5029 Ingressus
976 4960 1047 4993 ’⁸³
1079 4960 1283 5030 Arnulﬁ
1314 4962 1367 5015 in
1398 4961 1831 5019 Monasteriolum
1872 4964 1963 5018 ⁸⁵³.
1994 4994 2065 5003 -

473 5044 732 5103 Arnulfus
763 5049 947 5119 itaque
973 5049 1203 5105 militum
1253 5049 1554 5105 electorum
1588 5052 1800 5121 copiam
1839 5052 2061 5123 colligit,

475 5137 685 5192 facinus
724 5141 1009 5209 qnznsitum
1043 5149 1379 5210 patraturus.
1429 5141 1643 5212 iterque
1682 5158 1914 5212 carpens
1941 5158 2063 5199 cum

475 5226 684 5285 duabus
711 5231 1029 5287 cohortibus
1060 5246 1229 5292 usque
1258 5228 1328 5261 ἰ*
1370 5231 1557 5254 η-ειιη
1583 5247 1611 5250 η

2168 3397 2398 3452 militum
2454 3395 2667 3465 copiam
2709 3393 2757 3448 ei
2796 3392 3108 3448 committit.
3163 3388 3416 3444 Erluinus
3464 3388 3650 3459 itaque
3690 3389 3802 3453 ad,

2167 3487 2421 3559 oppidum
2449 3495 2724 3557 properat,
2749 3500 2812 3539 ac
2844 3482 3219 3555 tempestivius
3249 3496 3372 3536 cum
3396 3480 3572 3550 copiis
3594 3494 3771 3551 appe-

2169 3582 2253 3647 tit,
2311 3580 2625 3650 circumque
2653 3577 2818 3633 vallat
2861 3584 3005 3633 terra
3054 3574 3319 3644 marique.
3368 3572 3538 3628 Instat
3568 3572 3765 3643 itaque

2168 3683 2329 3746 atque
2350 3674 2550 3730 acriter
2570 3672 2814 3743 adurget.
2843 3669 3081 3725 Tandem
3108 3683 3236 3723 vero
3280 3666 3448 3722 multa
3476 3681 3765 3738 expugna-

2169 3768 2314 3823 tione
2353 3766 2619 3830 attritum,
2664 3762 2984 3834 ingreditur,
3032 3769 3312 3829 totumque
3352 3760 3621 3829 pervadit.
3652 3760 3767 3815 Ar-

2167 3858 2296 3913 nulli
2343 3857 2540 3911 milites
2607 3867 2799 3909 omnes
2863 3849 3290 3920 comprehendit.
3333 3847 3574 3917 Quorum
3617 3849 3766 3906 alios

2166 3950 2344 4022 gladio
2370 3955 2582 4013 enecat,
2621 3944 2756 4000 alios
2788 3943 2941 3999 uxori
2989 3946 3237 4014 natisque
3281 3940 3587 4013 repetendis
3620 3957 3762 3997 con-

2169 4050 2369 4097 servat.
3586 4026 3593 4031 ’

2238 4136 2324 4191 15.
2369 4134 2687 4205 Congressus
2728 4129 2798 4164 '“
2828 4129 3041 4185 Erluini
3083 4144 3200 4182 cum
3235 4126 3306 4159 ἰδ
3347 4126 3598 4181 militibus
3647 4125 3761 4179 Ar-

2167 4227 2320 4297 mtlﬁ.
2335 4258 2400 4267 —
2417 4223 2673 4280 Arnulfus
2698 4233 2844 4278 tanta
2866 4237 3088 4278 suorum
3111 4218 3421 4276 calamitate
3450 4217 3763 4285 confectus,

2169 4319 2368 4374 milites
2395 4316 2621 4388 colligit,
2649 4329 2851 4385 eosque
2884 4314 2934 4368 in
2962 4310 3244 4366 Erluinum
3278 4308 3466 4372 mittit,
3505 4307 3598 4377 qui
3635 4307 3765 4377 ejus

2168 4422 2367 4469 terram
2390 4427 2561 4482 usque
2586 4409 2652 4465 ad
2673 4410 2925 4481 oppidum
2955 4403 3369 4475 depopulentur.
3419 4403 3757 4474 Directique,

2166 4504 2434 4562 incendiis
2463 4504 2888 4572 circumquaque
2913 4514 2976 4554 ac
3006 4496 3211 4568 rapinis
3260 4494 3550 4551 admodum
3590 4496 3758 4552 dese-

2166 4598 2340 4662 viunt,
2373 4594 2651 4663 multaque
2673 4607 2853 4648 rerum
2894 4589 3072 4661 prteda
3112 4587 3365 4653 abducta,
3397 4585 3758 4652 festinabant,

2166 4706 2290 4747 cum
2338 4688 2502 4760 legati
2550 4686 2619 4741 ab
2671 4683 2895 4740 Erluino
2938 4679 3231 4755 siluerunt,
3290 4678 3382 4748 qui
3428 4677 3756 4741 indicarent,

2167 4780 2310 4852 quod
2338 4778 2440 4834 nisi
2473 4785 2641 4833 totam
2672 4774 2906 4845 praedam
2935 4772 3054 4827 sine
3079 4783 3232 4825 mora
3270 4768 3579 4834 redderent,
3631 4767 3758 4824 sine

2167 4886 2317 4929 mora
2353 4870 2434 4925 eis
2479 4882 2600 4924 esse
2644 4862 3126 4935 congrediendum.
3177 4859 3373 4917 Hostes
3422 4859 3757 4931 legationem

2168 4969 2519 5031 spernentes,
2578 4965 2736 5028 capta
2794 4953 3062 5009 abducere
3111 4951 3509 5009 accelerabant.
3566 4949 3756 5020 Legati

2168 5051 2422 5123 regressi,
2460 5064 2582 5105 sese
2627 5046 2867 5117 abiectos
2895 5044 3159 5099 referunt.
3189 5042 3443 5098 Erluinus
3468 5056 3592 5096 cum
3617 5053 3759 5110 qna-

2169 5140 2470 5194 drinnentis
2495 5146 2830 5191 armatorum
2856 5148 2980 5189 mox
3020 5132 3311 5192 processit.
3355 5145 3420 5185 ac
3444 5128 3754 5185 festinanti-
