4026 6312
523 418 592 475 59
1625 418 1903 474 RICHERI
1946 415 2004 471 S.
2046 411 2303 470 REMIGII
2345 411 2654 469 MONACHI
3723 410 3792 465 60

522 531 817 591 nivolentia
865 532 1140 606 excipitns
1220 532 1274 588 in
1314 546 1510 605 pagum
1550 531 1966 589 Ambianensem
2002 528 2102 584 sibi

2275 545 2364 599 24.
2408 544 2541 616 Rege
2572 544 2642 575 ⁷⁷⁵
2672 542 2977 600 adveniente
3005 543 3075 573 ³⁷⁸
3114 542 3316 597 obsidio
3358 539 3576 596 solvitur
3603 542 3693 594 ³⁷⁸.
3726 571 3799 582 -

522 626 918 683 occurrendum
946 625 1247 692 constituit,
1277 640 1343 683 eo
1372 624 1516 697 quod
1547 625 1621 682 ibi
1661 624 1970 695 specialiter
1995 623 2103 678 uti-
2205 637 2432 708 Jamque
2457 636 2784 693 ebdomadas
2813 643 3016 706 septem
3042 636 3502 706 obpugnavemnt,
3534 648 3656 689 cum
3695 649 3797 689 rex

522 714 593 770 lia
618 714 866 787 quaedam
898 731 993 787 per
1017 716 1136 773 illos
1159 716 1569 774 delermiuanda
1599 718 1667 748 ⁷⁷³
1697 715 1891 772 forent.
1932 714 2104 786 Lega-

524 807 595 863 tis
632 807 814 877 itaque
849 808 1121 873 abductis,
1164 822 1259 862 rex
1300 807 1364 863 ad
1402 807 1583 864 locum
1622 806 1933 863 condictum
1972 813 2107 861 tem-

521 911 653 968 pore
675 906 879 954 statuto
897 898 1131 953 devenit.
1155 898 1251 954 Cui
1275 898 1442 954 etiam
1468 898 1574 955 dux
1602 899 1893 969 praedictus
1913 896 2106 952 obvius

521 987 688 1044 venit.
743 988 1120 1058 Exceptusque
1168 1003 1198 1042 a
1250 1003 1379 1060 rege
1427 989 1719 1056 decenter,
1771 987 2102 1060 provinciam

523 1091 685 1149 quam
714 1091 763 1132 et
794 1086 951 1147 pater
980 1076 1209 1132 Karolus
1251 1093 1343 1132 rex
1384 1078 1707 1144 contulerat,
1752 1077 1820 1131 ab
1847 1091 1911 1131 eo
1940 1077 2104 1131 etiam

523 1166 755 1235 accepit.
787 1165 940 1222 Unde
966 1174 1021 1221 et
1047 1165 1188 1239 regis
1213 1164 1408 1232 factus,
1441 1174 1589 1222 tanto
1618 1166 1667 1222 ei
1697 1180 1963 1221 consensu
1989 1163 2105 1218 alli-

523 1266 680 1332 gatus
724 1265 829 1323 est,
860 1264 920 1312 ut
957 1254 1071 1325 jam
1107 1256 1329 1328 jamque
1366 1266 1460 1312 aut
1488 1273 1608 1313 sese
1639 1257 1984 1323 moriturum,
2017 1263 2110 1309 aut

522 1349 636 1420 regi
669 1348 879 1419 imperii
909 1363 1176 1403 summam
1208 1347 1584 1403 restituturum
1612 1355 1958 1419 proponeret.

592 1438 682 1493 2|.
721 1437 973 1492 Artoldus
1011 1437 1242 1508 are/tiep.
1286 1437 1591 1492 Causostem
1634 1438 1976 1493 munitionem
2018 1453 2109 1493 ea:-

520 1539 720 1602 pugnat
749 1540 796 1585 et
828 1529 987 1601 capit.
1012 1561 1083 1570 —
1104 1530 1381 1602 iiujusque
1410 1530 1488 1586 rei
1517 1530 1730 1602 negotio
1760 1530 1966 1585 utiliter
1992 1544 2112 1601 per-

522 1631 665 1686 acto,
695 1635 788 1678 rex
817 1621 873 1676 in
903 1618 1269 1693 Burgundiam
1301 1621 1545 1677 secessit.
1588 1621 1645 1675 lu
1690 1620 1841 1690 cujus
1864 1621 2108 1677 absentia

522 1711 778 1768 Artoldus
806 1714 1273 1783 metropolitanus,
1304 1728 1372 1768 ne
1410 1728 1522 1769 sua:
1567 1713 1645 1770 rei
1687 1722 1972 1784 putaretur
1998 1714 2111 1769 ino-

524 1805 635 1876 pia,
666 1804 869 1877 absque
897 1806 1059 1878 regiis
1084 1805 1253 1877 copiis
1280 1803 1597 1862 Causostem
1628 1806 1984 1862 munitionem
2017 1820 2109 1875 ap-

522 1900 680 1972 petit,
702 1899 858 1970 eique
876 1899 1210 1956 obsidionem
1234 1899 1657 1969 circumquaque
1677 1899 1916 1954 adhibet.
1934 1897 2106 1964 Quam

526 1989 780 2063 continua
807 1987 1207 2059 oppugnatione
1236 1987 1305 2019 ’⁷³
1332 1987 1635 2057 exagitans,
1667 1987 1858 2059 quinto
1892 1985 2107 2040 tandem

2214 729 2376 800 hujus
2402 730 2482 786 rei
2511 729 2718 786 accitus
2746 728 2958 794 nuntio,
2983 727 3036 783 in
3064 727 3357 799 Campania
3388 724 3641 782 Remensi
3668 734 3801 781 tem-

2207 826 2450 898 pestivus
2482 824 2653 881 affuit.
2694 825 2760 879 Et
2799 824 2925 879 licet
2956 839 3075 880 cum
3107 826 3318 896 paucis,
3350 823 3572 879 ﬂuvium
3614 832 3799 880 tamen

2210 914 2457 970 Axonam
2494 923 2755 984 permeat,
2785 921 2837 970 et
2867 914 2946 969 sic
2976 913 3028 968 in
3062 913 3247 969 hostes
3274 911 3469 969 fertur.
3502 911 3620 981 Quo
3650 927 3805 968 com-

2211 1014 2367 1076 perto
2397 1007 2597 1061 tiranni
2623 1006 2715 1069 ⁸⁷⁷,
2752 1005 2895 1076 regis
2921 1017 3134 1074 quoque
3161 1002 3402 1057 animum
3445 999 3715 1071 simulque
3745 1010 3804 1057 et

2211 1095 2521 1166 :equitatem
2572 1094 2999 1165 perpendentes,
3048 1094 3117 1149 ab
3162 1093 3447 1149 obsidione
3494 1092 3799 1147 discedunt.

2213 1187 2324 1242 Rex
2354 1202 2484 1242 vero
2526 1187 2821 1258 ingressus,
2848 1185 3023 1240 victus
3055 1185 3362 1241 necessaria
3404 1185 3518 1240 suis
3562 1184 3800 1256 paravit,

2213 1290 2278 1330 ac
2311 1290 2538 1345 quaeque
2566 1274 2847 1353 commpda
2877 1274 3170 1329 ordinavit.
3213 1273 3412 1346 Sicque
3441 1274 3547 1329 alia
3575 1274 3807 1344 disposi-

2217 1373 2390 1431 turus,
2421 1365 2788 1437 Burgundiam
2818 1364 3029 1435 repetit.
3066 1365 3121 1419 in
3155 1363 3310 1435 cujus
3350 1365 3607 1429 discessu,
3638 1363 3808 1419 Wido

2216 1451 2536 1509 Suessorum
2559 1453 2844 1524 episcopus
2873 1469 2903 1508 a
2929 1453 3302 1510 desertoribus
3324 1469 3541 1519 suasus,
3569 1468 3635 1510 eo
3658 1454 3806 1525 quod

2214 1554 2269 1601 et
2308 1547 2423 1616 ipse
2451 1561 2638 1602 eorum
2675 1554 2857 1618 partes
2893 1545 3128 1601 latenter
3157 1554 3423 1613 tueretur,
3466 1545 3664 1602 Remos
3702 1561 3803 1601 ve-

2216 1635 2389 1698 niens,
2423 1636 2693 1691 Heriberti
2731 1636 2898 1691 tilium
2931 1636 3232 1707 Hugonem,
3263 1636 3623 1707 presbiterum
3653 1635 3808 1693 ordi-

2214 1726 2384 1782 navit.
2413 1726 2566 1783 Unde
2596 1735 2651 1782 et
2675 1741 2799 1782 eum
2841 1734 2994 1797 pater
3035 1723 3354 1782 sacerdotali
3396 1726 3662 1797 dignitate
3688 1741 3812 1781 am-

2214 1818 2388 1889 pliare
2421 1820 2664 1888 cupiens,
2693 1826 2753 1873 ut
2778 1818 3032 1875 Artoldus
3060 1818 3409 1889 pontiﬁcatus
3433 1819 3587 1890 apice
3618 1818 3811 1890 legali-

2218 1916 2302 1964 ter
2324 1909 2653 1979 privaretur,
2695 1909 2964 1964 instanter
2990 1909 3286 1979 quaerebat.
3331 1908 3497 1978 Cujus
3526 1911 3619 1965 rei'
3639 1913 3812 1965 ratio-

2215 2012 2338 2052 nem
2385 2013 2508 2053 cum
2556 1998 2778 2070 Hugone
2814 1998 2959 2055 duce
3003 1998 3272 2067 contulit,
3341 2013 3406 2054 ac
3451 1999 3505 2054 in
3552 1998 3806 2055 effectum

528 2058 616 2134 die
646 2051 982 2148 ingreditur:
999 2078 1271 2148 capitque.
1302 2051 1787 2149 lllos'quoque'qui
1817 2077 1920 2133 sibi
1950 2075 2112 2132 surri-
2145 2051 2187 2111 Β
2215 2051 2907 2160 1-ράὶεί-εζειιηιξίιυῖιῖβειξίξέ

526 2176 756 2238 puerant
792 2166 1222 2238 comprehendit.
1262 2165 1369 2222 Sed
1404 2175 1587 2238 utpote
1626 2167 1710 2220 vir
1747 2166 1941 2229 bonus,
1996 2165 2113 2220 nul-

526 2257 740 2328 liusque
773 2257 897 2313 vitae
922 2257 1168 2323 aemulus,
1201 2256 1515 2327 indempnes
1546 2255 1696 2311 abire
1723 2254 1987 2326 permisit.
2011 2252 2115 2324 Op-

527 2346 711 2419 pidum
739 2346 902 2401 etiam
932 2344 1174 2402 funditus
1208 2344 1442 2413 subruit,
1471 2346 1657 2417 sicque
1689 2345 1757 2399 ad
1797 2360 1894 2401 sua
1930 2344 2109 2400 rediit.

598 2438 688 2493 22.
732 2437 1038 2494 Heribertus
1068 2448 1114 2493 et
1144 2436 1299 2509 Hugo
1332 2436 1519 2493 Remos
1546 2438 1781 2492 obsident
1807 2446 1856 2491 et
1877 2437 2110 2506 capiunt,

527 2534 904 2606 parentemque
937 2533 1158 2606 pellunt.
1187 2531 1604 2595 —,Heribertus
1640 2531 1905 2587 malorum
1930 2531 2001 2562 ⁷⁷³
2026 2545 2116 2586 oc—

530 2626 805 2681 casionem
835 2635 1048 2692 nactus,
1081 2626 1190 2681 acsi
1223 2640 1443 2682 suorum
1471 2624 1724 2695 oppidum
1753 2624 1990 2693 dirutum
2024 2622 2115 2678 do-

530 2715 671 2791 lens,
701 2717 842 2787 apud
866 2715 1140 2786 Hugonem
1170 2715 1359 2770 ducem
1384 2713 1619 2784 qualiter
1644 2704 1844 2770 Remos
1871 2714 2113 2778 invadat,

532 2815 693 2883 atque
716 2807 1027 2878 episcopum
1048 2814 1343 2878 expungat,
1363 2805 1837 2861 vehementissime
1858 2803 1990 2875 agit.
2015 2802 2114 2859 Cui

532 2915 656 2961 mox
687 2898 839 2971 Hugo
869 2908 1054 2971 utpote
1084 2898 1299 2954 tiranno
1327 2898 1572 2952 tirannus
1601 2896 1968 2962 consentiens,
1997 2909 2116 2951 sese

531 2990 916 3065 auxiliatur-um
987 2989 1291 3060 pollicetur.
1356 2987 1593 3043 Collecto
1659 2988 1842 3059 itaque
1901 2985 2116 3057 agmine

532 3082 692 3155 ambo
728 3081 781 3136 in
825 3081 1017 3137 urbem
1060 3081 1324 3143 feruntur,
1370 3079 1535 3134 multa
1580 3095 1699 3134 eam
1731 3079 1933 3134 circum
1976 3076 2119 3132 obsi-

532 3173 694 3229 dione
724 3173 1004 3229 vallantes.
1037 3172 1239 3230 Urbani
1270 3170 1555 3227 lleriberto
1583 3170 1847 3234 faventes,
1877 3185 1943 3225 eo
1972 3170 2115 3239 quod

530 3266 683 3339 regio
722 3265 876 3335 jussu
915 3265 1032 3335 ejus
1072 3265 1239 3319 filium
1281 3273 1407 3319 ante
1446 3263 1728 3319 Artoldum
1768 3262 2113 3336 delegissent,

528 3355 672 3417 bello
693 3357 907 3422 cedunt,
939 3356 1332 3428 prtesulemque
1362 3355 1692 3425 relinquunt,
1720 3364 1882 3427 atque
1910 3355 1976 3410 ad
2006 3370 2117 3409 suae

530 3462 705 3518 ptenae
743 3449 1014 3506 cumulum
1056 3448 1365 3508 desertores
1409 3449 1474 3504 ad
1524 3451 1768 3505 tirannos
1813 3459 2111 3506 transeunt.
2143 3417 2187 3481 C

527 3540 745 3612 Apertis
772 3558 901 3598 vero
928 3543 1099 3613 portis
1127 3552 1282 3598 sexta
1311 3543 1612 3599 obsidionis
1643 3544 1748 3608 die,
1790 3543 2031 3598 tirannos
2060 3543 2115 3598 in

528 3632 719 3693 urbem
764 3635 1057 3704 excipiunt.
1106 3634 1368 3690 Artoldus
1421 3632 1639 3706 pulsus,
1690 3636 1758 3688 ad
1806 3632 2116 3689 coenobium

531 3726 705 3795 sancti
744 3724 977 3799 Remigii
1018 3726 1401 3805 proficiscitur,
1441 3726 1593 3782 suam
1634 3725 1708 3782 ibi
1750 3725 1856 3780 Deo
1886 3740 2115 3796 compe-

529 3817 667 3871 ctori
712 3817 953 3872 omnium
998 3818 1393 3887 querimoniam
1438 3816 1691 3875 fundens.
1740 3818 1841 3876 Ubi
1878 3818 1950 3851 ⁷⁷⁵
1990 3834 2114 3873 mox

530 3908 905 3980 episcoporum
954 3909 1223 3980 aliquibus
1276 3926 1340 3967 ac
1396 3910 1718 3982 quibusdam
1772 3911 2117 3981 magnatibus

529 4000 786 4070 stipatus.
817 4000 1111 4072 rogabatur
1138 4010 1196 4057 ut
1239 4001 1636 4058 Avenniacensi
1672 4003 1886 4059 abbatia
1916 4004 2118 4059 sancti-

530 4105 636 4159 que
658 4089 837 4146 Basoli
877 4093 1042 4148 rebus
1070 4099 1380 4159 contentus,
1411 4092 1669 4163 episcopii
1708 4092 1972 4164 dignitate
1998 4108 2118 4149 sese

529 4178 829 4237 abdicaret.
859 4180 1035 4251 Atque
1062 4180 1247 4235 multis
1277 4181 1543 4236 minarum
1572 4183 1869 4238 terroribus
1891 4181 2117 4239 affectus

529 4273 821 4336 consentit,
846 4271 1062 4342 juratus
1095 4272 1259 4328 etiam
1291 4281 1352 4326 ut
1379 4269 1553 4327 fertur
1588 4273 1893 4344 repudiavit
1921 4274 2025 4340 ’τις
2063 4282 2119 4330 et

527 4363 759 4419 tandem
786 4363 1011 4419 canibus
1045 4362 1409 4429 satisfaciens,
1451 4365 1519 4419 ad
1565 4374 1814 4421 sanctum
1861 4365 2117 4423 Basolum

528 4454 602 4509 ibi
634 4462 945 4509 moraturus
973 4455 1255 4510 abscessit.

597 4548 688 4603 2'5.
731 4546 888 4620 Hugo
918 4565 981 4603 ac
1023 4547 1329 4605 Heribertus
1364 4549 1420 4604 in
1463 4551 1595 4621 regis
1635 4551 1870 4607 absentia
1899 4550 2117 4607 Laudu-

528 4660 655 4697 num
696 4643 1007 4713 inpugnent.
1046 4673 1117 4683 —
1157 4642 1382 4715 ﬂugone
1424 4659 1557 4716 ergo
1603 4645 1863 4714 diacono,
1916 4647 2115 4702 tiranni

2282 2182 2374 2238 25.
2417 2182 2590 2256 (941.)
2611 2184 2861 2239 Artoldus
2893 2185 2964 2218 ⁸⁷⁸
2993 2203 3024 2239 a
3056 2186 3573 2257 comprovincialibus
3601 2185 3672 2218 ³⁷⁸
3698 2185 3815 2255 epi-

2212 2273 2381 2344 scopis
2416 2273 2487 2307 ⁸⁷⁸
2522 2274 2830 2345 repudiatur
2855 2286 2902 2330 et
2941 2276 3012 2309 ⁸⁷⁸
3050 2294 3144 2348 pro
3184 2294 3244 2332 eo
3279 2276 3433 2349 Hngo
3467 2277 3698 2347 eligitur.
3736 2308 3811 2318 —

2215 2366 2487 2436 Disposita
2513 2380 2642 2438 ergo
2670 2369 2938 2423 rationum
2966 2385 3196 2435 summa,
3222 2369 3506 2425 Remensis
3525 2369 3805 2426 dioceseos

2214 2457 2498 2528 episcopos
2520 2468 2843 2527 convocant,
2875 2460 2966 2529 qui
3014 2461 3157 2516 inter
3194 2460 3478 2517 Artoldum
3523 2470 3578 2516 et
3623 2460 3806 2532 [iugo-

2215 2562 2373 2613 nem,
2427 2550 2851 2605 controversiam
2909 2549 3306 2617 determinent,
3363 2551 3808 2622 objectorumque

2215 2634 2377 2691 ﬁnem
2408 2638 2761 2693 constituant.
2807 2638 3030 2695 Collecti
3067 2654 3199 2712 ergo
3228 2641 3369 2711 apud
3411 2640 3598 2695 urbem
3634 2638 3803 2694 Sues-
3906 2678 3917 2685 -

2216 2726 2496 2795 sonicam,
2535 2728 2590 2784 in
2630 2728 2852 2785 basilica
2894 2740 3205 2786 sanctorum
3254 2731 3538 2786 martirum
3567 2729 3803 2801 Crispini

2215 2829 2270 2878 et
2305 2820 2656 2893 Crispiniani,
2699 2823 2898 2878 civium
2945 2823 3294 2879 Remensium
3340 2822 3616 2894 querelam
3658 2822 3807 2878 exci-

2214 2911 2388 2983 piunt,
2421 2911 2716 2967 dicentium
2760 2928 2880 2969 sese
2910 2913 3210 2970 diutissime
3237 2924 3454 2984 pastore
3483 2913 3805 2975 destitutos;

2218 3003 2303 3058 cui
2334 3003 2636 3059 subdantur
2662 3012 2717 3059 et
2757 3005 3147 3075 obsequantur,
3189 3004 3502 3075 suppliciter
3516 3012 3810 3074 expetere.

2218 3096 2501 3152 Artoldum
2525 3096 2640 3168 jam
2677 3111 2736 3152 se
2763 3096 2923 3165 nolle,
2952 3113 3018 3153 eo
3049 3098 3192 3168 quod
3227 3104 3568 3153 sacramento
3596 3096 3814 3167 episco-

2216 3187 2363 3258 pium
2414 3187 2813 3257 repudiaverit;
2870 3197 2926 3242 at
2986 3187 3302 3260 Hugonem,
3362 3185 3520 3258 quod
3564 3188 3813 3243 omnium

2218 3279 2421 3333 unione
2445 3278 2673 3343 electus,
2705 3277 3067 3349 omnibusque
3091 3280 3502 3350 acceptissimus
3528 3278 3619 3333 sit.
3663 3277 3812 3344 Quo-

2220 3383 2339 3423 rum
2366 3367 2738 3438 quaerimoniis
2762 3368 3001 3439 episcopi
3029 3378 3355 3433 annuentes,
3382 3366 3688 3423 sacerdotio
3722 3365 3811 3420 di-

2217 3475 2378 3532 gnum
2404 3458 2683 3531 Hugonem
2711 3469 2982 3525 asserunt,
3007 3473 3072 3514 eo
3099 3458 3242 3529 quod
3284 3473 3389 3513 non
3417 3457 3589 3514 solum
3619 3455 3807 3512 carnis

2217 3546 2494 3613 nobilitas,
2522 3557 2604 3604 set
2643 3556 2700 3605 et
2729 3548 2901 3603 animi
2926 3563 3108 3604 mores
3149 3547 3330 3619 pudici
3360 3546 3650 3618 plurimum
3681 3559 3809 3601 eum

2217 3628 2911 3695 commendarent.‘Ratum
2954 3637 3119 3694 etiam
3150 3638 3286 3704 fore,
3331 3636 3379 3694 si
3416 3637 3553 3693 tanti
3582 3636 3812 3692 honoris

2218 3727 2466 3793 culmen,
2524 3742 2771 3799 personae
2820 3727 3108 3784 nobilitate
3155 3727 3470 3786 adornetur.
3526 3724 3813 3796 Hugonent

2220 3820 2403 3891 itaque
2437 3835 2575 3890 pene
2600 3821 2843 3877 omnium
2876 3819 3185 3875 conibentia
3212 3818 3483 3885 attollunt,
3513 3832 3578 3873 ac
3606 3817 3813 3875 Remos

2218 3911 2527 3977 deductum,
2576 3911 2629 3966 in
2672 3909 2925 3967 emnobio
2952 3911 3341 3966 monachorum
3368 3909 3540 3967 sancti
3574 3907 3813 3977 Remigii

2218 3988 2691 4073 metropolitanum
2738 4001 3111 4073 sollempniter
3156 4009 3501 4066 consecrant,
3535 4008 3700 4070 atque
3752 3997 3813 4054 in

2218 4094 2352 4149 urbe
2381 4094 2636 4150 decenter
2662 4101 2976 4163 exceptum,
3023 4092 3196 4148 multo
3238 4092 3499 4162 obsequio
3543 4105 3607 4145 ac
3654 4102 3809 4144 reve-

2219 4183 2393 4239 rentia
2425 4183 2716 4242 honorant.
2758 4185 2873 4241 Rex
2903 4186 2956 4242 in
3002 4186 3246 4258 partibus
3287 4184 3610 4257 Burgundire
3638 4183 3816 4238 viato-

2218 4290 2340 4330 rum
2395 4276 2601 4355 relatu,
2649 4284 2926 4346 patratum
2980 4277 3257 4349 negotium
3317 4278 3627 4339 advertens,
3681 4288 3811 4330 mox

2217 4367 2537 4423 Laudunum
2569 4370 2751 4425 rediit.
2777 4369 3078 4426 Arnoldum
3101 4383 3318 4440 quoque
3340 4384 3406 4425 ac
3438 4368 3557 4438 ejus
3580 4367 3813 4423 fratrem

2218 4458 2542 4515 Landricutn
2578 4462 2905 4532 proditionis
2931 4462 3292 4527 insimulatos,
3322 4476 3420 4515 nec
3448 4468 3626 4515 tamen
3658 4460 3816 4529 peni-

2219 4556 2304 4603 tus
2329 4549 2629 4615 convictos,
2656 4565 2777 4604 cum
2818 4549 2871 4603 in
2908 4549 3012 4604 hac
3048 4565 3107 4604 re
3142 4548 3532 4621 promptissimi
3557 4547 3811 4601 videren-

2219 4648 2328 4705 tur,
2355 4640 2422 4695 ab
2448 4640 2581 4695 urbe
2609 4639 2836 4711 expulit.

527 4733 659 4797 lilio,
703 4732 1133 4833 Remis-relicto,
1166 4732 1495 4805 jampridem
1529 4737 1694 4833 etiam
1734 4737 1799 4791 ad
1839 4738 2114 4809 episcopa-
2146 4773 2195 4833 θ
2247 4731 2375 4833 _26.
2419 4731 2529 4786 Rea:
2567 4733 2623 4833 in
2664 4733 2899 4802 partibus
2942 4731 3263 4805 Burgundios
3305 4733 3588 4788 exercitum
3628 4739 3816 4833 contra

526 4832 641 4878 tum
693 4825 844 4880 urbis
897 4825 1069 4895 ipsius
1113 4834 1359 4891 evocato,
1415 4826 1529 4896 ipse
1586 4825 1898 4883 Heribertus
1949 4837 2114 4898 atque

528 4913 701 4987 llugo,
739 4912 1058 4970 Laudunum
1086 4930 1212 4971 cum
1247 4916 1419 4986 copiis
1446 4917 1853 4989 aggrediuntur,
1883 4919 2116 4974 obsidio-

526 5020 653 5060 nem
695 5005 933 5075 undique
980 5005 1318 5073 adhibentes,
1361 5009 1550 5064 urbem
1586 5008 1846 5064 militibus
1890 5025 2115 5066 vacuam

527 5095 658 5159 rati,
680 5110 747 5150 eo
770 5097 912 5166 quod
938 5112 1031 5151 rex
1057 5096 1110 5152 in
1135 5097 1381 5167 partibus
1401 5097 1725 5168 Burgundiae
1752 5099 2116 5156 exterioribus

526 5187 634 5241 alia
674 5196 909 5243 curaret.
949 5188 1017 5243 Et
1041 5204 1147 5259 qua
1190 5197 1439 5258 poterant
1484 5198 1875 5260 oppugnantes,
1907 5191 2114 5262 ingredi

526 5278 884 5333 conabantur.
928 5279 998 5333 At
1040 5281 1243 5337 montis
1282 5279 1576 5334 eminentia
1622 5280 1990 5350 superioribus
2023 5282 2117 5336 im-

526 5380 707 5435 pares,
753 5374 858 5424 n’on
906 5371 1073 5425 semel
1110 5371 1305 5427 cedere
1344 5368 1516 5425 coacti
1550 5378 1694 5425 sunt.
1735 5368 2016 5426 [astabant
2043 5380 2118 5427 ta-

529 5473 674 5521 men.
699 5476 764 5516 ac
791 5461 902 5532 regi
932 5464 1236 5535 ingressum
1264 5461 1557 5532 praeripere
1583 5460 1938 5517 conabantur.

2218 4825 2455 4880 tirannos
2499 4824 2714 4896 colligit.
2752 4856 2824 4865 ——
2863 4826 2979 4881 Rex
3027 4842 3149 4882 cum
3199 4827 3276 4882 rei
3326 4826 3577 4882 militaris
3631 4824 3815 4894 inopia

2219 4925 2411 4973 contra
2460 4918 2706 4975 tirannos
2755 4918 2889 4973 nihil
2941 4918 3117 4973 moliri
3165 4918 3396 4983 valeret,
3444 4917 3813 4989 Burgundiam

2220 5009 2458 5080 repetiit,
2489 5018 2551 5063 ut
2587 5010 2885 5065 exercitum
2931 5008 3056 5064 inde
3101 5018 3359 5075 sumeret,
3408 5008 3699 5077 Remisque
3731 5006 3817 5058 in-

2219 5101 2461 5158 duceret.
2498 5101 2806 5157 Admodum
2832 5102 3034 5157 etenim
3059 5102 3109 5157 id
3142 5102 3524 5173 attemptabat,
3562 5108 3623 5154 ut
3655 5096 3813 5152 Heri-

2219 5191 2431 5247 bertum
2465 5192 2530 5247 ab
2557 5192 2691 5247 urbe
2726 5206 2951 5263 pervasa
2990 5192 3231 5263 pelleret.
3276 5192 3414 5247 Dum
3445 5205 3575 5262 ergo
3605 5190 3658 5243 in
3693 5186 3809 5243 col-

2225 5280 2451 5352 ligendis
2488 5281 2747 5337 militibus
2786 5274 2992 5337 moram
3037 5283 3260 5347 faceret,
3302 5282 3499 5336 tiranni
3538 5282 3607 5313 ""
3646 5277 3816 5334 multo

2224 5372 2466 5441 equitatu
2512 5370 2831 5427 Laudunum
2885 5381 3177 5444 appetunt,
3232 5380 3394 5441 atque
3438 5369 3812 5430 circumdant,

2224 5479 2373 5533 spem
2403 5464 2724 5535 proditionis
2755 5467 2808 5521 in
2837 5465 3159 5537 quibusdam
3202 5465 3484 5521 habentes.
3537 5463 3656 5518 Haec
3686 5461 3815 5518 dum

1824 5640 2058 5699 VARUE
2101 5642 2507 5700 LECTIONES.

601 5764 667 5798 ’τι
694 5760 1115 5815 determinandae
1140 5778 1186 5813 ε.
1264 5761 1333 5790 ⁷⁷⁷
1357 5759 1756 5828 expugnatione
1786 5760 1833 5812 1.

528 5833 599 5866 ’⁷⁷
649 5830 967 5888 Hcribcrtus
1020 5842 1073 5886 ct
1130 5829 1281 5903 Hugo
1317 5832 1365 5886 1.

1913 5758 1985 5790 ’τι
2011 5757 2132 5812 mali
2166 5759 2213 5811 1.
2293 5758 2362 5789 ’ττι

1440 5832 1510 5863 ⁷⁷⁸
1541 5830 1607 5898 Α,
1649 5847 1700 5897 c,
1730 5846 1779 5898 e,
1839 5838 1894 5886 et
1952 5845 2015 5884 es
2046 5829 2185 5899 conj.

2391 5759 2480 5826 qui
2514 5759 2561 5812 1.
2641 5759 2709 5789 ⁷⁷³
2746 5759 3013 5824 repudivit
3043 5760 3159 5814 cod.
3240 5759 3308 5790 ³⁷⁸
3329 5757 3396 5825 R,
3428 5756 3505 5824 ui,
3534 5771 3559 5812 ε
3588 5756 3811 5815 abscisa.

2264 5829 2332 5860 ’τε
2363 5828 2514 5899 [Iugo
2552 5844 2613 5885 ac
2648 5828 2963 5890 lleribertus
3005 5831 3053 5885 1.
