4026 6312
260 404 330 461 ει
1245 408 1724 470 HISTORIAM!“
1764 409 1942 465 LIBRI
1980 409 2338 479 QUATUOR.
2377 444 2447 454 —
2482 412 2612 469 LIB.
2649 413 2713 470 II.
2976 396 2987 405 ’
3376 468 3383 477 ,
3487 416 3559 475 62

254 534 541 594 aguntur,
589 524 661 579 ad
706 525 848 596 regis
891 539 1052 583 aures
1098 529 1414 599 tempestive
1462 525 1731 582 feruntur.
1766 524 1869 594 Qui
1896 525 1946 587 Α
1974 524 2128 580 donis
2157 526 2472 597 dignissime
2499 528 2571 564 ³⁸⁸
2600 528 2925 584 accumulat.
2962 522 3112 586 Unde
3137 540 3192 585 ct
3222 529 3423 585 factum
3446 540 3552 598 est,

255 618 516 686 sumptis
538 632 679 687 quos
704 620 1079 691 undecumque
1100 622 1355 695 cotligere
1378 623 1448 656 ⁸⁸⁸
1477 623 1670 687 valuit,
1698 622 1750 677 in
1777 637 1872 694 pa-

250 726 394 781 gum
426 709 1023 770 Porcensem‘devenit.
1050 715 1150 772 Ubi
1177 732 1299 772 cum
1326 730 1443 773 rem
1468 716 1754 772 militarem
1781 732 1872 771 or-

254 800 522 866 dinaret,
551 817 617 857 ac
658 804 905 860 hostibus
933 806 1129 862 bellum
1160 808 1359 863 inferre
1396 817 1632 879 pararet,
1672 808 1867 862 tiranni

250 891 529 949 Lauduni
567 895 635 927 ²⁸¹
678 896 960 952 obsidione
1003 898 1214 965 relicta,
1253 900 1306 954 in
1336 914 1519 971 regem
1553 899 1773 965 vadunt,
1806 914 1872 954 ac

248 979 616 1052 insperatum
671 985 988 1042 invadentes
1040 987 1156 1059 ejus
1201 988 1538 1059 exercitum,
1586 988 1871 1045 nonnullos

248 1084 557 1141 sternunt,
589 1076 825 1148 reliquos
848 1092 978 1134 vero
1004 1077 1056 1132 in
1081 1077 1261 1149 fugam
1298 1088 1517 1151 cogunt.
1553 1080 1669 1135 Rex
1696 1093 1726 1134 a
1756 1079 1872 1134 suis

248 1165 535 1231 eductus,
561 1168 653 1223 vix
680 1183 803 1225 cum
829 1168 1039 1225 duobus
1061 1169 1370 1236 comitibus,
1397 1171 1507 1225 vim
1534 1170 1725 1227 mortis
1744 1185 1870 1226 eva-

248 1255 348 1323 sit,
380 1257 602 1327 oppido
630 1258 772 1328 quod
813 1257 970 1315 Altus
1012 1273 1168 1315 mons
1193 1259 1392 1317 dicitur
1429 1275 1551 1317 sese
1576 1259 1866 1332 recipiens.

249 1343 506 1401 Tiranni
559 1362 657 1418 spe
698 1347 1020 1417 proditionis
1065 1347 1336 1417 frustrati,
1387 1350 1721 1406 obsidionem
1762 1349 1869 1407 sol-

251 1444 418 1501 vunt,
455 1447 631 1509 atque
656 1438 710 1493 in
736 1454 830 1495 sua
854 1440 1178 1496 concedunt.
1530 1452 1535 1463 '

323 1526 426 1582 27.
447 1528 632 1599 (942.)
660 1528 879 1584 Τίγαηηὶ
898 1547 930 1585 a
952 1548 1088 1602 papa
1110 1542 1406 1598 monentur,
1430 1549 1494 1588 ne
1520 1549 1690 1604 regent
1712 1548 1867 1586 suum

253 1629 679 1689 persequantur.
694 1620 991 1677 -—Interea
1015 1637 1044 1677 a
1068 1622 1268 1679 domno
1286 1623 1564 1694 Stephano
1586 1639 1722 1694 papa
1749 1624 1865 1694 (90)

255 1710 343 1764 vir
380 1709 583 1767 clarus
614 1713 833 1769 nomine
880 1713 1145 1771 Damasus
1179 1714 1388 1787 legatus
1434 1717 1487 1771 in
1535 1716 1742 1772 Gallias
1780 1717 1864 1772 di-

1972 627 2029 672 nt
2054 619 2143 673 alii
2171 621 2296 675 hinc
2330 619 2702 687 formidantes,
2726 621 2791 676 ad
2816 636 3001 694 regem
3030 620 3405 691 tempestivius
3431 635 3555 680 sese

1971 710 2316 766 contulerint.
2381 710 2665 769 Wilelmus
2712 712 2894 783 itaque
2954 713 3349 783 Aquitanorum
3402 713 3553 779 dux,

1970 799 2446 872 Brittanorumque
2472 801 2695 868 Alanus,
2736 804 2942 873 piratas
2972 802 3172 875 regiam
3215 817 3330 859 rem
3356 817 3558 858 curare

1970 894 2385 963 comperieutes,
2433 909 2709 952 accessum
2760 904 3053 960 maturant,
3099 910 3280 967 regem
3329 896 3554 962 adeunt,

1969 993 2132 1052 atque
2160 984 2265 1040 ﬁde
2293 985 2438 1055 pacti
2468 985 2725 1040 miliciam
2744 986 2952 1056 jurant.
2984 984 3083 1041 His
3108 985 3293 1055 itaque
3317 1000 3411 1039 rex
3437 983 3555 1040 col-

1969 1073 2156 1140 lectis,
2207 1076 2481 1145 praedictis
2528 1077 2756 1131 tirannis
2801 1077 2869 1108 ’⁸⁷
2917 1091 3078 1132 secus
3132 1074 3353 1132 ﬂuvium
3404 1076 3553 1139 Isara

1968 1165 2248 1222 locuturus
2298 1169 2561 1238 procedit.
2595 1167 2816 1223 Tiranni
2868 1168 3071 1235 regium
3111 1168 3417 1238 equitatum
3462 1182 3552 1221 su-

1968 1272 2213 1329 spectum
2242 1259 2525 1326 habentes,
2550 1267 2952 1330 prtevenerunt,
2991 1267 3154 1329 atque
3183 1267 3376 1328 pontes
3406 1272 3550 1327 prae-

1967 1350 2346 1418 cipitaverunt,
2390 1364 2553 1405 naves
2581 1346 3007 1421 circunﬂuaque
3032 1349 3088 1404 in
3115 1349 3260 1405 aliud
3294 1348 3424 1404 litus
3455 1348 3551 1403 ab—
3608 1348 3617 1361 '

1967 1446 2245 1502 ducentes.
2281 1446 2479 1516 Sicque
2505 1461 2629 1502 cum
2661 1447 2776 1502 suis
2797 1446 2851 1500 in
2878 1447 3108 1501 adverso
3126 1442 3363 1499 ﬂuminis
3390 1442 3550 1497 litore

1965 1536 2345 1592 consederunt.
2404 1537 2622 1592 Duabus
2670 1544 2877 1590 tantum
2935 1533 3195 1591 naviculis
3252 1533 3380 1588 hinc
3427 1532 3552 1587 inde

1964 1629 2388 1692 cursitantibus,
2430 1643 2525 1698 per
2577 1628 2941 1683 internuntios
2986 1624 3359 1682 controversia
3410 1623 3553 1677 inter

1965 1718 2084 1773 illos
2114 1719 2311 1789 agitata
2337 1726 2437 1772 est.
2466 1717 2706 1773 Tandem
2726 1717 2826 1772 sub
2848 1731 2980 1787 pace
2998 1722 3277 1785 sequestra
3299 1712 3549 1769 obsidum

258 1812 457 1859 rectus
482 1814 596 1871 est,
626 1806 933 1874 apostolicae
960 1808 1107 1865 sedis
1131 1808 1341 1863 litteras
1372 1808 1625 1873 ali'crcns,
1666 1804 1869 1877 jussio—
1957 1811 2081 1881 jure
2109 1827 2139 1866 a
2172 1826 2293 1867 sese
2317 1812 2621 1889 discedunt.

258 1909 389 1949 “em
425 1895 794 1966 θροειοιῖεθηι
836 1897 1179 1955 continentes
1202 1940 1218 1967 ,
1259 1908 1321 1955 ut
1348 1899 1619 1970 principes
1647 1900 1865 1970 provin-
1899 1894 1941 1953 Β
2035 1904 2128 1960 29.
2166 1903 2461 1958 Ludovicus
2507 1913 2555 1956 et
2589 1902 2709 1957 Otto
2740 1918 2882 1972 reges
2919 1902 2975 1955 in
3016 1899 3315 1953 amiciciant
3363 1910 3550 1952 conoe-

262 1986 487 2043 ciarum
533 1987 606 2018 ³⁸³
658 2002 840 2059 regem
893 2004 1049 2044 suum
1100 1988 1426 2049 Ludovicum
1475 1991 1719 2062 recipere
1757 2006 1864 2046 non

262 2075 584 2143 diﬂ'errent,
615 2094 717 2134 nec
744 2078 924 2150 gladio
954 2079 1096 2134 ultra
1137 2080 1317 2137 hostili
1361 2065 1483 2137 eum
1533 2082 1868 2138 insectaren-

265 2175 374 2222 tur.
421 2170 497 2224 Et
541 2172 596 2225 ni
649 2183 907 2238 cessent,
954 2175 1314 2231 anathematis
1362 2176 1468 2233 telo
1509 2192 1700 2233 omnes
1744 2192 1867 2234 esse

270 2258 544 2330 figendos.
573 2260 693 2328 Quo
718 2262 953 2334 episcopi
979 2265 1197 2336 cognito
1235 2265 1531 2323 Remorum
1561 2267 1863 2333 dioceseos,

268 2351 323 2405 in
345 2368 522 2407 unum
549 2370 676 2409 mox
703 2356 899 2421 coacti,
924 2357 990 2412 de
1028 2359 1375 2416 anathemate
1405 2360 1457 2416 in
1478 2376 1598 2418 sese
1618 2362 1866 2419 habendo

274 2444 371 2501 nisi
408 2445 750 2515 resipiscam
771 2447 1123 2504 vehementer
1152 2450 1225 2483 ’⁸³
1258 2460 1614 2521 pertractant.
1640 2452 1861 2509 Mitten-

277 2536 394 2591 dum
434 2537 590 2593 enim
633 2538 701 2594 ad
732 2537 1073 2595 Heribcrtum
1104 2541 1416 2612 disponunt,
1456 2543 1605 2600 etab
1629 2558 1695 2601 eo
1732 2560 1861 2615 sup-

280 2628 484 2703 pliciter
507 2630 828 2700 petendum,
852 2633 1105 2702 quatinus
1128 2634 1244 2705 ipse
1265 2634 1457 2691 ducem
1486 2637 1664 2702 adeat,
1697 2646 1863 2708 atque

293 2723 412 2791 apud
440 2738 574 2778 eum
624 2737 726 2793 pro
774 2725 918 2795 regis
968 2727 1275 2798 receptione
1316 2737 1465 2800 agat,
1518 2730 1864 2786 ostendentes

305 2813 644 2868 anathematis
703 2814 1043 2884 periculum.
1096 2827 1149 2872 et
1204 2832 1406 2887 quanta
1473 2820 1538 2875 iis
1603 2819 1864 2877 debeatur

302 2903 433 2956 ruina
460 2904 561 2969 ηδ,
591 2904 686 2974 qui
725 2905 1066 2961 dominorum
1093 2917 1495 2979 contemptores
1523 2927 1586 2967 ac
1611 2926 1864 2981 persecu-

289 2998 416 3045 tores
436 2986 565 3048 esse
581 3008 688 3048 non
706 2994 1015 3051 formidant.
1042 2996 1170 3065 Quae
1186 3001 1368 3057 suasio
1388 3000 1592 3058 nullum
1611 3001 1861 3059 effectum

279 3080 463 3136 halmit
490 3084 589 3138 "'.
623 3085 670 3139 A
698 3086 955 3156 praedicto
979 3088 1144 3143 etiam
1184 3105 1322 3160 papa
1366 3107 1490 3147 mox
1517 3092 1620 3147 alia
1664 3093 1862 3164 legatio

277 3174 477 3229 directa
532 3185 637 3242 est,
679 3193 779 3248 per
821 3176 1103 3235 Bemeusis
1139 3183 1383 3239 ecclesiae
1423 3184 1660 3256 legatos,
1703 3188 1857 3256 quia

270 3280 405 3338 papa
455 3269 651 3325 eodem
684 3272 1022 3329 sacerdotale
1066 3274 1283 3342 pallium
1311 3275 1520 3348 Hugoni
1549 3279 1859 3349 metmpoli-

272 3370 397 3417 tano
436 3362 701 3428 detulere.
754 3365 997 3423 dicentes
1041 3368 1350 3437 apostolica:
1394 3371 1658 3441 jussinuis
1715 3374 1860 3429 hanc

269 3467 391 3508 esse
416 3455 774 3521 sententiam,
801 3467 861 3513 ut
875 3457 1172 3514 Galliarum
1188 3461 1479 3533 principes,
1500 3479 1678 3534 regem
1701 3480 1857 3520 suum

268 3547 530 3614 persequi
563 3555 813 3616 parcant,
843 3557 899 3602 et
926 3548 1147 3619 insuper
1188 3551 1336 3606 illum
1371 3553 1652 3623 magnifice
1690 3556 1856 3610 attol-

268 3634 401 3690 lant.
459 3633 617 3703 Quod
661 3638 765 3693 nisi
798 3639 935 3695 intra
984 3642 1357 3712 prmscriptum
1404 3644 1546 3700 diem
1577 3644 1854 3712 alliciant,

267 3726 523 3783 horribili
558 3713 905 3788 anathemate
931 3733 1093 3804 hujus
1121 3733 1372 3791 factionis
1400 3746 1653 3793 auctores
1682 3754 1745 3792 ac
1771 3755 1860 3794 co-

270 3828 594 3887 eperatores
620 3821 737 3876 sive
764 3821 1005 3878 fautores
1028 3826 1347 3895 gravissime
1382 3842 1505 3882 esse
1533 3827 1851 3885 multandus.

273 3906 325 3964 Si
355 3926 499 3965 vero
527 3912 835 3990 apostolicae
868 3912 1099 3983 jussioni
1139 3927 1418 3987 gratanter
1446 3920 1744 3986 obtediaut,
1777 3921 1854 3976 le-

271 4011 424 4073 gatos
444 4002 680 4059 Romam
703 4006 957 4078 dirigant,
981 4011 1070 4078 qui
1098 4025 1250 4065 suam
1274 4012 1705 4068 benevolentiam
1728 4030 1856 4086 erga

270 4107 458 4165 regem
506 4110 665 4152 suum
715 4113 868 4168 papae
899 4100 1153 4156 referant.
1185 4101 1250 4157 Et
1277 4117 1376 4158 nec
1414 4104 1492 4159 sic
1529 4105 1744 4175 quidem
1790 4107 1859 4160 ti-

271 4184 465 4239 rannis
494 4185 786 4256 quicquam
815 4204 1135 4259 persuasum
1171 4200 1272 4246 est.
1301 4193 1346 4245 A
1376 4193 1572 4262 quibus
1591 4210 1713 4250 cum
1741 4197 1856 4265 regi

272 4270 613 4330 incessanter
646 4287 980 4346 quaereretur
1009 4279 1186 4346 ruina,
1212 4280 1262 4335 in
1284 4283 1617 4338 contrarium
1643 4300 1730 4341 res
1760 4300 1853 4341 eo-

271 4378 388 4420 rum
425 4375 539 4420 tota
572 4367 778 4439 relapsa
806 4379 910 4425 est.

334 4455 432 4511 28.
477 4455 589 4510 Rea:
622 4475 714 4528 per
747 4458 1023 4531 Rotgerum
1052 4464 1292 4519 comitem
1328 4465 1629 4521 Wilclmnm
1672 4470 1856 4524 ducem

269 4546 366 4601 sibi
391 4549 663 4604 conciliat.
686 4581 755 4590 —
780 4551 992 4608 Etenim
1026 4571 1115 4610 rex
1148 4557 1409 4613 honormn
1442 4575 1575 4627 usus,
1605 4562 1852 4628 consilio,

269 4636 594 4709 Rotgarium
635 4641 809 4698 virum
840 4643 1047 4700 clarum
1074 4645 1328 4703 Wilelmo
1360 4658 1671 4718 pyratarum
1703 4653 1851 4722 prin-

269 4727 375 4798 cipi
407 4745 510 4798 pro
557 4745 616 4785 se
664 4732 970 4790 locuturum
1021 4737 1239 4793 direxit.
1283 4738 1383 4808 Qui
1428 4742 1569 4811 apud
1608 4758 1730 4799 eum
1756 4758 1855 4814 pro

272 4831 399 4887 rege
436 4821 638 4888 optime
684 4820 901 4879 functus
937 4824 1226 4895 legatione,
1270 4829 1340 4883 ibi
1398 4830 1558 4885 rebus
1605 4831 1857 4888 humanis

269 4909 524 4964 excessit.
580 4912 718 4967 Ante
765 4922 941 4969 tamen
991 4917 1217 4988 principi
1268 4934 1438 4989 usque
1486 4920 1554 4975 ad
1602 4921 1851 4978 elleetum

271 5003 462 5057 suasit.
488 5003 621 5061 Nam
655 5023 762 5063 non
789 5010 958 5065 multo
981 5022 1103 5082 post
1121 5028 1339 5069 suorum
1371 5015 1641 5086 legatione
1673 5034 1850 5089 regem

273 5089 506 5150 fideliter
533 5100 788 5167 accersit,
815 5113 1208 5176 exceptumque
1254 5106 1504 5175 Rodomi,
1536 5112 1847 5180 ingentibus

1885 4602 1933 4660 D

1969 1997 2141 2061 niunt,
2172 2012 2235 2049 ac
2263 2011 2355 2059 per
2382 1992 2625 2049 Ottonem
2653 1992 2830 2063 Hugo.
2871 2023 2943 2033 -—
2978 1991 3091 2047 Rex
3126 1989 3466 2059 principibus
3492 1986 3549 2042 in

1967 2101 2100 2156 pace
2129 2086 2401 2148 dimissis,
2435 2099 2558 2140 cum
2594 2085 2781 2154 paucis
2828 2084 2931 2138 iter
2970 2083 3022 2137 in
3067 2080 3337 2152 Belgicam
3377 2085 3554 2134 retor-

1967 2187 2118 2249 quet,
2138 2176 2320 2234 Ottoni
2350 2177 2503 2247 cujus
2526 2189 2765 2230 sororem
2793 2173 3077 2244 coniugem
3115 2171 3218 2227 sibi
3241 2170 3548 2233 addixerat,

1967 2270 2034 2324 ad
2082 2268 2408 2339 loquendum
2451 2266 2769 2322 obveniens.
2820 2264 3062 2332 Quorum
3110 2259 3342 2317 consilio
3379 2259 3551 2314 multa

1966 2360 2257 2416 concordia
2288 2356 2535 2424 ﬁrmato,
2573 2356 2868 2412 amicitiam
2916 2362 3105 2409 mutuo
3146 2347 3551 2407 conditionibus

1965 2460 2228 2509 statuunt.
2249 2452 2325 2507 Ac
2349 2450 2455 2507 line
2478 2450 2679 2520 negotii
2709 2434 2997 2515 facto,'rex
3028 2443 3346 2500 Laudunum
3364 2441 3546 2499 rediit.

1965 2540 2094 2599 Otto
2124 2555 2252 2596 vero
2280 2540 2558 2611 Hugonem
2593 2540 2646 2594 in
2693 2538 2834 2609 regis
2868 2537 3097 2606 gratiam
3146 2533 3404 2588 reducere
3462 2545 3548 2586 sa-

1967 2633 2203 2703 tagebat.
2226 2632 2398 2699 Quem
2430 2630 2618 2684 multis
2632 2629 2919 2684 verborum
2945 2624 3181 2681 stimulis
3212 2620 3552 2677 familiariter

1964 2740 2030 2779 ac
2059 2725 2162 2779 levi
2188 2725 2374 2779 furore
2407 2724 2760 2794 redarguens,
2789 2736 2856 2777 eo
2881 2719 3022 2790 quod
3053 2717 3164 2789 regi
3206 2730 3305 2773 suo
3330 2724 3551 2771 contra-

1964 2817 2092 2882 iret,
2140 2815 2527 2884 dominumque
2557 2812 2811 2869 insectari
2844 2826 2952 2867 non
2993 2809 3333 2868 formidaret,
3358 2807 3426 2862 ad
3455 2820 3545 2861 re-

1964 2921 2085 2978 gem
2112 2906 2288 2961 redire
2314 2903 2510 2961 effecit.
2538 2903 2605 2959 Et
2627 2913 2866 2973 tempore
2886 2907 3175 2985 oportuno,
3201 2896 3548 2968 prudentium

1965 2998 2325 3069 legationibus
2354 2995 2670 3067 praemissis,
2701 2994 2814 3065 regi
2843 2993 3034 3049 ducem
3060 2989 3293 3055 reducit,
3334 2987 3549 3057 sibique

1963 3090 2234 3146 conciliat.

2033 3183 2122 3238 30.
2161 3182 2463 3253 Principum
2500 3181 2641 3252 apud
2681 3195 2847 3250 regem
2892 3186 3193 3239 conventus,
3223 3191 3284 3229 ac
3311 3169 3547 3229 Wilelnti

1961 3276 2016 3330 in
2041 3291 2222 3329 eorum
2249 3274 2488 3327 contione
2530 3270 2889 3327 tumultuatio.
2920 3301 2981 3310 —
3004 3269 3150 3324 Duce
3174 3281 3306 3337 ergo
3344 3264 3398 3319 in
3426 3261 3543 3333 pri-

1961 3369 2158 3425 stinam
2189 3366 2417 3439 gratiam
2462 3374 2734 3430 revocato,
2759 3378 2883 3419 cum
2916 3362 3032 3432 ipse
3065 3361 3264 3414 virtute
3298 3365 3353 3412 et
3375 3354 3544 3426 copiis

1958 3459 2332 3523 antecelleret,
2366 3457 2456 3511 alii
2492 3463 2888 3526 consequenter
2934 3451 3142 3509 reducti
3172 3456 3317 3506 sunt.
3355 3445 3545 3502 Omni-

1959 3551 2062 3608 bus
2090 3551 2275 3621 itaque
2299 3550 2365 3603 ad
2396 3563 2579 3619 regem
2606 3546 2858 3611 reversis,
2893 3546 2943 3601 in
2969 3544 3099 3600 ﬁsco
3118 3542 3271 3613 regio
3292 3539 3545 3594 Atiniaco

1958 3644 2297 3714 principibus
2330 3642 2399 3696 ab
2444 3656 2570 3713 rege
2602 3649 2724 3711 post
2776 3640 2894 3696 dies
2944 3638 3163 3709 triginta
3214 3632 3544 3702 colloquium

1959 3734 2262 3790 habendum
2311 3731 2590 3787 indicitur.
2640 3731 2706 3785 Et
2733 3729 2821 3785 die
2858 3728 3159 3785 constituta
3186 3739 3283 3780 rex
3314 3722 3385 3778 ibi
3417 3734 3544 3777 cum

1956 3824 2358 3897 provinciarum
2406 3822 2742 3893 principibus
2778 3820 2970 3883 affuit,
3014 3817 3240 3887 Ilugone
3294 3812 3546 3877 videlicet

1961 3925 2324 3990 cognomento
2355 3914 2569 3985 Magne,
2622 3910 2850 3967 Arnnlfo
2897 3909 3251 3971 Morinorum,
3289 3904 3545 3959 Wilelmo

1959 4012 2257 4083 piratarum
2282 4005 2525 4069 ducibus,
2549 4020 2612 4059 ac
2643 4002 2928 4058 Heriberto
2953 3998 3186 4054 tiranno.
3231 3993 3344 4050 Nec
3372 3990 3546 4048 defuit

1959 4105 2213 4163 Saxonis:
2240 4118 2333 4158 rex
2385 4100 2532 4158 Otto.
2580 4097 2890 4153 Ludovicus
2930 4109 3024 4149 rex
3063 4106 3187 4149 cum
3215 4089 3279 4143 in-
3297 4084 3543 4143 conclavi

1957 4213 2078 4254 sese
2113 4210 2235 4251 cum
2263 4191 2460 4249 Ottone
2505 4206 2631 4261 rege
2670 4189 2742 4222 ³³⁸
2771 4202 2835 4242 ac
2861 4182 3198 4257 principibus
3228 4177 3539 4248 recepisset,

1958 4286 2185 4349 consilio
2233 4285 2496 4339 incertum
2524 4297 2592 4335 an
2633 4279 2895 4343 fortuitu,
2930 4275 3077 4333 solus
3123 4270 3406 4328 Wilelmus
3433 4267 3542 4323 dux

1957 4379 2225 4435 admissus
2260 4391 2368 4431 non
2401 4385 2504 4430 est.
2546 4372 2768 4428 Dincius
2795 4384 2925 4439 ergo
2975 4364 3157 4422 aﬂ‘nris
3195 4367 3539 4430 exspectans,

1957 4485 2079 4526 cum
2113 4485 2218 4524 non
2249 4474 2555 4529 vocaretur,
2590 4478 2702 4517 rem
2734 4461 2915 4515 animo
2953 4458 3091 4512 irato
3142 4452 3368 4508 ferebat.
3398 4448 3545 4504 Tan.

1959 4563 2079 4617 dem
2110 4560 2162 4614 in
2197 4560 2332 4614 iram
2358 4572 2552 4612 versus
2578 4562 2764 4625 utpote
2799 4567 2959 4607 manu
2989 4559 3043 4605 et
3066 4545 3285 4603 audatia
3318 4542 3547 4609 nimius,

1961 4653 2167 4708 foribus
2205 4650 2404 4706 clausis
2428 4648 2535 4702 vim
2574 4646 2777 4711 intulit,
2818 4660 2880 4699 ac
2923 4651 3221 4698 retrorsum
3245 4633 3543 4691 vibrabun-.

1958 4747 2058 4801 dus
2089 4744 2157 4801 ’8?
2190 4743 2390 4812 adegit.
2417 4741 2804 4811 Ingressusque
2844 4736 3042 4791 lectum
3069 4729 3413 4799 conspicatur
3439 4741 3536 4797 ge-

1956 4836 2245 4893 statorium
2284 4833 2375 4888 ”°.
2410 4832 2465 4887 In
2497 4844 2604 4901 quo
2646 4829 2810 4885 etiam
2840 4843 2871 4881 a
2910 4832 3066 4895 parte
3101 4817 3385 4878 cervicalis
3410 4816 3551 4872 Ulla.

1956 4928 2204 4994 editiore,
2236 4942 2330 4982 rex
2364 4939 2490 4980 vero
2517 4923 2569 4978 in
2590 4930 2743 4992 parte
2780 4927 3022 4975 extrema
3054 4912 3308 4969 humilior
3335 4909 3544 4965 resideo.

1958 5020 2070 5074 bat.
2102 5019 2157 5074 In
2187 5032 2420 5089 quorum
2446 5021 2732 5085 prospectu
2771 5010 2924 5080 lIugo
2948 5018 3002 5064 et
3040 5002 3300 5061 Arnulfus
3325 4999 3550 5056 duabus.

1955 5110 2255 5166 residentes
2310 5106 2496 5172 sellis,
2558 5102 2769 5160 consilii
2833 5100 3079 5157 ordinem
3125 5089 3542 5167 exspectabant..

1565 5284 1799 5342 VARIIE
1840 5284 2245 5351 LECTIONES.

342 5414 409 5446 ’“
433 5414 623 5485 collige
642 5414 758 5468 cod.
835 5415 905 5448 ³⁸⁸
938 5414 1226 5471 Remorum
1261 5417 1312 5471 1.

279 5501 332 5538 n.
374 5502 423 5539 e.
477 5484 699 5541 haberet
745 5487 796 5540 I.
887 5485 957 5519 ³⁸⁸
987 5488 1373 5543 humanissime
1407 5489 1457 5542 l.

281 5555 346 5587 ’θ’
371 5572 420 5625 g.
454 5555 821 5631 pulvinaribus
851 5573 915 5612 ac
940 5552 1136 5614 cetéris
1161 5560 1483 5616 necessariis
1508 5566 1737 5617 stratum
1769 5552 1819 5616 l.

1388 5418 1456 5452 ³⁸⁸
1494 5433 1778 5521 regnorum
1808 5420 1858 5474 1.
1934 5419 2005 5452 ’⁸⁸
2039 5418 2243 5473 utiliter
2277 5419 2327 5472 1.
2404 5417 2476 5449 ⁸⁸⁸

1407 5489 1427 5521 Ι
1586 5490 1629 5521 I7
1684 5490 1888 5521 ιιι-η.ιηῖ
1927 5499 1973 5521 ηε
2012 5489 2295 5521 ΙΙΑνῖΙιοι-ιη
2346 5487 2476 5521 ηΙΛη

1586 5490 1629 5521 ³⁷
1682 5490 1891 5558 Hugoni
1927 5499 1983 5546 et
2012 5489 2295 5547 IIeriberto
2344 5487 2536 5560 glossa.

2513 5431 2569 5487 q,
2605 5415 2723 5487 labe
2760 5410 3135 5487 adiciantur}:
3190 5406 3358 5487 _”"_s_.
3407 5421 3529 5487 cum

2632 5486 2703 5519 ⁸⁸⁸
2734 5501 2855 5542 cum
2909 5484 2957 5536 1.
3060 5480 3129 5512 ’⁸³
3186 5478 3423 5536 fervidus
3474 5479 3527 5534 l.

1791 5671 2021 5731 NOTAE.

347 5763 454 5836 (90)
495 5764 767 5835 Stephano
794 5763 925 5819 VIII.
