4026 6312
446 440 515 496 63
1570 429 1847 489 RICHERI
1879 429 1937 485 S.
1972 426 2236 482 REMlGll
2272 427 2583 486 MONAClll
3644 433 3718 491 δι

446 554 732 611 Wilelmus
775 552 918 623 regis
962 552 1214 623 injuriam
1257 567 1362 606 non
1410 565 1637 622 passus:
1677 568 1695 601 ε
1724 550 1806 604 An
1855 546 2030 615 inquit
2058 547 2104 605 Α
2134 546 2417 602 advenisse
2458 548 2816 619 contingeret.
2858 549 3099 621 Cumque
3137 547 3250 618 jam
3301 549 3581 621 navigaret
3618 566 3723 623 per

448 648 534 702 his
573 647 837 700 interesse
867 659 973 699 non
1002 644 1203 698 debui?
1231 642 1600 698 Desertorisne
1641 640 1906 695 dedecore
1934 639 2033 693 ali-

449 738 667 806 quando
696 735 917 791 sordui?
948 756 965 787 υ
988 734 1356 805 Fervidusque
1375 734 1777 805 propinquans:
1808 751 1827 785 ι
1862 732 2033 802 Surge

453 829 630 898 inquit
659 828 937 898 paululum
968 843 1062 882 rex
1092 828 1105 879 ε
1144 847 1161 878 ι
1190 826 1307 893 Quo
1347 841 1469 879 mox
1501 835 1775 895 surgente,
1808 823 1920 893 ipse
1951 838 2035 876 re-

452 918 611 972 sedit.
672 918 924 986 Dixitque
984 916 1238 989 indecens
1285 931 1407 971 esse
1452 930 1631 985 regem
1682 913 2032 979 inferiorem,

455 1010 619 1062 alium
640 1024 771 1063 vero
790 1008 1084 1078 quemlibet
1114 1008 1452 1077 superiorem
1476 1007 1666 1061 videri.
1698 1004 2039 1074 Quapropter

455 1109 707 1170 oportere
730 1100 980 1155 Ottoncm
1007 1100 1130 1153 inde
1160 1099 1395 1161 amoliri,
1430 1099 1651 1168 regique
1675 1099 1886 1153 cedere.
1913 1096 2039 1152 Otto

455 1191 658 1261 pudore
693 1189 918 1245 affectus
950 1192 1144 1259 surgit.
1169 1205 1231 1243 ac
1260 1189 1368 1258 regi
1400 1190 1560 1243 cedit.
1593 1188 1702 1242 Rex
1737 1188 1917 1257 itaque
1947 1204 2041 1241 su-

459 1284 660 1353 perior,
701 1291 756 1337 at
785 1282 1071 1337 Wilelmus
1110 1280 1334 1334 inferior
1360 1280 1743 1335 consederunt.

527 1374 615 1428 3|.
659 1373 780 1428 Otto
810 1374 1060 1441 injuriam
1095 1372 1189 1425 sub
1216 1373 1389 1438 Specie
1432 1372 1556 1439 ﬁdei
1601 1372 1853 1425 habentia?
1884 1373 2042 1427 dissi-

459 1466 643 1528 mulat,
691 1466 903 1536 ejusque
944 1465 1261 1531 conquestio.
1302 1495 1366 1503 —
1403 1463 1527 1519 Οιῑο
1555 1464 1765 1533 penitus
1794 1463 2041 1530 injuriam

462 1554 831 1617 dissimulans,
884 1555 1079 1610 baculo
1124 1555 1340 1610 innixus
1387 1564 1563 1624 empto
1616 1541 1830 1624 negotio
1884 1555 2043 1610 ﬁnem

464 1645 596 1699 dare
645 1646 839 1699 stando
867 1645 1167 1714 satagebat.
1207 1645 1283 1700 Ac
1326 1646 1619 1700 rationilms
1650 1645 2043 1709 determinatis,

465 1753 563 1793 rex
592 1753 711 1792 eum
752 1736 1152 1792 consultoribus
1189 1752 1414 1807 surgens
1453 1736 1743 1807 egreditur.
1794 1734 1918 1790 Otto
1966 1735 2049 1788 in-

460 1828 662 1897 juriam
724 1826 792 1857 ’⁸⁸
842 1825 1078 1881 Wilelmi
1139 1827 1609 1881 vehementissime
1668 1824 2043 1887 dissimulans,

2136 636 2373 707 pelagus.
2406 653 2503 708 per
2531 639 2842 709 conjuratos
2878 640 3045 695 multo
3084 641 3320 697 clamore
3344 650 3718 709 revocaretur,

2137 731 2246 784 aesi
2282 730 2484 801 aliquid
2514 734 2845 803 praecipuum
2872 732 3143 788 oblivione
3176 733 3599 803 praetermissum
3623 749 3724 789 au-

2139 819 2369 875 diturus.
2404 821 2658 877 Navicula
2689 839 2818 894 ergo
2847 825 3102 879 advectus
3134 839 3255 879 cum
3289 825 3497 895 paucis,
3522 825 3642 880 aliis
3667 826 3722 881 in

2140 911 2331 981 pelago
2362 915 2773 981 expectantibus
2801 954 2816 977 ,
2865 914 3129 985 conjurati
3177 913 3365 985 gladiis
3392 915 3600 969 eductis
3643 913 3730 968 in-

2141 1016 2360 1060 cautum
2390 1008 2755 1064 adorirentur.
2780 1008 2835 1063 Si
2855 1024 2981 1063 vero
3001 1017 3255 1079 equester
3281 1009 3579 1073 adveniret,
3602 1015 3733 1078 post

2143 1097 2356 1151 consilii
2399 1095 2560 1152 ﬁnem
2609 1098 2836 1153 Arnulfo
2867 1099 3135 1170 digresso.
3180 1098 3375 1169 illoque
3416 1098 3728 1163 recedente,

2144 1189 2410 1257 conjurati
2440 1188 2731 1244 identidem
2764 1206 2887 1245 eum
2919 1199 3244 1259 repeterent,
3281 1205 3531 1260 magnum
3563 1190 3731 1260 quid—

2146 1279 2269 1333 dam
2299 1295 2417 1334 sese
2450 1279 2643 1335 afferre
2666 1282 3004 1347 simulantes,
3036 1282 3354 1351 quibusdam
3382 1283 3544 1336 etiam
3570 1282 3735 1336 seriis

2146 1373 2378 1426 accitum
2411 1374 2732 1439 detinerent,
2777 1375 2947 1429 donec
2970 1374 3180 1429 cunctis
3227 1375 3593 1444 prtceuntibus
3635 1391 3734 1429 ex-

2150 1470 2354 1517 tremus
2406 1474 2704 1519 retrorsum
2755 1465 3049 1519 incederet.
3093 1465 3263 1531 Quem
3307 1466 3484 1520 adorsi
3534 1465 3735 1537 gladiis

2150 1569 2256 1608 non
2291 1555 2469 1609 minus
2511 1556 3038 1610 transverberarcnt.
3068 1556 3465 1626 lnsurgentimn
3492 1571 3620 1610 vero
3649 1556 3736 1625 pi-

2152 1649 2389 1697 ratarum
2427 1644 2534 1697 vim
2567 1645 2881 1711 evaderent,
2907 1643 2950 1699 si
2982 1646 3136 1714 cquis
3164 1645 3437 1701 velocibus
3471 1646 3632 1716 rapti,
3664 1645 3738 1700 ad

2151 1734 2427 1793 dominum
2460 1752 2584 1790 cum
2613 1737 2782 1808 copiis
2805 1738 3207 1808 praestolantem
3234 1738 3570 1809 transfugere
3598 1748 3742 1794 tem-

2153 1826 2832 1895 pestiviusaecelerarent.
2860 1828 3071 1883 Piratas
3095 1830 3255 1881 etiam
3284 1836 3411 1882 tunc
3434 1828 3567 1882 nihil
3590 1827 3739 1882 aliud

465 1920 604 1989 apud
643 1934 764 1974 cmn
802 1919 867 1975 de
910 1920 1031 1973 tidei
1077 1922 1379 1975 constantia
1433 1920 1576 1973 inter
1618 1935 1737 1973 sese
1784 1917 2044 1973 servanda
2080 1900 2120 1957 Π
2152 1934 2311 1987 quam
2334 1929 2427 1974 aut
2455 1921 2635 1989 fugam
2662 1922 3078 1987 aceeleraturos,
3110 1930 3200 1975 aut
3224 1922 3425 1977 domini
3447 1922 3740 1991 exsequias

466 2011 760 2081 plurimum
815 2012 1103 2066 consultat.
1153 2011 1305 2066 Unde
1356 2022 1409 2064 et
1460 2020 1776 2079 conceptum
1820 2009 2050 2073 farimis,

469 2106 637 2159 variis
667 2104 954 2160 verborum
993 2105 1264 2159 coloribus
1291 2104 1521 2157 obvelat.
1569 2104 1774 2171 Quibus
1798 2105 2047 2172 peractis,

469 2212 565 2250 rex
603 2212 724 2251 cum
754 2196 1013 2250 Wilelmo
1044 2198 1111 2250 ad
1156 2212 1249 2249 sua
1304 2204 1527 2257 remeat,
1581 2195 1707 2249 Otto
1751 2212 1882 2249 vero
1930 2211 2052 2249 cum

472 2288 695 2359 llugone
724 2298 779 2344 et
815 2288 1045 2343 Arnulfo
1074 2289 1359 2343 consilium
1385 2288 1671 2343 conferens
1700 2330 1713 2351 ,
1763 2290 1828 2342 de
1860 2288 2053 2357 injuria

473 2380 712 2451 irrogata
770 2381 909 2449 apud
956 2381 1074 2437 illos
1119 2382 1348 2450 amplius
1399 2385 1862 2450 conquer-eluitur;
1918 2382 2058 2436 ultra

474 2489 687 2544 aequum
717 2482 771 2528 et
814 2472 904 2543 jus
937 2490 1053 2529 sese
1100 2485 1343 2544 spretum
1388 2490 1727 2539 memorans,
1772 2490 1833 2529 ac
1874 2490 2057 2529 coram

477 2568 669 2622 amicis
716 2583 745 2621 a
796 2569 1015 2623 sedibus
1062 2579 1325 2624 amotum.
1373 2569 1591 2624 Amicos
1640 2583 1767 2637 ergo
1823 2568 2064 2637 compati

476 2667 748 2731 oportere,
778 2669 833 2715 et
865 2660 1020 2715 amici
1062 2661 1315 2730 injuriam
1358 2676 1511 2715 suam
1554 2660 1749 2715 debere
1781 2660 2057 2716 arbitrari.

476 2754 560 2808 Ab
589 2754 669 2809 eis
697 2769 912 2825 quoque
955 2763 1158 2808 tantam
1202 2754 1541 2809 insolentiam
1589 2769 1931 2822 summopere
1979 2769 2064 2809 re-

476 2847 779 2919 pellendam
813 2848 1010 2913 aiebat,
1042 2863 1164 2901 cum
1205 2862 1267 2901 ea
1315 2846 1526 2901 facilius
1556 2847 1620 2899 ad
1659 2862 1753 2902 eos
1782 2848 2064 2915 pervenire

481 2940 674 2993 valeat.
708 2938 842 2994 Nam
888 2941 978 3009 qui
1011 2940 1112 2995 sibi
1155 2940 1266 3011 regi
1314 2955 1420 2994 non
1468 2940 1709 3005 indulsit,
1738 2941 1915 2995 minus
1961 2940 2064 2995 illis

480 3030 832 3084 indulturum.
867 3029 997 3096 Qua:
1026 3031 1235 3095 oratio,
1270 3030 1560 3100 plurimam
1610 3030 1869 3084 invidiam
1906 3045 2066 3099 para-

481 3119 579 3184 vit,
619 3134 682 3173 ac
709 3120 913 3175 amicos
961 3120 1012 3173 in
1063 3120 1245 3175 odium
1280 3120 1515 3174 Wilelmi
1547 3120 1812 3187 incitavit,
1847 3137 1968 3176 eum
2013 3129 2067 3176 et

482 3210 581 3279 ipsi
613 3212 858 3279 quamvis
906 3212 1139 3268 latenter
1167 3214 1214 3267 ei
1252 3214 1411 3268 admo
1435 3214 1540 3267 'qu
1584 3214 1902 3269 inviderent.
1940 3213 2065 3270 Otto

483 3315 577 3354 rex
604 3302 671 3354 ad
709 3316 804 3355 sua
838 3302 1016 3356 rediit.

552 3391 642 3446 32.
686 3391 1000 3447 Deliberatio
1044 3393 1282 3464 Hugom‘s
1310 3404 1356 3449 et
1394 3395 1602 3465 Amulli
1648 3398 1711 3451 de
1753 3407 1915 3451 morte
1958 3398 2071 3453 Wi-

485 3481 647 3538 lelmi.
673 3512 741 3523 —
770 3482 920 3553 Hugo
942 3490 995 3538 et
1022 3484 1281 3539 Arnulfus
1310 3487 1436 3553 quid
1464 3485 1656 3540 facturi
1692 3487 1942 3543 Wilelmo
1979 3504 2068 3543 es-

486 3586 607 3633 sent
631 3577 1019 3634 deliberabant.
1044 3578 1099 3633 Si
1130 3593 1251 3632 eum
1284 3579 1463 3647 gladio
1484 3581 1753 3644 occidant,
1787 3582 1853 3636 ad
1890 3582 2069 3636 omnia

487 3686 607 3727 sese
660 3671 777 3726 fieri
836 3672 1196 3742 expeditiores
1251 3672 1488 3729 aiebant.
1544 3674 1743 3746 Regem
1792 3674 1955 3730 etiam
2003 3674 2071 3730 ad

488 3764 863 3833 quodeumque
883 3764 1081 3820 ‘volent
1120 3764 1329 3822 facilius
1372 3766 1683 3834 inﬂexuros,
1720 3769 1764 3823 si
1810 3769 1854 3825 is
1898 3769 2071 3825 solum

405 3862 415 3871 '
488 3865 697 3927 pereat,
740 3871 847 3927 quo
884 3873 977 3912 rex
1003 3855 1174 3913 fretus
1195 3858 1260 3912 ad
1296 3874 1523 3929 qumque
1563 3858 1703 3915 ﬂecti
1730 3871 1980 3931 nequeat.
2012 3861 2070 3916 Si

491 3958 672 4005 autem
705 3966 809 4005 non
854 3951 1125 4015 occidant,
1159 3952 1459 4007 discordias
1490 3960 1653 4021 atque
1680 3953 1801 4007 lites
1825 3954 1942 4007 sine
1970 3954 2071 4007 du-

488 4041 579 4097 bio
607 4049 984 4111 proventuras,
1012 4057 1075 4097 ac
1103 4043 1189 4098 bis
1208 4043 1494 4098 occasione
1515 4057 1749 4107 emersa,
1779 4042 2070 4097 multorum

490 4141 726 4202 stragem
763 4130 1023 4185 futuram.
1054 4132 1123 4186 At
1153 4132 1347 4187 horum
1372 4142 1659 4202 utrumque
1710 4134 2072 4203 perniciosum

491 4222 803 4286 censebant,
837 4236 959 4276 cum
987 4222 1039 4276 in
1066 4222 1339 4277 occisione
1366 4222 1640 4277 homicidii
1670 4232 1851 4279 rectus
1878 4225 2074 4279 redun-

493 4313 668 4377 daret,
707 4313 841 4369 etin
873 4316 1243 4370 reservatione
1275 4315 1505 4370 tirannis
1546 4314 1723 4370 futura
1766 4326 2070 4387 appareret.

493 4403 571 4459 De
605 4404 878 4460 occisione
925 4407 1138 4461 tandem
1187 4407 1457 4477 persuasi,
1509 4415 1819 4477 patraturos
1865 4408 2076 4465 facinus

495 4498 820 4563 accersiunt,
853 4498 961 4552 vim
992 4499 1196 4569 negotii
1232 4499 1583 4568 explicantes,
1616 4511 1779 4571 atque
1810 4502 1863 4555 in
1888 4501 2076 4556 Wilel-

2153 2012 2565 2083 proeuraturos.’
2604 2014 2804 2085 Sicque
2831 2015 3032 2071 factum
3062 2026 3227 2083 esset,
3254 2025 3315 2070 ut
3337 2016 3563 2071 Arnulfo
3587 2017 3743 2088 igno-

2157 2113 2310 2159 rante
2330 2120 2395 2160 eo
2414 2107 2556 2177 quod
2586 2107 2783 2178 absens
2808 2117 2970 2175 esset,
3003 2116 3211 2163 tantum
3233 2108 3444 2165 facinus
3465 2118 3742 2180 patratum

2153 2195 2447 2251 videretur.

2226 2287 2313 2342 '55.
2350 2288 2520 2358 (945.)
2560 2288 2792 2344 Wilelmi
2819 2291 2968 2345 ducis
2997 2292 3313 2362 interfectio.
3337 2323 3406 2332 —
3430 2291 3615 2363 Legati
3642 2292 3746 2345 ita-

2157 2395 2263 2450 que
2294 2381 2507 2447 directi,
2535 2382 2861 2452 colloquium
2891 2394 3081 2455 petunt
3114 2393 3168 2440 et
3201 2386 3468 2441 obtinent.
3505 2384 3746 2455 Tempus

2157 2481 2278 2540 post
2306 2472 2420 2527 dies
2438 2472 2519 2525 ’50
2560 2473 2741 2527 datur.
2789 2475 2965 2531 Locus
3009 2491 3225 2546 quoque
3255 2477 3307 2531 in
3350 2491 3489 2547 pago
3518 2476 3742 2531 Ambia-

2161 2565 2308 2618 nensi
2343 2579 2499 2620 secus
2525 2564 2742 2620 ﬂuvium
2761 2565 3059 2633 Summam,
3091 2569 3180 2623 ubi
3208 2578 3292 2623 est
3317 2569 3487 2624 insula
3523 2568 3738 2624 Pinelii-

2164 2673 2261 2712 nea
2293 2659 2628 2714 conceditur.
2656 2659 2989 2731 Negotioque
3011 2671 3248 2732 peracto,
3283 2662 3444 2733 legati
3498 2661 3736 2716 redeunt.

2164 2749 2429 2820 Tempore
2455 2766 2584 2822 ergo
2622 2753 2939 2818 constituto,
2962 2751 3219 2807 Arnulfus
3244 2761 3411 2818 terra,
3444 2751 3729 2807 Wilelmus

2165 2858 2303 2911 aqua
2337 2844 2387 2896 in
2424 2843 2597 2898 locmn
2622 2830 2950 2900 destinatum
2981 2844 3331 2899 conveniunt.
3353 2845 3434 2900 Ac
3467 2845 3533 2899 de
3562 2843 3751 2898 amici-

2165 2934 2247 2989 cia
2282 2934 2527 3000 multum,
2560 2935 2851 3003 plurimum
2903 2936 2969 2991 de
3018 2935 3121 2991 fide
3158 2937 3432 3007 utrimque
3482 2937 3754 2992 servanda

2167 3025 2415 3081 collocuti
2460 3036 2615 3091 sunt,
2647 3039 2810 3097 atque
2840 3037 2960 3099 post
2988 3028 3274 3084 nonnullos
3302 3044 3580 3086 sermones
3614 3044 3645 3083 a
3693 3045 3755 3085 se

2170 3115 2349 3170 soluti.
2372 3116 2630 3173 Arnulfus
2661 3119 2891 3173 reditum
2935 3119 3216 3185 simulans,
3256 3121 3644 3191 aliquantisper
3673 3120 3757 3175 di-

2095 3249 2140 3309 c
2171 3209 2432 3281 greditur.
2465 3208 2748 3265 Wilelmus
2774 3225 2904 3266 vero
2937 3211 3003 3266 ad
3030 3210 3259 3267 classem
3302 3212 3482 3267 rediit.
3519 3211 3753 3266 Navicuo

2173 3303 2387 3371 Iamque
2416 3302 2692 3371 ingressus
2715 3303 2841 3357 dum
2869 3318 2965 3371 per
2993 3303 3213 3374 pelagus
3242 3302 3545 3372 navigaret,
3569 3319 3599 3356 a
3623 3318 3756 3358 cono

2166 3392 2362 3462 juratis
2390 3390 2559 3444 multo
2586 3392 2815 3461 strepitu
2846 3393 2916 3428 ’⁸³
2949 3391 3290 3458 inclamatus,
3320 3407 3536 3463 proram
3562 3393 3758 3447 obver-

2175 3484 2257 3537 tit.
2293 3482 2691 3552 Reniigansque
2710 3483 2777 3537 ad
2808 3483 2955 3549 litus,
2982 3484 3112 3554 quid
3135 3483 3330 3539 vellent
3355 3483 3754 3548 sciscitaturus,

2174 3573 2330 3628 redit.
2365 3572 2438 3627 Illi
2465 3588 2587 3628 mox
2618 3574 2871 3644 quiddam
2899 3574 3324 3643 pratoeissimum
3348 3589 3407 3629 se
3433 3573 3643 3629 deferre
3670 3588 3759 3628 as-

2173 3674 2380 3730 serunt,
2407 3665 2551 3735 quod
2579 3682 2609 3719 a
2633 3666 2851 3721 domino
2874 3680 2972 3720 suo
2985 3664 3252 3720 oblivione
3272 3680 3618 3739 suppressum
3635 3663 3755 3718 fuit.

2174 3759 2292 3813 Dux
2333 3759 2578 3814 navicula
2609 3760 2753 3814 litori
2801 3761 3024 3830 apulsa,
3057 3760 3177 3815 illos
3223 3760 3446 3831 excipit,
3487 3776 3517 3813 a
3561 3759 3761 3829 quibus

2174 3852 2333 3906 etiam
2375 3866 2497 3905 mox
2542 3852 2735 3922 gladiis
2773 3852 2983 3924 eductis
3031 3851 3100 3883 m
3149 3852 3498 3907 interimitur.
3541 3850 3761 3906 Duobus

2174 3959 2389 4013 quoque
2419 3944 2709 4013 puberibus
2735 3944 2826 4013 qui
2858 3959 2981 3998 eum
3031 3959 3095 3999 eo
3144 3944 3377 3998 inermes
3419 3944 3673 4008 aderant,
3705 3952 3761 3997 et

2175 4044 2335 4091 nauta
2389 4035 2668 4102 sauciatis,
2714 4051 2743 4089 a
2776 4035 3025 4091 navicula
3072 4035 3365 4106 facinorosi
3411 4034 3658 4098 exiliunt,
3694 4048 3762 4088 ac

2175 4138 2296 4200 post
2325 4129 2604 4183 conscium
2645 4130 2921 4183 dominum
2950 4129 3003 4182 in
3033 4126 3210 4199 fugam
3239 4127 3506 4181 feruntur.
3536 4126 3637 4193 Qui
3664 4140 3762 4180 au-

2178 4235 2282 4280 tem
2308 4223 2421 4293 jam
2454 4240 2550 4295 per
2576 4224 2799 4296 pelagus
2830 4223 3174 4294 navigabant,
3221 4222 3467 4276 conversi
3509 4220 3636 4275 litus
3669 4235 3759 4275 re-

2178 4319 2361 4372 lictum
2389 4326 2662 4388 repetunt,
2692 4332 2755 4372 ac
2784 4311 3065 4371 dominum
3092 4315 3495 4383 interemptum,
3519 4314 3762 4383 duosque

2176 4412 2407 4483 puberes
2447 4421 2500 4467 et
2542 4419 2762 4465 nautam
2809 4408 3081 4464 sauciatos
3110 4405 3414 4460 inveniunt.
3447 4403 3761 4474 Sumptum-

2178 4522 2283 4576 que
2322 4504 2526 4560 domini
2568 4494 2765 4573 corpus
2810 4498 3136 4555 lamentabili
3167 4497 3427 4568 obsequio
3473 4497 3763 4569 sepulturae

494 4602 643 4643 mum
677 4587 964 4658 conjurare
1010 4589 1235 4644 faciunt.
1266 4590 1430 4661 Cujus
1468 4591 1861 4648 interfectionis
1901 4595 2073 4650 series
2101 4606 2150 4666 ι)
2176 4602 2479 4668 deportant.

493 4695 619 4735 mox
646 4681 784 4750 apud
818 4681 1128 4752 conjuratos
1158 4682 1232 4738 ita
1274 4683 1597 4752 disponitur,
1630 4691 1688 4739 ut
1733 4686 1801 4740 ab
1850 4685 2077 4741 Arnulfo

494 4770 655 4842 legati
691 4771 1056 4837 mitterentur,
1097 4773 1186 4843 qui
1219 4789 1318 4843 pro
1346 4775 1614 4845 colloquio
1650 4777 1817 4832 multa
1848 4778 2077 4833 necessi-

498 4869 608 4915 tate
646 4860 697 4914 in
734 4860 981 4930 proximo
1033 4862 1279 4918 habendo
1333 4865 1474 4935 apud
1526 4865 1837 4922 Wilelmum
1883 4868 2074 4924 idonee

493 4952 760 5025 legatione
777 4952 1146 5023 fungerentur.
1164 4955 1240 5011 De
1256 4965 1498 5028 tempore
1518 4970 1839 5030 quaererent,
1858 4963 2074 5031 quando

493 5046 597 5102 sibi
643 5044 1038 5102 obveniendum
1074 5046 1230 5103 foret.
1280 5048 1481 5105 Locum
1508 5066 1637 5107 vero
1668 5067 1824 5107 secus
1850 5051 2071 5110 ﬂuvium

494 5137 772 5191 Summam
807 5144 1069 5208 peterent.
1099 5138 1218 5207 Quo
1248 5141 1362 5209 ipse
1405 5157 1435 5196 a
1485 5151 1626 5198 terra
1666 5160 1760 5199 sua
1792 5146 1972 5217 egredi
2019 5155 2074 5203 et

495 5228 842 5285 eolloeuturis
873 5231 1132 5301 obvenire
1177 5233 1511 5302 dignaretur.
1538 5234 1638 5302 Qui
1667 5248 1950 5307 postquam
1978 5239 2070 5294 ad-

496 5320 722 5387 veniret,
750 5330 805 5376 et
833 5323 901 5377 ab
929 5323 1119 5378 amicis
1145 5332 1404 5394 exceptus
1425 5335 1590 5391 esset,
1617 5327 1934 5385 deamicitia
1958 5330 2073 5401 plu-

498 5407 713 5474 rimum,
747 5412 974 5468 multum
999 5414 1164 5470 etiam
1203 5415 1269 5470 de
1309 5414 1415 5471 ﬁde
1448 5429 1832 5487 proponerent.
1859 5421 1925 5477 Et
1946 5424 2073 5493 quia

498 5509 626 5558 tunc
654 5504 768 5557 suis
801 5505 1029 5575 stipatus
1071 5507 1288 5578 pervadi
1335 5523 1437 5562 non
1471 5518 1673 5578 posset,
1717 5513 1853 5568 ictus
1895 5513 2076 5570 differ-

498 5602 706 5659 rentur,
737 5595 1109 5654 donec-navim
1141 5609 1426 5671 repeteret,
1466 5602 1508 5655 si
1547 5602 1686 5658 forte
1716 5604 1911 5676 navigo
1942 5622 2064 5662 eum

2250 4691 2339 4745 54.
2382 4686 2490 4742 Rea:
2518 4686 2630 4755 [ilio
2658 4682 2893 4739 Wilelmi
2920 4681 3188 4737 Richardo
3215 4690 3409 4737 terram
3438 4680 3604 4751 patris
3632 4694 3761 4734 con-

2179 4782 2336 4836 cedit.
2361 4810 2431 4820 —
2460 4777 2569 4835 Nec
2592 4776 2760 4831 multo
2785 4784 2907 4846 post
2934 4783 2986 4830 et
3010 4773 3125 4843 ejus
3157 4774 3325 4828 filium
3370 4773 3438 4828 de
3478 4770 3763 4826 Brittanna

2179 4873 2499 4936 concubina,
2524 4869 2739 4925 nomine
2768 4868 3121 4933 Ricbardum,
3156 4867 3267 4938 regi
3301 4866 3597 4930 deducunt,
3621 4862 3763 4935 gesti

2177 4965 2379 5038 negotii
2428 4963 2671 5019 ordinem
2718 4961 3034 5031 pandentes.
3085 4957 3202 5015 Rex
3253 4956 3615 5014 adolescentis
3647 4954 3769 5010 ele~

2179 5042 2416 5132 gantiam
2444 5056 2757 5119 advertens,
2795 5052 3095 5109 liberaliter
3120 5051 3338 5122 excipit,
3370 5048 3706 5122 provinciam
3731 5060 3762 5099 a

2178 5161 2333 5223 patre
2374 5148 2580 5220 pridem
2612 5160 2940 5217 possessam,
2971 5143 3017 5200 ei
3059 5144 3313 5216 largiens.
3361 5141 3606 5197 Potiores
3630 5151 3765 5208 quo-

2176 5255 2281 5311 que
2319 5240 2412 5310 qui
2450 5253 2570 5292 cum
2606 5233 3003 5291 adolescentulo
3037 5239 3402 5299 accesserant,
3444 5245 3543 5300 per
3570 5240 3764 5282 manus

2178 5340 2230 5386 et
2262 5337 2661 5385 sacramentum
2689 5328 2832 5396 regis
2860 5325 3011 5379 ﬂunt.
3046 5322 3320 5391 Multaque
3361 5320 3501 5392 regis
3529 5317 3764 5375 liberali-

2181 5429 2291 5476 tate
2335 5418 2633 5488 jocundati,
2688 5416 2950 5471 recedunt
2991 5411 3411 5470 Rodomum'”.
3467 5409 3575 5465 Alii
3633 5422 3762 5463 vero

2179 5511 2634 5566 Nortmannorum
2690 5506 3023 5583 Ricbardum
3043 5502 3110 5557 ad
3140 5516 3323 5573 regem
3375 5498 3639 5555 transisse
3674 5497 3760 5552 in-
3830 5494 3833 5499 ’

2177 5606 2484 5677 dignantes,
2519 5600 2585 5655 ad
2614 5599 2891 5669 llugonem
2932 5595 3119 5651 ducem
3152 5592 3474 5649 concedunt.

1790 5740 2024 5796 νΑΒιΑΞ
2062 5739 2463 5798 LECTIONES.

569 5855 635 5890 ⁹⁹¹
668 5856 1080 5915 benivolentiam
1117 5863 1161 5914 l.
1238 5861 1307 5892 ’θ’
1349 5860 1585 5915 clamore
1634 5860 1682 5914 l.

1761 5859 1827 5891 ⁸³³³
1858 5857 2063 5914 strictis
2098 5853 2144 5912 l.

2221 5859 2288 5891 "‘°
2326 5857 2612 5913 rodomunt
2633 5871 2682 5909 c.
