4026 6312
200 343 288 399 55

1164 345 1640 406 HISTORIARUM
1668 347 1846 403 LIBRI
1885 346 2021 415 QUA
2040 347 2245 404 TUOR.
2277 382 2341 391 —
2367 353 2492 408 LIB.
2536 355 2597 409 II.
3445 366 3513 422 66

295 457 395 513 55.
443 456 548 513 Rea:
567 476 600 513 a
625 459 735 514 suis
763 458 1054 515 Rodomum
1083 464 1386 526 accersitur,
1411 479 1472 516 ac
1499 479 1616 516 cum
1636 463 1821 533 piratis
1852 465 1898 524 Α
1926 460 1994 515 de
2038 466 2375 530 quorundam
2434 467 2741 524 calamitate
2794 470 2959 525 multa
3003 471 3337 545 disponeret,
3387 492 3511 533 cum

222 548 474 601 dimicat.
512 579 580 587 —
609 547 711 615 Qui
741 559 923 605 autem
953 552 1096 622 regis
1134 559 1320 621 partes
1350 554 1640 607 tuebantur
1664 594 1678 617 ,
1730 569 1825 623 per

221 639 445 711 legatos
489 655 610 694 eam
666 642 1011 707 accersitum,
1066 642 1295 698 liodomi
1352 645 1606 700 decenter
1656 647 1825 700 susci-

222 729 407 798 piunt.
467 728 568 784 Ubi
624 745 749 785 cum
793 731 843 785 ei
898 731 1225 798 referretur,
1284 748 1467 805 regem
1524 735 1823 805 piratarum

221 818 456 874 Setrich
500 835 625 875 cum
658 821 835 877 classe
865 822 1082 893 copiosa
1129 822 1352 879 fluvium
1401 824 1705 893 Sequanam
1742 826 1824 880 in-

220 926 505 981 gressum,
538 927 603 967 ac
647 913 767 983 ejus
794 914 984 968 ducem
1016 912 1383 971 Thurmodum
1430 926 1827 987 consequenter

218 1001 521 1058 navalibus
571 1005 746 1073 copiis
791 1007 1094 1071 advenisse,
1134 1017 1193 1062 ut
1240 1008 1444 1079 absque
1494 1010 1638 1081 regis
1686 1009 1826 1065 dono

217 1094 408 1149 omnia
453 1096 776 1164 pervadant,
829 1109 991 1169 atque
1044 1099 1285 1154 defuncti
1336 1100 1489 1156 ducis
1534 1100 1701 1155 filium
1759 1102 1826 1156 ad

219 1186 595 1244 idololatriam
627 1191 913 1257 suadeant,
962 1193 1235 1263 ritumque
1263 1193 1519 1265 gentilem
1548 1194 1823 1259 inducant,

220 1295 318 1334 rex
372 1282 573 1351 copias
626 1284 769 1339 unde
831 1285 1215 1356 congrediatur
1266 1286 1488 1356 colligit.
1550 1286 1827 1356 Deumque

219 1370 656 1441 prapitiaturnm
686 1373 945 1441 conlisus,
994 1375 1313 1447 alienigenis
1344 1392 1467 1432 cum
1496 1376 1601 1433 800
1637 1392 1827 1433 occur-

222 1462 312 1518 rit.
366 1464 441 1518 Et
495 1466 627 1535 quia
671 1483 798 1522 cum
839 1468 1030 1537 paucis
1082 1478 1219 1536 erat,
1274 1471 1342 1525 ad
1382 1469 1567 1524 hostes
1611 1470 1829 1525 conclu-

224 1556 436 1612 dendos
485 1557 637 1613 acies
682 1559 737 1614 in
785 1557 998 1614 diversa
1043 1561 1333 1630 disponere
1382 1560 1647 1630 nequivit.
1702 1559 1827 1615 Suis

225 1646 412 1717 itaque
469 1650 726 1720 stipatus,
780 1652 977 1707 erectis
1025 1653 1196 1725 signis
1243 1667 1309 1707 ac
1348 1654 1573 1709 densato
1612 1656 1827 1725 agmine

228 1740 507 1807 procedit.
536 1740 784 1798 Gentiles
820 1758 1038 1813 quoque
1085 1745 1277 1799 ordine
1326 1744 1560 1813 pedestri
1614 1744 1827 1800 incede-

1929 553 2070 607 inter
2093 555 2181 617 "7,
2240 572 2366 611 suos
2426 559 2478 612 in
2533 569 2684 615 veste
2729 564 2987 632 praeciosa
3032 567 3283 635 sederet,
3349 578 3513 639 atque

1926 646 2064 712 apud
2116 645 2237 700 illos
2290 662 2513 703 extensa
2564 666 2725 705 manu
2777 655 3235 725 coneionaretur,
3305 660 3514 729 majore

1927 737 2209 807 apoplexia
2255 740 2325 794 ob
2373 742 2800 812 superﬂuitatem
2852 746 3139 803 humerum
3185 759 3396 821 captus,
3457 753 3511 806 in

1926 825 2041 893 ipsa
2099 843 2280 883 rerum
2324 832 2667 887 ordinatione
2713 836 3026 893 constrictis
3080 840 3330 894 manibus
3385 856 3514 895 ner-

1927 916 2115 988 visque
2168 922 2490 985 contractis.
2544 939 2641 977 ore
2689 925 2856 979 etiam
2904 927 2956 981 in
3021 942 3210 982 aurem
3263 930 3513 994 distorto,

1927 1021 2049 1061 cum
2101 1009 2270 1063 multo
2317 1010 2545 1065 horrore
2588 1022 2642 1066 et
2703 1014 3119 1085 horripilatione
3167 1031 3351 1073 coram
3403 1019 3517 1074 suis

1928 1100 2266 1159 inconsultus
2309 1108 2626 1175 exspiravit.
2673 1106 3078 1180 Susceptusque
3124 1126 3153 1166 a
3198 1113 3329 1179 suis,
3376 1114 3518 1184 apud

1928 1208 2174 1249 sanetum
2219 1196 2539 1263 Quintilium
2570 1200 2812 1269 sepultus
2839 1210 2943 1256 est.
2975 1201 3092 1269 Quo
3123 1204 3354 1273 sepulto,
3398 1204 3517 1273 ejus

1931 1285 2024 1340 lilii
2069 1301 2192 1342 mox
2240 1304 2422 1359 regem
2472 1291 2751 1351 adeuntes.
2805 1292 2873 1347 ab
2920 1308 2986 1347 eo
3029 1294 3259 1366 benigne
3306 1294 3516 1365 excepti

1929 1384 2074 1431 sunt.
2127 1376 2311 1433 Patris
2358 1378 2679 1447 injuriarum
2730 1381 2864 1436 nihil
2895 1383 2995 1439 sibi
3027 1384 3311 1440 reducens.
3359 1385 3520 1441 Exci-

1929 1466 2076 1536 pitur
2104 1476 2158 1522 et
2203 1467 2356 1540 llugo
2399 1470 2705 1541 episcopus,
2743 1488 2806 1528 ea
2841 1481 3022 1530 tamen
3073 1476 3402 1543 conditione,
3454 1484 3517 1532 ut

1931 1567 2176 1629 tempore
2205 1554 2450 1632 congruo
2492 1564 2805 1619 ratiocinari
2839 1580 2938 1635 pro
2985 1581 3045 1622 se
3079 1569 3146 1622 de
3175 1569 3519 1639 episcopatus

1931 1650 2221 1720 adeptione
2272 1669 2386 1708 non
2434 1652 2665 1710 differat.
2713 1655 2846 1711 Cum
2898 1660 3096 1728 quibus
3158 1676 3373 1730 quoque
3422 1676 3521 1717 rex

1930 1741 2263 1798 Ambianum
2296 1743 2572 1815 digressus
2593 1755 2698 1801 est.
2732 1746 2832 1802 Ubi
2869 1765 2989 1804 cum
3023 1765 3127 1805 non
3155 1751 3273 1807 sine
3299 1767 3521 1807 suorum

228 1829 377 1884 bant.
418 1830 980 1903 Propinquantesque
1023 1836 1199 1903 patrio
1248 1849 1401 1890 more
1446 1835 1500 1891 in
1542 1836 1717 1904 nimo
1749 1844 1825 1889 tu-
1859 1819 1904 1879 Β
1931 1832 2234 1900 potioribus
2268 1850 2498 1905 qumque
2526 1837 2801 1906 prmcipua
2855 1838 3145 1908 disponere
3192 1840 3371 1905 vellet,
3425 1841 3524 1896 Er-

230 1920 399 1973 multu
463 1936 632 1978 enses
676 1924 906 1994 jaciunt.
991 1926 1230 1992 Quorum
1285 1928 1554 1984 densitate
1621 1928 1830 1999 equites

232 2012 459 2067 territos
497 2028 561 2069 ac
595 2015 868 2072 sauciatos
897 2018 1023 2082 rati,
1067 2032 1188 2072 cum
1235 2018 1422 2088 clipeis
1451 2028 1504 2075 et
1534 2018 1656 2075 telis
1700 2036 1829 2091 pro-

236 2114 521 2160 secuntur.
546 2107 620 2159 At
657 2109 838 2179 regius
868 2110 1158 2179 equitatus,
1191 2110 1403 2166 ensium
1441 2110 1582 2166 nube
1604 2111 1828 2181 dilapsa,

236 2198 541 2268 clipeorum
594 2199 899 2268 objectione
952 2202 1054 2257 tuti
1102 2204 1158 2257 in
1202 2203 1413 2273 pedites
1453 2205 1716 2259 feruntur.
1756 2206 1833 2260 Ac

241 2290 447 2345 densati
480 2290 549 2322 ³⁸⁵
581 2290 730 2347 acies
760 2294 1054 2348 sternendo
1098 2304 1260 2365 atque
1288 2295 1649 2350 interimenda
1691 2296 1833 2349 indi-

244 2379 336 2433 visi
374 2390 681 2450 penetrant
716 2382 1199 2453 egrediunturque.
1253 2383 1573 2455 Rursusque
1606 2386 1834 2457 regressi

246 2479 551 2539 penetrant,
586 2486 653 2526 ac
696 2472 1058 2542 disrumpunt.
1112 2473 1311 2545 Regem
1359 2490 1574 2545 quoque
1622 2476 1833 2531 Setrich

251 2578 358 2618 cum
397 2564 671 2619 violentia
719 2565 842 2621 belli
892 2566 945 2621 in
1003 2566 1181 2636 fugam
1235 2576 1470 2638 cogeret,
1524 2569 1576 2622 in
1618 2568 1836 2623 dumeto

257 2672 364 2712 mox
395 2667 682 2726 repertus,
728 2660 899 2715 tritus
931 2660 1133 2715 lanceis
1159 2675 1188 2713 a
1215 2661 1519 2730 palantibus
1544 2661 1837 2715 transiimus

262 2758 346 2801 est.
372 2746 735 2803 Thurmodus
764 2764 894 2803 vero
924 2765 1046 2805 cum
1088 2750 1267 2804 adhuc
1298 2751 1351 2804 in
1379 2751 1679 2805 certamine
1710 2750 1837 2805 totis

276 2838 445 2895 viribus
486 2848 770 2911 ageretur,
800 2840 871 2895 ab
896 2840 1170 2896 Ludovico
1208 2842 1333 2910 equi
1374 2842 1683 2910 impetentis
1710 2856 1837 2913 pec-

283 2938 372 2983 tore
391 2940 467 2985 est
496 2929 770 2998 deiectus.
799 2930 970 2998 Quem
1001 2947 1125 2986 cum
1157 2947 1249 2987 rex
1282 2933 1487 3001 impetu
1512 2933 1833 3002 prreteriret,

270 3034 490 3076 meum
517 3022 855 3089 dinosceret,
880 3031 936 3078 et
960 3023 1028 3077 ab
1056 3023 1304 3077 hostibus
1332 3023 1607 3093 impetitus
1635 3024 1689 3078 in
1720 3021 1840 3078 loco

260 3121 431 3178 staret,
484 3113 907 3184 eomminusque
954 3112 1288 3185 conﬂigeret,
1327 3114 1672 3170 Thurmodus
1718 3113 1839 3169 suis

1932 1922 2140 1979 luiuum
2170 1924 2402 1982 Rodomi
2438 1937 2738 1984 morantem
2764 1947 2860 2001 per
2883 1931 3116 2004 legatum
3143 1936 3394 1990 accersit.

2004 2016 2093 2071 5S.
2136 2016 2444 2088 Congressio
2492 2020 2701 2090 Arnulﬁ
2750 2032 2797 2076 et
2846 2022 3081 2079 Erluini.
3112 2056 3182 2066 —
3212 2026 3368 2094 Quod
3397 2040 3520 2081 cum

1932 2106 2312 2163 malivolorum
2365 2109 2629 2165 relatione
2676 2111 2935 2167 Arnulfus
2984 2116 3361 2185 comperisset,
3396 2116 3525 2169 insi—

1934 2199 2051 2255 dias
2077 2200 2380 2269 praetendit,
2414 2199 2834 2271 obvenientiqne
2865 2219 2989 2276 rege
3020 2206 3301 2275 ignorante
3329 2207 3525 2262 cohor—

1936 2297 2043 2343 tem
2083 2289 2310 2345 inducit.
2356 2289 2508 2357 Quod
2559 2291 2814 2348 Erluinus
2847 2310 2970 2348 mox
3002 2296 3306 2360 dinoscens,
3356 2295 3526 2367 signis

1936 2379 2149 2435 collatis
2234 2383 2602 2452 congreditur.
2671 2384 3005 2456 Congressus
3078 2388 3353 2458 utrimque
3417 2404 3522 2443 non

1937 2471 2203 2525 modicus.
2256 2471 2516 2528 Arnulfus
2564 2474 2678 2528 suis
2709 2472 2865 2539 fusis,
2914 2475 3249 2547 profugiens,
3292 2477 3381 2531 vix
3429 2491 3524 2531 ur-

1938 2569 2152 2633 gentem
2208 2564 2400 2617 evasit.
2468 2563 3015 2629 Erluinussictoria
3072 2560 3315 2636 potitus,
3389 2565 3525 2621 alios

1937 2662 2147 2718 enecat,
2200 2654 2333 2709 alios
2362 2655 2539 2724 capit,
2590 2653 2723 2709 alios
2773 2656 2825 2710 in
2874 2656 3056 2725 fugam
3105 2658 3270 2728 cogit.
3305 2657 3362 2711 In
3412 2672 3525 2727 quo

1938 2746 2099 2800 etiam
2146 2746 2478 2809 certamine,
2528 2745 2930 2801 interfectorem
2975 2746 3211 2801 Wilelmi
3258 2748 3349 2817 qui
3398 2762 3521 2802 cum

1937 2835 2165 2890 Arnnlfo
2196 2836 2297 2891 sibi
2328 2837 2437 2890 vim
2466 2835 2536 2868 ’³⁸
2585 2836 2843 2891 intulerat
2895 2837 3120 2891 militari
3167 2837 3525 2894 insectatione

1938 2927 2368 2996 comprehendit.
2399 2926 2565 2997 Cujus
2590 2942 2782 2982 manus
2802 2927 3156 2994 obtruncans,
3189 2928 3240 2983 in
3265 2928 3526 2984 ultionem

1939 3018 2099 3072 amici
2151 3016 2449 3072 Rodomum
2498 3017 2664 3071 misit.
2696 3018 2777 3073 Ac
2806 3033 3057 3075 cesorum
3103 3021 3304 3090 ereptis
3330 3034 3526 3075 manu-

1942 3111 2069 3175 biis,
2101 3110 2166 3164 ad
2197 3126 2377 3181 regem
2408 3112 2699 3166 concessit.

257 3175 497 3272 stipatus,
529 3218 711 3275 regem
742 3220 771 3259 a
804 3175 956 3275 tergo
982 3175 1208 3277 appetit,
1237 3175 1519 3277 factusque
1548 3207 1597 3261 ei
1627 3208 1835 3273 dexter,
1867 3175 1910 3236 (δ
2013 3201 2101 3255 59.
2146 3175 2529 3269 Quo'tempore
2560 3199 2719 3272 Iiugo
2758 3201 2862 3255 dux
2895 3202 2949 3256 in
2985 3218 3183 3274 magna
3209 3206 3384 3275 gratia
3414 3205 3527 3275 regi

254 3308 340 3362 per
376 3296 576 3352 lorica:
607 3298 880 3353 manieam
908 3312 1048 3367 pene
1088 3313 1260 3366 usque
1290 3299 1356 3352 ad
1401 3299 1607 3354 sinistri
1653 3298 1838 3352 lateris

250 3388 666 3458 ypocundriam,
718 3389 907 3445 lancea
953 3390 1181 3445 sauciat.
1235 3389 1347 3444 Rex
1394 3389 1559 3445 multa
1593 3389 1724 3444 cede
1770 3388 1838 3442 ab

249 3493 311 3533 eo
351 3479 565 3549 impetu
600 3480 875 3552 paulisper
903 3482 1161 3545 dimotus,
1213 3481 1548 3536 sauciantem
1593 3480 1834 3550 respicit.

247 3567 470 3643 Ictaque
525 3572 576 3625 in
628 3572 872 3627 dextram
921 3573 1217 3643 obliquato,
1281 3573 1628 3643 provocantis
1677 3581 1838 3641 caput

250 3676 370 3715 cum
397 3662 631 3716 humero
660 3663 882 3718 sinistro
906 3664 1219 3718 obtruncat.
1247 3662 1423 3718 Tanta
1454 3679 1668 3733 quoque
1693 3663 1838 3717 caede

248 3753 473 3823 gentiles
508 3752 616 3810 fusi
663 3762 809 3818 sunt,
861 3762 917 3809 ut
952 3770 1141 3810 eorum
1187 3771 1380 3811 novem
1429 3756 1575 3811 milia
1606 3756 1675 3788 ’³⁸
1716 3770 1837 3811 ccsa

250 3844 318 3899 ibi
368 3843 735 3899 referrentur.
794 3845 1005 3915 Reliqui
1059 3861 1208 3913 vero,
1267 3846 1579 3915 paucissimi
1632 3855 1834 3911 tamen,

252 3936 422 3990 navali
454 3935 708 4005 profugio
736 3937 909 4007 erepti
952 3946 1097 3991 sunt.
1148 3935 1263 3991 Rex
1294 3953 1323 3991 a
1351 3937 1461 3992 Deo
1485 3936 1711 3992 victoria
1744 3951 1840 4006 po-

254 4030 377 4084 titus
402 4038 517 4095 est,
542 4044 765 4084 suorum
793 4038 970 4084 tamen
993 4032 1180 4099 paucis
1210 4030 1365 4096 fusis,
1405 4030 1681 4086 nonnullis
1708 4045 1839 4086 vero

251 4121 530 4175 sauciatis.
588 4119 718 4176 Post
768 4136 999 4192 quorum
1054 4136 1242 4177 curam
1294 4123 1473 4177 redire
1520 4120 1835 4192 disponens,

250 4212 555 4270 Rodnmmu
608 4216 832 4272 Erluino
899 4218 1192 4273 commisit.
1260 4215 1381 4287 Ipse
1442 4215 1836 4286 Compendium

249 4306 483 4362 rediens.

312 4400 407 4456 36.
449 4399 706 4455 Arloldus
753 4402 1177 4472 archiepiscopus
1232 4402 1468 4457 tirannos
1509 4400 1743 4467 dimittit,
1792 4410 1839 4454 et

1940 3294 2180 3355 habitus,
2214 3292 2331 3361 ejus
2357 3292 2523 3346 ﬁliam
2552 3307 2618 3347 ex
2650 3307 2808 3347 sacro
2842 3293 3057 3349 lavacro
3085 3295 3344 3365 suscepit.
3378 3295 3532 3351 Unde

1939 3396 1994 3440 et
2026 3400 2150 3438 ιυιιι
2185 3397 2274 3438 rex
2302 3382 2371 3417 ²⁹⁹
2399 3383 2642 3437 omnium
2671 3381 2971 3437 Galliarum
3000 3382 3191 3439 ducem
3223 3385 3527 3439 constituit.

1939 3476 2057 3543 Quo
2108 3474 2243 3530 duce
2295 3488 2391 3529 rex
2445 3474 2747 3544 equitatum
2801 3489 3019 3544 parans,
3073 3489 3195 3529 cum
3251 3473 3529 3547 Gerberga

1941 3568 2124 3640 regina
2159 3568 2210 3622 iu
2255 3565 2602 3636 Aquitaniam
2635 3564 3192 3638 proficiscitur(9M).
3233 3566 3312 3621 Ac
3339 3567 3528 3621 urbem

1938 3660 2283 3716 Nivernicam
2313 3660 2625 3722 deveniens.
2657 3658 2962 3714 Gothorum
2990 3658 3184 3713 ducem
3222 3657 3530 3729 Ragemun-

1941 3754 2066 3807 dum
2094 3752 2602 3822 Aquitanornmque
2629 3750 2933 3818 praecipuos
2954 3748 3063 3803 illic
3084 3748 3274 3804 obvios
3295 3746 3527 3817 excepit.

1939 3845 2093 3916 Apud
2141 3860 2280 3914 quos
2326 3845 2391 3899 de
2442 3843 2843 3912 provinciarum
2898 3857 3028 3896 cura
3060 3849 3421 3913 pertractans,
3471 3849 3531 3894 ut

1942 3937 2155 3992 illorum
2183 3935 2364 3990 omnia
2416 3935 2499 3987 sui
2536 3931 2682 4001 juris
2724 3932 3064 3995 viderentur,
3108 3931 3176 3985 ab
3204 3929 3284 3985 eis
3315 3930 3531 3999 provin-

1940 4031 2055 4085 cias
2099 4028 2320 4098 recepit.
2367 4024 2479 4080 Nec
2519 4023 2728 4080 distulit
2771 4037 2958 4079 earum
3001 4021 3529 4076 administrationem

1941 4123 2021 4177 eis
2074 4121 2319 4176 credere.
2374 4114 2662 4172 Commisit
2712 4114 2896 4183 itaque
2956 4127 3019 4167 ac
3065 4126 3166 4166 suo
3215 4110 3356 4165 dono
3412 4109 3533 4164 illos

1941 4209 2235 4284 principari
2272 4206 2576 4269 constituit,
2623 4203 2770 4274 regia
2808 4201 3083 4257 hilaritate
3113 4199 3313 4255 hilares
3355 4198 3532 4253 redire

1943 4303 2303 4377 permittens;
2374 4313 2438 4354 ac
2499 4312 2622 4352 cum
2683 4296 2822 4350 duce
2881 4294 2985 4348 iter
3034 4293 3146 4363 ipse
3199 4292 3251 4345 in
3300 4289 3530 4346 Galliam

1944 4405 2287 4464 retorquens,
2325 4389 2569 4444 Lauduni
2597 4401 2716 4442 sese
2744 4385 2966 4454 recepit.

245 4494 312 4547 ad
335 4510 512 4565 regem
565 4494 778 4549 transit.
801 4526 873 4535 —
898 4498 1017 4562 Quo
1041 4511 1165 4550 eum
1201 4495 1486 4550 advenisse
1529 4494 1836 4557 dinoscens,
1868 4522 1917 4579 Β
2016 4488 2107 4543 40.
2136 4484 2450 4579 Arnulfuset
2471 4479 2875 4579 Εςξξιξηυδτθρίθ
2895 4476 3135 4579 δααδίίξηε
3160 4474 3230 4506 ⁸⁰⁰
3259 4474 3313 4527 δη
3336 4472 3528 4579 ξ’πείξί“

246 4585 507 4642 Artoldus
546 4587 639 4657 qui
687 4588 739 4642 in
790 4587 1041 4643 coenobio
1084 4587 1264 4642 sancti
1298 4586 1475 4642 Basoli
1507 4584 1836 4641 confessoris

246 4680 313 4734 ab
333 4683 475 4736 urbe
496 4680 685 4752 pulsus
722 4682 1062 4749 morabatur,
1111 4696 1234 4735 mox
1264 4680 1520 4750 quicquid
1545 4694 1575 4733 a
1624 4678 1835 4733 tiranno

248 4772 348 4827 sibi
377 4772 637 4828 relictum
678 4783 797 4828 erat
824 4774 1104 4845 ahjiciens,
1140 4775 1205 4827 ad
1233 4788 1413 4845 regem
1441 4788 1560 4827 sese
1586 4771 1833 4837 contulit,

248 4864 476 4920 malleus
519 4864 660 4936 apud
702 4880 828 4921 eum
864 4881 1030 4935 parvo
1072 4874 1359 4920 contentus
1397 4864 1628 4929 morari,
1674 4878 1834 4932 quam

248 4955 585 5013 insociabilis
629 4959 827 5014 tiranni
861 4957 1142 5015 beneficiis
1180 4958 1430 5013 detineri.
1473 4957 1585 5012 Rex
1637 4966 1838 5011 metro-

250 5048 548 5116 politanum
599 5065 709 5120 quo
770 5052 887 5122 ipse
946 5066 1038 5105 rex
1090 5057 1439 5105 consecratus
1486 5048 1588 5103 fuit
1643 5046 1838 5116 injuste

250 5144 646 5213 prazcipitatutn
683 5145 892 5212 dolens,
935 5161 1001 5200 ne
1031 5144 1233 5200 dilIidat
1263 5146 1533 5210 hortatur,
1568 5159 1835 5199 summum

254 5236 614 5291 sacerdOtium
645 5251 767 5291 sese
791 5238 839 5291 ei
873 5238 1202 5292 redditurum
1236 5236 1517 5307 pollicens.

262 5360 267 5369 ι
319 5324 411 5378 37.
451 5324 707 5380 Interitus
732 5317 1213 5381 He?iberli.—Ilis
1237 5327 1306 5380 ita
1341 5341 1460 5381 sese
1488 5324 1835 5391 habentibus,

259 5430 377 5470 cum
410 5417 732 5474 IIeribertus
777 5435 1005 5490 qumque
1034 5419 1326 5489 pernitiosa
1359 5428 1740 5489 pertractaret,
1775 5433 1839 5474 ac

1944 4581 2077 4635 ciam
2103 4578 2315 4632 redeunt
2336 4576 2429 4627 ³ου.
2442 4603 2512 4613 -
2527 4571 2628 4627 Ubi
2652 4585 2874 4625 suorum
2900 4567 3202 4638 praecipuos
3221 4574 3416 4635 pratter
3430 4564 3530 4618 du-

1943 4690 2060 4730 cem
2087 4671 2345 4741 colligens
2361 4710 2376 4734 ,
2405 4666 2544 4737 apud
2568 4680 2662 4720 eos
2684 4662 3147 4735 agebatjquatinus
3168 4658 3268 4713 viri
3290 4657 3530 4712 illustres

1943 4766 2205 4823 Arnulfus
2237 4774 2399 4833 atque
2448 4760 2727 4823 Erluinus,
2776 4756 3041 4812 factarum
3077 4753 3399 4823 iujuriarum
3450 4752 3531 4805 in-

1944 4873 2215 4915 memores
2240 4856 2453 4919 fierent,
2484 4868 2549 4907 ac
2579 4851 2630 4906 in
2666 4848 3024 4905 benivolentia
3056 4847 3382 4909 unirentur;
3416 4844 3529 4898 suis

1945 4955 2110 5009 rebus
2140 4948 2543 5022 prosperiorem
2587 4953 2838 5000 eventum
2871 4941 3056 4996 deberi
3103 4947 3269 5002 ratus,
3306 4950 3527 4992 suorum

1941 5046 2250 5103 concordia.
2301 5038 2627 5098 Convocatis
2673 5037 2858 5106 itaque
2897 5035 2964 5090 de
3010 5030 3255 5086 amicicia
3301 5026 3524 5090 suadet;

1941 5155 2065 5197 sese
2102 5139 2244 5192 inter
2283 5149 2376 5190 eos
2410 5131 2675 5202 judicem,
2717 5128 2931 5199 penitus
2966 5125 3279 5194 aequitatem
3309 5118 3529 5187 utrique

1942 5233 2080 5305 parti
2114 5231 2383 5286 facturum
2415 5224 2695 5297 pollicens.
2723 5219 3037 5277 Concedunt
3069 5218 3249 5286 itaque
3275 5228 3339 5269 ac
3360 5212 3530 5305 jussis

1945 5302 2106 5397 regiis
2166 5327 2380 5392 parent.
2438 5315 2696 5384 Datisque
2762 5310 3027 5374 vadibus,
3088 5305 3345 5376 equitatis
3402 5302 3529 5397 jura

1938 5392 2440 5472 exsecuntnr..Rex
2488 5420 2610 5461 cum
2659 5403 2902 5472 utrisque
2952 5399 3180 5463 faveret,
3231 5392 3531 5464 quamlibet

1532 5577 1765 5632 VARle
1805 5567 2212 5631 LECTIONES.

326 5713 724 5787 "'t‘ottglobali
759 5715 807 5787 l.
881 5711 1430 5787 '“AIIII._Apr(cposito.
1464 5710 1564 5787 Ὺ.-
1591 5718 1643 5787 et
1684 5708 1738 5763 iu
1779 5706 2011 5777 margine
2055 5702 2235 5758 eadem
2287 5711 2444 5751 manu
2492 5689 2644 5748 VIIII.
2722 5687 2788 5720 "7
2830 5683 2969 5755 apud
3018 5682 3068 5737 l.
3146 5680 3215 5713 ’⁸⁸
3254 5677 3437 5750 copias
3472 5676 3524 5729 l.

264 5785 329 5818 ”’
358 5803 443 5844 rex
470 5781 717 5844 Francia:
742 5785 934 5841 ducem
966 5784 1017 5839 I.
1092 5783 1160 5867 f”
1192 5784 1293 5848 asi,
1328 5784 1393 5837 de
1422 5781 1647 5836 abscisa.
