3988 5362
488 318 557 373 67
1244 376 1247 381 ν
1624 307 1903 364 RICHERI
1942 305 1999 361 S.
2045 304 2303 362 REMIGII
2346 302 2652 362 MONACHI
3713 306 3784 361 63

489 434 707 503 utrique
762 429 1143 488 liberalitatem
1210 427 1461 483 conferre
1528 424 1915 481 meditabatur.
1978 420 2081 488 Qui
2110 427 2158 486 Α
2187 423 2307 478 bem
2341 422 2434 486 ita,
2467 422 2512 475 si
2538 422 2605 453 ³⁸⁸
2632 435 2751 475 eam
2796 436 2920 477 cum
2965 421 3189 493 reliquis
3231 430 3522 494 expugnet,
3561 437 3783 478 accom-

491 541 616 582 cum
638 521 923 591 ﬁruulfum
948 522 1018 576 de
1042 517 1545 589 recompensatione
1570 530 1749 569 rerum
1771 522 2081 581 ereptarum

491 627 726 682 nutare,
779 630 844 671 ac
895 613 1174 668 Erluinum
1228 608 1518 665 instantius
1575 607 1776 660 amissa
1839 612 2085 673 repetere

500 713 829 776 adverteret,
857 706 1144 763 Arnulfum
1176 718 1391 776 quoque
1434 703 1639 772 majora
1686 698 2083 761 restituturum,

495 818 561 857 eo
586 800 730 870 quod
766 800 882 871 ipse
931 797 1195 867 ampliore
1249 808 1433 849 rerum
1482 789 1767 862 dispendio
1803 787 2085 842 Erluinum

497 891 775 955 affecerit,
836 888 1055 943 Erluino
1107 884 1431 940 Ambiauum
1489 883 1540 936 in
1593 878 2089 948 recompensatione

500 980 826 1035 atnissorum
861 992 963 1049 pro
1010 973 1238 1030 Arnulfo
1291 971 1576 1028 concessit.
1635 970 1834 1038 Sicque
1889 966 2087 1023 factum

498 1083 606 1139 est,
652 1081 713 1127 ut
759 1070 982 1126 Erluino
1018 1082 1115 1125 sua
1162 1065 1600 1124 restituerentur.
1637 1072 1692 1118 et
1737 1061 1962 1118 Arnulfo
1993 1076 2089 1117 sua

502 1180 612 1219 non
650 1163 1041 1219 minuerentur.
1088 1158 1251 1229 Regis
1281 1158 1464 1225 itaque
1497 1155 1757 1210 industria
1805 1154 1856 1208 in
1896 1153 2088 1207 amici-

499 1258 643 1313 ciam
674 1254 937 1314 revocati.
970 1252 1118 1322 regia
1150 1250 1362 1319 negotia
1390 1248 1585 1303 eximie
1612 1247 1902 1301 curabant.

573 1346 663 1400 Η.
710 1342 1025 1414 Prodigiosa
1059 1339 1430 1394 demonstratio
1454 1337 1524 1368 ³⁰¹
1574 1335 1741 1389 cladis
1788 1334 2094 1388 Brittanno-

502 1455 623 1493 rum
667 1437 758 1489 θοι.
798 1466 871 1476 -
916 1433 1033 1500 Quo
1061 1441 1303 1503 tempore
1358 1429 1637 1485 ferebatur
1691 1427 1881 1482 Parisii
1939 1425 2095 1481 turbo

506 1537 734 1599 repente
766 1535 1014 1590 exortus,
1060 1533 1208 1578 tanta
1240 1519 1737 1585 viﬁiscucurrisse,
1778 1526 1833 1572 ut
1860 1518 2095 1588 parietes

502 1620 672 1676 multa
722 1616 958 1687 lapidum
1006 1614 1147 1669 mole
1204 1612 1436 1676 fundati,
1488 1611 1540 1665 iu
1588 1620 1769 1666 monte
1813 1609 2094 1663 Martirum

503 1711 749 1765 funditus
783 1707 958 1762 eversi
1006 1704 1233 1760 fuerint.
1286 1704 1548 1757 Demones
1596 1716 1811 1771 quoque
1851 1700 2094 1769 equitum

2186 513 2387 566 modat.
2444 513 2559 566 Dux
2610 512 2810 566 donum
2875 514 3082 584 regium
3136 514 3437 584 excipiens,
3496 515 3784 585 suppetias

2186 611 2361 674 parat,
2402 603 2622 674 regique
2652 603 2922 659 subvenit.
2948 603 3080 660 Cum
3110 606 3224 659 suis
3255 606 3436 675 itaque
3465 620 3529 659 ac
3554 605 3785 674 quibus-

2187 696 2309 751 dam
2340 694 2739 766 Cisalpinorum
2788 696 3098 765 potentibus
3130 704 3279 751 trans
3326 679 3634 766 Sequanam
3684 694 3785 748 ﬁu-

2187 787 2334 842 vium
2364 787 2467 841 iter
2494 786 2726 852 faciens,
2749 785 2974 841 Baiocas
3003 787 3269 856 pervenit.
3294 786 3466 853 Quam
3491 794 3802 857 aggressus

2188 877 2358 933 multa
2388 877 2671 934 obsidione
2698 878 2915 946 premit.
2947 877 3094 932 Inter
3134 878 3246 933 lucc
3290 893 3319 931 a
3350 877 3512 947 regiis
3542 876 3783 946 stipato-

2192 970 2347 1026 ribus
2396 971 2638 1040 persuasi
2684 968 3027 1035 Nortmanni,
3056 971 3123 1023 ad
3156 984 3332 1039 regem
3364 970 3610 1024 redeunt.
3666 968 3787 1023 Dux

2193 1071 2372 1118 autem
2420 1062 2748 1118 Baioccnccs
2775 1063 3020 1133 urgebat.
3057 1063 3169 1117 Rex
3199 1062 3318 1117 duci
3346 1062 3685 1117 obsidionem
3715 1060 3790 1094 ³⁸⁸

2192 1154 2400 1210 solvere
2428 1168 2525 1225 per
2553 1155 2757 1224 legatos
2780 1154 2952 1223 jubet.
2990 1154 3082 1210 ille
3107 1163 3288 1209 autem
3318 1164 3501 1224 utpote
3544 1154 3614 1208 ab
3646 1169 3784 1225 rege

2193 1248 2423 1314 datum,
2482 1248 2713 1318 amplius
2767 1256 3058 1320 Oppuguat.
3119 1248 3233 1303 Rex
3301 1263 3518 1318 quoque
3585 1247 3790 1304 iterum

2191 1340 2436 1405 mandat,
2471 1340 2615 1409 quod
2664 1340 2765 1395 nisi
2805 1340 2913 1395 cito
2944 1342 3206 1406 discedat,
3247 1354 3367 1395 sese
3414 1340 3465 1395 in
3491 1353 3619 1394 eum
3661 1355 3791 1395 cum

2193 1431 2362 1499 cepiis
2384 1431 2605 1484 iturum.
2632 1431 2747 1484 Dux
2778 1428 3124 1500 regiisjussis
3146 1430 3417 1484 contraire
3441 1445 3548 1484 non
3576 1428 3789 1492 valens,

2195 1523 2263 1577 ab
2291 1523 2572 1577 obsidione
2609 1532 2831 1577 coactus
2878 1522 3128 1577 discedit.
3177 1522 3294 1578 Rex
3347 1522 3532 1577 urbem
3584 1536 3791 1577 conse-

2195 1621 2425 1681 quenter
2465 1613 2784 1683 iugrcditur.
2816 1611 2984 1681 Cujus
3025 1614 3092 1673 ad
3140 1629 3201 1669 se
3246 1613 3454 1669 civibus
3493 1613 3790 1674 revocatis,

2203 1702 2441 1757 Ebrocas
2471 1703 2602 1773 petit
2656 1719 2721 1758 ac
2769 1703 2912 1757 nullo
2961 1704 3248 1759 resistente
3299 1704 3626 1775 ingreditur.
3681 1702 3795 1758 Nec

504 1801 686 1872 specie
717 1800 883 1865 visos,
921 1795 1201 1852 basilicam
1233 1792 1503 1864 quandam
1536 1807 1641 1846 non
1680 1790 1865 1860 procul
1907 1790 2094 1855 sitam,
2127 1793 2172 1855 Β
2203 1794 2382 1849 minus
2405 1802 2462 1848 at
2501 1794 2569 1848 ab
2609 1794 3001 1851 Ebroceusibus
3032 1795 3271 1865 acceptis
3312 1796 3615 1861 obsidibus,
3664 1794 3794 1849 reli-

510 1891 796 1955 cvertisse,
830 1890 1053 1960 ejusque
1093 1886 1270 1941 trabes
1301 1883 1615 1938 memoratis
1644 1881 1941 1950 parietibus
1981 1890 2091 1935 tam

506 1982 687 2037 valide
710 1981 1024 2043 incussisse,
1054 1987 1113 2032 ut
1138 1991 1233 2031 eos
1262 1973 1607 2037 subrueriut;
1639 1971 1902 2026 evulsisse
1927 1971 2091 2024 etiam

507 2072 750 2141 ejusdem
804 2070 1003 2125 montis
1050 2068 1252 2132 vineta,
1306 2080 1370 2119 ac
1417 2073 1532 2119 sata
1587 2062 1916 2118 devasxasse.
1972 2060 2092 2115 Mox

506 2166 624 2220 viso
661 2163 926 2232 prodigio,
953 2159 1356 2214 Brittannorum
1380 2154 1648 2226 pernicies
1671 2154 1957 2208 subsecuta
1984 2159 2089 2205 est.

509 2254 613 2320 Qui
656 2250 969 2321 Berengarii
1023 2258 1185 2317 atque
1231 2245 1385 2300 Alani
1431 2244 1736 2314 principum
1775 2240 2093 2296 dissidentia

512 2344 816 2410 discordes,
860 2358 891 2397 a
930 2339 1282 2397 Nortmannis
1313 2354 1436 2393 cum
1486 2338 1682 2407 quibus
1721 2342 1936 2405 pactum
1968 2347 2097 2404 ege-

510 2448 656 2505 rant,
704 2437 939 2507 pervasi,
990 2435 1267 2503 multaque
1306 2432 1436 2487 cede
1486 2430 1656 2485 attriti
1693 2438 1837 2483 sunt.
1872 2426 2092 2481 Necnon

510 2541 567 2589 et
587 2532 779 2587 civitas
807 2529 1121 2584 Namtarum
1155 2527 1266 2598 (9t)
1298 2534 1456 2595 capta
1491 2533 1593 2579 est.
1623 2521 1788 2592 Cujus
1811 2521 2095 2590 episcopus

511 2638 636 2678 cum
702 2617 1196 2690 supervenientium
1251 2615 1486 2670 hostium
1540 2621 1685 2667 metu
1743 2612 1988 2674 territus,
2040 2609 2093 2663 in

512 2712 815 2768 aecclesiam
861 2709 1047 2780 fugere
1092 2716 1395 2777 cegeretur,
1438 2718 1656 2759 suorum
1696 2702 1961 2758 densitate
2002 2715 2092 2769 op

512 2818 735 2874 pressus
765 2818 829 2857 ac
860 2799 1155 2856 suffocatus
1200 2806 1302 2853 est.
1346 2795 1614 2851 Brittanni
1656 2795 1711 2850 in
1750 2794 1867 2865 ipso
1894 2792 2095 2862 impetu

514 2896 721 2953 viribus
766 2891 1079 2961 resumptis,
1111 2890 1293 2944 hoStes
1321 2887 1556 2943 ab.urbe
1599 2884 1904 2940 vehementi
1936 2898 2097 2938 cona-

516 2984 663 3040 mine
709 2981 1080 3053 reppulerunt.
1130 2980 1358 3047 Illosque
1387 2978 1565 3031 adorsi
1596 2976 1743 3045 gravi
1773 2975 1919 3030 caede
1947 2972 2098 3029 fude-

518 3085 663 3133 runt.
715 3076 785 3129 At
829 3072 1098 3127 Brittanni
1154 3070 1494 3140 prosperiore
1548 3066 1779 3122 fortuna:
1842 3080 2094 3121 successu

2195 1900 2300 1955 qua
2329 1884 2530 1954 absque
2554 1886 2983 1941 contradictione
3008 1886 3243 1940 obtinuit
3271 1884 3443 1956 (945).

2264 1978 2353 2031 45.
2381 1978 2504 2031 Dux
2529 1977 2599 2009 ³⁰⁰
2628 1994 2749 2032 suos
2780 1979 2833 2031 in
2861 1978 2932 2010 ³⁸³⁸
2965 1980 3096 2049 regis
3128 1979 3380 2049 injuriam
3402 1978 3474 2010 ³⁸⁸
3519 1979 3792 2032 hortatur.

2193 2099 2265 2109 —
2298 2068 2415 2122 Dux
2443 2069 2583 2138 apud
2632 2084 2758 2125 suos
2796 2069 2937 2124 hanc
2969 2068 3221 2138 iujuriam
3267 2070 3549 2139 sepissime
3581 2084 3794 2123 memo-

2196 2174 2344 2224 rans,
2374 2160 2440 2213 de
2468 2159 2610 2229 regis
2636 2158 2876 2229 pernicie
2913 2160 3285 2230 petractabat;
3327 2158 3512 2213 fideles
3541 2168 3599 2213 et
3659 2159 3829 2230 alni-5

2196 2266 2288 2306 cos
2314 2251 2561 2316 hortans,
2590 2259 2649 2304 ut
2676 2251 2777 2307 hoc
2801 2250 2969 2306 ultum
3001 2252 3063 2306 iri
3087 2252 3413 2307 accelerent.
3445 2250 3600 2317 Quod
3626 2252 3794 2306 etiam

2196 2345 2379 2400 multis
2412 2345 2765 2415 querimoniis
2790 2346 3144 2416 amplificans,
3179 2362 3307 2402 suos
3338 2347 3390 2400 in
3437 2361 3621 2415 regem
3664 2362 3796 2417 pro-

2194 2447 2371 2493 vocat.
2408 2438 2715 2493 Bernardus
2744 2438 2927 2507 itaque
2953 2436 3258 2492 Silletensis
3297 2436 3408 2507 (92)
3436 2446 3601 2507 atque
3632 2437 3799 2491 Τραι-

2193 2528 2388 2585 boldus
2414 2528 2718 2585 Turouicus
2744 2527 3100 2599 conquerenti
3131 2525 3555 2592 satisfacientes,
3591 2526 3794 2582 Monti-

2197 2622 2412 2676 niaeum
2446 2621 2588 2692 regis
2614 2620 2867 2697 oppidum
2917 2620 2970 2674 in
3005 2619 3137 2691 ipsis
3182 2618 3403 2675 Pascha:
3447 2619 3643 2675 diebus
3680 2633 3799 2689 per

2196 2710 2473 2774 vadentes,
2508 2711 2728 2781 capiunt
2777 2710 3126 2780 diruuntque.
3157 2709 3546 2779 Compendium
3579 2723 3800 2778 quoque

2201 2802 2364 2873 regia:
2405 2804 2550 2858 sedis
2575 2804 2756 2858 aulam
2789 2788 3057 2874 repentini
3114 2811 3419 2873 penetrant,
3466 2818 3531 2857 ac
3566 2817 3800 2871 quaeque

2197 2895 2400 2966 regalia
2425 2895 2652 2965 insignia
2681 2896 2996 2964 diripieutes
3020 2903 3319 2965 asportaut.
3349 2894 3460 2949 Nec
3476 2894 3647 2949 multo
3674 2902 3799 2964 post

2196 2995 2252 3041 et
2279 2986 2419 3040 idem
2435 2984 2744 3040 Bernardus
2775 2987 2916 3057 regis
2939 2996 3226 3041 venatores
3247 3000 3521 3055 canesque
3544 2986 3798 3055 capiens.

2198 3092 2319 3132 cum
2346 3076 2501 3144 equis
2527 3091 2590 3130 ac
2617 3074 2895 3131 venabulis
2922 3076 3167 3130 abduxit.

515 3165 829 3231 confortati,
883 3165 1042 3218 tertia
1095 3161 1281 3216 itidem
1334 3159 1420 3216 die
1474 3159 1701 3215 classem
1756 3155 2096 3229 pervadunt,

2271 3167 2362 3221 44.
2389 3165 2498 3221 Rea:
2515 3170 2695 3220 urbem
2712 3166 2777 3196 ³⁰⁷
2809 3164 3093 3220 Remorum
3114 3164 3380 3221 obsidione
3400 3164 3467 3196 ³⁰⁷
3495 3166 3685 3234 premit
3704 3166 3795 3219 ³⁰⁷.

517 3256 1063 3328 congrcdiuuturque.
1110 3251 1166 3305 In
1208 3258 1367 3321 parte
1399 3257 1627 3318 utraque
1672 3246 1938 3303 innumeri
1972 3244 2097 3300 fusi.

517 3346 785 3402 Brittanni
832 3360 961 3399 vero
998 3341 1429 3398 adversariorum
1460 3339 1642 3407 copias
1690 3354 1794 3393 non
1844 3336 2007 3407 passi,
2047 3335 2100 3391 in

520 3441 703 3513 fugam
752 3439 1022 3493 feruntur.
1076 3433 1393 3490 Nortmauni
1423 3441 1606 3487 autem
1653 3430 1878 3486 victoria
1923 3431 2100 3501 potiti,

524 3532 937 3587 Brittannorum
977 3526 1115 3582 alios
1147 3525 1328 3597 gladio
1357 3524 1634 3589 occidunt,
1666 3521 1799 3577 alios
1834 3523 1886 3576 in
1919 3520 2107 3577 fluctus

482 3632 742 3697 ~cOgunt,
800 3622 938 3677 alios
999 3617 1498 3675 veroaBrittania:
1552 3614 1749 3670 finibus
1802 3614 2105 3681 elimiuant,

520 3723 722 3786 praeter
752 3713 852 3768 bos
885 3710 977 3782 qui
1028 3708 1309 3765 servitutis
1344 3707 1474 3777 jugo
1524 3705 1680 3762 subdi
1734 3719 1843 3760 nou
1895 3718 2107 3760 recusa-

521 3822 672 3863 vere.

593 3896 683 3952 42.
727 3894 842 3950 Rea:
869 3895 937 3928 ³⁰’
1000 3903 1195 3947 terram
1259 3888 1811 3946 Nortmannorum'"
1874 3886 2108 3959 pervadit

525 3990 769 4061 capitque
817 3988 885 4019 ⁸⁰¹
910 4016 981 4026 -
1022 3985 1141 4053 Quo
1188 3983 1257 4039 ad
1287 3984 1429 4054 regis
1455 3996 1616 4037 aures
1642 3979 1869 4051 perlato,
1917 3977 2110 4032 Arnul—

526 4079 641 4135 fum
674 4094 739 4133 ac
766 4076 1049 4133 Eriuinum
1080 4073 1329 4138 comites,
1375 4071 1643 4140 simulque
1681 4078 1736 4125 et
1787 4067 2111 4137 Burgundite

527 4173 812 4242 episcopos
835 4169 1061 4239 aliquot,
1090 4182 1186 4223 rex
1234 4165 1484 4222 accersit.
1524 4163 1887 4220 Prazsenserat
1911 4162 2110 4217 etenim

528 4276 719 4319 eorum
758 4259 1043 4316 nonnullos
1087 4273 1118 4313 a
1164 4257 1269 4312 fide
1307 4253 1594 4319 defecisse,
1638 4251 1956 4324 Hugouique
1997 4267 2114 4308 ces-

531 4352 689 4409 sisse.
738 4351 815 4407 Ac
847 4365 968 4405 eum
1010 4348 1252 4406 exercitu
1284 4347 1336 4401 in
1363 4360 1457 4402 eos
1481 4344 1675 4401 fertur.
1706 4343 1965 4399 Aruulfus
1988 4359 2111 4399 cum

531 4441 649 4498 suis
678 4455 857 4512 regem
902 4439 1232 4511 prmcedens,
1283 4435 1666 4498 Nortmannos,
1715 4433 1805 4503 qui
1842 4434 2111 4489 custodias

2202 3290 2272 3302 —-
2302 3259 2417 3314 Rex
2445 3258 2734 3329 Rbodomi.
2762 3256 2887 3311 talia
2917 3258 3276 3328 comperiens,
3330 3255 3796 3312 Nortmannorut’n

2205 3350 2507 3406 exercitum
2528 3347 3053 3418 colligitcopiosum.
3093 3363 3157 3404 ac
3195 3347 3446 3413 collecto,
3497 3349 3660 3412 redit,
3705 3362 3801 3416 pa-

2207 3457 2335 3512 gum
2364 3440 2855 3497 Veromandeusem
2900 3438 3239 3509 ingrediens,
3286 3439 3606 3510 penitusque
3632 3439 3798 3510 depo-

2207 3531 2420 3603 pulans.
2454 3530 2659 3586 Accitis
2692 3544 2905 3600 quoque
2943 3528 3193 3596 Arnulfo,
3229 3531 3471 3597 Erluino,
3515 3529 3797 3586 Bernardo

2209 3623 2338 3690 alio,
2390 3620 2724 3678 Theoderico
2786 3620 3108 3688 comitibus,
3163 3623 3217 3676 in
3266 3622 3452 3677 urbem
3501 3621 3795 3676 Remorum

2210 3713 2402 3770 fertur.
2457 3714 2698 3783 Eamque
2753 3712 3013 3781 disposita
3049 3712 3472 3783 circumquaque
3515 3713 3798 3768 obsidione

2209 3804 2399 3874 cingit,
2430 3817 2498 3857 eo
2525 3802 2669 3871 quod
2709 3800 2861 3871 Hugo
2898 3800 3138 3869 ejusdem
3185 3801 3335 3856 urbis
3356 3804 3642 3871 episcopus
3669 3801 3798 3871 quia

2210 3896 2365 3950 ducis
2414 3894 2660 3964 partibus
2709 3892 2965 3959 favebat,
3033 3893 3145 3965 regi
3194 3893 3491 3964 ingressum
3541 3895 3794 3964 negabat.

2210 3984 2392 4051 Primo
2431 3998 2563 4055 ergo
2612 3984 2834 4053 impetu,
2887 3985 3125 4055 graviter
3163 3987 3477 4043 dimicatum
3518 3997 3622 4043 est.
3661 3986 3795 4041 Nam

2212 4076 2508 4148 sagittariis
2536 4076 2663 4131 hinc
2692 4074 2816 4130 inde
2840 4076 3140 4148 dispositis,
3189 4080 3280 4150 qui
3313 4079 3367 4134 in
3397 4095 3551 4134 muro
3580 4079 3798 4134 resiste-

2212 4170 2346 4225 bant
2372 4168 2667 4225 missilibus
2694 4168 3030 4223 sauciantur.
3077 4170 3286 4239 Quibus
3313 4172 3508 4227 amotis
3530 4171 3618 4225 alii
3661 4171 3799 4224 iuta-

2213 4263 2283 4321 cti
2314 4263 2630 4327 succedunt,
2663 4262 2809 4318 vices
2835 4278 3027 4335 pugna
3056 4264 3384 4336 ingerentes.
3436 4264 3541 4321 Sed
3565 4275 3621 4320 et
3644 4274 3796 4320 extra

2216 4356 2335 4412 telis
2380 4371 2446 4411 ac
2476 4356 2744 4427 lapidibus
2790 4354 2972 4425 jactis,
3028 4357 3273 4413 nonnulli
3320 4356 3654 4423 adiciuntur,
3711 4369 3797 4410 ce-

2215 4446 2478 4517 duntque.
2510 4446 2651 4519 Sepe
2685 4447 2947 4503 tumultus
2975 4456 3314 4517 reparantur,
3342 4462 3467 4517 sepe
3495 4447 3562 4502 ad
3591 4457 3794 4517 portas.

531 4509 919 4600 observabant,
946 4531 1151 4588 utiliter
1172 4541 1495 4601 congressus
1518 4527 1660 4597 apud
1688 4527 1860 4583 Arcas
1884 4526 1952 4559 ³⁰³
1976 4526 2114 4583 fudit
2141 4509 2191 4570 Ι)
2218 4551 2346 4608 sepe
2369 4509 2437 4592 ad
2483 4509 2696 4592 murum
2738 4509 3051 4594 comminus-
3069 4509 3362 4609 congresgi,
3392 4509 3796 4593 Animo-utrim-

533 4642 601 4683 ac
633 4627 747 4697 regi
775 4626 1041 4681 incessum
1064 4612 1349 4693 expedivit.
1374 4619 1485 4677 Rex
1508 4619 1845 4675 Rhodomum
1872 4621 2109 4686 veniens,

535 4720 606 4775 ab
645 4718 712 4774 iis
757 4718 848 4788 qui
882 4717 1005 4774 fidei
1036 4726 1345 4773 servatores
1389 4713 1538 4769 fuere
1579 4721 1841 4784 exceptus
1876 4722 1980 4769 cst.
2014 4712 2115 4768 De-

538 4820 776 4868 sertores
822 4824 953 4867 vero
996 4824 1146 4864 mare
1191 4816 1460 4879 petentes,
1506 4805 1710 4861 amoliti
1756 4812 1904 4860 sunt.
1945 4803 2117 4858 Muni-

539 4902 679 4973 cipia
709 4917 837 4958 vero
884 4902 1053 4973 copiis
1101 4900 1305 4955 munita
1358 4898 1642 4968 reliquere.
1685 4897 1801 4953 Rex
1849 4898 2113 4953 malorum

539 4994 736 5050 nimias
781 5008 903 5050 esse
959 4992 1144 5054 copias
1189 4991 1560 5055 considerans,
1607 4991 1675 5045 ab
1721 4989 1944 5058 llugone
1978 4990 2117 5045 duce

2220 4644 2325 4700 que
2355 4627 2584 4695 feroces,
2615 4628 2762 4684 nullo
2799 4630 2960 4686 modo
2988 4630 3180 4685 cedere
3228 4638 3458 4700 parant;
3506 4640 3792 4697 numquam

2220 4721 2321 4777 sibi
2355 4735 2525 4790 usque
2552 4721 2617 4774 ad
2664 4721 3078 4777 internetionem
3124 4722 3349 4787 cessuri,
3403 4721 3505 4776 nisi
3563 4720 3791 4774 interce—

2222 4811 2465 4866 dentium
2540 4811 3020 4882 supplicationibus
3089 4811 3300 4868 obsidio
3363 4811 3538 4868 soluta
3597 4810 3794 4866 disces-

2219 4901 2398 4956 sisset.

2289 4989 2380 5045 45-
2425 4988 2550 5044 Dux
2604 4992 2709 5060 regi
2742 4990 2811 5023 ³⁰⁸
2848 5007 2941 5060 per
2969 4990 3197 5060 legatos,
3236 4992 3419 5046 suadet
3440 4990 3509 5023 ⁸⁸⁸
3541 5000 3596 5045 ut
3638 4988 3702 5042 ab
3728 4983 3792 5019 ⁸⁸⁸
