3988 5362
259 285 316 342 69
1128 276 1604 337 HISTORIARUM
1650 274 1832 332 LIBRI
1863 275 2221 344 QUATUOR.
2261 307 2329 317 —
2359 276 2486 332 LIB.
2529 277 2594 333 ll.
3405 286 3471 343 70

259 397 350 466 ptis
376 408 403 447 a
435 406 549 447 sese
582 387 861 447 obsidibus
896 389 1173 446 locuturus
1194 390 1294 446 sibi
1331 398 1599 445 occurrat.
1647 386 1797 453 Quod
1829 391 1877 448 Α
1907 385 2121 441 locitate
2145 402 2241 456 per
2260 387 2411 442 devia
2437 397 2639 459 raptus,
2681 387 3016 447 Rbodomum
3051 393 3195 449 solus
3215 401 3477 467 pervenit.

259 499 304 542 et
328 488 434 541 ﬁeri
461 484 528 539 ab
556 499 683 554 rege
715 497 1034 539 concessum
1079 493 1178 537 est.
1212 482 1457 537 Directus
1489 481 1666 550 itaque
1709 480 1808 535 sub

259 578 476 635 obsidum
524 575 648 647 jure
690 575 756 629 ad
782 575 973 630 ducem
1004 574 1169 629 venit.
1218 574 1370 643 Apud
1394 588 1551 642 quem
1583 571 1687 627 dux
1718 570 1808 626 diu

259 672 554 735 deliberans,
591 668 806 724 tandem
827 666 967 737 agit,
992 675 1046 719 ut
1087 681 1179 719 rex
1210 666 1277 719 ab
1301 664 1549 735 episcopo
1578 671 1633 717 et
1652 661 1811 716 urba-

260 765 330 820 nis
340 761 546 817 obsides
570 758 864 830 aceipiens,
880 761 946 814 ab
969 758 1116 813 urbis
1137 756 1532 828 oppugnatione
1551 754 1806 818 discedat,

259 852 484 922 quatinus
512 864 855 919 quocumque
884 856 937 902 et
964 847 1177 918 quando
1203 862 1299 900 rex
1323 845 1471 907 velit.
1526 844 1663 899 idem
1691 843 1808 913 epi-

258 956 427 1010 scopus
453 940 719 993 rationem
752 939 1058 993 redditurus
1084 938 1323 992 accedat.
1355 934 1694 1007 Ragenaldns
1714 933 1811 988 du-

257 1035 323 1087 cis
341 1031 569 1086 animum
598 1031 710 1101 regi
733 1029 1032 1100 perferens,
1070 1044 1135 1084 ac
1164 1027 1442 1083 consilium
1483 1026 1808 1095 approbans,

259 1124 302 1177 id
326 1122 429 1177 ﬁeri
458 1122 745 1176 suadebat.
778 1120 1173 1189 Obsidibusque
1202 1117 1430 1186 sumptis
1462 1115 1686 1179 idoneis,
1714 1130 1810 1169 rex

256 1213 569 1269 obsidionem
625 1211 835 1267 decima
884 1210 1067 1280 quinta
1110 1209 1197 1264 die
1250 1207 1444 1271 solvit,
1497 1215 1813 1273 tempusque

257 1304 509 1358 audiendas
534 1302 765 1358 rationis
793 1300 862 1334 ⁸⁸⁸
894 1308 1011 1371 post
1036 1300 1151 1356 dies
1176 1299 1247 1353 ιο
1276 1297 1374 1353 sub
1404 1299 1514 1366 ipsa
1550 1295 1814 1350 Kalenda-

268 1411 368 1451 rum
392 1393 659 1451 Juliarum
686 1393 774 1448 die
817 1392 1113 1447 constituit.
1158 1389 1287 1445 Aliis
1330 1403 1458 1459 ergo
1483 1387 1695 1443 interim
1720 1401 1813 1441 cu-

263 1486 388 1547 ratis,
419 1483 537 1538 dies
563 1481 798 1537 habendi
828 1478 1079 1550 colloquii
1118 1478 1355 1534 advenit.
1411 1476 1475 1529 Et
1500 1475 1605 1530 dux
1630 1475 1694 1529 de
1719 1489 1810 1528 su-

260 1576 444 1646 periore
473 1571 694 1644 negotio
714 1570 1013 1634 locuturus,
1051 1568 1241 1625 obvius
1285 1568 1395 1637 regi
1429 1566 1598 1621 aﬂuit.
1629 1564 1815 1620 Decla-

261 1667 397 1721 matis
427 1673 611 1720 autem
645 1678 834 1719 eorum
878 1661 1075 1718 causis.
1128 1660 1213 1714 vix
1256 1659 1357 1714 sibi
1384 1657 1811 1713 consentiebant.

1914 478 2217 549 Urbemque
2251 480 2542 551 ingressus,
2583 498 2613 536 a
2655 482 2884 550 civibus,
2905 500 2971 541 eo
2993 487 3135 555 quod
3163 502 3286 543 eum
3307 486 3483 559 Baja—

1912 571 2161 627 censibus
2198 572 2612 643 conspirassent,
2667 584 2857 643 captus
2897 590 2961 630 ac
3003 585 3182 632 tentus
3220 587 3305 634 est
3347 579 3481 650 (Jul.

1928 663 2038 733 ts).
2266 668 2269 671 ·
2588 658 2597 667 '

1979 753 2068 810 48.
2105 749 2211 808 Rea:
2239 753 2340 808 "'a
2376 753 2716 809 Nortmmmis
2744 755 2813 787 ⁸¹³
2833 772 2924 828 per
2952 757 3152 814 obsides
3179 758 3249 791 '“
3270 760 3487 817 dimitti-

1912 852 2031 909 tur,
2073 854 2120 898 et
2172 844 2357 898 iterum
2384 845 2454 876 ³⁸³
2497 845 2619 899 dolo
2647 863 2678 900 a
2702 847 2771 878 “'
2815 847 2945 902 dure
2979 850 3200 919 capitur.
3231 881 3303 892 —
3334 852 3486 927 Hugo

1912 935 2020 988 dux
2068 951 2246 1006 regem
2284 935 2545 992 Rhodomi
2585 952 2801 1008 captum
2832 941 3167 1008 comperiens
3190 981 3204 1003 .
3259 932 3489 1015 Bajocas

1916 1029 2129 1084 devenit
2154 1045 2168 1093 ;
2210 1043 2307 1099 pro
2331 1029 2472 1099 regis
2492 1030 2739 1099 captione
2762 1030 2962 1101 gratias
2993 1032 3317 1100 redditurus,
3345 1050 3409 1091 ac
3432 1043 3493 1089 ut

1913 1117 2014 1171 sibi
2038 1126 2226 1186 captus
2245 1118 2589 1172 commitatur
2610 1118 2678 1149 W‘
2704 1119 3144 1175 ratiocinarurus.
3169 1120 3488 1178 Nortmanni

1913 1222 2042 1263 vero
2071 1207 2139 1242 ³¹⁸
2168 1208 2331 1276 justis
2354 1196 2751 1264 conditionibus
2775 1210 2826 1265 id
2852 1211 3113 1282 agendum
3146 1214 3485 1283 respondent,

1915 1306 1972 1350 ut
2010 1297 2055 1351 si
2082 1298 2185 1352 dux
2219 1312 2399 1367 regem
2421 1298 2676 1366 excipiat,
2702 1298 2798 1368 ipsi
2826 1300 2966 1370 regis
2993 1299 3129 1355 ﬁlios
3154 1316 3361 1366 omnes,
3388 1302 3489 1358 sub

1907 1390 2031 1461 jure
2076 1391 2323 1453 obsidum
2378 1392 2676 1460 accipiant,
2733 1408 2833 1448 nec
2883 1394 2984 1447 sub
3018 1393 3118 1448 alia
3159 1393 3274 1465 lege
3308 1409 3487 1466 regem

1914 1498 2038 1539 sese
2061 1483 2400 1539 dimissuros.
2449 1484 2560 1538 Dux
2603 1486 2905 1554 captionem
2955 1486 3340 1552 dissimulans,
3376 1489 3488 1544 acsi

1916 1578 2060 1647 regis
2094 1591 2254 1631 causa
2286 1592 2398 1631 rem
2452 1577 2819 1642 ordinaturus,
2885 1576 2952 1631 ad
2989 1578 3228 1650 reginam
3255 1577 3488 1634 Cerber-

1919 1682 2065 1737 gam,
2104 1682 2203 1736 pro
2236 1667 2365 1721 ﬁliis
2393 1667 2535 1736 regis
2574 1667 2778 1736 legatos
2817 1668 3001 1724 mittit.
3042 1669 3111 1722 At
3156 1670 3340 1741 regina
3377 1685 3492 1726 rem

264 1756 665 1824 Rationibusque
691 1769 799 1809 non
838 1752 971 1807 satis
993 1751 1196 1805 utiliter
1222 1747 1653 1819 procedentibus,
1685 1745 1816 1801 nihil

1920 1758 2279 1815 necessariam
2331 1773 2682 1829 cognoscens,
2709 1760 2809 1813 sub
2860 1768 3198 1814 sacramento
3228 1761 3490 1815 minorem

260 1848 357 1917 paci
385 1846 727 1903 commodum
756 1854 859 1908 est,
882 1851 1077 1914 praeter
1089 1841 1230 1911 quod
1259 1840 1360 1895 sub
1385 1854 1515 1908 pace
1539 1846 1817 1908 sequestra

264 1951 410 2004 usque
432 1938 496 1989 ad
528 1935 772 1989 medium
801 1932 1023 2004 Augusti
1054 1931 1314 1985 rationem
1346 1927 1624 1983 distulere.

321 2028 400 2082 ιθ.
443 2025 634 2081 Obitus
684 2024 998 2079 Theotilonis
1029 2022 1098 2054 ³¹⁶
1150 2020 1525 2074 Turonensium
1575 2016 1645 2049 ⁸³⁸
1704 2016 1814 2086 epi-

265 2121 397 2189 scopi.
428 2150 493 2159 —
519 2117 645 2185 Quo
675 2127 916 2187 tempore
942 2130 1063 2169 cum
1077 2114 1247 2168 beatae
1279 2110 1549 2167 memoriae
1572 2109 1819 2164 Tlieotilo

268 2212 516 2266 Turonicze
538 2210 698 2266 urbis
719 2208 912 2280 praesul
942 2208 1008 2263 de
1049 2204 1351 2261 renovanda
1382 2204 1520 2259 inter
1548 2202 1819 2273 principes

267 2316 374 2371 pace
393 2298 870 2355 vehementissime
916 2304 1172 2360 certaret,
1226 2303 1386 2363 atque
1416 2292 1502 2349 bis
1530 2291 1817 2346 admodum

265 2399 528 2460 occupatus
558 2388 777 2452 studiis,
828 2386 1084 2441 Lauduno
1109 2383 1429 2447 discederet,
1462 2381 1821 2454 peripleumo-

267 2480 339 2534 nia
363 2480 409 2533 in
438 2479 554 2549 ipso
586 2477 785 2532 itinere
812 2476 1118 2547 corripitur.
1170 2473 1299 2542 Quae
1327 2488 1448 2529 cum
1476 2472 1819 2543 pulmonibus

265 2577 504 2623 tumorem
555 2581 627 2621 ac
680 2564 945 2621 fervorem
997 2566 1272 2625 incuteret,
1327 2563 1413 2618 die
1470 2570 1658 2632 quarta
1710 2561 1817 2615 nati

265 2661 413 2716 morbi
438 2662 541 2716 hac
572 2661 689 2714 vita
739 2658 1003 2729 migravit.
1051 2657 1291 2727 Cumque
1341 2655 1516 2709 adhuc
1564 2654 1617 2707 in
1648 2654 1819 2708 noctis

265 2762 498 2823 tempesta
542 2751 799 2821 spiritum
828 2747 1050 2814 elﬁaret,
1101 2763 1221 2802 mox
1253 2746 1469 2801 luminis
1496 2744 1686 2816 globus
1723 2759 1821 2813 per

264 2860 367 2900 aera
392 2856 446 2899 ut
473 2844 656 2901 fertur
674 2842 929 2905 emicans,
962 2840 1305 2914 vigilantibus
1339 2839 1483 2893 visus
1511 2847 1611 2893 est.
1654 2836 1819 2908 Cujus

264 2938 439 2993 lumine
464 2937 533 2993 ad
585 2936 764 2992 noctis
812 2934 1149 3006 depellendas
1196 2933 1451 3004 caligines
1495 2928 1819 2985 suﬁicienter

267 3032 349 3095 usi,
388 3032 474 3101 qui
507 3029 635 3098 ejus
682 3043 875 3099 corpus
920 3028 1167 3083 exanime
1201 3024 1527 3086 deferebant,
1577 3036 1673 3093 per
1718 3018 1819 3074 150

1918 1847 2123 1917 dirigit,
2166 1845 2427 1917 majorem
2484 1848 2698 1922 mitiore
2739 1847 2917 1903 evinci
2972 1862 3077 1901 non
3117 1847 3320 1902 valens.
3358 1849 3492 1903 Nam

1918 1940 2025 1995 duo
2065 1947 2272 1993 tantum
2325 1946 2500 1993 erant.
2551 1935 2754 1992 Minore
2791 1952 2921 2007 ergo
2967 1936 3152 1993 obside
3187 1936 3366 1993 oblato
3400 1938 3493 2001 ³¹⁶.

1917 2027 2268 2083 Nortmannis
2321 2042 2429 2081 non
2479 2026 2612 2082 satis
2674 2025 2807 2093 fuit;
2875 2026 3133 2096 majorem
3203 2026 3491 2081 admodum

1917 2127 2163 2190 petentes
2185 2118 2275 2173 "7.
2306 2115 2412 2173 Sed
2443 2118 2565 2187 quia
2582 2117 2647 2173 iis
2666 2117 2860 2187 quibus
2886 2116 3095 2171 ﬁdelior
3122 2131 3274 2170 mens
3300 2116 3492 2181 inerat,

1918 2211 2094 2266 visum
2136 2219 2219 2263 est
2256 2210 2418 2280 regia:
2463 2209 2649 2278 stirpis
2709 2206 3043 2264 nobilitatem
3084 2221 3242 2278 posse
3281 2207 3496 2277 penitus

1920 2300 2152 2365 absumi,
2185 2300 2229 2353 si
2279 2298 2648 2354 desertoribus
2676 2312 2862 2352 omnes
2901 2296 2995 2351 ﬁlii
3038 2312 3163 2351 cum
3211 2306 3363 2365 patre
3413 2306 3493 2351 te-

1919 2400 2172 2457 neantur,
2206 2391 2258 2445 id
2289 2405 2408 2445 sese
2429 2405 2535 2445 non
2568 2390 2807 2445 facturos
2855 2390 3245 2459 responderunt
3272 2405 3286 2456 ;
3318 2389 3493 2453 mino-

1922 2498 2034 2538 rem
2067 2490 2273 2536 tantum
2301 2482 2542 2547 daturos,
2567 2486 2622 2535 et
2647 2494 2743 2550 pro
2765 2478 2969 2549 majore
2994 2494 3058 2533 ex
3081 2494 3140 2533 se
3161 2479 3291 2537 iosis
3315 2494 3497 2548 quem-

1919 2587 2150 2642 cumque
2176 2579 2361 2641 petant
2388 2570 2724 2625 dimissuros.
2783 2568 3068 2623 Widonem
3098 2580 3225 2638 ergo
3269 2566 3495 2622 Suesso-

1920 2678 2039 2716 rum
2075 2661 2383 2731 episcopum
2407 2699 2422 2724 ,
2464 2673 2625 2727 quem
2662 2658 2804 2712 inter
2832 2670 3021 2711 omnes
3046 2656 3382 2725 potissimum
3419 2654 3497 2709 vi-

1920 2754 2139 2818 debant,
2195 2760 2472 2821 expetunt,
2525 2766 2588 2805 ac
2634 2766 2732 2820 pro
2780 2749 2965 2804 obside
3015 2764 3135 2804 eum
3189 2749 3334 2820 regis
3388 2749 3497 2818 ﬁlio

1921 2846 2207 2916 recipiunt.
2253 2844 2364 2898 Rex
2409 2843 2589 2911 itaque
2618 2842 2892 2905 dimissus,
2925 2856 3045 2895 cum
3092 2856 3121 2893 a
3152 2840 3286 2895 duce
3317 2840 3368 2894 in
3401 2840 3496 2895 sua

1920 2936 2111 2993 deduci
2141 2944 2439 3006 putaretur,
2491 2935 2559 2989 ab
2588 2935 2775 2989 eodem
2803 2933 3055 2988 detentus
3081 2941 3182 2998 cst,
3232 2947 3296 2987 ac
3331 2931 3497 2987 'l‘eut-

1921 3035 2080 3090 boldo
2127 3022 2395 3088 'i‘uronico
2444 3030 2828 3086 custodiendus
2882 3029 3194 3099 deputatur.
3255 3026 3409 3082 Unde
3443 3035 3499 3081 et

268 3095 466 3176 miliaria
505 3095 628 3193 (93)
661 3095 827 3189 usque
855 3119 1042 3173 urbem
1094 3116 1416 3171 TttrOuicam
1468 3112 1628 3183 hujus
1680 3110 1814 3165 lucis

1919 3125 2317 3183 manifestatum
2347 3124 2470 3205 fuit,
2534 3124 2693 3194 regia:
2737 3123 2892 3178 linere
2929 3095 3124 3183 decus,
3187 3120 3241 3175 in
3281 3120 3500 3175 absum-

266 3211 518 3277 solamine,
564 3224 769 3279 corpus
796 3208 1165 3264 beatissimum
1216 3205 1471 3271 detulere,
1504 3204 1556 3257 in
1594 3200 1815 3257 basilica

266 3304 413 3357 sancti
461 3300 668 3357 Juliani
725 3298 1003 3364 martiris,
1065 3297 1206 3367 quod
1266 3297 1405 3351 idem
1469 3294 1553 3347 vir
1600 3300 1817 3347 sanctus

264 3406 447 3446 summa
470 3393 809 3448 instruxerat
836 3388 1114 3459 religione,
1144 3386 1308 3442 multa
1329 3382 1628 3440 reverentia
1656 3382 1816 3450 depo-

264 3492 446 3538 nentes.

322 3574 397 3626 ιτ.
423 3572 616 3646 Captio
665 3574 795 3643 regis
818 3572 882 3604 ³¹¹
939 3589 969 3625 a
1011 3568 1352 3625 Nortmanm‘s
1375 3567 1463 3620 '“.
1496 3596 1566 3606 —
1589 3564 1707 3633 Quo
1734 3579 1818 3617 se-

263 3662 409 3732 pulto,
453 3681 577 3720 cum
611 3663 789 3719 adhuc
816 3664 959 3717 inter
983 3677 1162 3732 regem
1193 3660 1506 3727 ducemque.
1524 3672 1624 3727 pax
1674 3653 1817 3708 nulla

264 3757 535 3826 composita
561 3763 732 3819 esset,
779 3765 939 3823 atque
985 3768 1079 3807 rex
1107 3751 1256 3806 dolos
1286 3748 1659 3804 simulaturum
1688 3759 1818 3799 non-

268 3843 371 3897 dum
421 3844 813 3916 pet-penderet,
870 3841 1089 3897 Erluino
1142 3841 1358 3908 suisque
1408 3838 1527 3891 aliis
1570 3835 1817 3904 sumptis,

269 3931 583 3990 Rliodomum
623 3934 810 4001 rediit;
857 3933 931 3988 nil
960 3932 1164 3989 veritus
1189 3947 1308 3986 cum
1341 3929 1535 3999 paucis
1575 3927 1683 3981 illic
1724 3926 1822 3980 im-

271 4027 467 4089 morari,
509 4025 804 4080 cumidem
837 4024 1196 4080 consueverit.
1249 4022 1411 4077 Dolus
1456 4018 1592 4090 apud
1631 4019 1821 4074 ducem

271 4132 297 4170 a
326 4119 611 4190 transfugis
646 4127 881 4188 paratus,
914 4118 1001 4188 qui
1028 4126 1152 4171 ante
1185 4116 1435 4179 latuerat,
1460 4122 1578 4170 orta
1604 4122 1812 4183 oportu-

272 4212 418 4269 nitate
453 4230 522 4269 ex
549 4214 773 4269 raritate
803 4214 1050 4280 militum,
1100 4216 1152 4270 in
1186 4224 1427 4283 apertum
1453 4211 1646 4281 erupit.
1688 4210 1821 4265 Nam

274 4305 379 4360 dum
413 4306 768 4377 tempestivus
798 4306 1089 4371 adveniret,
1131 4307 1198 4361 ab
1240 4303 1507 4376 Hagroldo
1544 4304 1634 4373 qui
1672 4301 1823 4370 Bajo-

274 4397 500 4453 censibus
542 4405 796 4465 praeerat,
824 4412 920 4467 per
960 4397 1276 4468 legationem
1317 4395 1614 4452 suasoriam
1637 4408 1819 4448 accer-

272 4486 412 4552 situs,
436 4486 669 4557 Bajocas
698 4502 816 4541 cum
856 4487 1038 4558 paucis
1084 4487 1151 4541 ad
1190 4485 1598 4548 accersieatem,
1634 4492 1818 4553 utpote

273 4574 330 4626 ad
356 4574 563 4632 ﬁdelem
612 4591 767 4646 quem
806 4578 857 4630 in
898 4575 1040 4630 nullo
1086 4583 1390 4644 suspectum
1434 4574 1701 4629 habuerat
1726 4573 1817 4638 ³¹’,

274 4680 476 4723 securus
526 4669 775 4723 accessit.
829 4668 1097 4723 Barbarus
1145 4682 1273 4721 vero
1313 4668 1538 4721 militum
1587 4668 1821 4736 inopiam

276 4756 504 4824 intuitus,
545 4776 667 4816 cum
697 4760 1030 4816 multitudine
1052 4770 1383 4815 armatorum
1416 4774 1593 4830 regem
1634 4750 1820 4813 incau-

276 4855 374 4902 tum
389 4850 715 4921 aggreditur.
744 4850 902 4920 Cujus
927 4853 1215 4906 satellitum
1238 4850 1369 4906 alios
1390 4853 1661 4916 saucians,
1693 4850 1825 4905 alios

278 4934 593 5005 interimens,
625 4954 801 5010 regem
824 4940 875 4993 in
910 4938 1084 5010 fugam
1116 4939 1278 5010 cogit.
1321 4939 1385 4994 Et
1405 4941 1541 4997 forte
1569 4941 1820 5008 cepisset,

278 5023 367 5077 nisi
390 5029 456 5082 ab
486 5027 605 5096 ejus
630 5028 891 5098 armigero
917 5031 1199 5086 resistente
1244 5030 1314 5083 ibi
1355 5046 1476 5086 mox
1518 5030 1819 5095 interfecto,

280 5113 651 5187 aliquantisper
676 5117 917 5174 detentus
936 5129 1095 5177 esset.
1129 5120 1244 5187 Qua
1275 5135 1421 5175 mora
1453 5137 1542 5176 rex
1571 5121 1694 5189 equi
1734 5135 1824 5174 ve-

1524 5257 1757 5314 VARl/E
1796 5257 2200 5317 LECTIONES.

1916 3221 2096 3292 ptione
2124 3219 2294 3290 patris
2341 3226 2396 3272 et
2433 3217 2664 3272 ﬁliorum
2694 3216 2908 3289 penitus
2965 3215 3180 3271 abolere
3226 3214 3495 3269 tiratmum

1915 3311 2169 3366 voluisse.
2219 3309 2297 3365 Re
2323 3318 2502 3364 autem
2534 3308 2585 3363 in
2618 3308 2953 3364 contrarium
2996 3306 3180 3370 ducta,
3213 3321 3351 3361 ttnus
3376 3314 3492 3360 tan-

1918 3412 2031 3459 tum
2056 3404 2125 3436 ³³⁸
2156 3402 2297 3473 regis
2325 3400 2465 3455 ﬁlius
2492 3416 2523 3455 a
2549 3400 2795 3471 captione
2821 3398 3104 3471 superfuit.

1983 3495 2074 3550 49.
2100 3491 2270 3561 (946.)
2288 3490 2406 3546 Otto
2428 3490 2519 3552 "9,
2548 3499 2594 3543 et
2622 3487 2926 3544 Edmundus
2946 3487 3187 3556 rege.~.“°,
3212 3483 3496 3540 Germano-

1916 3602 2032 3639 rum
2048 3584 2116 3621 ³¹⁹
2129 3593 2175 3637 et
2191 3580 2475 3651 Anglorum
2488 3579 2576 3640 m,
2593 3580 2649 3633 in
2674 3579 2857 3632 ducem
2884 3594 2977 3647 pro
2995 3576 3064 3607 ³¹⁹
3081 3592 3194 3645 rege
3209 3585 3495 3629 moventur.

1914 3703 1987 3714 —
2006 3672 2168 3741 Cujus
2199 3669 2274 3724 rei
2302 3666 2544 3722 ordinem
2565 3666 2631 3699 ’ὀ
2659 3666 2838 3735 regina
2860 3681 2984 3719 mox
3022 3679 3118 3733 per
3139 3663 3344 3733 legatos
3373 3677 3499 3717 ora-

1902 3792 1905 3795 -
1920 3775 2063 3822 tores
2076 3762 2355 3819 Edmundo
2369 3760 2659 3831 Anglorum
2674 3759 2960 3828 Ottonique
2975 3755 3497 3811 Transrltenensium

1920 3855 2138 3927 regibus
2165 3853 2385 3916 indicat,
2420 3865 2485 3904 ac
2507 3863 2669 3920 super
2697 3849 2800 3904 boe
2826 3846 3201 3919 gravissimam
3229 3846 3501 3916 querimo-

1920 3950 2064 4004 niam
2108 3945 2303 4002 litteris
2341 3943 2582 3998 habitam
2632 3939 2817 3996 mittit.
2868 3939 2995 3995 Otto
3024 3938 3166 4008 regis
3192 3952 3256 3992 ac
3293 3937 3500 3992 sororis

1922 4053 2107 4096 casum
2149 4036 2354 4099 dolens,
2388 4048 2487 4106 pro
2523 4032 2864 4089 restitutione
2916 4028 3077 4101 regis,
3131 4026 3336 4099 Hugoni
3376 4042 3498 4080 mox

1922 4126 2241 4197 legationem
2269 4121 2500 4192 delegat,
2529 4120 2758 4192 plurima
2788 4116 3086 4189 postulans,
3126 4115 3303 4185 aliqua
3333 4114 3498 4169 etiam

1923 4218 2219 4272 intentans.
2252 4211 2567 4267 Edmundus
2588 4222 2801 4278 quoque
2823 4222 2916 4263 rex
2941 4204 3006 4260 de
3033 4203 3237 4261 sobrini
3267 4200 3498 4256 miseriis
3524 4250 3527 4255 .

1923 4306 2057 4362 adeo
2102 4309 2463 4373 conquestus,
2523 4299 2699 4355 eidem
2739 4297 2859 4353 duci
2891 4295 3113 4350 multam
3157 4293 3319 4348 animi
3362 4291 3500 4346 indi-

1927 4396 2236 4467 gnationem
2266 4406 2484 4450 suorum
2514 4389 2781 4462 legatione
2803 4387 3138 4442 demonstrat
3165 4400 3179 4449 ;
3212 4382 3497 4454 plurimum

1922 4490 1967 4546 si
1999 4502 2103 4543 non
2129 4485 2317 4541 reddat
2342 4490 2530 4538 contra
2579 4479 2726 4534 illum
2757 4491 2874 4532 sese
2903 4475 3168 4531 facturum
3195 4471 3496 4535 intendens.

1922 4581 2141 4648 insuper
2166 4584 2222 4631 et
2262 4576 2446 4630 hostes
2479 4571 2529 4625 ei
2573 4579 2713 4624 terra
2744 4566 2987 4636 marique
3014 4563 3379 4623 inducturum,
3435 4573 3499 4614 ac

1923 4680 2123 4725 terram
2146 4668 2262 4739 ejus
2284 4664 2497 4736 penitus
2536 4656 3002 4728 depopulaturum.
3053 4651 3207 4720 Quod
3243 4650 3286 4705 si
3323 4650 3500 4718 quoli-

1925 4762 2016 4816 bet
2043 4758 2325 4813 claudatur
2354 4750 2646 4821 municipio
2664 4790 2677 4813 ,
2702 4746 3043 4801 obsidionem
3066 4740 3369 4796 vehementi
3411 4753 3502 4794 eo—

1927 4850 2142 4905 namine
2200 4844 2604 4907 adhibiturum;
2670 4848 2830 4907 atque
2892 4834 3119 4906 amplius
3161 4831 3317 4893 duce,
3376 4844 3436 4883 se
3472 4844 3503 4882 a

1930 4943 2097 4999 Gallis
2158 4947 2504 5010 accepturum
2560 4931 2853 5004 suppetias.
2925 4931 2993 4985 Et
3056 4924 3157 4981 nisi
3217 4935 3410 5010 regem
3451 4920 3507 4974 in

1928 5032 2175 5101 proximo
2224 5007 2443 5093 reddat,
2514 5038 2635 5078 eum
2695 5028 2839 5074 terra
2885 5017 3126 5085 marique
3162 5012 3219 5066 in
3262 5007 3514 5078 proximo

1928 5122 2282 5194 appetendum
2293 5157 2306 5172 .
