4026 6312
541 311 601 365 71
1666 319 1944 375 RlCliERl
1983 320 2040 375 S.
2086 319 2342 377 REMlGll
2382 318 2686 378 MONACHI
3700 323 3772 381 ’12

610 420 697 475 50.
726 420 1027 493 Indignatio
1054 423 1118 456 ³¹¹
1152 424 1300 479 ducis
1314 426 1365 480 in
1381 424 1717 481 Edmundum
1733 428 1800 460 ³¹¹
1830 446 1998 499 regem
2016 431 2106 482 ³²¹.
2137 434 2184 491 Α
2213 446 2443 499 ransque
2465 431 2692 501 amplius
2711 431 2988 500 conqueri,
3011 430 3078 485 ab
3100 430 3493 503 indignantibus
3515 431 3775 490 inhibitus

540 541 611 551 —
641 510 755 597 Dpx
801 513 949 581 gravi
995 512 1259 581 legatione
1308 515 1625 581 confectus,
1686 516 1866 573 Ottoni
1920 534 2018 588 pro
2040 519 2109 559 ⁸η

541 611 695 671 parte
720 603 986 669 dissentit,
1017 619 1112 673 pro
1132 616 1285 675 parte
1317 606 1477 661 favet.
1504 605 1665 677 Regis
1690 623 1820 662 vero
1849 609 2108 664 Edmundi

542 691 768 763 legalis,
814 692 865 747 id
905 708 1005 747 nec
1053 694 1105 747 in
1155 694 1421 762 proximo,
1463 712 1560 750 nec
1599 706 1793 766 praeter
1847 700 2107 754 rationem

542 782 806 849 agendum
858 785 1165 852 respondet.
1215 784 1296 840 Ob
1330 786 1503 840 minas
1537 786 1830 857 Anglorum
1879 788 1952 842 nil
1991 803 2112 844 sese

541 874 827 927 factumm.
873 871 1023 941 Ipsos
1051 873 1093 927 si
1128 873 1365 939 veniant,
1414 875 1540 943 quid
1587 876 1639 930 in
1666 877 1830 931 armis
1856 877 1993 933 Galli
2022 893 2112 933 va-

542 961 709 1026 leant,
759 964 1117 1032 promtissime
1152 974 1490 1034 experturos.
1540 966 1692 1032 Quod
1735 969 1778 1022 si
1823 966 2110 1025 fonmdine

544 1055 670 1108 tact‘i
701 1070 805 1111 non
836 1055 1077 1120 veniant,
1124 1071 1221 1126 pro
1263 1058 1585 1127 arrogantia:
1640 1068 1818 1114 tamen
1852 1059 2109 1127 illatioue,

540 1143 813 1199 Gallorum
852 1144 996 1199 vires
1045 1147 1365 1216 quandoque
1395 1148 1742 1218 cognituros,
1793 1158 1848 1203 et
1894 1149 2112 1219 insuper

539 1250 752 1305 pmnam
785 1236 1026 1291 luituros.
1064 1236 1238 1292 Iratus
1261 1237 1442 1307 itaque
1478 1238 1679 1309 legatos
1717 1240 1937 1310 expulit.
1967 1240 2110 1297 Con-

540 1326 847 1397 sultumque
890 1342 946 1383 se
977 1327 1261 1384 conferens
1285 1368 1300 1395 ,
1358 1331 1497 1399 apud
1526 1346 1651 1385 suos
1679 1332 1919 1401 partibus
1946 1332 2114 1388 utitur

539 1416 958 1472 deliberationis.
988 1418 1051 1473 Et
1084 1429 1203 1487 post
1231 1420 1555 1485 consultum,
1587 1419 1837 1475 Ottoncm
1883 1425 2108 1493 expetit.

539 1510 637 1575 Qui
676 1525 794 1563 eum
824 1525 918 1579 per
940 1510 1142 1578 legatos
1171 1510 1507 1580 colloquendi
1533 1512 1951 1581 oportunitatem
1976 1530 2109 1584 que-

539 1610 703 1665 reret,
751 1601 990 1656 infensus
1036 1604 1082 1656 ei
1140 1603 1283 1672 loqui
1329 1620 1434 1659 non
1464 1605 1712 1673 optinuit.
1767 1605 2112 1678 Nimiumque

540 1692 727 1757 iratus,
782 1692 833 1746 in
864 1708 958 1748 sua
1006 1694 1273 1759 discessu,
1323 1710 1385 1749 ac
1433 1711 1651 1750 suorum
1692 1682 1821 1751 usus
1860 1699 2107 1764 consilio,

538 1797 720 1850 regem
750 1783 878 1847 adit,
904 1783 1088 1851 sicque
1116 1783 1445 1853 alloquitur:

608 1873 694 1927 51.
758 1871 1099 1943 Proloquutio
1131 1872 1200 1914 ³³³
1255 1873 1497 1945 Hugouis
1558 1876 1626 1928 ad
1677 1893 1843 1947 regem
1884 1877 1974 1931 δη.
2042 1909 2110 1918 ~—

541 1983 562 2017 ι
588 1964 819 2019 Parvum
853 1973 901 2019 te
938 1980 969 2020 ο
1000 1980 1089 2019 rex
1120 1966 1551 2022 adversariorum
1579 1967 1861 2023 insectatio
1908 1970 1959 2023 in
1989 1986 2112 2039 par-

538 2066 619 2113 tes
653 2060 1040 2117 transmariuas
1063 2061 1187 2116 olim
1216 2064 1492 2133 compulit.
1525 2063 1641 2119 Meo
1664 2080 1789 2119 vero
1817 2065 2029 2136 ingenio
2059 2075 2113 2121 et

536 2150 759 2205 consilio
787 2151 907 2206 inde
933 2151 1002 2193 'I‘
1033 2164 1330 2213 revocatus,
1367 2155 1546 2226 regnis
1568 2157 1847 2211 restitutus
1876 2173 1956 2212 es.
1984 2157 2112 2213 Post

536 2242 661 2296 dum
693 2244 827 2297 meis
867 2261 993 2300 usus
1051 2244 1196 2300 fuisti
1226 2247 1488 2312 consiliis,
1542 2263 1720 2303 rerum
1752 2251 2109 2305 secundarum

537 2336 811 2405 prosperis
839 2335 1086 2393 ﬂoruisti.
1129 2337 1430 2410 Numquam
1470 2342 1569 2396 nisi
1606 2342 1678 2396 tui
1708 2341 1908 2398 furoris
1945 2343 2113 2414 perti-

535 2425 682 2480 natia
729 2441 759 2479 a
789 2435 840 2481 te
868 2427 1060 2483 deieci.
1093 2428 1402 2485 lnﬁmorum
1450 2446 1512 2486 ac
1560 2431 1976 2502 imprudentium
2010 2432 2111 2487 bo-

534 2516 741 2571 minum
779 2518 1128 2588 dispositione
1156 2538 1302 2587 usus,
1331 2538 1358 2574 a
1389 2522 1710 2591 sapientium
1734 2523 1970 2579 consiliis
1998 2523 2114 2594 plu-

536 2608 731 2662 rimum
769 2608 1054 2663 oberrasti.
1104 2611 1253 2666 Unde
1303 2622 1358 2667 et
1393 2627 1571 2666 rerum
1626 2612 1903 2667 calamitas
1954 2613 2111 2683 digne

534 2707 822 2754 consecuta
860 2710 942 2755 est
972 2699 1060 2754 ³³⁸.
1088 2699 1362 2767 Quomodo
1392 2702 1535 2755 enim
1564 2712 1758 2769 praeter
1805 2717 1889 2756 me
1924 2717 2109 2757 neces-

536 2789 676 2844 saria
716 2789 810 2844 tibi
842 2804 906 2844 ac
940 2791 1170 2861 gloriosa
1206 2780 1492 2861 provenire
1537 2792 1843 2847 arbitrare?
1889 2792 2107 2847 Multum

535 2881 752 2950 inquam
797 2881 890 2935 tibi
924 2882 977 2937 in
1007 2882 1105 2937 hoc
1144 2883 1457 2952 derogatum
1509 2893 1611 2937 est.
1653 2882 1770 2937 .lam
1802 2884 2111 2939 memineris

536 2980 588 3026 te
610 2971 783 3026 virum
822 2986 958 3026 esse.
989 2972 1309 3027 Consideres
1330 2988 1563 3042 quoque,
1611 2973 1736 3042 quid
1767 2986 1868 3028 tua:
1913 2978 2105 3031 rationi

534 3062 872 3119 commodum
912 3064 1003 3118 sit.
1051 3063 1248 3131 Sicque
1274 3064 1443 3117 virtus
1466 3065 1671 3130 redeat,
1704 3066 1856 3119 nt1m
1889 3066 1939 3119 in
1964 3067 2110 3121 beni-

531 3155 821 3211 volentiam
854 3169 951 3209 nos
994 3162 1230 3219 revocet,
1266 3163 1315 3207 te
1349 3154 1727 3225 imperantem,
1777 3165 1829 3211 et
1854 3172 1939 3211 me
1968 3156 2108 3211 mili—

533 3255 732 3302 tantem
756 3245 849 3309 ⁸³⁷,
905 3261 1001 3315 per
1053 3261 1138 3300 me
1194 3247 1358 3301 etiam
1412 3247 1646 3316 reliquos
1689 3248 1975 3303 utilitatqu
2013 3250 2108 3305 tibi

532 3337 769 3392 redueat.
802 3336 869 3391 Et
890 3336 1012 3405 quia
1052 3351 1145 3391 rex
1179 3354 1208 3391 a
1241 3354 1326 3393 me
1355 3346 1590 3402 creatus,
1632 3339 1761 3393 nihil
1795 3340 1923 3393 mibi
1956 3341 2111 3415 largi-

530 3438 618 3483 tus
663 3441 760 3493 es,
832 3427 1150 3483 Laudunum
1211 3429 1399 3483 saltem
1465 3428 1758 3484 militaturo
1818 3430 2111 3486 liberaliter

480 3568 488 3575 .
530 3521 895 3577 accommoda.
928 3520 1080 3587 Quod
1103 3521 1265 3575 etiam
1290 3535 1448 3574 causa
1477 3519 1579 3574 erit
1610 3519 1729 3574 ﬁdei
1753 3524 2046 3575 servandae.
2084 3543 2102 3575 ι

531 3613 643 3668 Rex
678 3621 860 3682 utpote
888 3620 1099 3680 captus,
1127 3611 1286 3665 dictis
1329 3610 1696 3680 proloqucutis
1736 3611 1917 3665 cessit.
1958 3610 2109 3666 Unde

529 3714 584 3760 et
610 3703 884 3768 dimissus,
912 3701 1035 3756 data
1058 3701 1316 3755 Lauduno
1335 3701 1428 3766 3“,
1459 3700 1774 3767 Compendii
1808 3717 1926 3756 sese
1958 3716 2108 3756 rece-

528 3796 627 3866 pit.
657 3794 823 3849 AdeSt
846 3793 1115 3864 Gerbcrga
1166 3794 1349 3862 regina
1385 3793 1548 3847 multa
1594 3794 1794 3847 virtute
1836 3810 2103 3850 memora-

526 3885 685 3951 bilis;
736 3885 926 3939 adsunt
977 3898 1188 3954 quoque
1214 3884 1415 3954 aliquot
1443 3901 1506 3938 ex
1532 3883 1739 3955 Belgica
1766 3886 2100 3955 coepiscopi;

527 3976 799 4032 conﬂuunt
819 3977 979 4032 etiam
1010 3976 1108 4029 viri
1140 3976 1378 4031 illustres
1403 3977 1658 4030 nonnulli.

598 4068 688 4123 52.
723 4067 1060 4132 Querimonia
1087 4067 1217 4137 regis
1246 4067 1384 4136 apud
1427 4068 1654 4136 privatos
1701 4065 1768 4097 ²²⁹
1816 4066 1879 4120 de
1921 4063 2104 4136 [Iugo-

528 4160 609 4215 nis
640 4160 706 4192 ³¹⁹
744 4159 1095 4228 persecutione
1131 4158 1219 4211 "9.
1246 4188 1315 4196 —
1348 4157 1502 4225 Apud
1538 4171 1671 4225 quos
1702 4157 1859 4210 etiam
1896 4173 1989 4212 rex
2019 4158 2102 4213 bis

527 4251 707 4305 verbis
742 4258 1066 4319 conquestus
1082 4258 1180 4301 est.
1203 4247 1267 4302 Et
1295 4267 1306 4300 ε
1339 4267 1353 4298 ι
1392 4247 1486 4301 Eia
1520 4256 1593 4309 tu,
1621 4248 1889 4316 inquiens,
1918 4248 2096 4319 llugo!

526 4343 621 4398 Eia
663 4352 717 4396 tu
753 4340 932 4410 llugo!
965 4340 1178 4409 quantis
1226 4339 1382 4394 bouis
1411 4353 1439 4391 a
1499 4348 1550 4392 te
1592 4339 1850 4408 privatus,
1882 4340 2099 4409 quantis

525 4436 684 4490 malis
723 4433 965 4497 aﬂ‘ectus,
982 4441 1183 4502 quanto
1209 4432 1367 4485 etiam
1398 4444 1610 4486 merore
1656 4447 1795 4487 nunc
1821 4432 2091 4487 detineor!

531 4523 727 4579 Urbem
761 4522 1051 4577 Remorum
1087 4520 1390 4590 pervasisti.
1420 4518 1736 4574 Laudunum
1766 4522 2090 4591 surripuisti.

523 4615 619 4671 llis
650 4624 856 4668 tantum
877 4613 1084 4669 duobus
1098 4612 1416 4682 recipiebar,
1450 4612 1533 4667 his
1560 4613 1765 4667 duobus
1785 4613 2089 4668 claudebar.

522 4706 685 4761 Pater
714 4720 865 4759 meus
894 4715 1082 4773 captus
1126 4713 1287 4773 atque
1334 4704 1386 4757 in
1433 4718 1702 4759 carcerem
1757 4714 1958 4769 trusus,
1996 4705 2095 4758 bas

523 4810 642 4866 qua:
668 4810 753 4849 me
776 4803 1026 4864 premunt
1055 4810 1325 4849 mrumuas
1347 4809 1466 4848 cum
1491 4793 1668 4847 anima
1702 4793 1861 4847 simul
1888 4794 2087 4848 amisit.

522 4886 634 4957 Ego
663 4900 790 4940 vero
830 4885 883 4938 in
913 4885 1098 4939 eadem
1138 4885 1536 4954 prtecipitatus,
1567 4901 1630 4938 ex
1664 4900 1826 4953 regno
1865 4893 2092 4954 paterno

522 4976 773 5031 nibiluisi
798 4976 1160 5045 spectaculum
1194 4976 1428 5044 praebeo.
1452 4973 1570 5028 iam
1605 4988 1702 5029 nee
1731 4976 1911 5029 vivere
1935 4974 2086 5039 libet,

520 5080 621 5122 nec
649 5065 817 5122 emori
869 5065 1013 5121 licet.
1062 5064 1177 5133 Quo
1229 5081 1314 5121 me
1367 5066 1549 5134 itaque
1601 5065 2087 5121 conferam?»Pa-

2211 528 2310 573 est.
2347 521 2542 576 Deinde
2572 522 2808 576 animum
2842 530 3162 590 temperans,
3201 521 3480 576 consilium
3502 537 3622 578 cum
3662 524 3777 579 suis

2210 610 2431 664 confert.

2279 701 2369 755 53.
2398 701 2515 769 Quo
2541 703 2950 770 collato,0ttoni
2972 705 3080 776 regi
3108 720 3204 776 per
3223 704 3427 777 legatos
3445 707 3776 777 ereptionem

2210 804 2362 845 suam
2394 792 2741 848 demonstrat.
2781 794 2951 849 Antea
2990 808 3109 849 sese
3160 803 3400 863 captum,
3430 810 3570 849 nunc
3597 804 3779 849 antem

2209 881 2459 937 omnibus
2487 881 2641 937 bonis
2685 884 2951 954 privatum
2982 899 3311 942 memorans.
3339 884 3491 940 Unde
3515 893 3569 940 et
3603 885 3781 940 amico

2212 974 2469 1028 auxilium
2518 975 2780 1031 conferat.
2825 976 2996 1033 Urbes
3046 978 3293 1043 amissas,
3324 987 3568 1050 repetere
3603 978 3779 1048 juvet.

2212 1064 2271 1120 Si
2300 1066 2349 1121 id
2376 1065 2570 1131 faciat,
2602 1068 2828 1136 gratiam
2853 1068 3075 1123 multam
3107 1082 3224 1123 sese
3257 1069 3379 1124 inde
3408 1084 3787 1139 recompensa-

2213 1166 2413 1211 turmn.
2445 1155 2570 1212 Otto
2596 1157 2978 1228 benignissime
3000 1158 3321 1229 legationem
3344 1159 3636 1229 excipiens,
3654 1174 3779 1214 cum

2213 1246 2380 1316 copiis
2410 1247 2462 1300 in
2489 1246 2631 1317 regis
2669 1246 2929 1301 auxilium
2957 1261 3016 1302 se
3056 1248 3255 1303 iturum
3279 1250 3521 1318 spondet,
3545 1264 3608 1303 ae
3637 1259 3779 1304 tem-

2212 1353 2312 1407 pus
2336 1337 2513 1393 edicit.
2546 1337 2730 1409 Legati
2753 1336 2994 1403 redeunt,
3020 1354 3081 1394 ac
3111 1339 3362 1393 mandata
3388 1338 3647 1395 referunt.
3671 1338 3782 1396 Nec

2215 1431 2391 1484 minus
2427 1439 2481 1484 et
2514 1430 2582 1483 ab
2603 1445 2728 1500 rege
2752 1428 3131 1485 Genanuorum
3160 1429 3270 1501 (94)
3300 1429 3565 1497 Conrado,
3595 1430 3784 1502 copias

2212 1521 2365 1590 petit,
2392 1528 2446 1573 et
2472 1519 2686 1589 accipit.

2283 1609 2370 1663 54.
2399 1610 2605 1665 Interea
2633 1609 2757 1665 Otto
2784 1626 2874 1665 rex
2907 1627 3026 1666 cum
3051 1610 3240 1667 Rheno
3265 1612 3595 1678 transmisso,
3620 1628 3781 1669 exer-

2215 1694 2379 1757 Citum
2422 1717 2519 1771 per
2552 1700 2819 1769 Belgicam
2852 1702 3090 1767 duceret,
3115 1702 3295 1757 obviat
3325 1703 3433 1772 regi
3473 1702 3779 1769 Conrhado,

2210 1793 2300 1863 qui
2326 1803 2448 1847 tunc
2477 1793 2544 1847 ab
2576 1792 2798 1861 Alpibus
2823 1807 3089 1863 egressus,
3109 1808 3229 1846 eum
3253 1792 3415 1846 multa
3446 1792 3787 1863 expeditione

2212 1884 2485 1940 Ludovico
2512 1900 2829 1940 succurrere
2857 1884 3212 1940 accelerabat.
3243 1883 3415 1940 Juncti
3448 1898 3576 1954 ergo
3598 1884 3778 1944 ambo.

2213 1993 2335 2033 cum
2363 1977 2529 2033 multo
2552 1978 2791 2046 equitatu
2820 1978 3216 2048 gradiebantur.
3243 1976 3477 2043 Quorum
3502 1989 3782 2031 accessum

2212 2069 2514 2126 Ludovicus
2565 2069 2880 2131 dinoscens.
2941 2069 3091 2123 ocius
3113 2067 3369 2123 occurrit.
3405 2065 3535 2121 Tres
3602 2067 3787 2135 itaque

2214 2177 2390 2231 reges,
2442 2160 2494 2213 in
2534 2175 2699 2214 unum
2730 2157 2961 2224 collecti,
2995 2158 3152 2228 primi
3203 2157 3512 2213 certaminis
3540 2156 3784 2212 laborem

2212 2253 2471 2308 Lauduno
2502 2250 2839 2305 inferendum
2893 2250 3204 2305 decernunt.
3237 2249 3304 2303 Et
3324 2248 3439 2304 sine
3475 2264 3657 2312 mora,
3693 2246 3786 2300 illo

2212 2343 2504 2398 exercitqu
2565 2340 2786 2395 ducunt.
2841 2339 2973 2393 Cum
3023 2353 3151 2410 ergo
3194 2352 3258 2392 ex
3310 2339 3535 2392 adverso
3586 2336 3787 2390 montis

2212 2431 2559 2486 eminentiam
2599 2431 2861 2495 viderent,
2886 2437 2941 2486 et
2971 2428 3115 2482 omni
3143 2437 3292 2498 parte
3317 2427 3464 2481 urbis
3490 2427 3649 2480 situm
3678 2442 3778 2481 ex-

2212 2522 2505 2591 plorareut,
2534 2523 2748 2593 cognito
2779 2522 3050 2576 incassum
3099 2533 3217 2575 sese
3261 2517 3331 2572 ibi
3360 2526 3680 2582 certaturos,
3710 2516 3781 2570 ab

2213 2631 2275 2672 ea
2306 2618 2438 2673 urbe
2467 2618 2769 2679 discedunt.
2796 2626 2851 2671 et
2902 2615 3100 2670 Remos
3148 2614 3484 2669 adoriuntur.
3518 2613 3615 2667 Ubi
3649 2613 3774 2680 quia

2210 2705 2471 2776 planicies
2496 2706 2930 2761 commoditatem
2949 2704 3272 2760 exercitibus
3298 2704 3546 2773 parabat,
3566 2702 3772 2759 obsidio

2212 2798 2629 2867 circumquaque
2686 2798 2943 2867 diSposita
2988 2808 3088 2851 est.
3136 2796 3200 2850 Et
3257 2797 3431 2866 primo
3487 2796 3776 2851 certamine

2213 2887 2511 2940 conuniuus
2538 2895 2826 2955 pugnatum
2867 2894 2969 2940 est.
3001 2884 3059 2938 ln
3083 2900 3190 2954 quo
3215 2884 3314 2938 tcla
3347 2900 3410 2939 ac
3442 2884 3644 2955 lapides
3670 2892 3781 2938 tam

2212 2977 2375 3031 dense
2428 2976 2757 3041 ferebantur,
2789 2991 2951 3045 quam
3007 2976 3169 3030 deusa
3211 2975 3413 3044 grando
3458 2974 3781 3044 quandoque

2212 3065 2483 3120 dilabitur.
2507 3065 2886 3136 Periulegram
2919 3079 3046 3136 ergo
3066 3065 3226 3130 diem,
3258 3064 3523 3119 continuis
3545 3065 3783 3120 motibus

2213 3157 2339 3211 urbs
2366 3156 2672 3227 impugnata
2706 3165 2801 3211 est.
2839 3157 2965 3211 Post
2997 3172 3123 3211 vero
3152 3156 3451 3211 comminus
3477 3155 3675 3226 septies
3699 3154 3782 3210 di-

2211 3247 2485 3312 micatum,
2513 3259 2673 3317 atque
2698 3250 2796 3303 boc
2829 3248 2939 3303 fere
2971 3264 3068 3318 per
3096 3249 3209 3303 dies
3237 3264 3353 3303 sex.
3772 3234 3779 3241 ’

2214 3364 2219 3371 ν
2248 3396 2253 3401 ,
2278 3337 2366 3391 55.
2395 3336 2504 3391 Nec
2536 3347 2713 3391 tamen
2742 3338 2886 3392 cives
2903 3338 3133 3393 assiduis
3160 3338 3470 3394 tumultibus
3496 3338 3648 3404 victi,
3673 3337 3782 3393 ullo

2209 3427 2366 3481 modo
2396 3425 2675 3487 cedebant.
2706 3444 2824 3481 cum
2873 3443 3058 3483 eorum
3087 3428 3279 3498 praesul
3317 3427 3487 3499 llugo,
3515 3428 3776 3497 quosdam

2208 3516 2508 3586 principum
2530 3517 2619 3585 qui
2644 3518 2745 3571 sibi
2776 3519 3004 3587 quadam
3020 3520 3335 3589 cognatione
3363 3519 3777 3582 conveniebant,

2206 3615 2359 3661 extra
2409 3609 2595 3662 urbem
2627 3608 2695 3639 ⁸²⁰
2722 3608 2983 3664 allocutus
3013 3621 3114 3673 est,
3145 3626 3387 3679 quaerens
3413 3611 3480 3665 ab
3514 3611 3592 3664 eis
3614 3610 3780 3663 ratio-

2207 3714 2350 3764 nem,
2387 3708 2445 3753 ut
2475 3700 2680 3755 scilicet
2739 3702 2864 3769 quid
2893 3702 3175 3770 agendum,
3204 3701 3328 3771 quid
3359 3700 3775 3763 vitandum,sibi

2206 3791 2466 3846 dicerent.
2506 3789 2560 3845 Si
2601 3792 2902 3860 aliquorum
2946 3793 3326 3847 intercessione
3356 3792 3406 3845 id
3454 3790 3774 3846 medendum

2207 3882 2494 3947 videretur,
2544 3883 2587 3937 si
2641 3898 2775 3953 epus
2822 3882 2958 3939 foret
3007 3885 3273 3955 precibus,
3301 3883 3345 3936 si
3374 3882 3536 3937 etiam
3584 3897 3776 3953 pugna:

2205 3972 2511 4027 instandum
2548 3984 2705 4028 esset.
2738 3973 2815 4028 llli
2869 3990 2990 4030 mox
3026 3990 3208 4047 regum
3254 3975 3648 4030 animositatem
3681 3976 3776 4029 de-

2203 4071 2588 4131 monstrantes,
2629 4064 2789 4119 fixum
2821 4065 2873 4120 in
2932 4069 3030 4132 eis,
3089 4074 3356 4130 asserunt,
3395 4066 3659 4121 nullorum
3692 4067 3775 4120 in-

2204 4156 2535 4213 terventibus
2570 4173 2687 4213 sese
2717 4174 3091 4223 concessuros,
3136 4169 3191 4214 at
3222 4160 3483 4216 obsidioni
3510 4176 3676 4230 usque
3701 4162 3772 4215 ad

2201 4247 2449 4302 eth-ctum
2508 4264 2727 4319 operam
2779 4251 3017 4307 daturos.
3057 4251 3207 4318 Quod
3243 4252 3286 4306 si
3320 4253 3501 4307 urbem
3548 4253 3600 4306 vi
3648 4254 3770 4323 capi

2200 4339 2493 4408 contingat,
2542 4339 2639 4409 ipsi
2678 4340 2890 4409 praesuli
2920 4341 3101 4396 oculos
3124 4339 3440 4401 etl‘ossuros.
3469 4349 3524 4396 et
3562 4342 3663 4396 hoc
3692 4342 3768 4395 ita

2202 4428 2505 4483 ordinatum
2529 4429 2820 4500 fixumque.
2846 4431 2996 4486 Unde
3024 4440 3076 4486 et
3102 4431 3507 4487 accelerandum
3538 4441 3595 4487 ut
3617 4447 3770 4503 egre-

2199 4519 2395 4586 diatur,
2429 4535 2663 4593 suosque
2692 4524 2760 4577 ab
2812 4538 2996 4595 regum
3030 4524 3396 4594 indignatione
3425 4523 3636 4594 eripiat.
3672 4523 3769 4578 llis

2197 4613 2388 4680 praesul
2421 4614 2659 4679 territus,
2701 4614 2814 4670 suis
2843 4616 2945 4671 boe
2968 4624 3252 4672 monstrat.
3302 4613 3367 4668 Et
3408 4615 3632 4671 consilio
3663 4615 3762 4669 ha-

2196 4702 2327 4765 bito,
2353 4702 2438 4757 die
2465 4704 2757 4760 obsidionis
2784 4714 2956 4770 sexta,
2979 4721 3100 4760 eum
3144 4706 3255 4760 suis
3284 4705 3575 4778 egreditur.
3630 4703 3762 4758 Por-

2198 4801 2263 4847 tte
2295 4793 2359 4825 ³³¹
2401 4795 2614 4864 regibus
2639 4795 2961 4863 panduntur.

2265 4883 2353 4939 56.
2383 4884 2553 4956 Reges
2584 4901 2709 4939 vero
2730 4886 3004 4940 Artoldum
3036 4895 3385 4951 resumeutes,
3418 4887 3607 4941 urbem
3632 4899 3761 4954 cou-

2197 4983 2483 5042 sequenter
2531 4974 2893 5028 introducunt.
2936 4976 3275 5045 Duorumque
3324 4974 3759 5045 metropolitano-

2197 5081 2312 5118 rum
2344 5066 2567 5131 medius,
2591 5065 2848 5121 Friderici
2897 5066 3211 5137 Maguutiui,
3251 5083 3315 5122 ac
3354 5067 3596 5122 Rotberti
3626 5066 3761 5121 Tre-

1799 5177 2032 5235 VARIJB
2069 5179 2471 5237 LECTIONES.

587 5272 655 5306 ³³¹
685 5272 746 5338 ti,
776 5271 836 5336 E,
865 5287 892 5326 r
913 5271 1134 5325 abscisa.
1209 5270 1278 5301 ³¹²
1309 5284 1405 5339 pro
1443 5268 1715 5323 abscisum.

516 5407 802 5483 componat
822 5407 999 5483 del_ei._
1049 5410 1117 5442 ⁸³⁸
1143 5410 1177 5463 Ι.
1202 5426 1232 5464 a
1261 5407 1394 5483 duce
1420 5423 1584 5479 regno
1616 5407 1803 5463 deleta.

518 5499 570 5538 ει.
606 5478 794 5536 deleta.
872 5480 938 5513 ⁸³¹
969 5479 1029 5534 Ρ.
1065 5494 1277 5552 quoque
1306 5478 1495 5535 deleta.

1794 5268 1864 5299 ⁹¹³
1893 5271 2036 5340 utio,
2076 5285 2253 5340 regem
2286 5272 2509 5326 abscisa.

517 5353 663 5399 stare
692 5351 1077 5412 potest,quem
1101 5337 1351 5412 socordia
1378 5339 1661 5412 precipitat
1691 5337 1870 5412 deleta
1885 5339 2120 5412 gemuit
2138 5337 2317 5395 “etiam
2362 5342 2502 5411 apud
2544 5337 2899 5397 Tritheniium.

1881 5409 1947 5441 “9
1976 5409 2081 5478 pri,
2111 5414 2320 5480 ugouis,
2353 5409 2418 5467 ne
2445 5412 2665 5467 abscisa.

3047 5274 3114 5304 ³¹³
3143 5282 3241 5327 est.
3289 5272 3567 5338 Quomodo
3614 5274 3759 5329 enim

2975 5344 3044 5386 8“
3072 5359 3191 5413 qua:
3221 5344 3272 5398 1,
3320 5343 3482 5397 Tritlt.
3564 5344 3630 5376 ³³⁷
3682 5359 3752 5397 m.

2744 5414 2814 5445 ³³⁰
2836 5431 2885 5467 u.
2910 5424 3103 5483 praeter
3132 5428 3350 5470 suorum
3374 5415 3757 5469 conscientiam
3812 5458 3815 5461 .

2585 5272 2653 5303 ³⁸⁷⁵
2688 5274 2864 5342 regnis
2910 5274 2959 5327 l.

2036 5567 2243 5625 NOTIE

588 5641 698 5712 (9-4)
728 5638 1065 5712 Βυτειιηόἰαξ.
