4026 6312
199 369 271 426 73
1137 355 1608 414 HISTORIARUM
1663 355 1805 410 LlBil

1904 355 2232 424 ius'ruon.
2275 357 2473 411 —LIB.
2516 315 2606 410 ιί.’
3397 362 3465 416 7t

203 481 458 539 verensis
481 521 498 545 ,
523 481 588 534 ab
627 479 707 534 eis
747 492 844 548 per
871 489 1061 531 manus
1086 473 1330 544 pristina:
1367 471 1477 525 sedi
1519 470 1797 523 restitutus
1829 477 1872 535 Α
1903 479 2006 532 tur,
2037 479 2094 522 nt
2118 469 2365 524 videlicet
2393 486 2555 526 naves
2588 470 2774 525 solvat.
2808 469 3074 526 Pervasus
3099 487 3226 544 ergo
3254 491 3316 530 ac
3358 487 3468 533 ter-

203 586 306 632 est.
342 573 456 629 Ubi
489 573 653 627 etiam
677 586 802 624 mox
831 567 1157 637 Gerbergam
1184 563 1422 632 reginam
1448 577 1570 616 cum
1596 561 1802 630 aliquot

205 663 519 720 illustribus
555 661 814 716 cuStodiae
849 659 1188 727 deputantes,
1238 653 1338 722 ipsi
1397 661 1506 707 tres
1554 665 1706 722 reges
1748 651 1803 704 in

206 754 498 824 nugonem
539 753 734 806 ducem
779 763 900 804 cum
942 745 1183 801 exercitu
1236 742 1500 796 feruntur.
1558 740 1801 795 Silletum

203 861 426 917 quoque
465 845 521 898 vi
571 845 870 912 irrumpere
910 841 1168 901 nitentes,
1218 837 1558 892 considerato
1623 832 1801 902 oppidi

203 937 586 996 ﬁrmamento,
638 931 761 986 inde
786 929 1134 991 amoliuntur,
1166 943 1270 981 non
1307 935 1484 979 tamen
1514 923 1631 978 sine
1669 920 1799 976 sub-

203 1025 342 1078 nrbii
391 1021 801 1084 eombustione,
853 1028 908 1072 ct
941 1017 1240 1088 aliquorum
1285 1029 1451 1078 nece;
1496 1013 1684 1083 sicque
1733 1011 1802 1066 ad

201 1114 430 1168 ﬂuvium
456 1112 770 1180 Sequanam
798 1109 1146 1163 contendunt.

270 1203 364 1258 57.
395 1200 684 1266 Quomodo
707 1200 859 1268 pauci
879 1197 1093 1266 juvenes
1118 1195 1186 1227 3"
1213 1210 1409 1248 navem
1436 1193 1567 1246 duce
1591 1193 1659 1224 ³³²
1683 1191 1804 1246 sub-

204 1295 392 1348 ductas
442 1308 546 1360 per
572 1290 641 1322 ³³⁸
670 1289 921 1343 astutiam
950 1287 1017 1318 ³³⁸
1064 1284 1300 1355 repetitas
1323 1283 1391 1315 ³³³
1433 1283 1682 1338 exercitui
1713 1282 1802 1334 ad-

205 1384 456 1437 duxerim
482 1381 773 1434 "I.-—Dux
795 1393 923 1433 vero
944 1392 1130 1432 eorum
1152 1376 1408 1444 impetum
1428 1375 1801 1443 prmsentiens,

207 1490 236 1528 a
277 1473 445 1528 litore
493 1471 744 1526 hostibus
792 1469 1043 1540 contiguo
1085 1483 1182 1538 per
1230 1469 1300 1540 20
1345 1467 1576 1522 miliaria
1615 1481 1803 1521 omnes

208 1583 371 1622 naves
397 1566 610 1621 abduci
638 1574 988 1637 pmt‘eperat,
1036 1580 1104 1620 ne
1134 1563 1458 1618 adversariis
1490 1563 1803 1618 transeundi

211 1657 584 1713 commoditas
632 1665 934 1727 pararetur.
977 1655 1047 1709 At
1090 1654 1353 1709 frustrato
1391 1652 1508 1722 ejus
1554 1653 1800 1717 consilio,

211 1747 375 1801 inulto
413 1745 586 1801 aliter
611 1745 924 1816 provenisse
971 1751 1156 1798 notum
1197 1749 1302 1798 est.
1332 1741 1467 1796 Nam
1496 1742 1681 1796 decem
1704 1758 1804 1794 nun

1903 563 2061 625 ritus,
2109 577 2271 617 naves
2293 563 2468 616 solvit.
2513 563 2854 631 Consilioque
2904 564 3054 628 inito,
3094 565 3330 622 vinctum
3349 587 3468 624 ttavt

1903 651 2214 719 conjiciunt,
2248 667 2311 704 ac
2359 667 2522 706 naves
2547 653 2741 722 singuli
2774 653 3012 721 singulas
3060 655 3125 709 ad
3157 655 3281 712 litus
3307 646 3484 713 (κόψ’

1903 752 2051 797 cunt.
2113 741 2302 810 Ejecto
2347 758 2472 796 vero
2530 744 2741 813 hospite
2800 746 3012 811 vincto,
3074 748 3253 802 navim
3307 766 3472 806 unam

1901 845 2090 885 omnes
2137 831 2398 900 ingressi,
2433 831 2564 886 alias
2622 843 2892 901 repetunt.
2925 851 2989 889 ac
3044 851 3233 891 novem
3278 839 3474 894 iterum

1904 923 2190 977 deducunt.
2225 922 2512 993 Octiesqne
2534 921 2750 979 ﬂuvium
2775 927 3028 993 remensi,
3060 943 3224 984 naves
3245 945 3475 988 numero

1938 1015 1969 1067 2
1995 1013 2352 1068 abduxerunt.

1970 1129 2059 1184 58.
2085 1129 2221 1184 Dum
2250 1130 2367 1185 haec
2395 1140 2732 1201 gererentur,
2758 1147 2942 1202 regum
2972 1137 3244 1192 exercitus
3276 1136 3330 1192 in
3360 1139 3476 1207 ipsa

1903 1219 2254 1274 dieiorientis
2307 1236 2503 1275 aurora
2539 1219 2701 1276 ﬂuvio
2742 1222 2910 1288 aﬂ‘uit,
2951 1241 3220 1296 navesque
3255 1239 3478 1297 paratas

1901 1327 2024 1366 cum
2055 1313 2218 1368 remis
2249 1313 2474 1378 invenit,
2496 1329 2633 1383 quas
2657 1315 2857 1370 tirones
2883 1332 3007 1370 cum
3027 1319 3192 1372 armis
3223 1319 3472 1390 ingressi,

1904 1400 2159 1469 navigant
2186 1415 2252 1455 ac
2278 1411 2634 1471 exaquantur.
2678 1403 2812 1456 Tum
2843 1404 3262 1476 circumquaque
3291 1407 3477 1477 palan-

1903 1503 2003 1558 tes,
2019 1493 2165 1547 nullo
2189 1494 2552 1563 probibentea
2573 1494 2801 1549 diversis
2816 1496 3057 1565 portibus
3082 1497 3216 1553 alias
3238 1501 3475 1569 rapiunt,

1902 1592 1956 1636 et
1978 1583 2307 1636 exercitibus
2333 1583 2624 1637 deducunt.
2659 1583 2792 1637 Nam
2828 1586 2917 1654 qui
2940 1587 3050 1640 ruri
3079 1587 3365 1658 degebant,
3399 1591 3477 1645 ir-

1905 1668 2174 1722 ruentium
2208 1677 2351 1722 tnctu
2381 1682 2572 1722 onmes
2609 1668 2966 1739 auﬂugerant.
2999 1672 3117 1726 Dux
3156 1687 3283 1727 vero
3310 1674 3481 1728 Aure-

1904 1761 2063 1815 lianis
2083 1775 2202 1815 sese
2234 1770 2532 1829 receperat.
2570 1759 2724 1815 Unde
2749 1769 2804 1815 et
2844 1761 2935 1830 qui
2968 1763 3245 1818 resisteret
3268 1765 3477 1820 aberat.

213 1853 356 1894 ιιιετο
407 1839 650 1908 iuvenes
695 1837 888 1906 (ιιιῖιιιιε
933 1835 1201 1891 consumi
1254 1843 1435 1889 meme
1491 1835 1654 1888 ﬁxum
1684 1842 1802 1888 erm
1836 1828 1876 1886 Β
1906 1850 2140 1905 Navibus
2165 1828 2629 1919 itaqueiconexis,
2662 1865 2724 1904 ac
2747 1828 2912 1906 multo
2943 1852 3136 1906 robore
3161 1855 3478 1924 compactis,

213 1941 368 1982 omne
394 1927 710 1997 periculum
743 1926 950 1991 subire,
974 1925 1216 1980 habitum
1248 1925 1538 1979 militarem
1565 1925 1620 1978 in
1650 1939 1806 1992 pere-

214 2015 422 2092 grinum
451 2014 929 2078 transformantes,
961 2028 1114 2086 reges
1148 2021 1528 2083 prevenerant,
1555 2013 1806 2068 obsecra-

218 2110 416 2163 tionnm
448 2117 584 2163 vota
620 2108 936 2164 simulantes
969 2106 1058 2160 ⁸⁸⁸.
1096 2105 1362 2177 Sportulis
1397 2106 1577 2175 itaque
1607 2106 1674 2160 ab
1703 2106 1805 2160 hu-

221 2214 362 2254 mero
437 2199 904 2270 dependentibus,
958 2197 1177 2252 ferratis
1232 2196 1436 2251 baculis
1485 2196 1802 2267 procedunt.

225 2287 586 2358 Habitumque
641 2288 854 2343 mentiti
903 2286 1266 2357 peregrinum,
1302 2284 1489 2339 urbem
1537 2284 1804 2338 Parisiqu

227 2395 336 2434 cum
370 2379 635 2448 Sequana
676 2378 929 2449 pontibus
951 2384 1353 2448 pertranseunt.
1376 2363 1563 2429 Nullus
1587 2374 1665 2428 eis
1691 2388 1806 2429 mo-

231 2468 381 2525 lestus
411 2469 624 2524 extitit.
665 2468 745 2522 Ac
766 2467 926 2522 litora
954 2467 1220 2522 exteriora
1247 2465 1442 2532 quibus
1463 2479 1627 2519 naves
1651 2475 1805 2518 tene-

234 2559 412 2613 bantur
448 2567 664 2629 petunt.
695 2557 892 2628 Sicque
930 2559 983 2612 in
1021 2557 1312 2628 hospitium
1351 2555 1596 2610 farinarii
1624 2554 1806 2624 cujus-

240 2651 341 2703 dam
360 2649 480 2722 (95)
510 2649 865 2712 divertentes,
897 2663 1016 2703 sese
1047 2647 1220 2718 gratia
1249 2645 1457 2701 visendi
1492 2654 1806 2700 sanctorum

246 2735 344 2793 lota
382 2754 453 2793 ex
480 2737 745 2792 citeriore
772 2737 928 2792 litore
953 2737 1024 2778 ³³⁸
1049 2736 1329 2792 advenisse
1352 2740 1614 2790 reterunt.
1652 2733 1807 2789 Fari-

258 2829 662 2899 nariusjuvenes
699 2828 965 2884 formosos
993 2829 1045 2882 in
1075 2828 1260 2882 habitu
1291 2827 1416 2882 licet
1441 2827 1651 2897 abjecto
1676 2841 1806 2881 con-

261 2917 480 2982 siderans,
516 2917 814 2987 hospitium
852 2926 1129 2988 gratanter
1153 2918 1545 2982 accommodat,
1571 2925 1624 2974 et:
1661 2917 1808 2971 insu-

247 3018 330 3072 per
345 3021 432 3060 eos
452 3006 644 3060 mitius
669 3014 843 3060 curat.
872 3005 972 3073 Qui
994 3004 1237 3062 fraudem
1267 3007 1532 3072 meditati,
1560 3021 1808 3061 nummos

243 3093 368 3170 dant,
396 3097 701 3164 vinumque
750 3097 977 3151 mercati
1005 3097 1267 3167 hospitem
1316 3097 1602 3153 inebriant.
1635 3097 1703 3152 Et
1729 3097 1807 3152 sic

242 3193 386 3237 totam
412 3185 565 3240 diem
589 3184 823 3240 convivii
848 3184 1183 3255 jocunditate
1209 3196 1551 3243 consumunt.
1575 3186 1806 3242 Iuvenes
1833 3190 1879 3254 C

237 3273 493 3344 hospitem
523 3276 653 3330 vino
694 3274 994 3330 faciliorem
1055 3277 1418 3342 advel-tentes,
1451 3279 1594 3348 quod
1646 3279 1696 3334 ei
1737 3279 1807 3334 sit

234 3361 457 3419 oﬂicium
488 3375 932 3433 percunctantur.
955 3364 1048 3420 llle
1093 3365 1411 3420 farinarium
1453 3382 1574 3423 sese
1603 3383 1806 3423 memo-

232 3462 326 3506 rat.
355 3453 435 3509 At
463 3454 544 3507 illi
593 3455 886 3523 prosecuti,
915 3457 964 3510 si
1003 3457 1386 3526 quidamplius
1417 3459 1608 3528 possit,
1637 3459 1806 3513 inter-

231 3553 438 3616 rogant.
488 3544 582 3598 ille
626 3547 788 3601 etiam
842 3547 1167 3617 piscatorum
1200 3549 1356 3604 ducis
1397 3549 1714 3618 magistrum
1747 3563 1805 3605 se

229 3635 444 3698 asserit,
468 3644 526 3688 et
573 3651 639 3689 ex
667 3636 881 3689 navium
911 3638 1402 3692 accommodatione
1423 3649 1669 3708 questum
1708 3640 1805 3693 ali-

230 3738 384 3792 quem
423 3726 531 3780 sibi
575 3727 784 3782 adesse.
817 3726 896 3780 llli
944 3742 1109 3783 vero:
1144 3747 1161 3779 ι
1199 3727 1489 3795 Quoniam,
1527 3729 1802 3801 inquiunt,

230 3811 677 3868 humanissimum
710 3815 866 3870 nobis
891 3825 943 3870 te
989 3816 1311 3880 invenimus,
1340 3817 1597 3887 ampliora
1640 3818 1802 3873 etiam

231 3912 493 3972 Optamus.
529 3903 678 3960 Unde
698 3914 752 3960 et
780 3907 825 3960 si
846 3906 1096 3975 quiddam
1111 3909 1264 3963 nobis
1287 3907 1477 3973 facias,
1515 3909 1580 3963 10
1605 3909 1803 3964 solidos

231 4010 319 4050 nos
338 3996 672 4067 allegaturos
693 3997 1025 4067 pollicemur,
1054 4008 1110 4053 ut
1136 3999 1387 4054 videlicet
1407 4008 1554 4054 trans
1581 4000 1799 4055 ﬂuvium

230 4101 319 4141 nos
351 4088 594 4162 Vevehas,
619 4102 683 4142 eo
712 4089 854 4158 quod
879 4089 1103 4145 ulterius
1134 4090 1424 4160 procedere
1460 4100 1671 4146 oratum
1705 4109 1799 4146 ne-

228 4191 511 4246 queamus,
551 4178 760 4233 itineris
811 4178 1142 4251 longitudine
1185 4179 1414 4252 fatigati.
1453 4199 1471 4233 »
1496 4182 1564 4235 At
1590 4182 1802 4251 hospite

230 4269 588 4338 respondente
623 4269 774 4324 ducis
802 4269 981 4325 edicto
1025 4284 1188 4325 naves
1233 4270 1302 4324 ad
1355 4271 1615 4326 interiora
1644 4271 1799 4326 litora

228 4366 426 4425 raptas,
455 4373 526 4412 ne
549 4357 834 4414 Germanis
862 4359 1285 4427 irrumpentibus
1313 4369 1497 4429 pateat
1527 4375 1794 4424 accessus,

227 4447 292 4501 illi
334 4457 581 4520 tempore
600 4460 864 4506 nocturno
891 4451 1093 4521 absque
1123 4451 1392 4506 calumnia
1429 4453 1480 4507 id
1507 4452 1621 4508 fieri
1643 4469 1800 4523 posse

223 4549 602 4603 prosecuntur.
632 4538 727 4595 ille
764 4540 1006 4608 pecuniae
1039 4541 1286 4610 cupidus,
1311 4541 1528 4595 naulum
1577 4543 1794 4612 accipit,
1824 4545 1874 4605 D

224 4641 279 4680 ac
299 4629 374 4682 de
393 4628 660 4697 patrando
679 4630 892 4698 negotio
923 4631 1079 4684 fidem
1107 4631 1218 4684 dat.
1238 4631 1350 4686 Nox
1373 4630 1542 4686 aﬂ‘uit.
1567 4631 1798 4690 Juvenes

222 4716 552 4781 promissum
582 4715 698 4770 ﬁeri
732 4717 1021 4784 postulant.
1051 4718 1144 4773 llle
1179 4735 1303 4774 mox
1331 4731 1607 4791 assumpto
1628 4739 1795 4793 puero

224 4805 492 4874 privigno,
518 4821 639 4860 cum
654 4804 944 4873 juvenibus
970 4808 1024 4862 in
1053 4809 1227 4864 noctis
1251 4817 1512 4882 tempesta
1535 4813 1601 4866 ad
1632 4830 1794 4870 naves

225 4906 494 4966 properat.
555 4897 894 4952 Comitantur
932 4908 984 4953 et
1033 4897 1280 4966 juvenes.
1313 4899 1414 4966 Qui
1450 4902 1792 4958 solitudinem

226 4989 487 5054 videntes,
514 5004 740 5060 puerum
790 4999 1000 5060 raptum
1056 4992 1110 5045 in
1160 4992 1417 5048 ﬂuentum
1455 4995 1794 5068 demergunt.

227 5076 502 5148 Hospitem
527 5095 657 5134 vero
680 5080 916 5136 clamare
947 5083 1241 5148 nitentem,
1274 5093 1490 5153 gutture
1515 5087 1793 5144 invadunt.

226 5166 399 5236 Atque
430 5178 659 5224 mortem
694 5170 747 5224 ni
795 5171 935 5239 quod
992 5171 1176 5226 volunt
1204 5171 1419 5240 ciiiciat,
1447 5176 1797 5232 interminan-

1903 1941 2143 1998 liburnas
2172 1941 2424 1996 solidant.
2451 1941 2598 2007 Quas
2638 1941 2913 2012 ingressus
2942 1944 3230 2009 exercitus,
3253 1943 3477 1999 ﬂuvium

1905 2032 2121 2088 transit.
2159 2031 2294 2086 Dein
2322 2040 2468 2086 terra
2515 2032 2738 2099 recepti,
2769 2030 3026 2086 incendiis
3056 2034 3358 2102 praedisque
3389 2050 3481 2088 vc-

1904 2123 2246 2178 bementibus
2277 2130 2442 2176 totam
2467 2121 2738 2191 regionem
2769 2137 2940 2191 usque
2975 2121 3215 2194 Ligerim
3240 2124 3480 2194 depopu-

1903 2213 1996 2269 lati
2025 2223 2171 2268 sunt.
2194 2213 2324 2268 Post
2357 2214 2471 2269 hac
2493 2211 2740 2267 feruntur
2765 2212 2817 2266 in
2848 2223 3049 2268 terram
3081 2225 3390 2285 pyratarum
3414 2232 3480 2269 ac

1905 2304 2180 2358 solotenus
2199 2302 2504 2359 devastant.
2532 2301 2728 2372 Sicque
2755 2303 2896 2372 regis
2923 2303 3176 2374 injuriam
3221 2306 3478 2361 atrociter

1904 2392 2027 2458 ulti,
2059 2393 2163 2448 iter
2214 2393 2284 2448 ad
2331 2408 2429 2449 sua
2479 2401 2814 2462 retorquent.
2861 2391 3168 2450 Ludovicus
3217 2411 3346 2452 vero
3381 2411 3478 2452 rex

1905 2483 2105 2540 Remos
2139 2485 2298 2541 redit.

1975 2597 2064 2654 59.
2103 2597 2344 2663 Qualiter
2357 2597 2613 2652 Deroldus
2630 2616 2660 2652 α
2687 2600 2911 2670 quodam
2937 2600 3136 2655 medico
3150 2601 3391 2671 deceptus
3410 2601 3480 2633 ⁸⁸⁸

1905 2692 1973 2746 sit
2011 2708 2228 2761 eumque
2274 2693 2528 2762 deceperit
2570 2693 2660 2746 ³³⁸.
2686 2713 2760 2732 ε--
2785 2693 2902 2759 Quo
2951 2703 3191 2764 tempore
3259 2694 3480 2750 Ambia-

1906 2780 2154 2835 nensium
2196 2782 2478 2850 episcopus
2526 2781 2789 2835 [hsroldus
2823 2784 2888 2835 ab
2944 2783 3044 2837 hac
3098 2783 3206 2837 vita
3227 2783 3481 2849 decessit,

1905 2871 1991 2924 vir
2017 2870 2326 2939 spectabilis
2375 2885 2438 2925 ac
2483 2871 2769 2941 palatinus,
2801 2880 2854 2926 et
2884 2873 3152 2941 quondam
3176 2875 3362 2944 etregi
3385 2875 3481 2928 ad-

1907 2961 2125 3017 modum
2158 2961 2410 3027 dilectus,
2440 2962 2494 3016 in
2528 2971 2647 3016 arte
2681 2962 2960 3018 medicinae
2996 2964 3374 3032 peritissimus.
3408 2965 3485 3020 De

1907 3067 2014 3122 quo
2039 3051 2205 3106 etiam
2257 3050 2448 3118 fertur,
2499 3053 2643 3122 quod
2669 3068 2795 3107 cum
2823 3054 3002 3108 adhuc
3051 3055 3105 3108 in
3137 3055 3339 3124 palatio
3370 3057 3485 3126 regi

1909 3144 2160 3210 serviret,
2193 3158 2223 3197 a
2248 3144 2482 3214 quodam
2511 3143 2858 3199 Salernitano
2878 3145 3085 3200 medico
3106 3130 3363 3217 deceptus
3393 3148 3483 3213 sit,

1910 3251 2140 3306 eumque
2175 3235 2466 3304 deceperit.
2503 3234 2715 3290 Etenim
2736 3251 2857 3289 cum
2892 3244 3117 3306 uterque
3146 3236 3200 3290 in
3221 3246 3338 3293 arte
3366 3253 3486 3292 me-

1909 3328 2099 3383 dicinae
2120 3328 2320 3397 optime
2346 3335 2541 3398 posset,
2562 3335 2616 3382 et
2638 3327 2737 3382 iste
2750 3327 2860 3398 regi
2885 3327 3080 3396 potior,
3106 3327 3483 3384 Salernitanus

1905 3434 2036 3474 vero
2077 3419 2364 3490 reginaa'"
2389 3418 2616 3489 peritior
2651 3418 2946 3484 videretur,
2995 3431 3302 3474 commento
3342 3423 3484 3489 regis

1907 3520 2179 3579 repertum
2206 3517 2289 3563 est
2319 3509 2440 3578 quis
2484 3523 2671 3562 eorum
2706 3523 2886 3562 rerum
2932 3518 3153 3563 naturas
3200 3510 3370 3579 magis
3397 3510 3480 3564 di-

1909 3609 2176 3655 nosceret.
2227 3597 2395 3653 Jussit
2444 3599 2646 3653 etenim
2686 3612 2871 3652 coram
2915 3611 2974 3652 se
3016 3599 3135 3653 illos
3187 3600 3485 3654 consedere

1907 3691 2183 3754 convivas,
2209 3705 2429 3744 causam
2487 3691 2562 3743 rei
2601 3691 2816 3760 penitus
2851 3691 3217 3755 dissimulans,
3246 3706 3310 3746 ac
3357 3707 3484 3760 sepe

1905 3782 1984 3836 eis
2003 3783 2318 3851 questioncs
2343 3796 2666 3851 proponens.
2697 3782 2934 3851 Quisque
2957 3792 3014 3838 ut
3041 3792 3260 3856 poterat.
3281 3799 3481 3854 propo-

1905 3873 2008 3927 sita
2040 3872 2299 3927 solvebat.
2355 3871 2616 3926 Deroldus
2666 3873 2904 3940 quidem,
2935 3882 3120 3943 utpote
3172 3873 3476 3928 litterarum

1906 3961 2112 4016 artibus
2140 3961 2406 4025 eruditus,
2433 3959 2784 4030 probabiliter
2806 3960 3016 4028 objecta
3041 3960 3352 4016 diﬂiniebat.
3381 3962 3480 4016 Sa-

1904 4050 2191 4106 lernitatus
2215 4067 2342 4106 vero
2385 4051 2509 4106 licet
2530 4050 2673 4105 nulla
2702 4050 3001 4106 litterarum
3030 4053 3256 4107 scientia
3291 4053 3479 4122 praedi-

1903 4153 2013 4208 tus,
2066 4153 2245 4198 tamen
2284 4157 2351 4196 ex
2409 4143 2625 4213 ingenio
2684 4152 2909 4209 naturae,
2943 4143 3163 4198 multam
3214 4144 3266 4198 in
3316 4145 3477 4199 rebus

1903 4237 2291 4304 experientiam
2337 4235 2585 4291 habebat.
2641 4235 2808 4306 Regio
2857 4237 3037 4307 itaque
3087 4236 3238 4306 jussu
3281 4236 3476 4291 cotidie.

1903 4329 2208 4391 consident,
2258 4342 2320 4381 ac
2361 4342 2544 4381 mensa
2577 4327 2721 4397 regia
2759 4328 3012 4382 continue
3038 4342 3142 4381 una
3171 4328 3468 4397 potiuntur.

1904 4420 1970 4473 Et
1999 4419 2086 4474 die
2107 4419 2336 4488 quadam
2367 4419 2434 4474 de
2486 4419 2901 4473 diuamidiarum
2949 4417 3268 4475 differentiis
3292 4419 3472 4490 dispu-

1904 4519 2071 4566 tatum
2103 4520 2215 4575 est;
2247 4519 2642 4579 tractatumque
2664 4510 2881 4565 uberius
2907 4511 3036 4580 quid
3056 4509 3251 4566 eﬂiciat
3271 4510 3474 4565 farma-

1902 4609 2286 4678 ceutica,quid
2327 4624 2456 4664 vero
2499 4610 2788 4679 cirurgica,
2831 4610 2960 4679 quid
2990 4611 3153 4665 etiam
3197 4611 3473 4666 butanica.

1900 4701 1967 4752 At.
1998 4698 2390 4762 Salernitanus,
2425 4700 2708 4769 peregrina
2757 4700 2973 4754 nomina
3027 4715 3131 4754 non
3167 4701 3474 4763 advertens,

1899 4794 1968 4846 ab
1996 4807 2182 4846 eorum
2213 4791 2658 4862 interpretatione
2677 4791 3005 4846 erubescens
3025 4792 3246 4860 quievit.
3272 4791 3479 4846 Invidet

1899 4897 2028 4953 ergo
2048 4882 2353 4952 plurimum,
2381 4897 2444 4936 ac
2484 4881 2536 4936 in
2575 4879 2690 4948 ejus
2728 4891 2955 4936 mortem
2994 4898 3256 4938 venenum
3283 4898 3476 4952 parare

1905 4977 2225 5041 meditatur;
2266 4975 2487 5029 multam
2525 4975 2708 5030 dolose
2734 4975 3151 5031 benivolentiam
3193 4976 3471 5030 simulans.

1904 5068 2100 5122 Paran
2129 5082 2257 5121 vero
2301 5065 2584 5131 maleficio,
2625 5082 2745 5121 cum
2789 5082 2893 5120 una
2944 5068 2996 5121 in
3026 5067 3249 5138 prandio
3273 5068 3474 5122 rcsidc—

1905 5159 2112 5220 derent,
2154 5157 2528 5210 Salernitanus
2551 5171 2725 5225 ungue
2746 5156 2984 5226 inpudici
3013 5157 3274 5224 toxicato,
3302 5156 3475 5225 liquo-

1480 5267 1566 5322 VA
1581 5269 1714 5323 “le
1750 5269 2158 5327 LECTIONES.

380 5369 498 5439 juv,
537 5387 566 5424 a
596 5373 650 5435 d,
678 5388 777 5452 per
809 5381 992 5453 a._tas,
1021 5374 1088 5427 ad
1119 5375 1345 5430 abscisa.
1374 5447 1384 5453 _
1423 5377 1550 5453 ms.
1580 5377 1732 5453 Quod
1752 5390 1815 5453 et
1845 5380 2013 5453 fertur
2030 5379 2284 5453 Bernardi
2306 5382 2516 5453 comitis
2542 5382 2740 5438 astutia
2764 5383 3079 5453 dispositum
3101 5381 3217 5451 jam
3270 5380 3460 5435 de’eta.

229 5439 294 5470 ”‘
321 5441 458 5497 itore
484 5459 550 5497 ea:
575 5439 796 5512 conject.
871 5443 938 5474 ³⁸⁸
970 5453 1178 5513 ceptus,
1212 5447 1416 5514 ceperit
1451 5439 1673 5502 abscisa.

1750 5449 1819 5482 ³⁸⁸
1846 5466 1894 5503 r.
1932 5450 2256 5507 Frederunze
2281 5450 2506 5505 deletum

1743 5556 1977 5617 NOTAE.

298 5664 514 5746 (9510c
567 5664 994 5746 molendi-pario,
1019 5665 1465 5746 .moleudinorum
1523 5664 1788 5737 Sequana:
1816 5672 2058 5741 custode,
2090 5671 2160 5729 cf.
2185 5672 2348 5730 Gesta
2406 5673 2684 5730 consulum
2731 5674 3199 5745 Andegavensium
3237 5692 3353 5746 cap.
3421 5696 3474 5740 ο,

239 5738 361 5801 apud
386 5734 629 5815 Dacltery
660 5732 842 5803 Spicil.
879 5733 944 5798 X,
971 5735 1097 5788 444.

661 5826 933 5885 Parnm.
962 5826 1376 5910 CXXXVIII,

2995 5834 3031 5892 3
