4026 6312
577 342 645 399 75
1458 360 1467 368 ’
1695 345 1974 402 RICHERI
2014 350 2069 403 S.
2112 349 2375 403 REAlIGll
2416 349 2722 406 MONACHI
2880 342 2889 351 ί
3380 417 3385 421 ,
3748 361 3820 416 76

580 474 691 515 rem
718 458 919 531 piperis
938 474 1044 528 quo
1067 458 1241 514 cibum
1259 460 1461 529 pariter
1481 459 1869 531 iutinguebant,
1895 458 2146 516 loetaliter
2174 469 2220 527 Α
2249 475 2375 515 suos
2415 461 2671 531 agitabat,
2703 466 3120 533 oportunitatem
3153 468 3204 523 in
3234 470 3375 540 regis
3400 466 3641 527 absentia
3666 489 3817 531 asse-

578 552 769 607 inlicit.
797 551 912 619 Quo
954 552 1213 607 Deroldus
1235 554 1448 607 incaute
1470 561 1704 621 sumpto,
1729 569 1852 607 mox
1892 563 2144 622 serpente

580 657 806 705 veneno,
839 643 1070 697 deiicere
1100 645 1283 711 cmpit.
1318 644 1657 711 Etluctusque
1689 659 1718 697 a
1765 642 1909 707 suis,
1941 644 2142 696 teriaca

574 734 683 787 vim
713 734 901 788 veneni
927 735 1151 802 repellit.
1172 734 1241 788 Et
1268 734 1443 788 triduo
1463 735 1674 804 expleto
1704 751 1882 789 coram
1908 736 2140 799 rediens,

574 824 915 877 Salernitano
939 824 1343 876 consuescebat.
1388 822 1750 892 Interrogatus
1784 838 1909 877 vero
1937 825 2061 893 quid
2091 824 2138 877 ei

574 916 900 982 accidisset,
957 914 1222 968 ﬂeumatis
1280 912 1517 987 frigdore
1569 930 1627 968 se
1695 914 1884 968 leviter
1938 923 2137 967 tactum

571 1005 875 1074 respondit;
907 1005 1190 1074 quicquam
1246 1002 1447 1073 fraudis
1478 1018 1536 1057 se
1597 1005 1944 1073 perpendisse
1983 1003 2139 1056 dissi-

571 1094 797 1151 mulans.
838 1093 988 1149 Unde
1013 1104 1067 1149 et
1116 1096 1323 1149 hostem
1370 1094 1645 1148 incautum
1678 1090 1857 1147 efﬁcit.
1887 1092 2137 1148 Convivae

569 1186 751 1256 itaque
787 1185 1003 1247 redditi,
1039 1183 1297 1238 Deroldus
1317 1185 1551 1237 toxicum
1602 1183 1743 1236 inter
1775 1181 2133 1236 auricularem

568 1291 635 1333 nc
660 1276 953 1330 salutarem
975 1275 1320 1337 occultatum,
1349 1272 1467 1342 ejus
1488 1274 1608 1339 cibo
1637 1274 1897 1328 smnendo
1923 1287 2134 1341 resper-

568 1369 657 1424 sit.
690 1367 839 1435 Quod
868 1382 992 1421 mox
1013 1366 1166 1421 venis
1213 1380 1454 1436 serpens,
1482 1367 1603 1420 vitae
1631 1365 1860 1420 calorem
1894 1364 2134 1435 fugabat.

567 1457 907 1529 Venalesque
927 1476 957 1512 ιι
975 1459 1087 1513 suis
1107 1458 1331 1511 eductus
1349 1465 1450 1511 est.
1474 1456 1575 1523 Qui
1598 1472 1803 1512 veneno
1823 1457 2135 1526 expellendo

568 1565 784 1620 operam
823 1550 978 1612 dans,
1007 1548 1139 1602 nihil
1166 1563 1308 1602 cura
1359 1547 1571 1618 agebat.
1622 1547 1907 1602 Deroldum
1953 1548 2134 1615 itaque

562 1639 935 1709 magnificans,
962 1652 1340 1708 summumque
1388 1652 1509 1691 eum
1549 1638 1604 1691 in
1636 1639 1899 1692 medicina
1929 1638 2130 1707 praedi-

562 1747 714 1795 cans,
743 1729 858 1799 ejus
884 1745 1069 1786 curam
1098 1729 1566 1785 vehementissime
1593 1731 1829 1800 petebat.
1860 1728 1959 1795 Qui
1989 1729 2132 1799 regis

2245 569 2388 618 rens,
2422 570 2524 624 qua
2556 557 2741 610 urbem
2788 557 3076 614 Remorum
3126 562 3323 631 capiat,
3364 578 3485 618 cum
3519 577 3647 621 tunc
3687 568 3817 622 urbs

2247 653 2352 698 tant
2384 646 2634 717 episcopo
2660 664 2820 718 quam
2853 651 3110 707 militibus
3143 669 3306 708 vacua
3335 666 3495 721 esset,
3525 672 3618 711 rex
3646 660 3813 714 etiam
3901 696 3912 704 -

2243 736 2358 805 ipse
2382 737 2512 791 alias
2534 749 2827 807 occupatus
2856 739 2957 794 alia
2986 753 3258 810 quereret.
3298 744 3448 803 Unde
3477 755 3531 800 et
3556 748 3815 820 possib'e

2243 826 2538 887 asserebat,
2591 826 2730 880 facili
2768 831 3165 899 expugnatione
3217 833 3403 888 urbem
3455 836 3594 904 capi.
3646 835 3813 905 quue

2241 924 2562 985 attemptare
2583 932 2703 972 sese
2729 918 3014 987 plurimum
3040 922 3193 976 velle.
3212 923 3418 990 Quibus
3442 925 3642 980 milites
3667 929 3813 996 capti

2242 1006 2293 1059 in
2324 1008 2508 1062 urbem
2536 1011 2822 1065 mittendas
2852 1016 3104 1069 cohortes
3126 1026 3365 1070 censent.
3392 1016 3523 1084 Quae
3553 1019 3810 1085 collectae,

2239 1111 2358 1150 cum
2386 1098 2518 1152 duce
2545 1101 2879 1168 gradiuntur.
2920 1102 3114 1157 Urbem
3160 1115 3434 1174 appetunt,
3473 1116 3528 1161 et
3580 1109 3814 1162 circumc-

2239 1203 2450 1257 quaque
2499 1189 2773 1245 obsidione
2847 1202 3115 1262 premunt.
3170 1195 3545 1252 Dill'undttnlur
3577 1214 3812 1270 quoque

2239 1282 2462 1350 passim,
2493 1289 2656 1351 atque
2685 1282 3010 1339 frumentum
3038 1302 3103 1340 ex
3136 1288 3264 1343 locis
3287 1290 3555 1361 contiguis
3576 1293 3627 1345 in
3652 1311 3809 1349 usum

2238 1374 2799 1440 pugnre'convectaut.
2827 1374 3010 1430 Castra
3054 1377 3215 1433 fossis
3253 1383 3518 1446 muniunt,
3546 1386 3814 1440 cratibus-

2239 1475 2344 1529 que
2365 1462 2723 1516 circumdant.
2742 1463 2977 1533 Pugnam
3006 1481 3135 1536 ergo
3163 1469 3214 1521 in
3245 1468 3361 1523 dies
3381 1479 3473 1524 aut
3496 1472 3684 1538 semel,
3715 1483 3809 1528 aut

2236 1549 2319 1604 bis
2344 1550 2600 1605 inferunt.
2629 1551 2739 1606 Nec
2763 1554 2940 1610 minus
2968 1564 3021 1611 ct
3059 1558 3205 1612 cives
3227 1560 3696 1617 vehementissime
3718 1580 3805 1617 rc-

2234 1640 2450 1695 sistunt.
2479 1641 2705 1713 Jamque
2732 1645 2783 1698 id
2805 1644 2993 1700 diebus
3021 1663 3245 1703 numero
3270 1665 3461 1704 novem
3509 1652 3806 1721 agitabant,

2234 1745 2356 1785 cum
2386 1747 2562 1802 regem
2592 1733 2726 1788 adeo
2757 1734 3088 1805 indignatum
3115 1739 3322 1807 regredi
3346 1741 3413 1794 ab
3443 1741 3812 1795 observatori-

556 1820 712 1892 jussu
740 1819 930 1885 flexus,
958 1818 1215 1874 antidotis
1240 1819 1382 1873 datis
1405 1834 1435 1872 a
1465 1819 1642 1873 toxico
1674 1834 1768 1888 per
1810 1819 2127 1873 industriam
2162 1800 2204 1860 Β
2233 1821 2333 1877 bus
2370 1800 2668 1878 nuntiatur.
2700 1825 2763 1879 Et
2793 1800 2915 1879 mox
2947 1800 3224 1883 obsidione
3263 1829 3457 1897 soluta,
3489 1831 3805 1888 duodecima

561 1925 668 1965 non
719 1923 785 1963 ex
845 1918 957 1963 toto
1020 1908 1288 1978 purgavit.
1341 1906 1473 1960 Nam
1513 1918 1726 1977 sumpta
1769 1908 2008 1972 teriaca,
2050 1910 2130 1961 vLs

560 2001 750 2056 veneni
798 2000 849 2054 in
893 2000 1084 2069 pedem
1122 1999 1400 2053 sinistrum
1430 1997 1644 2068 penitus
1687 1998 1891 2067 dilapsa
1919 2007 2031 2062 est;
2076 1998 2126 2051 in

561 2106 768 2150 tantum
800 2105 859 2150 ut
910 2094 1050 2165 apud
1098 2093 1419 2148 domesticos
1447 2107 1513 2147 eo
1549 2091 1888 2147 familiariter
1915 2101 2127 2163 agente,

558 2201 822 2241 venenum
873 2193 930 2240 ut
974 2184 1147 2240 fertur
1204 2184 1258 2238 in
1288 2184 1528 2238 modum
1572 2183 1766 2238 ciceris
1811 2198 1841 2237 a
1870 2185 2005 2253 pede
2032 2198 2129 2251 per

559 2292 749 2332 venam
799 2263 1060 2346 surgens,
1110 2264 1179 2330 ab
1229 2275 1476 2329 antidoto
1525 2275 1777 2329 obviante
1826 2274 1879 2327 in
1934 2273 2126 2353 pedem

559 2368 924 2438 repelleretur.
957 2367 1165 2434 Quibus
1210 2367 1514 2421 diutissime
1568 2366 1647 2421 sic
1679 2364 2123 2435 repugnantibus,

557 2476 652 2530 pes
679 2460 731 2513 in
756 2459 895 2513 cutis
916 2457 1205 2528 superﬁcie
1228 2457 1455 2512 foratur.
1481 2455 1751 2527 Faetoquc
1785 2456 1991 2519 morbo,
2008 2463 2129 2525 post

557 2568 587 2605 a
623 2552 854 2621 cirurgis
884 2549 1264 2604 miserabiliter
1286 2550 1604 2607 absciditur.

626 2640 715 2695 60.
747 2639 913 2711 (9H.)
944 2639 1149 2694 Interea
1168 2640 1274 2692 dux
1301 2638 1601 2693 Neustriam
1624 2638 1958 2694 combustam
1980 2636 2123 2691 dire-

554 2741 809 2804 ptamque
838 2731 1044 2796 dolens,
1077 2731 1373 2784 exercitum
1406 2739 1579 2797 parat,
1616 2738 1669 2783 et
1715 2729 1768 2782 in
1820 2728 2132 2793 Arnulfum;

554 2836 676 2875 cum
722 2822 776 2875 in
829 2834 1009 2891 regem
1062 2835 1167 2874 non
1206 2820 1445 2881 auderet,
1498 2818 1837 2873 truculentus
1877 2816 2119 2872 effertur.

553 2914 755 2983 Oppida
784 2929 1000 2982 quoque
1037 2912 1179 2966 illius
1209 2911 1412 2980 aliquot
1441 2912 1735 2980 impugnat.
1763 2911 1832 2963 At
1877 2925 1998 2964 cum
2027 2924 2125 2979 per

550 3007 772 3060 diesscx
795 3005 996 3073 nullum
1012 3003 1466 3074 comprehendere
1479 3011 1681 3071 posset,
1696 3010 1820 3056 voto
1838 3001 2123 3056 frustrazus

550 3114 649 3153 sua
678 3099 887 3166 repetit.
915 3097 1044 3163 Qua:
1078 3098 1204 3150 dum
1247 3110 1275 3148 a
1318 3096 1452 3149 duce
1490 3104 1826 3165 gererentur,
1855 3110 1945 3148 rex
1971 3094 2119 3149 obsi-

550 3190 711 3244 dione
732 3188 1026 3242 Mosomum
1051 3184 1348 3256 premebat,
1371 3200 1435 3240 eo
1447 3185 1588 3255 quod
1607 3185 1759 3239 ducis
1782 3199 1947 3253 nepos
1970 3184 2120 3256 llugo

554 3201 711 3244 dione
732 3201 1026 3242 tuosomum
1051 3201 1348 3256 premebat,
1371 3201 1435 3240 eo
1447 3201 1588 3255 quoa
1607 3201 1759 3239 uucts
1782 3201 1947 3253 nepos
1970 3201 2048 3238 un
2088 3201 2120 3237 ο

554 3298 584 3336 a
607 3278 1177 3350 pontificatuabjectus
1199 3277 1396 3332 ibidem
1420 3285 1739 3332 moraretur.
1767 3275 1920 3331 Hunc
1941 3201 2122 3345 itaqﬁe

548 3372 844 3428 infestabat
867 3371 920 3425 in
960 3369 1113 3425 ducis
1140 3367 1543 3424 contumeliam.
1574 3370 1642 3421 At
1665 3366 1853 3422 ducem
1882 3366 1950 3421 ab
1977 3366 2120 3420 obsi-

547 3463 708 3519 dione
752 3461 1064 3517 discessisse
1109 3459 1466 3529 comperiens,
1497 3459 1609 3529 ipse
1656 3474 1870 3528 quoque
1918 3457 2120 3513 Remos

546 3555 758 3625 repetit.
790 3554 901 3620 Qua
943 3553 1104 3607 etiam
1133 3559 1450 3620 tempestate
1482 3549 1626 3604 Bovo
1648 3547 2117 3604 Catalaunensium

545 3648 848 3715 episcopus,
874 3644 974 3697 hac
1002 3642 1112 3695 vita
1150 3640 1400 3694 decessit.
1435 3638 1532 3694 Cui
1558 3638 1719 3693 etiam
1749 3654 1868 3692 mox
1900 3654 2119 3693 succes-

544 3740 617 3792 sit
637 3736 704 3767 ³⁸⁷
732 3737 803 3811 ab
843 3747 986 3803 rege,
1015 3733 1280 3802 Gipuinus
1317 3730 1481 3789 totius
1509 3730 1773 3786 electione
1802 3730 1954 3794 cleri,
1985 3731 2116 3785 ado-

544 3829 751 3884 lescens
777 3826 1045 3896 egregius,
1079 3831 1238 3893 atque
1261 3838 1293 3875 a
1321 3823 1520 3877 domno
1570 3821 1793 3878 Artoldo
1820 3821 2112 3876 Remorum

542 3916 950 3987 metropolitano
974 3922 1321 3969 consecratur
1349 3913 1653 3981 episcopus.

612 4011 699 4066 6|.
726 4009 854 4063 Post
876 4007 944 4038 ⁸³⁸
972 4007 1087 4060 haec
1109 4019 1256 4067 vero,
1290 4018 1384 4058 rex
1416 4003 1466 4055 in
1512 4001 1779 4071 Belgicam
1823 4001 2110 4066 concessit,

540 4103 723 4172 ibique
735 4100 783 4154 ei
799 4106 1093 4160 locuturus,
1120 4094 1246 4151 Otto
1264 4108 1355 4149 rex
1367 4093 1434 4126 “9
1454 4093 1665 4146 obviam
1687 4091 1855 4146 venit.
1870 4092 1950 4145 Ac
1970 4107 2112 4161 qua:-

540 4209 647 4263 que
697 4188 1004 4245 necessaria
1041 4186 1372 4249 ordinantes,
1400 4184 1560 4241 ambo
1605 4195 1756 4254 reges
1789 4184 2110 4253 Aquisgrani

542 4281 740 4353 pascha
762 4279 1055 4341 celebrant,
1085 4285 1246 4345 atque
1267 4274 1431 4330 multa
1452 4276 1752 4329 reverentia
1780 4290 1899 4331 sese
1925 4286 2109 4330 mutuo

539 4377 829 4437 ltonorant,
871 4382 1033 4441 atque
1084 4370 1187 4425 hoc
1237 4370 1305 4425 ab
1357 4368 1552 4424 Ottone
1602 4368 1861 4437 amplius;
1920 4385 1950 4423 a
2002 4385 2109 4439 quo

2230 1914 2315 1969 die
2338 1915 2405 1969 ab
2433 1916 2564 1971 urbe
2594 1916 2894 1971 discedunt.

2301 2003 2388 2057 65.
2429 2002 2538 2059 Nec
2566 2003 2656 2057 diu
2698 2014 2936 2059 moratus
2967 2021 3061 2060 rex
3092 2006 3277 2063 urbem
3311 2011 3675 2066 succurrendo
3722 2012 3808 2066 in-

2230 2093 2490 2162 greditur.
2541 2093 2696 2162 Apud
2748 2110 2907 2164 quem
2956 2112 3080 2150 mox
3132 2099 3401 2168 principes
3443 2099 3677 2165 collecti,
3734 2102 3806 2156 de

2229 2186 2345 2254 ejus
2375 2200 2437 2240 ac
2487 2187 2759 2240 communi
2792 2187 2965 2243 salute
3011 2189 3334 2244 consultant.
3365 2191 3432 2245 Et
3462 2191 3587 2261 quia
3619 2207 3804 2247 rerum

2228 2276 2432 2331 utilitas
2445 2275 2696 2332 Ottonem
2722 2280 2963 2335 consiliis
2987 2280 3248 2336 interesse
3269 2284 3535 2350 exigebat,
3561 2286 3808 2356 dirigun-

2230 2376 2317 2421 tur
2350 2367 2532 2436 legati,
2565 2383 2663 2437 per
2687 2383 2823 2438 quos
2867 2370 2915 2424 ei
2947 2370 3012 2404 ³⁶¹
3042 2374 3335 2429 necessitas
3378 2376 3800 2444 demonstratur,

2228 2476 2290 2515 ac
2314 2462 2637 2530 colloquium
2671 2470 2903 2517 exeunte
2947 2478 3132 2519 mense
3169 2466 3407 2536 Augusto
3455 2468 3555 2522 sibi
3596 2469 3800 2524 haben-

2228 2552 2351 2605 dum
2378 2567 2534 2606 secus
2557 2551 2773 2607 ﬂuvium
2808 2552 3003 2607 Karam
3034 2554 3401 2610 denuntiatur.

2298 2641 2382 2695 ϐιί.
2414 2642 2545 2696 Cum
2575 2641 2688 2696 haec
2731 2642 2809 2696 sic
2856 2656 2973 2697 sese
3002 2642 3283 2711 haberent,
3316 2645 3421 2699 dux
3455 2653 3694 2714 nepotem
3723 2646 3792 2698 ab

2227 2730 2512 2800 prmsulatu
2544 2730 2753 2800 pulsum
2780 2730 3012 2785 dolebat.
3031 2730 3309 2787 Suadebat
3335 2735 3515 2803 itaque
3535 2743 3591 2787 ut
3619 2733 3792 2788 ollicio

2225 2820 2516 2891 pontificali
2549 2821 2779 2892 amplius
2827 2822 3118 2885 insisteret,
3150 2832 3293 2879 etne
3320 2825 3562 2893 privatus
3583 2826 3798 2894 penitus

2226 2911 2485 2981 dignitate
2533 2912 2807 2965 videretur
2856 2912 3063 2982 aliquas
3110 2913 3174 2967 ad
3212 2914 3800 2983 graduspromoreret

2224 3017 2498 3071 personas.
2537 3001 2854 3057 Tetbaldum
2874 3018 3004 3073 ergo
3034 3003 3368 3059 Suessonica!
3396 3004 3655 3058 :ecclesiae
3683 3006 3797 3058 dia-

2224 3105 2416 3144 conum
2454 3091 2701 3156 accersit,
2743 3093 3211 3162 presbiterumque
3259 3095 3513 3159 ordinat,
3565 3109 3629 3148 ac
3674 3104 3797 3163 post

2230 3139 2416 3144 πη---
2455 3139 2701 3156 ---,-----,
2743 3139 3210 3162 ,----.--..-.-..,..-
3499 3139 3513 3159 ,
3565 3139 3629 3148 η
3675 3139 3796 3163 την-

2147 3139 2196 3203 C
2224 3181 2358 3237 duce
2383 3191 2573 3251 agente
2606 3180 2863 3236 mcclesia:
2889 3167 3328 3237 Ambianeusium
3355 3186 3664 3253 episcopum
3703 3198 3797 3237 sa-

2223 3280 2358 3325 crat.
2383 3272 2440 3325 ιιι
2466 3287 2572 3341 qua
2601 3285 2660 3326 re
2686 3271 2867 3326 favere
2900 3272 3048 3327 visus
3082 3281 3164 3328 est
3192 3271 3350 3327 Wido
3392 3282 3598 3327 tantum
3630 3273 3795 3328 Sues‘

2219 3379 2401 3418 sorum
2443 3364 2748 3434 episcopus.
2783 3363 2950 3431 Quem
2979 3364 3105 3434 quia
3131 3373 3251 3434 post
3280 3365 3531 3435 penituit,
3561 3379 3794 3434 sequen-

2221 3458 2291 3512 tia
2315 3457 2779 3512 dcmonstrabunt.
2821 3457 2925 3511 Sed
2971 3465 3179 3527 tempus
3203 3457 3535 3525 colloquendi
3572 3458 3794 3527 regibus

2218 3548 2454 3612 advenit,
2480 3563 2543 3603 ac
2570 3562 2726 3602 secus
2751 3546 2968 3601 ﬂuvium
2994 3545 3184 3600 Karam
3214 3547 3314 3601 sibi
3340 3556 3647 3601 occurrunt.
3677 3545 3791 3601 Nec

2216 3638 2385 3693 defuit
2431 3639 2559 3704 dux,
2609 3638 2699 3708 qui
2736 3645 2792 3691 et
2841 3638 2955 3707 ipse
2985 3637 3123 3706 apud
3171 3635 3559 3691 Duodeciacum
3607 3637 3787 3690 vicum

2216 3739 2391 3785 castra
2426 3728 2578 3793 fixit,
2623 3736 2675 3781 ut
2713 3742 2810 3797 pro
2852 3735 3042 3797 nepote
3069 3741 3286 3781 causam
3321 3727 3461 3795 apud
3506 3726 3788 3796 episcopos

2216 3830 2421 3876 ageret.

2287 3836 2421 3875 eret.

2252 3836 2373 3965 g65.
2397 3910 2521 3964 Dux
2534 3908 2599 3940 ’δ’
2626 3909 2839 3962 enititur
2852 3916 2907 3960 ut
2923 3906 2991 3939 '“
3015 3923 3175 3960 causa
3193 3906 3261 3942 ³δ¹
3279 3921 3373 3976 pro
3397 3922 3494 3959 suo
3516 3913 3692 3975 nepote
3715 3904 3787 3937 ³⁸⁸

2213 4003 2352 4073 apud
2397 4002 2657 4071 ερὶειτοροδ
2678 3997 2748 4039 ⁸⁸⁸
2777 4007 2982 4069 agatur.
3014 4028 3085 4038 —
3126 3996 3361 4069 Regibus
3397 3997 3575 4067 itaque
3602 4013 3784 4052 rerum

2212 4095 2423 4167 negotia
2470 4093 2790 4165 agentibus,
2839 4092 2946 4146 dux
2998 4105 3214 4146 causam
3260 4090 3468 4161 nepotis
3517 4089 3785 4159 episcopis

2211 4186 2549 4257 disponebat,
2574 4197 2737 4253 penes
2773 4197 2907 4251 quos
2934 4180 3097 4236 etiam
3131 4179 3411 4251 plurimam
3443 4180 3674 4233 habebat
3701 4179 3786 4232 iu-

2211 4279 2574 4351 dignationem
2606 4273 2800 4342 injuste
2826 4282 2881 4327 et
2908 4271 3068 4327 nullis
3095 4269 3432 4325 evidentibus
3466 4268 3639 4338 culpis
3687 4282 3786 4323 ne-

2210 4381 2385 4442 potem
2432 4367 2820 4440 przecipitatum
2864 4378 3186 4418 memorans.
3230 4361 3379 4429 Quod
3412 4375 3532 4416 cum
3578 4361 3786 4415 indica-

538 4467 704 4523 etiam
745 4464 1045 4519 LudOVicuS
1098 4461 1262 4533 regiis
1318 4460 1474 4517 donis
1522 4460 1898 4522 liberalissime
1936 4464 2108 4519 hono—
2138 4487 2184 4545 ο
2213 4474 2322 4520 tum
2353 4463 2566 4532 regibus
2593 4467 2758 4523 esset,
2790 4457 2989 4512 Ottone
3027 4465 3217 4525 agente
3262 4456 3534 4508 decretum
3566 4461 3667 4518 est,
3721 4462 3783 4507 ut

539 4569 710 4614 ratur.
1478 4612 1481 4615 .

607 4651 695 4707 62.
726 4650 847 4704 Dux
875 4650 1050 4704 urbem
1080 4646 1149 4681 ⁸⁸⁸
1176 4647 1476 4704 Rementem
1514 4648 1582 4681 ³⁸⁸
1619 4649 1888 4720 impugnat
1911 4650 1999 4703 ³³⁸.
2034 4683 2107 4694 -

538 4745 671 4799 Dum
687 4744 801 4799 haec
818 4743 890 4797 ita
915 4755 1036 4808 sese
1059 4741 1336 4805 haberent,
1366 4740 1472 4794 dux
1494 4739 1560 4796 de
1583 4741 1726 4809 regis
1741 4741 1941 4810 injttria'
1960 4743 2099 4811 apud

2215 4557 2286 4612 ibi
2321 4556 2386 4611 ab
2413 4551 2681 4624 episcopis
2716 4563 2874 4603 causa
2901 4547 3106 4601 Artoldi
3146 4557 3307 4614 atque
3337 4544 3572 4615 Hugonis
3603 4544 3782 4598 discu-

2211 4654 2433 4709 teretur,
2464 4643 2536 4697 ita
2587 4651 2762 4694 tamen
2792 4647 2849 4692 ut
2889 4644 2944 4693 et
2977 4638 3083 4691 dux
3132 4644 3370 4705 tempore
3398 4649 3633 4704 congruo
3664 4635 3780 4703 regi

2208 4741 2560 4798 satisfaceret.
2586 4734 2865 4805 Episc0pis
2884 4734 3062 4802 itaque
3083 4722 3340 4786 rationem
3362 4728 3776 4800 excipientibus,

1777 4855 1866 4910 VA
1876 4855 2009 4911 RIIE
2046 4855 2444 4914 LECTIONES.

607 4968 676 5049 [³⁷
705 4969 1002 5049 ελᾲριιειιιιξ
1028 4982 1125 5021 vox
1144 4966 1258 5036 jam
1279 4964 1465 5049 deleta.
1542 4962 1897 5049 “'Regisiter
1920 4968 2114 5049 ﬁtquisg

2118 4984 2333 5022 ranense
2361 4962 2523 5034 paulo
2545 4957 2882 5029 amplioribus
2921 4956 3085 5034 uerbis
3114 4954 3428 5034 Trilltemius
3454 4951 3689 5030 exposuit
3718 4966 3773 5033 ιι.

534 5038 639 5097 948
660 5021 725 5092 et
738 5021 934 5093 9‘91...
961 5021 1553 5106 Remorutncivitatem
1580 5021 1885 5089 revertitur.
1919 5021 2034 5102 Quo
2062 5021 2228 5106 jussu
2259 5021 2410 5106 regio
2431 5021 2798 5106 convenerunt
2825 5041 2892 5079 ex
2917 5024 3116 5106 Celtica
3148 5026 3270 5106 fere
3299 5039 3487 5078 omnes
3501 5021 3773 5106 episcopi,

534 5094 778 5169 abbates,
805 5108 1028 5162 comites
1049 5117 1100 5161 et
1126 5104 1352 5168 nobiles,
1384 5106 1489 5158 illis
1520 5108 1781 5160 duntaxat
1803 5094 2043 5176 exceptis
2062 5094 2151 5177 qui
2181 5094 2361 5176 partes
2382 5102 2534 5156 ducis
2561 5096 2796 5167 Hugonis
2824 5095 3207 5218 sequebantur.
3231 5094 3775 5172 Communiomuium

534 5180 751 5218 llnl'l'nln
777 5178 1043 5218 etntnilnr,
1081 5186 1138 5218 nt
1168 5176 1325 5218 regis».
1352 5175 1627 5218 dimnitnlis
1652 5189 1812 5218 causa
1844 5175 2217 5218 dicnnnpmlnr
2241 5173 2379 5218 nnml
2408 5186 2585 5218 regem
2614 5181 2864 5218 magnum
2939 5172 3163 5218 ttonem.
3192 5180 3256 5217 (30
3297 5162 3439 5218 (ιιιοιΙ
3501 5173 3613 5218 IDSe
3644 5169 3775 5214 lllltc

534 5180 751 5233 decreto
777 5178 1048 5241 statuitur,
1081 5186 1138 5228 ut
1168 5176 1325 5245 regite
1352 5175 1627 5244 dignitatis
1652 5189 1814 5229 causa
1844 5173 2217 5246 disponeretur
2241 5173 2379 5244 apud
2408 5186 2585 5246 regem
2614 5181 2864 5246 magnum

2939 5172 3163 5226 ttonent,
3192 5180 3256 5217 eo
3297 5162 3439 5231 quod
3501 5162 3613 5231 ipse
3644 5169 3775 5231 tunc

536 5228 596 5303 ᾗῐ
611 5228 1180 5317 'Belgic'awnioraretur,
1200 5228 1258 5317 ei
1284 5228 1439 5317 aput;
1452 5228 1625 5317 alios,
1637 5228 1868 5317 quorum
1910 5228 2213 5314 prudenti—ae
2248 5228 2345 5299 r'es
2366 5312 2377 5317 Α
2400 5228 2610 5317 publica
2657 5228 2951 5317 videretur.
2978 5228 3431 5317 comtnemlatida.
3468 5228 3795 5317 Etdlegatis.

534 5301 789 5386 ιιιιυίιιιιῗιθ⁹
817 5317 1049 5388 directis
1068 5301 1517 5388 rex'Otto'itnlicit
1534 5301 1873 5388 colloquium
1911 5301 2162 5386 generale
2209 5318 2262 5370 in
2293 5301 2494 5388 palatio
2536 5304 2859 5388 A_quisgrani
2885 5301 3773 5388 adfestumdominicae"resume:

533 5368 728 5442 cuius;
754 5368 1342 5457 proaiiineﬁliabendunt
1374 5368 1632 5457 (11.949).
1670 5368 1824 5457 ᾼίιιιο
1856 5368 2157 5457 prgitin—tato
2185 5368 2277 5440 rex
2294 5368 2453 5457 I0tto,
2483 5390 2537 5435 et
2561 5368 2865 5457 Ludovicus
2882 5373 3333 5457 Gallo‘rur‘njttxta
3362 5368 3773 5457 ctn'tlilictunuad

535 5440 726 5510 festum
750 5440 1029 5511 donauit-te
1057 5440 1465 5509 resurrectionis
1491 5455 1543 5508 in
1572 5440 1889 5522 A'quisgratli
1917 5457 2267 5519 conveniunt;
2306 5455 2371 5507 ad
2399 5440 2531 5520 quas
2559 5466 2589 5503 e
2617 5446 2902 5502 Germania
2950 5453 3002 5497 et
3032 5440 3213 5524 Gallia
3258 5440 3499 5524 nonnulli
3530 5451 3773 5524 quoque

534 5528 820 5607 principes,
847 5528 1100 5607 episcopi,
1126 5526 1433 5607 abbateset
1463 5511 1686 5607 comitiis
1714 5511 2104 5607 confluxerunt,
2132 5526 2221 5594 qui
2248 5511 2580 5607 onmcs‘cum
2606 5513 3224 5607 sntitiuarcvereut‘ii
3244 5511 3770 5607 Abgtto‘qca'dsallgyttl

534 5578 730 5664 pascha
751 5578 820 5648 in,
844 5578 986 5650 dicto
1014 5578 1211 5663 palatto
1238 5594 1593 5665 celebrarunt.
1627 5594 1759 5658 Qua:
1786 5603 1839 5665 ut
1869 5595 2045 5665 saeculi
2069 5578 2185 5665 x'wl,
2208 5585 2879 5665 contmentarittanullius
2902 5582 3224 5665 auctoritatis
3239 5596 3366 5665 esse,
3389 5586 3579 5665 patet;

516 5646 1027 5734 bligiéie'iieif'iw'
1051 5646 1260 5730 urbem,
1280 5646 1495 5730 ensem,
1528 5646 1742 5730 im,~nat
1765 5646 1985 5717 abscisa.
2064 5646 2337 5720 iliOtt’oni
2369 5676 2506 5715 corr.
2537 5658 2609 5714 ei.
2642 5646 2790 5709 Talia
2815 5652 2985 5706 omisi.
3062 5649 3130 5691 8”
3162 5646 3256 5715 Du,
3290 5657 3371 5715 ut,
3411 5662 3457 5712 c,
3485 5660 3620 5715 nep.
3656 5646 3774 5713 epi-

531 5748 695 5808 scopo
717 5736 917 5790 abscisa
930 5782 937 5790 ,η
2045 5758 2048 5760 ~
