4026 6312
214 395 283 448 ’Π
1143 382 1615 442 HISTORIARUM
1657 382 1834 437 LIBRI
1868 382 2217 449 QUATUOR.
2263 385 2479 437 -ιω
2523 385 2582 437 ιι.
3384 389 3450 446 13

215 524 334 565 cum
370 508 512 561 inter
539 506 770 576 plurima
796 491 914 576 quin
941 505 1012 562 ibi
1036 505 1299 574 explicata
1330 509 1455 556 sunt
1483 499 1610 553 illud
1654 514 1783 554 con-
1817 501 1862 560 Β
1887 497 2092 566 iussum
2120 507 2221 561 est,
2257 507 2314 551 ut
2344 499 2663 552 recitaretur
2699 509 2858 569 caput
2896 500 2961 554 19
2991 501 3199 555 concilii
3229 502 3451 557 Carthm

211 599 546 670 s_tautissime
595 597 910 661 refutarent,
949 598 1091 668 quod
1139 595 1290 665 liugo
1331 591 1630 648 sacerdotio
1673 591 1786 660 pri-

211 698 391 751 vatus,
421 695 611 741 contra
637 686 718 742 fas
744 688 1186 742 Ambianensium
1213 687 1519 754 episcopum
1545 683 1787 736 ordinas-

210 785 310 836 set,
359 790 546 844 regum
581 776 846 830 sententia
885 776 938 830 in
983 775 1141 829 aliam
1189 774 1436 829 sinodum
1484 771 1784 839 hujusmodi

208 865 474 919 rationem
502 864 928 920 transferendam
949 864 1244 920 constituit.
1273 863 1567 916 Videbatur
1587 861 1784 916 etenim

209 953 346 1020 quod
375 967 489 1006 non
517 954 827 1022 aequitatem
860 955 991 1008 satis
1031 953 1311 1007 commode
1355 953 1468 1005 haec
1509 949 1788 1004 altercatio

207 1042 561 1096 determinari
592 1041 816 1104 valeret.
840 1057 962 1096 cum
992 1057 1092 1096 nec
1120 1041 1339 1096 sinodus
1369 1039 1434 1092 ad
1464 1040 1564 1093 hoc
1593 1052 1789 1093 convo-

206 1142 323 1186 cata
355 1131 577 1187 fuisset.
607 1133 673 1186 Et
701 1133 918 1188 decreto
963 1133 1111 1203 regio
1157 1133 1223 1186 15
1279 1131 1498 1185 Kalend.
1537 1130 1783 1184 Deceml).

207 1221 454 1276 habenda
488 1224 855 1278 denuntiatur.
897 1224 1116 1278 Interim
1141 1237 1268 1278 vero
1314 1223 1471 1278 sedes
1509 1220 1787 1278 Remensis

202 1310 426 1364 Artoldo
471 1311 805 1376 conceditur,
855 1311 1061 1380 Hugoni
1109 1327 1237 1367 vero
1282 1312 1335 1365 in
1383 1320 1562 1367 castro
1618 1311 1787 1367 Mose-

203 1401 370 1454 mensi
401 1399 732 1455 commorari
761 1403 1084 1470 permititur.
1130 1401 1237 1457 Pax
1269 1418 1480 1472 quoque
1509 1413 1784 1471 sequestra

205 1491 416 1547 Gitonis
445 1493 757 1547 interventu
787 1493 898 1564 regi
931 1508 994 1548 ac
1017 1493 1138 1548 duci
1190 1493 1258 1547 ab
1303 1493 1564 1547 alterutro
1605 1494 1783 1556 datur,

205 1589 257 1635 et
292 1597 480 1650 usque
536 1581 609 1636 ad
655 1589 868 1652 tempus
917 1582 1175 1637 habenda
1223 1583 1395 1638 sinodi
1447 1591 1786 1638 sacramento

208 1676 478 1728 ﬁrmatur.
1549 1740 1554 1745 ι

268 1767 355 1821 66.
403 1767 643 1822 Sinodus
665 1768 733 1800 ⁸⁵⁸
773 1767 991 1823 Virduni
1012 1769 1083 1800 m
1124 1769 1321 1822 habita.
1345 1797 1415 1807 —-
1434 1766 1667 1836 Tempus
1696 1767 1788 1820 ad-

207 1857 342 1910 venit
368 1897 385 1919 ,

206 1957 283 2000 est
308 1956 483 2017 atque
506 1948 690 2002 habita
726 1949 1046 2018 praesidente
1087 1947 1344 2005 Botberto
1378 1948 1789 2016 metropolitano

209 2034 520 2100 Treverico,
545 2052 668 2091 cum
692 2038 918 2092 Artoldo
945 2038 1214 2103 Remensi,
1239 2038 1639 2092 considentibus
1658 2053 1790 2106 quo-

207 2141 301 2192 que
331 2126 682 2181 Adalberone
716 2127 986 2192 Mettensi,
1016 2128 1272 2184 Gauslino
1301 2127 1559 2192 Tullensi,
1607 2128 1788 2182 Hilde~

211 2214 368 2267 bordo
397 2215 977 2285 Mimegardvurdensi,
1028 2216 1261 2271 lsrahele
1299 2216 1611 2286 Brittigena,
1651 2217 1788 2271 assi-

214 2301 470 2355 stentibus
501 2303 665 2355 etiam
704 2301 952 2358 Brunone
986 2305 1102 2358 viro
1151 2305 1443 2358 reverenda
1470 2313 1524 2360 et
1573 2305 1785 2372 abbate,

215 2408 322 2446 cum
366 2392 491 2447 aliis
536 2394 822 2450 abbatibus
860 2404 913 2449 et
954 2395 1233 2450 monachis
1280 2396 1604 2450 venerandis
1645 2397 1787 2467 Age-

218 2484 360 2536 nolito
393 2492 452 2537 et
480 2481 732 2538 0dilone.
769 2484 852 2539 Ad
898 2486 1037 2539 hanc
1072 2485 1317 2539 sinodum
1349 2485 1501 2556 Hugo
1543 2496 1785 2549 vocatus,

221 2574 380 2628 missis
415 2573 485 2627 ad
514 2587 644 2626 eum
678 2573 1046 2627 deducendum
1077 2572 1414 2628 Adalberone
1444 2582 1498 2627 et
1531 2573 1788 2629 Gauslino

225 2665 490 2732 episcopis,
527 2663 714 2716 venire
761 2663 950 2717 noluit.
995 2663 1145 2719 Unde
1173 2672 1227 2718 et
1263 2663 1634 2734 episcoporum
1665 2679 1790 2719 sen-

232 2754 368 2806 tentia
391 2753 462 2783 ⁸“
496 2753 730 2807 Artoldo
766 2761 949 2807 tenere
979 2754 1226 2808 concedit
1272 2753 1622 2822 episcopium.
1672 2752 1789 2807 Sie-

242 2858 323 2910 que
345 2845 495 2900 nullis
528 2859 712 2898 rerum
759 2844 1132 2900 determinatis
1180 2845 1514 2909 rationibus,
1565 2845 1786 2899 sinodus

245 2935 382 2989 soluta
408 2947 508 2991 est.

289 3027 360 3080 67.
394 3029 574 3099 (948.)
608 3026 839 3083 Sinodus
868 3028 1088 3084 Mosomi
1116 3030 1185 3062 ³⁸⁸
1212 3031 1408 3084 habita.
1440 3059 1508 3069 —
1531 3029 1788 3085 Indicitur

226 3131 331 3172 vero
359 3119 610 3174 habenda
641 3119 816 3174 Idibus
852 3119 1073 3175 Januar.
1102 3122 1169 3176 Et
1197 3121 1408 3176 evoluto
1445 3130 1705 3189 tempore,
1732 3123 1783 3176 in

221 3206 421 3263 basilica
477 3208 653 3263 sancti
710 3207 852 3263 Petri
885 3209 954 3240 ³⁸⁸
987 3209 1128 3281 apud
1174 3211 1506 3266 Mosomense
1547 3185 1784 3266 castrum
1813 3185 1858 3248 Ο

221 3299 436 3350 secunda
465 3298 693 3368 wiodus
723 3297 902 3353 habita
936 3309 1036 3364 est,
1071 3301 1392 3370 prtesidente
1419 3317 1631 3371 quoque
1653 3317 1787 3371 pree-

216 3389 346 3443 dicto
387 3389 809 3459 metropolitano
863 3391 1119 3447 Iiotberto
1151 3393 1458 3457 Treverico,
1507 3410 1626 3448 cum
1675 3393 1788 3448 fere

213 3479 457 3533 omnibus
491 3493 603 3533 suae
631 3480 909 3536 dioceseos
948 3483 1230 3551 episcopis,
1269 3498 1333 3537 ae
1367 3483 1636 3551 aliquibus
1682 3483 1788 3539 lle-

210 3568 448 3632 mensis;
502 3568 825 3624 consedente
884 3571 1045 3625 etiam
1105 3571 1363 3637 Artoldo,
1419 3572 1570 3640 cujus
1625 3588 1787 3628 causa

211 3659 542 3713 discutienda
564 3669 701 3714 erat.
729 3660 806 3715 Ne
833 3661 902 3700 ⁸⁴ι⁷
927 3661 1096 3717 abfuit
1124 3662 1276 3734 Hugo
1300 3680 1314 3728 ;
1348 3671 1404 3718 at
1431 3663 1677 3719 sinodum
1708 3665 1789 3718 iii-

211 3748 352 3816 gredi
385 3748 583 3819 noluit.
611 3749 907 3818 Epistulam
939 3765 1067 3804 vero
1115 3751 1330 3806 nomine
1367 3752 1582 3822 Agapiti
1637 3768 1788 3822 papce

212 3841 472 3907 signatam
501 3855 598 3908 per
618 3855 743 3894 suos
765 3839 835 3880 ³⁸³
858 3842 1047 3898 sinodo
1073 3843 1352 3913 legendam
1375 3844 1635 3913 porrexit.
1660 3847 1790 3910 Quae

213 3943 328 3982 eum
359 3930 536 3986 soluta
569 3940 622 3984 et
659 3931 794 3986 lecta
833 3941 996 3999 esset,
1031 3934 1164 3988 nihil
1191 3936 1464 3990 canonicae
1500 3937 1791 3991 auctorita-

215 4023 280 4076 tis
313 4021 518 4078 habere
554 4023 856 4090 videbatur,
888 4025 1020 4080 nihil
1047 4028 1209 4081 etiam
1238 4042 1336 4096 pro
1369 4029 1485 4098 ejus
1524 4043 1684 4083 causa
1713 4030 1790 4083 si-

214 4115 487 4182 gniﬁcare,
524 4116 627 4172 nisi
654 4128 714 4172 ut
735 4119 1065 4190 episc0pium
1095 4121 1144 4175 ei
1177 4122 1510 4177 redderetur.
1531 4121 1645 4188 Qua
1670 4137 1789 4192 per-

214 4205 350 4260 lecta
383 4246 398 4272 ,
457 4222 584 4261 eum
635 4209 869 4279 episcOpi
925 4210 1170 4265 consulto
1233 4225 1354 4266 sese
1411 4214 1785 4280 contulissent,

215 4296 532 4350 cassandam
567 4308 913 4360 censuerunt,
937 4314 1001 4353 eo
1031 4301 1172 4368 quod
1206 4301 1410 4370 absque
1439 4302 1649 4356 ratione
1678 4318 1788 4357 rem

214 4400 332 4454 qua:
377 4387 430 4440 in
477 4387 570 4441 lite
617 4397 735 4441 erat
779 4388 1027 4443 abdicato
1071 4390 1220 4444 reddi
1268 4389 1510 4459 jubebat.
1561 4391 1628 4445 Et
1665 4393 1792 4460 quia

1889 589 2146 657 ginensis,
2175 589 2312 656 quod
2359 597 2571 643 constat
2615 589 2680 642 de
2727 598 2975 644 aceusato
3021 598 3074 643 et
3121 599 3454 646 accusatore.

1890 679 1957 734 Et
2006 680 2260 744 recitato,
2309 681 2600 734 secundum
2650 680 2815 748 ipsius
2857 679 3074 747 capituli
3131 681 3454 737 sententiam

1889 769 2236 832 constituere,
2267 778 2326 823 ut
2354 769 2597 823 Remensi
2630 769 2930 838 parroechia
2964 768 3184 822 Artoldo
3211 770 3452 824 restituta

1889 861 1980 931 qui
2011 861 2208 914 nullius
2245 860 2414 916 sinodi
2442 863 2676 916 rationes
2712 861 2898 914 audire
2936 859 3149 931 refugit,
3192 861 3343 931 Hugo
3364 862 3456 930 qui

1890 952 2092 1006 additas
2114 951 2225 1021 jam
2257 951 2473 1005 sinodos
2489 951 2783 1007 accersitus
2817 950 3000 1005 venire
3033 960 3453 1020 contempserat,

1891 1056 1921 1095 a
1958 1041 2238 1096 Remensis
2276 1042 2530 1109 episcopii
2561 1041 2817 1108 regimine
2843 1041 3158 1106 abstineret,
3193 1041 3365 1096 donec
3400 1041 3453 1098 in

1893 1132 2105 1184 tertiam
2128 1131 2375 1196 sinodum
2402 1131 2468 1161 ³³⁸
2492 1131 2798 1199 purgandus
2820 1132 2884 1185 de
2911 1132 3135 1200 objectis
3155 1133 3452 1187 adveniret.

1890 1221 2194 1292 Capitulum
2223 1238 2349 1277 vero
2375 1238 2535 1292 supra
2567 1225 2786 1287 dictum,
2826 1222 3015 1279 litteris
3045 1234 3204 1278 cartae
3232 1225 3452 1278 manda.

1892 1321 2003 1366 tum
2035 1321 2138 1378 est,
2183 1322 2238 1368 et
2275 1314 2344 1368 ab
2375 1315 2642 1384 episcopis
2677 1325 2910 1378 cautum,
2947 1330 3011 1368 ac
3045 1316 3218 1370 eidem
3247 1315 3459 1385 Hugoni

1891 1403 2172 1458 directum.
2228 1403 2284 1458 In
2350 1419 2502 1474 quo,
2560 1419 2680 1458 cum
2733 1404 3100 1474 episcoporum
3153 1406 3454 1459 cautionem

1889 1497 2244 1565 subscriptam
2269 1494 2418 1565 Hugo
2451 1496 2692 1563 vidisset,
2722 1503 2898 1550 motus
2925 1495 2976 1548 in
3012 1495 3166 1559 iram,
3199 1496 3456 1550 Rotberto

1888 1588 1980 1657 qui
2020 1588 2208 1641 sinodo
2236 1596 2466 1656 praeerat
2503 1587 2885 1642 contumeliose
2915 1588 3149 1652 remisit,
3179 1587 3458 1658 episcopo-

1892 1693 2009 1731 rum
2046 1677 2250 1745 judicio
2289 1677 2420 1731 nihil
2467 1693 2586 1732 sese
2633 1676 2896 1732 facturum
2951 1693 3216 1733 asserens.
3264 1678 3331 1731 Et
3379 1677 3456 1732 sic

1892 1782 2052 1822 causa
2096 1767 2307 1836 penitus
2347 1766 2664 1833 indiscussa,
2715 1766 2933 1821 sinodus
2969 1765 3139 1822 soluta
3184 1774 3285 1821 est.
3315 1765 3458 1820 indi-

466 1857 796 1928 sinodusque
852 1860 1227 1929 episcoporum
1286 1857 1508 1912 Virduni
1566 1858 1788 1913 collecta
1819 1851 1864 1909 Β
1892 1857 2032 1910 citur
2058 1869 2186 1908 vero
2217 1853 2378 1908 tercia
2413 1855 2633 1909 sinodus
2662 1855 2778 1909 Kal.
2810 1855 2944 1926 Aug.
2978 1855 3243 1909 habenda.

1958 1947 2044 1999 68.
2087 1945 2182 1999 liis
2227 1946 2301 2000 ita
2345 1947 2542 2017 gestis,
2586 1945 2839 2000 Artoldus
2872 1947 3150 2016 epistolam
3179 1947 3244 2000 ad
3275 1946 3456 2006 sedem

1885 2036 2186 2092 Romanam
2227 2036 2452 2107 dirigit,
2500 2038 2932 2092 commodissime
2979 2037 3364 2101 continentem,
3403 2047 3457 2089 et

1889 2142 2106 2182 suarum
2139 2126 2451 2194 injuriarum
2484 2127 2698 2191 seriem,
2732 2134 2786 2181 et
2825 2126 2966 2196 regis
2993 2126 3452 2181 incommodorum

1891 2223 2151 2271 tenorem.
2180 2215 2416 2270 Domnus
2456 2215 2634 2284 itaque
2662 2215 2921 2285 Agapitus
2947 2229 3104 2284 papa,
3137 2213 3204 2268 ad
3231 2213 3454 2269 multam

1887 2306 2306 2363 benivolentiam
2339 2308 2575 2362 animum
2604 2307 2906 2371 intendens,
2943 2321 3066 2360 mox
3103 2306 3332 2361 accersit
3359 2322 3454 2360 ve-

1887 2398 2181 2465 nerabilem
2218 2397 2517 2453 Ostiensem
2564 2398 2873 2467 episcopum
2918 2396 3204 2460 Marinum,
3247 2410 3455 2466 magna:

1887 2487 2158 2556 aequitatis
2185 2495 2239 2542 et
2272 2487 2571 2558 prudentiae
2611 2487 2784 2541 virum
2805 2523 2820 2550 ,
2865 2486 2972 2540 vim
3018 2486 3256 2556 epistolae
3284 2487 3332 2541 ei
3364 2500 3460 2539 ex~

1887 2577 2114 2646 plicans.
2140 2587 2195 2632 et
2215 2577 2282 2632 ad
2309 2592 2488 2632 rerum
2512 2578 2903 2632 correctionem
2929 2576 3074 2629 illum
3099 2575 3457 2631 vehementis-

1887 2670 2022 2725 sime
2064 2670 2307 2725 bortans.
2362 2670 2590 2725 Mittitur
2636 2685 2766 2741 ergo
2811 2670 3133 2725 venerabilis
3181 2669 3457 2734 Marinus,

1888 2760 2072 2815 domni
2101 2775 2253 2830 papae
2281 2760 2512 2815 vicarius
2536 2795 2552 2825 ,
2596 2761 2662 2813 ad
2694 2759 2940 2814 Ottonem
2986 2775 3189 2829 regem,
3224 2759 3293 2814 ob
3331 2775 3460 2814 evo.

1888 2852 2117 2906 eandam
2145 2859 2305 2919 atque
2332 2851 2758 2920 congregandam
2799 2850 3157 2904 universalem
3187 2849 3454 2904 sinodum.

1890 2942 2204 3013 Diriguntur
2241 2950 2296 2996 ct
2337 2941 2575 3011 epistolae
2618 2941 2926 3010 specialiter
2964 2943 3165 3010 aliquot
3193 2943 3458 3013 episcopis

1891 3044 1997 3088 tam
2027 3033 2330 3090 Germaniae
2359 3048 2522 3104 quam
2559 3032 2742 3088 Gallia:
2765 3072 2783 3099 ,
2827 3032 2895 3086 ad
2939 3047 3119 3088 rerum
3148 3034 3458 3104 aequitatem

1889 3139 2214 3268 ωῗὶῗΐῗέηι
2235 3213 2450 3267 sinodus
2474 3213 2544 3244 ³⁵⁸
2568 3214 2707 3281 apud
2739 3211 3038 3282 Angleheim
3063 3212 3130 3246 ³⁶⁰
3156 3213 3336 3266 habita
3368 3211 3458 3266 ⁸⁸⁸.

1892 3285 1964 3373 επ
1992 3305 2154 3376 Legg.
2178 3303 2262 3358 H.
2286 3304 2452 3358 24.—
2471 3304 2676 3358 Interea
2702 3312 2903 3358 statuto
2933 3312 3168 3373 tempore
3188 3342 3203 3366 ,
3241 3303 3461 3359 sinodus

1891 3395 2210 3449 universalis
2239 3395 2460 3448 collecta
2487 3403 2570 3448 est
2608 3408 2674 3446 ex
2705 3401 2971 3462 praecepto
3015 3391 3222 3460 Agapiti
3268 3407 3417 3461 papa:
3443 3429 3462 3456 .

1891 3485 1990 3540 sub
2019 3483 2227 3540 Marino
2259 3484 2374 3554 ejus
2400 3483 2625 3547 vicario,
2651 3483 2703 3536 in
2735 3481 2934 3552 palatio
2959 3481 3292 3551 Angleheim,
3318 3482 3462 3550 quod

1890 3575 2283 3644 interpretatur
2306 3572 2615 3642 angelorum
2644 3572 2856 3635 domus,
2885 3585 3041 3625 secus
3069 3571 3288 3625 lluvium
3316 3569 3460 3626 Rhe—

1892 3680 2042 3730 num,
2075 3664 2127 3716 in
2152 3662 2376 3717 basilica
2414 3662 2557 3716 beati
2600 3661 2830 3732 Remigii
2856 3659 3182 3714 Francorum
3211 3659 3456 3729 apostoli.

1890 3758 2099 3813 Domno
2125 3758 2310 3825 itaque
2337 3757 2544 3812 Marino
2571 3758 2893 3826 prxsidente
2917 3793 2932 3820 ,
2983 3754 3216 3824 episcopi
3247 3765 3459 3822 quoque

1892 3851 1982 3918 qui
2013 3865 2077 3904 ex
2116 3849 2344 3904 diversis
2370 3848 2763 3911 conﬂuxerant,
2782 3846 3309 3914 juremcclesiastico
3334 3860 3464 3899 con-

1891 3942 2166 4004 sederunt,
2198 3938 2489 3993 Rotbertus
2521 3937 2770 3992 videlicet
2800 3936 3118 3990 Trevericus
3145 3932 3459 4000 metropoli-

1893 4038 2071 4094 tanus,
2088 4028 2343 4083 Artoldus
2357 4027 2639 4082 Remensis
2659 4025 3123 4094 metropolitanus,
3143 4023 3461 4078 Fredericus

1896 4117 2239 4190 Maguntinus
2282 4117 2727 4186 metropolitanus
2750 4156 2766 4182 ,
2798 4113 3091 4169 Wicfridus
3131 4112 3466 4168 Coloniensis

1895 4209 2370 4279 metropolitanus,
2409 4207 2780 4262 Adaldacebus
2818 4204 3327 4275 Hammaburgensis
3352 4203 3466 4273 epi-

1892 4316 2086 4370 scopus
2107 4339 2122 4363 ,
2154 4299 2502 4355 Hildeboldus
2533 4297 3112 4370 Mimegardvurdensis
3140 4296 3421 4365 episcopus
3446 4335 3461 4358 ,

1894 4392 2183 4448 Gauslinus
2213 4390 2482 4446 Tullensis
2507 4391 2791 4460 episc0pus
2813 4429 2828 4455 ,
2875 4388 3142 4443 Adalbero
3187 4388 3462 4442 Mettensis

212 4475 370 4543 paulo
396 4485 523 4529 ante
563 4477 630 4530 ab
665 4476 780 4544 ipso
823 4491 956 4546 papa
984 4477 1210 4548 Agapito
1247 4479 1489 4549 delegata
1532 4490 1650 4535 erat
1679 4482 1794 4551 epi-
1819 4518 1872 4578 Β
1896 4484 2180 4552 episcopus
2214 4521 2229 4545 ,
2291 4480 2648 4550 Berengarius
2709 4478 3062 4550 Virdunensis
3129 4477 3415 4578 episcopus
3451 4516 3465 4536 .

215 4567 348 4621 stola
395 4583 495 4636 per
543 4567 884 4623 Fredericum
933 4568 1297 4637 Maguntinum
1344 4571 1674 4641 episcopum,
1710 4582 1793 4626 at-

213 4674 317 4726 que
345 4658 471 4711 data
505 4657 763 4714 Rotberto
791 4661 1200 4729 metropolitano
1247 4660 1554 4725 Treverico,
1610 4679 1791 4717 coram

212 4748 432 4818 regibus
458 4763 522 4803 ac
547 4747 732 4804 Gallize
766 4758 822 4804 et
857 4749 1159 4805 Germania
1188 4752 1475 4819 episcopis,
1509 4767 1626 4820 qua:
1673 4765 1792 4807 erat

213 4841 496 4894 continens
519 4842 896 4896 auctoritatem
918 4843 1224 4911 apostolicae
1247 4842 1524 4910 jussionis,
1559 4854 1792 4914 partem-

216 4944 320 4997 que
356 4941 748 5000 praeceptorum
784 4932 899 5001 ejus
926 4931 1035 4998 jam
1084 4934 1322 4988 exsecuti
1363 4933 1596 4998 fuerant,
1640 4951 1790 4990 com-

218 5022 364 5073 muni
397 5036 520 5074 mox
549 5037 811 5078 consensu
840 5023 1113 5077 decretum
1140 5033 1242 5087 est,
1274 5035 1331 5078 ut
1358 5023 1500 5092 quod
1538 5025 1794 5094 regulari-

223 5120 303 5166 ter
361 5122 599 5180 emplum
655 5121 794 5175 erat,
865 5114 1258 5169 rationabiliter
1316 5124 1479 5182 atque
1539 5118 1794 5173 canonice

222 5211 663 5267 pertractaretur.
706 5203 981 5274 Simulque
1025 5213 1081 5260 et
1127 5220 1248 5259 mox
1303 5221 1332 5258 a
1382 5207 1794 5276 metropolitano

1898 4573 2184 4629 Fulbertus
2221 4571 2649 4630 Cameracensis
2673 4570 2984 4639 episcopus,
3026 4565 3282 4621 Rodulfus
3323 4565 3466 4620 Lau-

1899 4661 2154 4717 dunensis
2198 4661 2517 4730 episcopus,
2564 4645 2769 4716 Ricboo
2813 4657 3221 4711 Warmacensis
3257 4656 3467 4724 episco-

1897 4770 2018 4826 pus,
2049 4753 2396 4809 Reimboldus
2424 4735 2709 4822 :Spirensis
2738 4752 3041 4819 episcopus,
3075 4748 3258 4819 Βορρο
3294 4745 3470 4798 Wirz-

1897 4844 2178 4914 burgensis
2245 4843 2526 4912 episcopus
2554 4882 2568 4922 τ
2603 4841 2606 4844 ’
2636 4841 2991 4922 Chounradus
3040 4836 3471 4893 Constantiensis

1897 4939 2199 5009 episcopus,
2231 4937 2510 4993 Odelricus
2548 4917 2904 5003 Augustensis
2934 4931 3216 5000 episcopus
3242 4969 3256 4992 ,
3303 4927 3471 4980 Thet-

1896 5031 2098 5086 hardus
2139 5029 2674 5085 Hildinesheimensis
2705 5025 3020 5096 episcopus,
3049 5021 3356 5078 Bernardus
3377 5018 3470 5072 Al-

1896 5119 2314 5176 fureestedensis
2331 5119 2443 5190 (96)
2465 5119 2772 5189 episcopus,
2795 5116 2947 5171 Dudo
2971 5109 3472 5169 Poderbrunnensis

1897 5212 2199 5281 episcopus,
2227 5210 2513 5282 Lioptaeus
2541 5208 2864 5265 Ribunensis
2885 5207 3184 5276 episcopus,
3206 5201 3471 5256 Michahel

1471 5333 1703 5388 VAle
1739 5335 2140 5392 LECTIONES.

296 5448 362 5481 “’
392 5449 520 5509 nod,
554 5448 667 5520 niih
697 5449 920 5520 abscisa.
998 5447 1366 5520 l"*‘__sensentia
1391 5463 1438 5500 ε.
1505 5446 1587 5520 _"‘I_
1612 5447 1997 5520 Moabscisum.
2075 5449 2145 5482 ³³⁸
2180 5452 2370 5520 petetri
2402 5468 2450 5504 c.
2525 5450 2593 5482 ⁸⁸⁷
2621 5453 2696 5504 ita
2716 5467 2762 5504 ε.
2839 5449 3034 5520 ’δερομ-
3061 5443 3328 5517 quendam
3370 5444 3478 5500 εισι

233 5517 394 5572 ricum
423 5535 579 5573 suum
607 5519 670 5599 LM
691 5592 706 5600 _
735 5517 802 5547 ’κ’
829 5533 874 5572 s.
894 5532 1026 5598 qua:
1051 5516 1304 5573 Kalendis
1335 5517 1466 5586 Aug.
1505 5515 1748 5572 habenda
1777 5520 2116 5577 indicebatur
2143 5515 2246 5576 αὲι.
2323 5520 2392 5554 ’³ο
2419 5520 2577 5587 odus,
2601 5520 2706 5591 gle,
2738 5519 2847 5576 bita
2877 5515 3096 5573 abscisa;

1673 5628 1904 5690 ΝΟΤᾹΞ.

300 5723 409 5792 (96)
437 5723 486 5778 1.
519 5741 563 5778 e.
599 5723 1080 5780 Halberstadensis.
1375 5707 1583 5773 “an”-
