3988 5362
547 373 613 428 75
1680 367 1957 426 RICHERI
1997 367 2055 426 S.
2097 369 2112 426 1

2216 369 2357 427 “Cll
2405 368 2706 428 MONACHI
3706 373 3768 428 80

546 483 969 556 Radisponensis
1026 482 1312 554 episcopus
1341 523 1356 552 ,
1411 482 1734 540 Farabertus
1785 482 2115 553 Tungrensis
2140 493 2196 554 Α
2221 483 2433 538 Etenim
2482 496 2605 538 cum
2648 479 2855 561 divinas
2900 478 3067 550 leges,
3110 477 3358 535 humanis
3397 484 3768 550 praeponenda

459 572 468 606 ῖ
544 576 858 646 episcopus,
887 573 1072 629 Doddo
1103 573 1567 644 Osnebruggensis
1603 573 1915 642 episcopus,
1945 571 2119 625 Evhe-

473 693 482 701 ’
546 682 642 723 rus
666 665 735 698 '"
763 665 1058 720 Mindensis
1091 665 1374 734 episcopus
1401 704 1415 730 ,
1452 663 1732 718 Baldricus
1761 661 2119 730 Trejectensis

467 759 470 761 λ
543 757 853 827 episcopus,
883 753 1168 810 Heiroldus
1191 755 1604 826 Salzburgensis
1625 754 1930 825 episcopus,
1954 752 2119 808 Adal—

541 846 728 902 bertus
741 845 1058 900 Pazsoensis
1074 845 1384 915 episcopus,
1404 845 1769 900 Starchandus
1786 843 2119 898 Eistetiensis

541 939 850 1008 episcopus,
880 935 1082 991 Horath
1113 936 1521 992 Sleoswicensis
1547 935 1850 1004 episcopus,
1872 932 2117 988 Wichar-

544 1027 643 1081 dus
673 1026 986 1083 Basiliensis
1029 1026 1312 1098 episcopus
1338 1066 1353 1094 ,
1402 1025 1658 1081 Lieldach
1690 1024 1802 1096 (97)
1831 1022 2118 1094 Ripuensis

540 1117 847 1186 episcopus.

611 1206 698 1259 '10.
729 1205 806 1259 De
857 1206 1194 1276 dispositione
1220 1203 1290 1241 ³⁵³
1321 1203 1663 1274 gerendorum
1701 1201 1796 1267 ’5’,
1837 1209 1882 1257 et
1922 1203 2115 1256 haben-

541 1299 610 1352 da
642 1298 717 1330 ³⁸³
733 1298 917 1369 juditii
940 1298 1226 1369 praelatum
1253 1297 1418 1350 ³⁸⁸.--
1434 1297 1634 1351 Horum
1656 1296 1896 1352 omnium
1922 1295 2116 1362 cuique

539 1405 662 1445 cum
689 1389 877 1443 liceret
907 1404 972 1444 ex
1003 1389 1301 1444 canonibus
1323 1388 1408 1442 vel
1433 1387 1665 1443 decretis
1695 1384 1937 1456 proferre
1964 1399 2113 1454 qua:-

539 1494 770 1548 cumque
797 1480 1010 1550 negotio
1034 1480 1314 1535 commoda
1343 1479 1676 1543 viderentur,
1703 1476 2019 1546 disponendi
2046 1474 2115 1516 ⁸⁸³

539 1580 722 1625 tamen
768 1569 996 1626 facultas
1043 1579 1097 1625 et
1141 1572 1406 1626 rationum
1461 1569 1834 1638 interpretatio
1864 1609 1879 1633 ,
1917 1568 2115 1622 domno

538 1662 800 1718 Botberto
822 1662 1108 1718 Treverico
1129 1663 1416 1718 commissa
1436 1667 1620 1726 est,‘eo
1644 1661 1786 1730 quod
1811 1659 2114 1715 divinarum

537 1763 594 1808 et
615 1755 971 1808 humanarum
995 1768 1175 1808 rerum
1205 1753 1430 1808 scientia
1459 1760 1514 1806 et
1543 1750 1862 1820 eloquentia:
1884 1747 2110 1804 ellicatia

2222 576 2336 644 ipse
2366 583 2672 644 pernoscat,
2713 572 3050 628 considerata
3094 579 3271 626 tamen
3315 585 3495 625 rerum
3541 570 3763 638 fortuna,

2221 664 2382 734 regia:
2409 661 2791 718 dominationis
2816 661 3098 732 imperium
3136 668 3260 713 ante
3299 659 3435 722 dixit
3479 667 3770 714 restauran-

2220 754 2370 818 dum,
2403 761 2460 806 ut
2483 753 2599 822 ejus
2624 752 2808 823 vigore
2846 750 3094 814 ﬁrmato,
3123 748 3344 818 ejusque
3373 749 3608 816 potentia
3637 749 3771 803 utili-

2220 853 2302 898 ter
2331 844 2602 909 restituta,
2645 843 2761 912 ejus
2782 851 2903 914 post
2924 843 3271 905 liberalitate,
3301 840 3651 895 ecclesiarum
3680 841 3767 897 Dei

2219 935 2396 990 honor
2457 945 2854 1004 consequenter
2926 942 3196 990 recrescat
3233 973 3249 998 ,
3307 933 3423 1002 ejus
3486 932 3772 1001 patrocinio

2218 1034 2433 1097 agente,
2460 1028 2631 1080 virtus
2659 1025 2818 1082 bonis
2846 1027 3146 1095 quibusque
3174 1023 3378 1079 redeat.
3407 1021 3558 1090 Quod
3587 1033 3642 1076 ιιι
3672 1023 3772 1079 Deo

2218 1127 2492 1172 annuente
2525 1117 2642 1172 ﬁeri
2666 1127 2849 1188 queat,
2880 1119 2931 1172 in
2955 1117 3142 1187 primis
3170 1116 3431 1170 audienda
3463 1122 3621 1184 atque
3647 1124 3775 1170 stre.

2218 1210 2479 1265 nuissime
2514 1209 2847 1279 disponenda
2878 1209 3094 1279 videtur;
3124 1220 3285 1262 causa
3321 1206 3505 1261 domni
3549 1221 3611 1261 ac
3641 1221 3776 1261 sere-

2221 1306 2435 1361 nissimi
2462 1307 2631 1376 regis,
2682 1306 2727 1360 si
2777 1305 2830 1360 id
2875 1318 3086 1373 quoque
3113 1301 3281 1357 vestri
3320 1300 3510 1368 judicii
3547 1301 3778 1372 paciatur

2218 1413 2497 1453 censura.»
2532 1396 2780 1467 Synodus
2810 1395 2980 1449 dixit:
3029 1394 3383 1448 «Audialura

2286 1488 2373 1543 75.
2413 1486 2720 1556 Conquestio
2754 1485 2822 1519 m
2859 1484 3107 1539 Ludovici
3137 1482 3207 1516 ³⁸⁸
3245 1483 3380 1552 regis
3416 1481 3490 1513 “°
3522 1479 3660 1550 apud
3694 1477 3782 1536 0t-

2216 1589 2388 1633 tonem
2415 1594 2584 1648 regem
2613 1577 2682 1613 ³⁶⁰
2712 1586 2761 1631 et
2790 1576 3034 1633 sinodum
3059 1574 3128 1606 ⁸⁶⁰
3152 1575 3295 1644 regni
3323 1571 3502 1625 ³⁶⁰.-
3519 1571 3667 1626 Tunc
3691 1583 3782 1626 rex

2215 1668 2521 1724 Ludovicus
2549 1668 2616 1722 ab
2647 1667 2860 1724 Ottonis
2890 1666 3034 1738 regis
3078 1665 3245 1720 latere
3285 1679 3515 1734 surgens
3537 1702 3552 1727 ,
3602 1663 3782 1716 stando

2217 1757 2473 1828 conqueri
2499 1756 2897 1812 modestissime
2915 1754 3150 1826 petebat.
3166 1754 3234 1807 At
3257 1763 3476 1822 rogatus
3496 1751 3564 1806 ab
3582 1751 3781 1815 sinodo,

536 1841 939 1911 insignissimus
968 1842 1278 1897 haberetur.
1307 1838 1504 1895 Judicii
1532 1853 1662 1894 vero
1691 1853 1916 1893 censura
1948 1851 2112 1906 penes
2142 1841 2187 1900 Β
2224 1846 2530 1916 hujusmodi
2580 1844 2823 1900 residens
2847 1843 3034 1900 effudi;
3070 1843 3344 1914 querelam
3374 1860 3429 1896 ε.
3453 1841 3684 1909 Quanto,
3711 1841 3784 1894 in-

538 1935 794 1990 domnum
817 1933 1082 1989 Marinum
1105 1933 1283 1988 domni
1303 1948 1452 2004 papte
1473 1931 1733 1986 vicarium
1755 1931 1954 1984 mansit
1975 1930 2108 2000 (98).

537 2024 607 2080 Et
635 2024 1038 2080 considentibus
1063 2023 1292 2087 cunctis,
1324 2029 1448 2092 post
1471 2020 1779 2091 praemissas
1814 2018 2110 2073 secundum

537 2114 780 2170 ordinem
802 2113 1106 2169 celebrandi
1137 2111 1351 2167 concilii
1393 2125 1604 2182 preces,
1630 2117 1859 2178 postque
1888 2108 2112 2162 recitata

538 2205 877 2260 decretorum
907 2218 1058 2258 sacra
1081 2202 1311 2273 capitula
1332 2242 1347 2266 ,
1388 2199 1721 2256 sercnissimi
1752 2213 1904 2269 reges
1933 2197 2111 2253 Ludo-

536 2295 690 2349 vicus
716 2303 769 2349 et
793 2293 940 2361 Otto,
966 2293 1018 2348 in
1043 2308 1253 2348 sacram
1284 2291 1529 2346 siuodum
1561 2289 1784 2343 admissi
1809 2297 1952 2342 sunt.
1977 2287 2110 2355 Qui-

539 2384 643 2439 bus
689 2383 853 2439 etiam
898 2381 1341 2446 considentibus,
1386 2379 1615 2435 domnus
1665 2392 1730 2432 ac
1771 2377 2112 2432 venerandus

534 2474 830 2531 Rotbertus
860 2474 939 2529 sic
968 2489 1126 2550 orsus
1151 2474 1293 2542 cepit
1321 2491 1334 2526 :

607 2567 697 2620 71.
724 2563 1041 2620 Ρηειοεηιξο
1073 2563 1143 2602 ³⁸⁸
1175 2563 1406 2619 Rotberti
1439 2563 1510 2606 ³³³
1545 2563 1798 2618 Treverict'
1827 2561 1896 2603 l“
1923 2570 2112 2615 metro-

531 2655 838 2725 politani'“
861 2655 915 2708 in
946 2655 1153 2708 sinodo.
1186 2653 1346 2725 Legg.
1387 2653 1470 2708 II.
1504 2654 1798 2710 19-21.--‹
1821 2652 2004 2718 Multa,
2025 2653 2109 2706 in-

531 2747 762 2816 quiens,
811 2755 956 2811 sunt,
1005 2756 1190 2818 patres
1237 2747 1540 2814 reverendi,
1597 2747 1790 2816 quibus
1842 2746 1928 2801 hic
1971 2745 2112 2814 apud

531 2837 908 2893 serenissimos
975 2853 1169 2910 reges,
1215 2839 1267 2892 in
1329 2854 1495 2893 unum
1549 2838 1723 2894 coacti
1791 2838 2108 2894 residemus.

528 2928 766 2984 Plurima
798 2929 959 2984 etiam
1006 2944 1124 2998 quae
1170 2937 1352 2984 vestra
1397 2928 1667 2999 probitate
1706 2929 2003 2984 ordinanda
2031 2927 2114 2981 vi-

531 3019 728 3075 dentur
749 3020 843 3074 ³³⁸.
873 3020 1061 3075 Totius
1089 3034 1226 3089 pene
1254 3019 1440 3074 Galliae
1474 3035 1588 3073 rem
1617 3019 1886 3089 publicam
1912 3033 2108 3088 pravo-

531 3125 653 3164 rum
683 3110 985 3164 temeritate
1018 3111 1306 3175 turbatam,
1339 3109 1656 3180 magnisque
1692 3107 1973 3178 subjacere
2020 3122 2113 3176 pe-

2215 1935 2428 2005 quiens,
2456 1934 2694 2005 Hugouis
2739 1933 2995 1988 instinctu
3015 1972 3030 1999 ,
3073 1939 3382 2003 quantoque
3407 1931 3527 2001 ejus
3554 1928 3780 2000 impulsu

2214 2025 2473 2095 conqueri
2499 2039 2693 2095 cogor,
2727 2023 2883 2079 testis
2911 2031 2996 2078 est
3022 2022 3134 2088 ille,
3160 2023 3314 2092 cujus
3351 2009 3525 2092 gratia
3556 2035 3654 2074 vos
3698 2019 3782 2073 hic

2211 2125 2572 2186 congregatos
2597 2115 2754 2186 paulo
2779 2124 2904 2172 ante
2949 2115 3179 2170 relatum
3229 2123 3330 2170 est.
3376 2113 3544 2169 Pater
3568 2111 3707 2180 ejus,
3732 2119 3788 2166 ut

2215 2223 2244 2262 a
2271 2207 2536 2277 principio
2574 2208 2848 2272 exordiar,
2897 2206 3039 2277 patri
3088 2220 3210 2261 meo
3250 2219 3477 2274 regnum
3523 2202 3786 2265 invidens,

2215 2298 2339 2353 dum
2372 2297 2420 2352 ei
2451 2297 2595 2351 domi
2645 2297 2959 2367 militiazque
3001 2296 3278 2352 servitium
3323 2295 3584 2358 deberet,
3628 2305 3789 2362 regno

2217 2391 2369 2446 illum
2402 2389 2712 2444 immaniter
2737 2390 2970 2460 privavit
2997 2399 3054 2444 et
3087 2403 3258 2456 usque
3301 2388 3365 2441 ad
3405 2387 3531 2442 vita:
3559 2387 3676 2457 ejus
3705 2401 3788 2441 su-

2212 2497 2399 2554 prema
2432 2481 2498 2518 ³⁸¹
2527 2481 2797 2552 ergastulo
2825 2481 2891 2512 ³⁸¹
2926 2481 3188 2536 inclusum
3212 2479 3276 2512 ³⁸⁸
3310 2493 3429 2534 esse
3454 2478 3685 2550 rogavit.
3711 2475 3789 2531 Me

2215 2588 2343 2628 vero
2369 2587 2596 2643 parvum
2628 2573 2680 2626 in
2714 2571 2970 2626 fasciculo
2996 2569 3283 2640 farraginis
3308 2585 3337 2624 a
3370 2569 3505 2624 meis
3533 2568 3794 2623 dissimua

2213 2665 2380 2719 latum
2406 2705 2420 2731 ,
2463 2665 2516 2718 in
2562 2672 2746 2734 partes
2789 2663 3182 2718 transmarinas
3219 2670 3273 2716 et
3301 2675 3464 2732 prope
3510 2660 3565 2714 in
3609 2657 3790 2713 Rifeos

2216 2755 2400 2825 fugere
2443 2754 2721 2823 compulit.
2751 2753 2914 2808 Patre
2942 2762 3123 2808 autem
3163 2752 3404 2807 extincto
3436 2749 3504 2782 ³⁶¹
3534 2760 3590 2804 et
3623 2762 3710 2802 me
3739 2751 3791 2800 in

2214 2845 2434 2900 exilium
2463 2845 2766 2914 deportato,
2808 2843 2908 2899 iste
2947 2858 3067 2897 cum
3107 2841 3548 2897 reminisceretur
3578 2839 3661 2892 sui
3694 2851 3788 2906 pa-

2215 2937 2314 2991 tris
2336 2977 2350 3001 ,
2378 2936 2448 2990 ob
2480 2935 2820 2990 insolentiam
2855 2933 3125 2989 interfecti
3149 2973 3164 2998 ,
3205 2932 3358 3002 regni
3395 2945 3582 2985 curam
3614 2928 3791 2984 susci-

2213 3040 2341 3097 pere
2369 3025 2452 3079 for
2469 3025 2726 3080 midabat.
2751 3023 2915 3079 Nobis
2935 3025 3115 3094 itaque
3139 3023 3403 3085 invidens,
3427 3018 3794 3075 Rodull‘umm

2213 3114 2500 3185 promovit.
2545 3114 2650 3168 Sed
2701 3113 2968 3168 Divinitas
3008 3128 3098 3168 res
3134 3112 3278 3166 illius
3324 3111 3467 3166 sicut
3509 3119 3566 3166 et
3612 3119 3794 3166 cetera

533 3199 719 3255 riculis
749 3208 983 3256 constat.
1018 3199 1170 3255 Unde
1195 3207 1250 3254 et
1275 3199 1422 3269 leges
1460 3198 1654 3254 divinae
1683 3205 1844 3267 atque
1866 3198 2113 3252 humanae
2141 3187 2184 3250 C
2215 3203 2606 3269 deici-minans,
2634 3203 2682 3258 ei
2707 3204 2918 3273 quando
2945 3202 3117 3258 voluit
3144 3202 3305 3257 ﬁnem
3330 3202 3592 3274 regnandi
3624 3201 3794 3258 dedit.

531 3287 827 3344 indiscrete
874 3303 904 3342 a
950 3287 1214 3343 malivolis
1250 3294 1710 3357 contempnuntur
1733 3325 1752 3351 ,
1795 3297 1916 3340 cum
1949 3286 1994 3341 is
2023 3285 2110 3341 cui

532 3394 823 3450 regnorum
853 3380 924 3420 ³³⁸
961 3377 1080 3449 jura
1113 3379 1399 3446 debentur,
1439 3389 1496 3435 et
1541 3379 1840 3448 imperandi
1874 3385 2112 3449 potestas

530 3468 896 3525 transfusione
915 3479 1140 3540 paterna
1164 3469 1370 3524 credita
1393 3477 1496 3535 est,
1515 3484 1735 3524 suorum
1756 3470 2113 3525 insectatione

533 3569 744 3632 captus,
783 3560 1161 3632 ergastuloque
1204 3562 1515 3618 immaniter
1544 3572 1727 3617 trusus
1753 3561 1859 3626 sit,
1893 3577 2112 3617 suorum

533 3654 710 3709 adhuc
753 3653 943 3725 gladiis
987 3653 1274 3709 infestetur
1296 3653 1388 3719 ³⁵⁷,
1417 3653 1709 3710 Remorum
1746 3669 1961 3724 quoque
1996 3668 2113 3709 me-

532 3743 783 3814 tropolim
815 3743 1020 3814 absque
1048 3752 1269 3814 pastore
1305 3743 1454 3800 fures
1479 3744 1818 3799 atrocissime
1844 3745 2116 3800 insecten-

534 3843 624 3890 tur
649 3877 664 3901 ,
701 3835 877 3890 cultus
916 3835 1128 3892 divinus
1165 3836 1428 3902 vilescat,
1468 3836 1656 3908 religio
1706 3838 1965 3892 canonica
2013 3851 2110 3906 pro

533 3927 702 3983 nihilo
723 3929 812 3983 sit.
838 3926 934 3984 His
957 3942 1108 3999 ergo,
1135 3936 1336 3998 patres,
1367 3927 1838 3983 vehementissime
1860 3927 2114 3982 insisten-

535 4019 663 4074 dum
695 4018 950 4082 arbitror,
984 4017 1258 4087 multaque
1285 4017 1442 4072 nobis
1469 4016 1744 4087 diligentia
1777 4017 2109 4081 enitendum,

532 4107 626 4176 qui
675 4107 850 4175 gratia
897 4105 1068 4160 sancti
1117 4104 1352 4176 Spiritus
1401 4105 1492 4160 hic
1541 4105 1594 4159 in
1638 4121 1804 4159 unum
1849 4103 2110 4160 conﬂuxi-

532 4208 657 4248 mus
689 4193 784 4259 "',
811 4194 1063 4264 quatinus
1107 4209 1197 4248 res
1237 4203 1361 4249 ante
1398 4193 1671 4249 dissoluta:
1713 4195 1793 4249 sic
1833 4196 1885 4250 in
1938 4193 2114 4249 foedus

534 4285 791 4350 redeant,
839 4293 900 4338 ut
939 4293 995 4338 et
1039 4284 1235 4339 domno
1279 4299 1344 4340 ac
1390 4285 1740 4340 serenissima
1788 4287 1902 4357 regi
1943 4286 2110 4340 libera

536 4374 801 4445 regnandi
846 4375 1102 4430 reddatur
1147 4383 1386 4445 potestas
1412 4417 1428 4441 ,
1472 4386 1526 4432 et
1569 4392 1664 4447 per
1708 4392 1831 4433 eum
1869 4378 2112 4434 ecclesiae

529 4466 788 4520 iicmensi
817 4465 1029 4522 debitus
1051 4481 1180 4520 suus
1205 4467 1524 4521 restituatur
1552 4468 1742 4521 honor.
1759 4487 1776 4520 ι

2210 3293 2345 3349 Dum
2376 3294 2506 3349 item
2537 3309 2763 3366 regnum
2799 3303 3037 3359 vacaret,
3077 3293 3302 3350 consilio
3335 3283 3605 3348 bonorum
3644 3307 3732 3348 me
3765 3307 3796 3346 a

2211 3383 2450 3452 partibus
2478 3383 2778 3453 peregrinis
2799 3383 3106 3438 exulantem
3129 3383 3422 3448 revocavit,
3451 3397 3513 3438 ac
3541 3381 3790 3438 omnium

2212 3470 2517 3526 conibentia
2549 3471 2604 3527 in
2634 3487 2856 3542 regnum
2896 3472 3191 3543 promovit,
3239 3470 3373 3526 nihil
3415 3470 3547 3525 mihi
3593 3481 3794 3540 praeter

2212 3562 2529 3618 Laudunum
2576 3562 2905 3632 relinquens.
2947 3561 3343 3631 Promotusque
3395 3576 3515 3615 cum
3563 3575 3629 3614 ea
3677 3573 3794 3629 quae

2212 3656 2342 3727 regii
2369 3655 2507 3726 juris
2533 3655 2886 3719 videbantur,
2923 3662 3168 3723 repetere
3213 3655 3453 3717 niterer,
3481 3651 3532 3705 id
3567 3649 3794 3705 invidis-

2216 3747 2352 3801 sime
2400 3743 2628 3800 ferebat.
2685 3744 2880 3800 Factus
2935 3759 3064 3814 ergo
3116 3743 3349 3797 latenter
3400 3742 3790 3804 adversarius,

2213 3838 2416 3892 amicos
2441 3836 2484 3890 si
2515 3851 2649 3905 quos
2683 3835 2969 3900 habebam,
3010 3835 3251 3905 pecuniis
3287 3819 3658 3899 subvertebat,
3692 3832 3795 3887 ini-

2214 3926 2382 3980 micos
2409 3926 2460 3979 in
2493 3926 2674 3980 odium
2707 3924 2936 3994 amplius
2963 3925 3241 3980 incitabat.
3279 3924 3517 3978 Tandem
3566 3932 3794 3994 urgente

2215 4015 2412 4070 invidia
2432 4054 2447 4079 ,
2495 4014 2634 4084 apud
2670 4015 2876 4085 piratas
2904 4015 3033 4085 egit,
3075 4023 3132 4068 ut
3162 4015 3230 4069 ab
3259 4014 3338 4069 eis
3370 4013 3492 4068 dolo
3522 4027 3790 4082 caperer;

2213 4124 2437 4180 regnum
2482 4109 2536 4163 in
2571 4123 2629 4162 se
2665 4122 2822 4178 posse
2859 4107 3068 4162 refundi
3118 4107 3389 4161 arbitrans
3415 4146 3430 4170 ,
3473 4107 3519 4159 si
3566 4106 3622 4160 id
3675 4103 3795 4160 ﬁeri

2214 4199 2546 4271 contigisset.
2578 4198 2690 4254 Nec
2718 4198 2888 4253 defuit
2931 4199 3142 4254 insidiis
3176 4198 3417 4254 ell‘ectus.
3449 4196 3656 4267 Captus
3693 4195 3791 4261 fui,

2213 4289 2528 4358 carcerique
2548 4287 2617 4319 ³⁸⁵
2633 4291 2989 4358 mancipatus.
3013 4289 3104 4343 Ille
3128 4303 3257 4343 vero
3280 4303 3364 4342 me
3387 4287 3596 4356 eripere
3625 4287 3797 4340 simu.

2213 4379 2349 4445 lans,
2379 4378 2516 4433 ﬁlios
2545 4391 2694 4432 meos
2712 4376 2832 4444 jure
2859 4377 3106 4432 obsidum
3137 4375 3340 4431 dandos
3362 4375 3598 4445 petebat.
3627 4373 3703 4428 At
3729 4373 3795 4428 iis

2215 4470 2304 4539 qui
2336 4469 2465 4523 mihi
2498 4467 2601 4523 ﬁde
2632 4467 2868 4536 adjuncti
2899 4475 3056 4522 erant
3078 4481 3266 4522 omnes
3288 4465 3403 4520 dari
3438 4462 3793 4520 reclamanti-

607 4557 696 4610 72.
733 4556 1018 4626 Responsio
1054 4558 1124 4594 ⁸⁸⁸
1148 4556 1354 4613 Marini
1379 4563 1446 4597 ³⁸⁸
1488 4558 1740 4614 Romana:
1772 4559 1840 4591 ³⁸⁸
1870 4559 2006 4614 sedis
2041 4560 2110 4599 ’δ’
2140 4528 2190 4589 D
2215 4528 2340 4625 lius,
2369 4559 2593 4613 dimisso
2618 4528 2749 4623 uno,
2775 4572 2803 4610 a
2826 4557 3016 4626 piratis
3042 4571 3128 4610 mc
3156 4556 3379 4625 recepit.
3410 4553 3529 4610 Jam
3565 4553 3793 4608 liberta-

536 4645 693 4715 legati
713 4645 880 4699 ³³⁹.-
894 4646 975 4701 Ad
996 4646 1112 4701 haec
1131 4646 1360 4703 domnus
1381 4647 1617 4705 Marinus
1639 4659 1837 4706 sancta:
1857 4651 2112 4706 Romana-

537 4717 972 4791 sedis'vicarius:
997 4754 1016 4791 ι
1040 4735 1276 4807 Optime,
1308 4739 1504 4809 inquit,
1533 4748 1695 4809 atque
1715 4740 1921 4794 utiliter
1944 4739 2113 4794 frater

543 4839 611 4880 ac
657 4826 1010 4900 coepiscopus
1060 4828 1381 4898 Botbertus,
1427 4846 1610 4888 rerum
1663 4832 1859 4888 seriem
1915 4833 2107 4888 tenuit.

2216 4657 2322 4702 tetu
2365 4662 2624 4717 sperans,
2667 4662 2773 4716 quo
2809 4648 3021 4701 animus
3063 4645 3360 4715 impelleret
3394 4645 3473 4700 ire
3516 4643 3785 4699 volebam.

2215 4739 2414 4795 Verum
2431 4739 2586 4794 aliter
2601 4739 2913 4810 provenisse
2933 4737 3275 4793 manifestum
3291 4746 3393 4792 est.
3412 4736 3544 4790 Nam
3568 4743 3807 4810 captum;

2215 4844 2339 4884 mox
2368 4830 2422 4883 in
2452 4827 2664 4884 vincula
2693 4825 2922 4896 coniecit
2947 4867 2962 4892 ,
2993 4842 3057 4881 ac
3086 4825 3302 4880 annuali
3341 4825 3550 4880 carceri
3577 4806 3808 4896 manci-ﬁ

1794 4980 2031 5039 VARIIE
2071 4980 2472 5039 LECTIONES.

612 5094 680 5127 ³⁵⁸
706 5093 1012 5176 Eulterusc.
1087 5095 1157 5177 ³³ξ
1177 5095 1402 5178 tio,do_r,
1416 5096 1505 5163 da,
1533 5105 1587 5152 tu
1601 5098 1868 5178 abscisa."
1902 5099 1971 5134 ³⁸³
1990 5097 2270 5154 ordinandi
2294 5113 2430 5178 corr.
2448 5095 2782 5166 disponendi.
2833 5095 3117 5178 ._'_”Pr,l.l,
3142 5096 3212 5178 ri,
3233 5097 3266 5151 li
3289 5097 3510 5178 a_b_s_cisa.
3587 5097 3655 5178 ξδ’
3689 5111 3788 5178 co-
