  <div class='ocr_page' id='page_1' title='image "/cluster/home/n/w/nwhite01/storage/ocr_20150623/138/hvd.32044015471774/046.png"; bbox 0 0 3988 5362; ppageno 0'>
   <div class='ocr_carea' id='block_1_1' title="bbox 203 247 3448 332">
    <p class='ocr_par' dir='ltr' id='par_1_1' title="bbox 203 247 3448 332">
     <span class='ocr_line' id='line_1_1' title="bbox 203 247 3448 332; baseline -0.002 -19"><span class='ocrx_word' id='word_1_1' title='bbox 203 257 273 332; x_wconf 64' lang='grc'><strong>,81</strong></span> <span class='ocrx_word' id='word_1_2' title='bbox 1123 253 1601 315; x_wconf 75' lang='lat' dir='ltr'><strong>IIISTORIARUM</strong></span> <span class='ocrx_word' id='word_1_3' title='bbox 1634 255 1816 313; x_wconf 85' lang='lat' dir='ltr'><strong>LIBRI</strong></span> <span class='ocrx_word' id='word_1_4' title='bbox 1853 255 2208 326; x_wconf 77' lang='lat' dir='ltr'><strong>QUATUOR.</strong></span> <span class='ocrx_word' id='word_1_5' title='bbox 2249 283 2322 296; x_wconf 90' lang='lat'><strong>-—</strong></span> <span class='ocrx_word' id='word_1_6' title='bbox 2363 254 2488 309; x_wconf 83' lang='lat' dir='ltr'><strong>LIB.</strong></span> <span class='ocrx_word' id='word_1_7' title='bbox 2533 252 2589 306; x_wconf 92' lang='lat' dir='ltr'><strong>ll.</strong></span> <span class='ocrx_word' id='word_1_8' title='bbox 3378 247 3448 306; x_wconf 69' lang='grc'><strong>82</strong></span> 
     </span>
    </p>
   </div>
   <div class='ocr_carea' id='block_1_2' title="bbox 217 361 3452 442">
    <p class='ocr_par' dir='ltr' id='par_1_2' title="bbox 217 361 3452 442">
     <span class='ocr_line' id='line_1_2' title="bbox 217 361 3452 442; baseline -0.002 -18"><span class='ocrx_word' id='word_1_9' title='bbox 217 371 371 442; x_wconf 84' lang='lat' dir='ltr'><strong>pavit.</strong></span> <span class='ocrx_word' id='word_1_10' title='bbox 405 365 558 424; x_wconf 83' lang='lat' dir='ltr'><strong>Unde</strong></span> <span class='ocrx_word' id='word_1_11' title='bbox 580 381 704 423; x_wconf 89' lang='lat' dir='ltr'><strong>cum</strong></span> <span class='ocrx_word' id='word_1_12' title='bbox 731 380 762 422; x_wconf 85' lang='lat' dir='ltr'><strong>a</strong></span> <span class='ocrx_word' id='word_1_13' title='bbox 789 365 1031 438; x_wconf 75' lang='lat' dir='ltr'><strong>cognatis</strong></span> <span class='ocrx_word' id='word_1_14' title='bbox 1055 375 1110 421; x_wconf 90' lang='lat' dir='ltr'><strong>et</strong></span> <span class='ocrx_word' id='word_1_15' title='bbox 1130 368 1320 424; x_wconf 83' lang='lat' dir='ltr'><strong>amicis</strong></span> <span class='ocrx_word' id='word_1_16' title='bbox 1341 369 1477 424; x_wconf 87' lang='lat' dir='ltr'><strong>meis</strong></span> <span class='ocrx_word' id='word_1_17' title='bbox 1500 369 1779 440; x_wconf 86' lang='lat' dir='ltr'><strong>indignan-</strong></span> <span class='ocrx_word' id='word_1_18' title='bbox 1808 375 1854 431; x_wconf 77' lang='grc' dir='ltr'><strong>Α</strong></span> <span class='ocrx_word' id='word_1_19' title='bbox 1953 367 2042 422; x_wconf 89' lang='lat'><strong>76.</strong></span> <span class='ocrx_word' id='word_1_20' title='bbox 2076 365 2260 421; x_wconf 88' lang='lat' dir='ltr'><strong>Oratio</strong></span> <span class='ocrx_word' id='word_1_21' title='bbox 2304 366 2372 400; x_wconf 79' lang='grc'><strong>⁸⁸⁸</strong></span> <span class='ocrx_word' id='word_1_22' title='bbox 2417 363 2626 421; x_wconf 83' lang='lat' dir='ltr'><strong>Ottonis</strong></span> <span class='ocrx_word' id='word_1_23' title='bbox 2658 363 2724 396; x_wconf 81' lang='grc'><strong>³⁸⁸</strong></span> <span class='ocrx_word' id='word_1_24' title='bbox 2751 363 2885 434; x_wconf 82' lang='lat' dir='ltr'><strong>regis</strong></span> <span class='ocrx_word' id='word_1_25' title='bbox 2925 377 3043 442; x_wconf 32' lang='lat' dir='ltr'><strong>pro‘</strong></span> <span class='ocrx_word' id='word_1_26' title='bbox 3062 361 3262 416; x_wconf 78' lang='lat' dir='ltr'><strong>eodem.</strong></span> <span class='ocrx_word' id='word_1_27' title='bbox 3284 361 3452 416; x_wconf 80' lang='lat' dir='ltr'><strong>-Ad</strong></span> 
     </span>
    </p>
   </div>
   <div class='ocr_carea' id='block_1_3' title="bbox 219 455 1780 528">
    <p class='ocr_par' dir='ltr' id='par_1_3' title="bbox 219 455 1780 528">
     <span class='ocr_line' id='line_1_3' title="bbox 219 455 1780 528; baseline -0.005 -13"><span class='ocrx_word' id='word_1_28' title='bbox 219 462 350 518; x_wconf 91' lang='lat' dir='ltr'><strong>tibus</strong></span> <span class='ocrx_word' id='word_1_29' title='bbox 390 473 513 513; x_wconf 86' lang='lat' dir='ltr'><strong>sese</strong></span> <span class='ocrx_word' id='word_1_30' title='bbox 558 457 922 528; x_wconf 86' lang='lat' dir='ltr'><strong>impetendum</strong></span> <span class='ocrx_word' id='word_1_31' title='bbox 971 455 1312 523; x_wconf 84' lang='lat' dir='ltr'><strong>adverteret,</strong></span> <span class='ocrx_word' id='word_1_32' title='bbox 1359 458 1662 514; x_wconf 88' lang='lat' dir='ltr'><strong>libertatem</strong></span> <span class='ocrx_word' id='word_1_33' title='bbox 1711 457 1780 489; x_wconf 82' lang='grc'><strong>³⁸⁸</strong></span> 
     </span>
    </p>
   </div>
   <div class='ocr_carea' id='block_1_4' title="bbox 215 545 1781 618">
    <p class='ocr_par' dir='ltr' id='par_1_4' title="bbox 215 545 1781 618">
     <span class='ocr_line' id='line_1_4' title="bbox 215 545 1781 618; baseline -0.003 -16"><span class='ocrx_word' id='word_1_34' title='bbox 215 547 493 618; x_wconf 87' lang='lat' dir='ltr'><strong>spopondit</strong></span> <span class='ocrx_word' id='word_1_35' title='bbox 519 547 565 602; x_wconf 93' lang='lat' dir='ltr'><strong>si</strong></span> <span class='ocrx_word' id='word_1_36' title='bbox 593 545 913 601; x_wconf 83' lang='lat' dir='ltr'><strong>Laudunum</strong></span> <span class='ocrx_word' id='word_1_37' title='bbox 944 547 1234 616; x_wconf 89' lang='lat' dir='ltr'><strong>acciperet.</strong></span> <span class='ocrx_word' id='word_1_38' title='bbox 1264 545 1378 601; x_wconf 81' lang='lat' dir='ltr'><strong>Hoc</strong></span> <span class='ocrx_word' id='word_1_39' title='bbox 1408 556 1613 602; x_wconf 88' lang='lat' dir='ltr'><strong>tantum</strong></span> <span class='ocrx_word' id='word_1_40' title='bbox 1638 545 1781 602; x_wconf 84' lang='lat' dir='ltr'><strong>clau-</strong></span> 
     </span>
    </p>
   </div>
   <div class='ocr_carea' id='block_1_5' title="bbox 223 634 1784 706">
    <p class='ocr_par' dir='ltr' id='par_1_5' title="bbox 223 634 1784 706">
     <span class='ocr_line' id='line_1_5' title="bbox 223 634 1784 706; baseline -0.002 -14"><span class='ocrx_word' id='word_1_41' title='bbox 223 637 397 701; x_wconf 63' lang='lat' dir='ltr'><strong>debar,</strong></span> <span class='ocrx_word' id='word_1_42' title='bbox 433 635 538 690; x_wconf 86' lang='lat' dir='ltr'><strong>hoc</strong></span> <span class='ocrx_word' id='word_1_43' title='bbox 565 634 679 691; x_wconf 91' lang='lat' dir='ltr'><strong>solo</strong></span> <span class='ocrx_word' id='word_1_44' title='bbox 703 649 827 690; x_wconf 92' lang='lat' dir='ltr'><strong>cum</strong></span> <span class='ocrx_word' id='word_1_45' title='bbox 857 650 1022 691; x_wconf 77' lang='lat' dir='ltr'><strong>uxore</strong></span> <span class='ocrx_word' id='word_1_46' title='bbox 1048 644 1103 692; x_wconf 91' lang='lat' dir='ltr'><strong>et</strong></span> <span class='ocrx_word' id='word_1_47' title='bbox 1124 636 1267 692; x_wconf 88' lang='lat' dir='ltr'><strong>natis</strong></span> <span class='ocrx_word' id='word_1_48' title='bbox 1295 637 1615 706; x_wconf 87' lang='lat' dir='ltr'><strong>recipiebar.</strong></span> <span class='ocrx_word' id='word_1_49' title='bbox 1645 635 1784 703; x_wconf 84' lang='lat' dir='ltr'><strong>Quid</strong></span> 
     </span>
    </p>
   </div>
   <div class='ocr_carea' id='block_1_6' title="bbox 217 724 1787 796">
    <p class='ocr_par' dir='ltr' id='par_1_6' title="bbox 217 724 1787 796">
     <span class='ocr_line' id='line_1_6' title="bbox 217 724 1787 796; baseline 0 -16"><span class='ocrx_word' id='word_1_50' title='bbox 217 726 480 782; x_wconf 83' lang='lat' dir='ltr'><strong>facerem?</strong></span> <span class='ocrx_word' id='word_1_51' title='bbox 509 724 704 781; x_wconf 88' lang='lat' dir='ltr'><strong>Castro</strong></span> <span class='ocrx_word' id='word_1_52' title='bbox 729 726 899 779; x_wconf 84' lang='lat' dir='ltr'><strong>vitam</strong></span> <span class='ocrx_word' id='word_1_53' title='bbox 937 726 1237 796; x_wconf 62' lang='lat' dir='ltr'><strong>proposui:</strong></span> <span class='ocrx_word' id='word_1_54' title='bbox 1280 739 1380 796; x_wconf 92' lang='lat' dir='ltr'><strong>pro</strong></span> <span class='ocrx_word' id='word_1_55' title='bbox 1415 736 1598 781; x_wconf 88' lang='lat' dir='ltr'><strong>castro</strong></span> <span class='ocrx_word' id='word_1_56' title='bbox 1625 725 1787 781; x_wconf 85' lang='lat' dir='ltr'><strong>liber-</strong></span> 
     </span>
    </p>
   </div>
   <div class='ocr_carea' id='block_1_7' title="bbox 216 816 1785 888">
    <p class='ocr_par' dir='ltr' id='par_1_7' title="bbox 216 816 1785 888">
     <span class='ocr_line' id='line_1_7' title="bbox 216 816 1785 888; baseline -0.001 -14"><span class='ocrx_word' id='word_1_57' title='bbox 216 827 366 874; x_wconf 85' lang='lat' dir='ltr'><strong>tatem</strong></span> <span class='ocrx_word' id='word_1_58' title='bbox 395 817 597 872; x_wconf 86' lang='lat' dir='ltr'><strong>merui.</strong></span> <span class='ocrx_word' id='word_1_59' title='bbox 621 816 689 872; x_wconf 82' lang='lat' dir='ltr'><strong>Et</strong></span> <span class='ocrx_word' id='word_1_60' title='bbox 708 831 775 872; x_wconf 90' lang='lat' dir='ltr'><strong>en</strong></span> <span class='ocrx_word' id='word_1_61' title='bbox 801 817 1048 873; x_wconf 89' lang='lat' dir='ltr'><strong>omnibus</strong></span> <span class='ocrx_word' id='word_1_62' title='bbox 1075 817 1336 886; x_wconf 86' lang='lat' dir='ltr'><strong>privatus,</strong></span> <span class='ocrx_word' id='word_1_63' title='bbox 1367 820 1606 874; x_wconf 90' lang='lat' dir='ltr'><strong>omnium</strong></span> <span class='ocrx_word' id='word_1_64' title='bbox 1629 832 1785 888; x_wconf 89' lang='lat' dir='ltr'><strong>opem</strong></span> 
     </span>
    </p>
   </div>
   <div class='ocr_carea' id='block_1_8' title="bbox 213 905 1788 975">
    <p class='ocr_par' dir='ltr' id='par_1_8' title="bbox 213 905 1788 975">
     <span class='ocr_line' id='line_1_8' title="bbox 213 905 1788 975; baseline -0.001 -14"><span class='ocrx_word' id='word_1_65' title='bbox 213 906 470 975; x_wconf 83' lang='lat' dir='ltr'><strong>deposco!</strong></span> <span class='ocrx_word' id='word_1_66' title='bbox 504 905 602 961; x_wconf 86' lang='lat' dir='ltr'><strong>His</strong></span> <span class='ocrx_word' id='word_1_67' title='bbox 632 905 678 960; x_wconf 90' lang='lat' dir='ltr'><strong>si</strong></span> <span class='ocrx_word' id='word_1_68' title='bbox 709 905 815 961; x_wconf 81' lang='lat' dir='ltr'><strong>dux</strong></span> <span class='ocrx_word' id='word_1_69' title='bbox 843 905 1114 961; x_wconf 90' lang='lat' dir='ltr'><strong>contraire</strong></span> <span class='ocrx_word' id='word_1_70' title='bbox 1141 905 1354 972; x_wconf 86' lang='lat' dir='ltr'><strong>audeat,</strong></span> <span class='ocrx_word' id='word_1_71' title='bbox 1393 906 1550 963; x_wconf 91' lang='lat' dir='ltr'><strong>nobis</strong></span> <span class='ocrx_word' id='word_1_72' title='bbox 1581 915 1788 961; x_wconf 88' lang='lat' dir='ltr'><strong>tantum</strong></span> 
     </span>
    </p>
   </div>
   <div class='ocr_carea' id='block_1_9' title="bbox 215 996 1195 1068">
    <p class='ocr_par' dir='ltr' id='par_1_9' title="bbox 215 996 1195 1068">
     <span class='ocr_line' id='line_1_9' title="bbox 215 996 1195 1068; baseline -0.003 -16"><span class='ocrx_word' id='word_1_73' title='bbox 215 996 560 1068; x_wconf 75' lang='lat' dir='ltr'><strong>singulariter</strong></span> <span class='ocrx_word' id='word_1_74' title='bbox 582 997 1040 1068; x_wconf 83' lang='lat' dir='ltr'><strong>congrediendum</strong></span> <span class='ocrx_word' id='word_1_75' title='bbox 1070 996 1161 1052; x_wconf 86' lang='lat' dir='ltr'><strong>sit.</strong></span> <span class='ocrx_word' id='word_1_76' title='bbox 1177 1015 1195 1049; x_wconf 77' lang='grc' dir='ltr'><strong><em>ι</em></strong></span> 
     </span>
    </p>
   </div>
   <div class='ocr_carea' id='block_1_10' title="bbox 276 1085 1791 1156">
    <p class='ocr_par' dir='ltr' id='par_1_10' title="bbox 276 1085 1791 1156">
     <span class='ocr_line' id='line_1_10' title="bbox 276 1085 1791 1156; baseline 0.003 -17"><span class='ocrx_word' id='word_1_77' title='bbox 276 1086 361 1140; x_wconf 77' lang='grc'><strong>74.</strong></span> <span class='ocrx_word' id='word_1_78' title='bbox 396 1086 589 1140; x_wconf 84' lang='lat' dir='ltr'><strong>Oratio</strong></span> <span class='ocrx_word' id='word_1_79' title='bbox 619 1087 691 1119; x_wconf 79' lang='grc'><strong>⁸⁸⁸</strong></span> <span class='ocrx_word' id='word_1_80' title='bbox 721 1087 953 1141; x_wconf 85' lang='lat' dir='ltr'><strong>Rotberti</strong></span> <span class='ocrx_word' id='word_1_81' title='bbox 980 1086 1050 1119; x_wconf 83' lang='grc'><strong>³⁸⁸</strong></span> <span class='ocrx_word' id='word_1_82' title='bbox 1075 1103 1170 1156; x_wconf 83' lang='lat' dir='ltr'><strong>pro</strong></span> <span class='ocrx_word' id='word_1_83' title='bbox 1197 1085 1566 1142; x_wconf 73' lang='lat' dir='ltr'><strong>Ludovico.-—-</strong></span> <span class='ocrx_word' id='word_1_84' title='bbox 1584 1085 1791 1154; x_wconf 84' lang='lat' dir='ltr'><strong>Quibus</strong></span> 
     </span>
    </p>
   </div>
   <div class='ocr_carea' id='block_1_11' title="bbox 216 1176 1791 1248">
    <p class='ocr_par' dir='ltr' id='par_1_11' title="bbox 216 1176 1791 1248">
     <span class='ocr_line' id='line_1_11' title="bbox 216 1176 1791 1248; baseline 0.001 -18"><span class='ocrx_word' id='word_1_85' title='bbox 216 1176 378 1248; x_wconf 80' lang='lat' dir='ltr'><strong>palam</strong></span> <span class='ocrx_word' id='word_1_86' title='bbox 404 1177 793 1248; x_wconf 82' lang='lat' dir='ltr'><strong>promulgatis,</strong></span> <span class='ocrx_word' id='word_1_87' title='bbox 827 1177 1117 1232; x_wconf 79' lang='lat' dir='ltr'><strong>Rotbertus</strong></span> <span class='ocrx_word' id='word_1_88' title='bbox 1139 1177 1582 1248; x_wconf 88' lang='lat' dir='ltr'><strong>metropolitauus</strong></span> <span class='ocrx_word' id='word_1_89' title='bbox 1609 1178 1791 1233; x_wconf 87' lang='lat' dir='ltr'><strong>subin-</strong></span> 
     </span>
    </p>
   </div>
   <div class='ocr_carea' id='block_1_12' title="bbox 215 1267 1789 1338">
    <p class='ocr_par' dir='ltr' id='par_1_12' title="bbox 215 1267 1789 1338">
     <span class='ocr_line' id='line_1_12' title="bbox 215 1267 1789 1338; baseline 0.002 -20"><span class='ocrx_word' id='word_1_90' title='bbox 215 1267 343 1321; x_wconf 82' lang='lat' dir='ltr'><strong>fert:</strong></span> <span class='ocrx_word' id='word_1_91' title='bbox 388 1268 725 1334; x_wconf 65' lang='lat' dir='ltr'><strong>«Quoniam,</strong></span> <span class='ocrx_word' id='word_1_92' title='bbox 765 1269 1032 1338; x_wconf 87' lang='lat' dir='ltr'><strong>inquiens,</strong></span> <span class='ocrx_word' id='word_1_93' title='bbox 1072 1268 1253 1324; x_wconf 92' lang='lat' dir='ltr'><strong>domni</strong></span> <span class='ocrx_word' id='word_1_94' title='bbox 1277 1279 1436 1338; x_wconf 89' lang='lat' dir='ltr'><strong>atque</strong></span> <span class='ocrx_word' id='word_1_95' title='bbox 1458 1268 1789 1326; x_wconf 89' lang='lat' dir='ltr'><strong>serenissimi</strong></span> 
     </span>
    </p>
   </div>
   <div class='ocr_carea' id='block_1_13' title="bbox 215 1357 1793 1430">
    <p class='ocr_par' dir='ltr' id='par_1_13' title="bbox 215 1357 1793 1430">
     <span class='ocr_line' id='line_1_13' title="bbox 215 1357 1793 1430; baseline 0.001 -20"><span class='ocrx_word' id='word_1_96' title='bbox 215 1357 344 1425; x_wconf 87' lang='lat' dir='ltr'><strong>regis</strong></span> <span class='ocrx_word' id='word_1_97' title='bbox 372 1358 510 1412; x_wconf 88' lang='lat' dir='ltr'><strong>satis</strong></span> <span class='ocrx_word' id='word_1_98' title='bbox 536 1359 778 1412; x_wconf 78' lang='lat' dir='ltr'><strong>breviter</strong></span> <span class='ocrx_word' id='word_1_99' title='bbox 805 1373 868 1412; x_wconf 89' lang='lat' dir='ltr'><strong>ac</strong></span> <span class='ocrx_word' id='word_1_100' title='bbox 896 1357 1125 1413; x_wconf 90' lang='lat' dir='ltr'><strong>dilucide</strong></span> <span class='ocrx_word' id='word_1_101' title='bbox 1157 1359 1420 1428; x_wconf 87' lang='lat' dir='ltr'><strong>digestam</strong></span> <span class='ocrx_word' id='word_1_102' title='bbox 1440 1399 1456 1424; x_wconf 89' lang='lat'><strong>,</strong></span> <span class='ocrx_word' id='word_1_103' title='bbox 1493 1360 1696 1430; x_wconf 89' lang='lat' dir='ltr'><strong>optime</strong></span> <span class='ocrx_word' id='word_1_104' title='bbox 1733 1367 1793 1413; x_wconf 90' lang='lat' dir='ltr'><strong>ut</strong></span> 
     </span>
    </p>
   </div>
   <div class='ocr_carea' id='block_1_14' title="bbox 216 1445 1790 1518">
    <p class='ocr_par' dir='ltr' id='par_1_14' title="bbox 216 1445 1790 1518">
     <span class='ocr_line' id='line_1_14' title="bbox 216 1445 1790 1518; baseline 0.003 -21"><span class='ocrx_word' id='word_1_105' title='bbox 216 1445 439 1499; x_wconf 83' lang='lat' dir='ltr'><strong>arbitror</strong></span> <span class='ocrx_word' id='word_1_106' title='bbox 464 1447 912 1515; x_wconf 89' lang='lat' dir='ltr'><strong>conquestionem</strong></span> <span class='ocrx_word' id='word_1_107' title='bbox 945 1447 1305 1516; x_wconf 87' lang='lat' dir='ltr'><strong>percepimus,</strong></span> <span class='ocrx_word' id='word_1_108' title='bbox 1337 1463 1675 1518; x_wconf 91' lang='lat' dir='ltr'><strong>consequens</strong></span> <span class='ocrx_word' id='word_1_109' title='bbox 1705 1448 1790 1502; x_wconf 87' lang='lat' dir='ltr'><strong>vi-</strong></span> 
     </span>
    </p>
   </div>
   <div class='ocr_carea' id='block_1_15' title="bbox 217 1535 1792 1606">
    <p class='ocr_par' dir='ltr' id='par_1_15' title="bbox 217 1535 1792 1606">
     <span class='ocr_line' id='line_1_15' title="bbox 217 1535 1792 1606; baseline 0.002 -18"><span class='ocrx_word' id='word_1_110' title='bbox 217 1535 381 1598; x_wconf 90' lang='lat' dir='ltr'><strong>detur,</strong></span> <span class='ocrx_word' id='word_1_111' title='bbox 415 1543 478 1589; x_wconf 90' lang='lat' dir='ltr'><strong>ut</strong></span> <span class='ocrx_word' id='word_1_112' title='bbox 505 1536 624 1606; x_wconf 87' lang='lat' dir='ltr'><strong>ejus</strong></span> <span class='ocrx_word' id='word_1_113' title='bbox 655 1551 875 1591; x_wconf 85' lang='lat' dir='ltr'><strong>causam</strong></span> <span class='ocrx_word' id='word_1_114' title='bbox 905 1536 957 1590; x_wconf 90' lang='lat' dir='ltr'><strong>in</strong></span> <span class='ocrx_word' id='word_1_115' title='bbox 986 1545 1245 1606; x_wconf 90' lang='lat' dir='ltr'><strong>quantum</strong></span> <span class='ocrx_word' id='word_1_116' title='bbox 1285 1538 1367 1592; x_wconf 89' lang='lat' dir='ltr'><strong>fas</strong></span> <span class='ocrx_word' id='word_1_117' title='bbox 1409 1546 1495 1593; x_wconf 82' lang='lat' dir='ltr'><strong>est</strong></span> <span class='ocrx_word' id='word_1_118' title='bbox 1530 1538 1792 1593; x_wconf 87' lang='lat' dir='ltr'><strong>determi-</strong></span> 
     </span>
    </p>
   </div>
   <div class='ocr_carea' id='block_1_16' title="bbox 215 1627 1794 1699">
    <p class='ocr_par' dir='ltr' id='par_1_16' title="bbox 215 1627 1794 1699">
     <span class='ocr_line' id='line_1_16' title="bbox 215 1627 1794 1699; baseline 0.002 -19"><span class='ocrx_word' id='word_1_119' title='bbox 215 1640 411 1681; x_wconf 88' lang='lat' dir='ltr'><strong>nemus.</strong></span> <span class='ocrx_word' id='word_1_120' title='bbox 437 1627 557 1680; x_wconf 79' lang='lat' dir='ltr'><strong>Dux</strong></span> <span class='ocrx_word' id='word_1_121' title='bbox 583 1642 714 1698; x_wconf 88' lang='lat' dir='ltr'><strong>ergo</strong></span> <span class='ocrx_word' id='word_1_122' title='bbox 737 1628 860 1698; x_wconf 83' lang='lat' dir='ltr'><strong>quia</strong></span> <span class='ocrx_word' id='word_1_123' title='bbox 883 1627 1063 1682; x_wconf 87' lang='lat' dir='ltr'><strong>omnia</strong></span> <span class='ocrx_word' id='word_1_124' title='bbox 1095 1643 1232 1697; x_wconf 88' lang='lat' dir='ltr'><strong>pene</strong></span> <span class='ocrx_word' id='word_1_125' title='bbox 1258 1629 1409 1699; x_wconf 89' lang='lat' dir='ltr'><strong>regni</strong></span> <span class='ocrx_word' id='word_1_126' title='bbox 1431 1629 1574 1699; x_wconf 87' lang='lat' dir='ltr'><strong>jura,</strong></span> <span class='ocrx_word' id='word_1_127' title='bbox 1601 1629 1652 1683; x_wconf 92' lang='lat' dir='ltr'><strong>in</strong></span> <span class='ocrx_word' id='word_1_128' title='bbox 1675 1643 1794 1684; x_wconf 90' lang='lat' dir='ltr'><strong>sese</strong></span> 
     </span>
    </p>
   </div>
   <div class='ocr_carea' id='block_1_17' title="bbox 1885 437 3454 526">
    <p class='ocr_par' dir='ltr' id='par_1_17' title="bbox 1885 437 3454 526">
     <span class='ocr_line' id='line_1_17' title="bbox 1885 437 3454 526; baseline -0.003 -15"><span class='ocrx_word' id='word_1_129' title='bbox 1885 458 1998 512; x_wconf 67' lang='lat' dir='ltr'><strong>hazc</strong></span> <span class='ocrx_word' id='word_1_130' title='bbox 2020 471 2112 512; x_wconf 80' lang='lat' dir='ltr'><strong>rex</strong></span> <span class='ocrx_word' id='word_1_131' title='bbox 2139 455 2265 511; x_wconf 88' lang='lat' dir='ltr'><strong>Otto</strong></span> <span class='ocrx_word' id='word_1_132' title='bbox 2289 472 2303 509; x_wconf 89' lang='lat'>:</span> <span class='ocrx_word' id='word_1_133' title='bbox 2331 474 2349 508; x_wconf 75' lang='grc' dir='ltr'>ι</span> <span class='ocrx_word' id='word_1_134' title='bbox 2373 455 2558 520; x_wconf 82' lang='lat' dir='ltr'><strong>Multa,</strong></span> <span class='ocrx_word' id='word_1_135' title='bbox 2591 455 2784 525; x_wconf 89' lang='lat' dir='ltr'><strong>inquit,</strong></span> <span class='ocrx_word' id='word_1_136' title='bbox 2811 464 2939 510; x_wconf 87' lang='lat' dir='ltr'><strong>sunt</strong></span> <span class='ocrx_word' id='word_1_137' title='bbox 2963 437 3145 526; x_wconf 79' lang='lat' dir='ltr'><strong>patres</strong></span> <span class='ocrx_word' id='word_1_138' title='bbox 3171 453 3454 519; x_wconf 77' lang='lat' dir='ltr'><strong>beneficia,</strong></span> 
     </span>
    </p>
   </div>
   <div class='ocr_carea' id='block_1_18' title="bbox 1882 543 3455 617">
    <p class='ocr_par' dir='ltr' id='par_1_18' title="bbox 1882 543 3455 617">
     <span class='ocr_line' id='line_1_18' title="bbox 1882 543 3455 617; baseline -0.002 -16"><span class='ocrx_word' id='word_1_139' title='bbox 1882 561 2003 617; x_wconf 70' lang='lat' dir='ltr'><strong>quae</strong></span> <span class='ocrx_word' id='word_1_140' title='bbox 2039 562 2069 600; x_wconf 90' lang='lat' dir='ltr'><strong>a</strong></span> <span class='ocrx_word' id='word_1_141' title='bbox 2103 547 2258 602; x_wconf 92' lang='lat' dir='ltr'><strong>vobis</strong></span> <span class='ocrx_word' id='word_1_142' title='bbox 2292 547 2490 601; x_wconf 93' lang='lat' dir='ltr'><strong>domno</strong></span> <span class='ocrx_word' id='word_1_143' title='bbox 2539 561 2604 600; x_wconf 88' lang='lat' dir='ltr'><strong>ac</strong></span> <span class='ocrx_word' id='word_1_144' title='bbox 2644 545 2999 600; x_wconf 82' lang='lat' dir='ltr'><strong>serenissima</strong></span> <span class='ocrx_word' id='word_1_145' title='bbox 3030 545 3142 615; x_wconf 88' lang='lat' dir='ltr'><strong>regi</strong></span> <span class='ocrx_word' id='word_1_146' title='bbox 3181 543 3455 600; x_wconf 85' lang='lat' dir='ltr'><strong>Ludovico</strong></span> 
     </span>
    </p>
   </div>
   <div class='ocr_carea' id='block_1_19' title="bbox 1885 635 3458 704">
    <p class='ocr_par' dir='ltr' id='par_1_19' title="bbox 1885 635 3458 704">
     <span class='ocr_line' id='line_1_19' title="bbox 1885 635 3458 704; baseline 0 -14"><span class='ocrx_word' id='word_1_147' title='bbox 1885 636 2088 692; x_wconf 88' lang='lat' dir='ltr'><strong>utiliter</strong></span> <span class='ocrx_word' id='word_1_148' title='bbox 2109 637 2447 691; x_wconf 84' lang='lat' dir='ltr'><strong>accomodari</strong></span> <span class='ocrx_word' id='word_1_149' title='bbox 2481 637 2753 692; x_wconf 89' lang='lat' dir='ltr'><strong>valebunt.</strong></span> <span class='ocrx_word' id='word_1_150' title='bbox 2781 636 2994 692; x_wconf 85' lang='lat' dir='ltr'><strong>Etenim</strong></span> <span class='ocrx_word' id='word_1_151' title='bbox 3022 636 3067 691; x_wconf 89' lang='lat' dir='ltr'><strong>si</strong></span> <span class='ocrx_word' id='word_1_152' title='bbox 3090 635 3458 704; x_wconf 86' lang='lat' dir='ltr'><strong>ejusinsecta-</strong></span> 
     </span>
    </p>
   </div>
   <div class='ocr_carea' id='block_1_20' title="bbox 1887 724 3460 795">
    <p class='ocr_par' dir='ltr' id='par_1_20' title="bbox 1887 724 3460 795">
     <span class='ocr_line' id='line_1_20' title="bbox 1887 724 3460 795; baseline -0.001 -16"><span class='ocrx_word' id='word_1_153' title='bbox 1887 733 2031 781; x_wconf 90' lang='lat' dir='ltr'><strong>tores</strong></span> <span class='ocrx_word' id='word_1_154' title='bbox 2081 726 2247 779; x_wconf 90' lang='lat' dir='ltr'><strong>armis</strong></span> <span class='ocrx_word' id='word_1_155' title='bbox 2303 724 2499 779; x_wconf 82' lang='lat' dir='ltr'><strong>divinis</strong></span> <span class='ocrx_word' id='word_1_156' title='bbox 2537 724 2876 790; x_wconf 88' lang='lat' dir='ltr'><strong>adoriamiui,</strong></span> <span class='ocrx_word' id='word_1_157' title='bbox 2928 733 3324 795; x_wconf 86' lang='lat' dir='ltr'><strong>consequenter</strong></span> <span class='ocrx_word' id='word_1_158' title='bbox 3363 732 3460 778; x_wconf 84' lang='lat' dir='ltr'><strong>aut</strong></span> 
     </span>
    </p>
   </div>
   <div class='ocr_carea' id='block_1_21' title="bbox 1886 815 3457 890">
    <p class='ocr_par' dir='ltr' id='par_1_21' title="bbox 1886 815 3457 890">
     <span class='ocr_line' id='line_1_21' title="bbox 1886 815 3457 890; baseline 0.001 -19"><span class='ocrx_word' id='word_1_159' title='bbox 1886 815 2033 872; x_wconf 79' lang='lat' dir='ltr'><strong>facili</strong></span> <span class='ocrx_word' id='word_1_160' title='bbox 2057 820 2286 873; x_wconf 83' lang='lat' dir='ltr'><strong>tumultu</strong></span> <span class='ocrx_word' id='word_1_161' title='bbox 2312 818 2508 873; x_wconf 89' lang='lat' dir='ltr'><strong>devicti</strong></span> <span class='ocrx_word' id='word_1_162' title='bbox 2534 819 2829 884; x_wconf 88' lang='lat' dir='ltr'><strong>labascent,</strong></span> <span class='ocrx_word' id='word_1_163' title='bbox 2857 827 2950 873; x_wconf 86' lang='lat' dir='ltr'><strong>aut</strong></span> <span class='ocrx_word' id='word_1_164' title='bbox 2971 820 3016 875; x_wconf 90' lang='lat' dir='ltr'><strong>si</strong></span> <span class='ocrx_word' id='word_1_165' title='bbox 3045 819 3175 890; x_wconf 91' lang='lat' dir='ltr'><strong>quid</strong></span> <span class='ocrx_word' id='word_1_166' title='bbox 3197 819 3457 889; x_wconf 84' lang='lat' dir='ltr'><strong>impeten-</strong></span> 
     </span>
    </p>
   </div>
   <div class='ocr_carea' id='block_1_22' title="bbox 1887 907 3459 978">
    <p class='ocr_par' dir='ltr' id='par_1_22' title="bbox 1887 907 3459 978">
     <span class='ocr_line' id='line_1_22' title="bbox 1887 907 3459 978; baseline 0 -14"><span class='ocrx_word' id='word_1_167' title='bbox 1887 909 2014 964; x_wconf 90' lang='lat' dir='ltr'><strong>dum</strong></span> <span class='ocrx_word' id='word_1_168' title='bbox 2041 907 2395 978; x_wconf 89' lang='lat' dir='ltr'><strong>relinquetur,</strong></span> <span class='ocrx_word' id='word_1_169' title='bbox 2421 909 2632 964; x_wconf 89' lang='lat' dir='ltr'><strong>facilius</strong></span> <span class='ocrx_word' id='word_1_170' title='bbox 2660 912 2862 966; x_wconf 89' lang='lat' dir='ltr'><strong>nostris</strong></span> <span class='ocrx_word' id='word_1_171' title='bbox 2883 912 3052 966; x_wconf 89' lang='lat' dir='ltr'><strong>armis</strong></span> <span class='ocrx_word' id='word_1_172' title='bbox 3073 910 3459 966; x_wconf 84' lang='lat' dir='ltr'><strong>inﬁrmabitur.</strong></span> 
     </span>
    </p>
   </div>
   <div class='ocr_carea' id='block_1_23' title="bbox 1888 995 3462 1068">
    <p class='ocr_par' dir='ltr' id='par_1_23' title="bbox 1888 995 3462 1068">
     <span class='ocr_line' id='line_1_23' title="bbox 1888 995 3462 1068; baseline 0.002 -17"><span class='ocrx_word' id='word_1_173' title='bbox 1888 995 1998 1051; x_wconf 75' lang='lat' dir='ltr'><strong>Vos</strong></span> <span class='ocrx_word' id='word_1_174' title='bbox 2026 1011 2155 1067; x_wconf 80' lang='lat' dir='ltr'><strong>ergo</strong></span> <span class='ocrx_word' id='word_1_175' title='bbox 2176 997 2400 1068; x_wconf 88' lang='lat' dir='ltr'><strong>jubente</strong></span> <span class='ocrx_word' id='word_1_176' title='bbox 2429 997 2610 1052; x_wconf 86' lang='lat' dir='ltr'><strong>domui</strong></span> <span class='ocrx_word' id='word_1_177' title='bbox 2651 1012 2799 1068; x_wconf 67' lang='lat' dir='ltr'><strong>papae</strong></span> <span class='ocrx_word' id='word_1_178' title='bbox 2825 997 3020 1068; x_wconf 85' lang='lat' dir='ltr'><strong>legato,</strong></span> <span class='ocrx_word' id='word_1_179' title='bbox 3058 999 3225 1054; x_wconf 87' lang='lat' dir='ltr'><strong>vestri</strong></span> <span class='ocrx_word' id='word_1_180' title='bbox 3255 999 3462 1054; x_wconf 89' lang='lat' dir='ltr'><strong>ordinis</strong></span> 
     </span>
    </p>
   </div>
   <div class='ocr_carea' id='block_1_24' title="bbox 1889 1089 3464 1161">
    <p class='ocr_par' dir='ltr' id='par_1_24' title="bbox 1889 1089 3464 1161">
     <span class='ocr_line' id='line_1_24' title="bbox 1889 1089 3464 1161; baseline 0.001 -16"><span class='ocrx_word' id='word_1_181' title='bbox 1889 1089 2246 1145; x_wconf 89' lang='lat' dir='ltr'><strong>instrumenta</strong></span> <span class='ocrx_word' id='word_1_182' title='bbox 2297 1090 2524 1156; x_wconf 81' lang='lat' dir='ltr'><strong>exerite,</strong></span> <span class='ocrx_word' id='word_1_183' title='bbox 2543 1106 2606 1146; x_wconf 89' lang='lat' dir='ltr'><strong>ac</strong></span> <span class='ocrx_word' id='word_1_184' title='bbox 2625 1091 2755 1145; x_wconf 91' lang='lat' dir='ltr'><strong>tanti</strong></span> <span class='ocrx_word' id='word_1_185' title='bbox 2781 1091 2924 1161; x_wconf 84' lang='lat' dir='ltr'><strong>regis</strong></span> <span class='ocrx_word' id='word_1_186' title='bbox 2950 1091 3312 1155; x_wconf 87' lang='lat' dir='ltr'><strong>adversarios,</strong></span> <span class='ocrx_word' id='word_1_187' title='bbox 3332 1106 3464 1146; x_wconf 84' lang='lat' dir='ltr'><strong>ana-</strong></span> 
     </span>
    </p>
   </div>
   <div class='ocr_carea' id='block_1_25' title="bbox 1893 1180 3463 1253">
    <p class='ocr_par' dir='ltr' id='par_1_25' title="bbox 1893 1180 3463 1253">
     <span class='ocr_line' id='line_1_25' title="bbox 1893 1180 3463 1253; baseline 0.001 -18"><span class='ocrx_word' id='word_1_188' title='bbox 1893 1181 2146 1236; x_wconf 89' lang='lat' dir='ltr'><strong>thematis</strong></span> <span class='ocrx_word' id='word_1_189' title='bbox 2171 1180 2348 1253; x_wconf 92' lang='lat' dir='ltr'><strong>gladio</strong></span> <span class='ocrx_word' id='word_1_190' title='bbox 2396 1181 2854 1238; x_wconf 76' lang='lat' dir='ltr'><strong>transverberate.</strong></span> <span class='ocrx_word' id='word_1_191' title='bbox 2884 1181 3083 1236; x_wconf 76' lang='lat' dir='ltr'><strong>Contra</strong></span> <span class='ocrx_word' id='word_1_192' title='bbox 3113 1197 3232 1252; x_wconf 68' lang='lat' dir='ltr'><strong>qua:</strong></span> <span class='ocrx_word' id='word_1_193' title='bbox 3267 1181 3312 1236; x_wconf 90' lang='lat' dir='ltr'><strong>si</strong></span> <span class='ocrx_word' id='word_1_194' title='bbox 3343 1197 3463 1237; x_wconf 87' lang='lat' dir='ltr'><strong>cer-</strong></span> 
     </span>
    </p>
   </div>
   <div class='ocr_carea' id='block_1_26' title="bbox 1889 1273 3466 1345">
    <p class='ocr_par' dir='ltr' id='par_1_26' title="bbox 1889 1273 3466 1345">
     <span class='ocr_line' id='line_1_26' title="bbox 1889 1273 3466 1345; baseline 0.002 -20"><span class='ocrx_word' id='word_1_195' title='bbox 1889 1273 2065 1329; x_wconf 87' lang='lat' dir='ltr'><strong>vicem</strong></span> <span class='ocrx_word' id='word_1_196' title='bbox 2091 1281 2276 1344; x_wconf 88' lang='lat' dir='ltr'><strong>postea</strong></span> <span class='ocrx_word' id='word_1_197' title='bbox 2316 1275 2528 1345; x_wconf 90' lang='lat' dir='ltr'><strong>erigere</strong></span> <span class='ocrx_word' id='word_1_198' title='bbox 2565 1274 2821 1339; x_wconf 89' lang='lat' dir='ltr'><strong>audeant,</strong></span> <span class='ocrx_word' id='word_1_199' title='bbox 2849 1283 2906 1330; x_wconf 87' lang='lat' dir='ltr'><strong>et</strong></span> <span class='ocrx_word' id='word_1_200' title='bbox 2933 1274 3218 1329; x_wconf 89' lang='lat' dir='ltr'><strong>dominicis</strong></span> <span class='ocrx_word' id='word_1_201' title='bbox 3248 1274 3466 1330; x_wconf 87' lang='lat' dir='ltr'><strong>interdi-</strong></span> 
     </span>
    </p>
   </div>
   <div class='ocr_carea' id='block_1_27' title="bbox 1892 1369 3463 1433">
    <p class='ocr_par' dir='ltr' id='par_1_27' title="bbox 1892 1369 3463 1433">
     <span class='ocr_line' id='line_1_27' title="bbox 1892 1369 3463 1433; baseline -0.002 -8"><span class='ocrx_word' id='word_1_202' title='bbox 1892 1370 1994 1425; x_wconf 92' lang='lat' dir='ltr'><strong>ctis</strong></span> <span class='ocrx_word' id='word_1_203' title='bbox 2043 1370 2300 1425; x_wconf 89' lang='lat' dir='ltr'><strong>resistere</strong></span> <span class='ocrx_word' id='word_1_204' title='bbox 2349 1386 2456 1425; x_wconf 91' lang='lat' dir='ltr'><strong>non</strong></span> <span class='ocrx_word' id='word_1_205' title='bbox 2490 1370 2801 1433; x_wconf 85' lang='lat' dir='ltr'><strong>formidant,</strong></span> <span class='ocrx_word' id='word_1_206' title='bbox 2835 1378 3078 1424; x_wconf 88' lang='lat' dir='ltr'><strong>nostrum</strong></span> <span class='ocrx_word' id='word_1_207' title='bbox 3109 1369 3306 1425; x_wconf 81' lang='lat' dir='ltr'><strong>exinde</strong></span> <span class='ocrx_word' id='word_1_208' title='bbox 3335 1369 3463 1432; x_wconf 90' lang='lat' dir='ltr'><strong>erit,</strong></span> 
     </span>
    </p>
   </div>
   <div class='ocr_carea' id='block_1_28' title="bbox 1892 1461 3463 1530">
    <p class='ocr_par' dir='ltr' id='par_1_28' title="bbox 1892 1461 3463 1530">
     <span class='ocr_line' id='line_1_28' title="bbox 1892 1461 3463 1530; baseline -0.001 -16"><span class='ocrx_word' id='word_1_209' title='bbox 1892 1461 2088 1530; x_wconf 87' lang='lat' dir='ltr'><strong>quibus</strong></span> <span class='ocrx_word' id='word_1_210' title='bbox 2111 1463 2460 1518; x_wconf 91' lang='lat' dir='ltr'><strong>commissum</strong></span> <span class='ocrx_word' id='word_1_211' title='bbox 2489 1470 2574 1516; x_wconf 90' lang='lat' dir='ltr'><strong>est</strong></span> <span class='ocrx_word' id='word_1_212' title='bbox 2605 1462 2658 1516; x_wconf 93' lang='lat' dir='ltr'><strong>iu</strong></span> <span class='ocrx_word' id='word_1_213' title='bbox 2690 1463 2792 1516; x_wconf 89' lang='lat' dir='ltr'><strong>hac</strong></span> <span class='ocrx_word' id='word_1_214' title='bbox 2821 1461 3002 1516; x_wconf 91' lang='lat' dir='ltr'><strong>mundi</strong></span> <span class='ocrx_word' id='word_1_215' title='bbox 3034 1469 3184 1530; x_wconf 90' lang='lat' dir='ltr'><strong>parte</strong></span> <span class='ocrx_word' id='word_1_216' title='bbox 3227 1469 3463 1516; x_wconf 86' lang='lat' dir='ltr'><strong>sanctam</strong></span> 
     </span>
    </p>
   </div>
   <div class='ocr_carea' id='block_1_29' title="bbox 1893 1551 3470 1618">
    <p class='ocr_par' dir='ltr' id='par_1_29' title="bbox 1893 1551 3470 1618">
     <span class='ocr_line' id='line_1_29' title="bbox 1893 1551 3470 1618; baseline -0.001 -13"><span class='ocrx_word' id='word_1_217' title='bbox 1893 1551 1987 1605; x_wconf 91' lang='lat' dir='ltr'><strong>Dei</strong></span> <span class='ocrx_word' id='word_1_218' title='bbox 2016 1551 2316 1607; x_wconf 61' lang='lat' dir='ltr'><strong>ecclesiam</strong></span> <span class='ocrx_word' id='word_1_219' title='bbox 2347 1552 2507 1618; x_wconf 91' lang='lat' dir='ltr'><strong>tueri,</strong></span> <span class='ocrx_word' id='word_1_220' title='bbox 2539 1561 2600 1606; x_wconf 92' lang='lat' dir='ltr'><strong>ut</strong></span> <span class='ocrx_word' id='word_1_221' title='bbox 2629 1553 2681 1607; x_wconf 93' lang='lat' dir='ltr'><strong>in</strong></span> <span class='ocrx_word' id='word_1_222' title='bbox 2707 1552 2842 1607; x_wconf 90' lang='lat' dir='ltr'><strong>tales</strong></span> <span class='ocrx_word' id='word_1_223' title='bbox 2865 1567 3014 1606; x_wconf 87' lang='lat' dir='ltr'><strong>arma</strong></span> <span class='ocrx_word' id='word_1_224' title='bbox 3046 1567 3341 1617; x_wconf 88' lang='lat' dir='ltr'><strong>sumamus,</strong></span> <span class='ocrx_word' id='word_1_225' title='bbox 3367 1551 3470 1606; x_wconf 89' lang='lat' dir='ltr'><strong>hu-</strong></span> 
     </span>
    </p>
   </div>
   <div class='ocr_carea' id='block_1_30' title="bbox 1889 1646 3470 1718">
    <p class='ocr_par' dir='ltr' id='par_1_30' title="bbox 1889 1646 3470 1718">
     <span class='ocr_line' id='line_1_30' title="bbox 1889 1646 3470 1718; baseline -0.001 -17"><span class='ocrx_word' id='word_1_226' title='bbox 1889 1647 2123 1718; x_wconf 91' lang='lat' dir='ltr'><strong>jusmodi</strong></span> <span class='ocrx_word' id='word_1_227' title='bbox 2163 1647 2514 1703; x_wconf 89' lang='lat' dir='ltr'><strong>debellemus.</strong></span> <span class='ocrx_word' id='word_1_228' title='bbox 2543 1647 2610 1702; x_wconf 88' lang='lat' dir='ltr'><strong>Et</strong></span> <span class='ocrx_word' id='word_1_229' title='bbox 2635 1647 2680 1701; x_wconf 93' lang='lat' dir='ltr'><strong>si</strong></span> <span class='ocrx_word' id='word_1_230' title='bbox 2716 1648 3012 1702; x_wconf 88' lang='lat' dir='ltr'><strong>necessitas</strong></span> <span class='ocrx_word' id='word_1_231' title='bbox 3039 1647 3316 1716; x_wconf 81' lang='lat' dir='ltr'><strong>adnrgeat,</strong></span> <span class='ocrx_word' id='word_1_232' title='bbox 3343 1646 3470 1700; x_wconf 88' lang='lat' dir='ltr'><strong>stri-</strong></span> 
     </span>
    </p>
   </div>
   <div class='ocr_carea' id='block_1_31' title="bbox 215 1716 3468 1807">
    <p class='ocr_par' dir='ltr' id='par_1_31' title="bbox 215 1716 3468 1807">
     <span class='ocr_line' id='line_1_31' title="bbox 215 1716 3468 1807; baseline 0.002 -38"><span class='ocrx_word' id='word_1_233' title='bbox 215 1716 516 1807; x_wconf 78' lang='lat' dir='ltr'><strong>transfudit,</strong></span> <span class='ocrx_word' id='word_1_234' title='bbox 545 1719 710 1790; x_wconf 90' lang='lat' dir='ltr'><strong>eique</strong></span> <span class='ocrx_word' id='word_1_235' title='bbox 741 1719 942 1774; x_wconf 87' lang='lat' dir='ltr'><strong>viribus</strong></span> <span class='ocrx_word' id='word_1_236' title='bbox 980 1720 1138 1774; x_wconf 88' lang='lat' dir='ltr'><strong>reniti</strong></span> <span class='ocrx_word' id='word_1_237' title='bbox 1183 1736 1289 1776; x_wconf 93' lang='lat' dir='ltr'><strong>non</strong></span> <span class='ocrx_word' id='word_1_238' title='bbox 1318 1721 1580 1786; x_wconf 87' lang='lat' dir='ltr'><strong>valemus,</strong></span> <span class='ocrx_word' id='word_1_239' title='bbox 1608 1722 1793 1778; x_wconf 85' lang='lat' dir='ltr'><strong>mitius</strong></span> <span class='ocrx_word' id='word_1_240' title='bbox 1823 1721 1868 1780; x_wconf 89' lang='lat' dir='ltr'><strong>B</strong></span> <span class='ocrx_word' id='word_1_241' title='bbox 1892 1716 1998 1792; x_wconf 63' lang='grc' dir='ltr'><strong>ωε</strong></span> <span class='ocrx_word' id='word_1_242' title='bbox 2035 1736 2226 1807; x_wconf 66' lang='lat' dir='ltr'><strong>gladiis</strong></span> <span class='ocrx_word' id='word_1_243' title='bbox 2254 1751 2426 1806; x_wconf 70' lang='lat' dir='ltr'><strong>usque</strong></span> <span class='ocrx_word' id='word_1_244' title='bbox 2459 1736 2526 1790; x_wconf 66' lang='lat' dir='ltr'><strong>ad</strong></span> <span class='ocrx_word' id='word_1_245' title='bbox 2561 1737 3009 1792; x_wconf 64' lang='lat' dir='ltr'><strong>immanissima&quot;.</strong></span> <span class='ocrx_word' id='word_1_246' title='bbox 3039 1737 3238 1792; x_wconf 42' lang='lat' dir='ltr'><strong>eadem</strong></span> <span class='ocrx_word' id='word_1_247' title='bbox 3287 1735 3468 1805; x_wconf 68' lang='grc' dir='ltr'><strong>νει-ἀί-</strong></span> 
     </span>
    </p>
   </div>
   <div class='ocr_carea' id='block_1_32' title="bbox 216 1804 1792 1880">
    <p class='ocr_par' dir='ltr' id='par_1_32' title="bbox 216 1804 1792 1880">
     <span class='ocr_line' id='line_1_32' title="bbox 216 1804 1792 1880; baseline 0.008 -24"><span class='ocrx_word' id='word_1_248' title='bbox 216 1804 309 1858; x_wconf 86' lang='lat' dir='ltr'><strong>hoc</strong></span> <span class='ocrx_word' id='word_1_249' title='bbox 334 1809 774 1878; x_wconf 88' lang='lat' dir='ltr'><strong>attemptandum</strong></span> <span class='ocrx_word' id='word_1_250' title='bbox 817 1807 1081 1874; x_wconf 87' lang='lat' dir='ltr'><strong>arbitror,</strong></span> <span class='ocrx_word' id='word_1_251' title='bbox 1115 1818 1173 1864; x_wconf 93' lang='lat' dir='ltr'><strong>ut</strong></span> <span class='ocrx_word' id='word_1_252' title='bbox 1213 1811 1305 1880; x_wconf 91' lang='lat' dir='ltr'><strong>qui</strong></span> <span class='ocrx_word' id='word_1_253' title='bbox 1336 1812 1503 1866; x_wconf 90' lang='lat' dir='ltr'><strong>Deum</strong></span> <span class='ocrx_word' id='word_1_254' title='bbox 1544 1828 1650 1867; x_wconf 92' lang='lat' dir='ltr'><strong>non</strong></span> <span class='ocrx_word' id='word_1_255' title='bbox 1680 1828 1792 1868; x_wconf 81' lang='lat' dir='ltr'><strong>me-</strong></span> 
     </span>
    </p>
   </div>
   <div class='ocr_carea' id='block_1_33' title="bbox 217 1896 1795 1965">
    <p class='ocr_par' dir='ltr' id='par_1_33' title="bbox 217 1896 1795 1965">
     <span class='ocr_line' id='line_1_33' title="bbox 217 1896 1795 1965; baseline 0.006 -18"><span class='ocrx_word' id='word_1_256' title='bbox 217 1896 323 1960; x_wconf 87' lang='lat' dir='ltr'><strong>tuit,</strong></span> <span class='ocrx_word' id='word_1_257' title='bbox 355 1906 410 1950; x_wconf 91' lang='lat' dir='ltr'><strong>et</strong></span> <span class='ocrx_word' id='word_1_258' title='bbox 439 1897 722 1952; x_wconf 86' lang='lat' dir='ltr'><strong>hominem</strong></span> <span class='ocrx_word' id='word_1_259' title='bbox 749 1914 856 1954; x_wconf 90' lang='lat' dir='ltr'><strong>non</strong></span> <span class='ocrx_word' id='word_1_260' title='bbox 889 1910 1184 1965; x_wconf 86' lang='lat' dir='ltr'><strong>reveretur,</strong></span> <span class='ocrx_word' id='word_1_261' title='bbox 1219 1901 1386 1955; x_wconf 88' lang='lat' dir='ltr'><strong>multa</strong></span> <span class='ocrx_word' id='word_1_262' title='bbox 1416 1902 1627 1957; x_wconf 87' lang='lat' dir='ltr'><strong>ratione</strong></span> <span class='ocrx_word' id='word_1_263' title='bbox 1653 1902 1795 1956; x_wconf 87' lang='lat' dir='ltr'><strong>mul-</strong></span> 
     </span>
    </p>
   </div>
   <div class='ocr_carea' id='block_1_34' title="bbox 219 1989 1794 2064">
    <p class='ocr_par' dir='ltr' id='par_1_34' title="bbox 219 1989 1794 2064">
     <span class='ocr_line' id='line_1_34' title="bbox 219 1989 1794 2064; baseline 0.006 -26"><span class='ocrx_word' id='word_1_264' title='bbox 219 1995 366 2055; x_wconf 84' lang='lat' dir='ltr'><strong>taque</strong></span> <span class='ocrx_word' id='word_1_265' title='bbox 389 2000 578 2042; x_wconf 88' lang='lat' dir='ltr'><strong>rerum</strong></span> <span class='ocrx_word' id='word_1_266' title='bbox 601 1989 1052 2054; x_wconf 89' lang='lat' dir='ltr'><strong>consideratione,</strong></span> <span class='ocrx_word' id='word_1_267' title='bbox 1078 1990 1145 2044; x_wconf 89' lang='lat' dir='ltr'><strong>ad</strong></span> <span class='ocrx_word' id='word_1_268' title='bbox 1170 2005 1414 2046; x_wconf 88' lang='lat' dir='ltr'><strong>normam</strong></span> <span class='ocrx_word' id='word_1_269' title='bbox 1440 1993 1548 2048; x_wconf 91' lang='lat' dir='ltr'><strong>Deo</strong></span> <span class='ocrx_word' id='word_1_270' title='bbox 1568 1994 1794 2064; x_wconf 88' lang='lat' dir='ltr'><strong>juvante</strong></span> 
     </span>
    </p>
   </div>
   <div class='ocr_carea' id='block_1_35' title="bbox 220 2077 1792 2150">
    <p class='ocr_par' dir='ltr' id='par_1_35' title="bbox 220 2077 1792 2150">
     <span class='ocr_line' id='line_1_35' title="bbox 220 2077 1792 2150; baseline 0.006 -23"><span class='ocrx_word' id='word_1_271' title='bbox 220 2077 518 2131; x_wconf 83' lang='lat' dir='ltr'><strong>reducatur.</strong></span> <span class='ocrx_word' id='word_1_272' title='bbox 553 2077 720 2148; x_wconf 78' lang='lat' dir='ltr'><strong>Igitur</strong></span> <span class='ocrx_word' id='word_1_273' title='bbox 739 2080 891 2150; x_wconf 79' lang='lat' dir='ltr'><strong>juxta</strong></span> <span class='ocrx_word' id='word_1_274' title='bbox 921 2088 1136 2150; x_wconf 91' lang='lat' dir='ltr'><strong>patrum</strong></span> <span class='ocrx_word' id='word_1_275' title='bbox 1159 2080 1396 2148; x_wconf 88' lang='lat' dir='ltr'><strong>decreta,</strong></span> <span class='ocrx_word' id='word_1_276' title='bbox 1428 2091 1482 2136; x_wconf 85' lang='lat' dir='ltr'><strong>et</strong></span> <span class='ocrx_word' id='word_1_277' title='bbox 1524 2098 1792 2137; x_wconf 90' lang='lat' dir='ltr'><strong>canonum</strong></span> 
     </span>
    </p>
   </div>
   <div class='ocr_carea' id='block_1_36' title="bbox 111 2164 1790 2235">
    <p class='ocr_par' dir='ltr' id='par_1_36' title="bbox 111 2164 1790 2235">
     <span class='ocr_line' id='line_1_36' title="bbox 111 2164 1790 2235; baseline 0.007 -19"><span class='ocrx_word' id='word_1_278' title='bbox 111 2215 122 2229; x_wconf 81' lang='grc'>,</span> <span class='ocrx_word' id='word_1_279' title='bbox 220 2164 469 2234; x_wconf 77' lang='lat' dir='ltr'><strong>regulam,</strong></span> <span class='ocrx_word' id='word_1_280' title='bbox 489 2166 746 2235; x_wconf 87' lang='lat' dir='ltr'><strong>inprimis</strong></span> <span class='ocrx_word' id='word_1_281' title='bbox 768 2169 834 2222; x_wconf 89' lang='lat' dir='ltr'><strong>ad</strong></span> <span class='ocrx_word' id='word_1_282' title='bbox 861 2167 1282 2223; x_wconf 80' lang='lat' dir='ltr'><strong>satisfactionem</strong></span> <span class='ocrx_word' id='word_1_283' title='bbox 1306 2168 1544 2226; x_wconf 80' lang='lat' dir='ltr'><strong>fraterne</strong></span> <span class='ocrx_word' id='word_1_284' title='bbox 1567 2187 1790 2226; x_wconf 86' lang='lat' dir='ltr'><strong>monen-</strong></span> 
     </span>
    </p>
   </div>
   <div class='ocr_carea' id='block_1_37' title="bbox 221 2257 1796 2329">
    <p class='ocr_par' dir='ltr' id='par_1_37' title="bbox 221 2257 1796 2329">
     <span class='ocr_line' id='line_1_37' title="bbox 221 2257 1796 2329; baseline 0.008 -22"><span class='ocrx_word' id='word_1_285' title='bbox 221 2257 308 2309; x_wconf 93' lang='lat' dir='ltr'><strong>dus</strong></span> <span class='ocrx_word' id='word_1_286' title='bbox 346 2266 474 2323; x_wconf 91' lang='lat' dir='ltr'><strong>est,</strong></span> <span class='ocrx_word' id='word_1_287' title='bbox 529 2259 822 2329; x_wconf 87' lang='lat' dir='ltr'><strong>verbisque</strong></span> <span class='ocrx_word' id='word_1_288' title='bbox 869 2261 1134 2316; x_wconf 88' lang='lat' dir='ltr'><strong>suasoriis</strong></span> <span class='ocrx_word' id='word_1_289' title='bbox 1177 2262 1244 2316; x_wconf 91' lang='lat' dir='ltr'><strong>ad</strong></span> <span class='ocrx_word' id='word_1_290' title='bbox 1301 2263 1353 2318; x_wconf 92' lang='lat' dir='ltr'><strong>id</strong></span> <span class='ocrx_word' id='word_1_291' title='bbox 1403 2265 1796 2320; x_wconf 89' lang='lat' dir='ltr'><strong>modestissime</strong></span> 
     </span>
    </p>
   </div>
   <div class='ocr_carea' id='block_1_38' title="bbox 218 2349 1794 2423">
    <p class='ocr_par' dir='ltr' id='par_1_38' title="bbox 218 2349 1794 2423">
     <span class='ocr_line' id='line_1_38' title="bbox 218 2349 1794 2423; baseline 0.007 -23"><span class='ocrx_word' id='word_1_292' title='bbox 218 2351 566 2405; x_wconf 85' lang='lat' dir='ltr'><strong>revocandus.</strong></span> <span class='ocrx_word' id='word_1_293' title='bbox 597 2349 750 2418; x_wconf 86' lang='lat' dir='ltr'><strong>Quod</strong></span> <span class='ocrx_word' id='word_1_294' title='bbox 780 2353 823 2408; x_wconf 90' lang='lat' dir='ltr'><strong>si</strong></span> <span class='ocrx_word' id='word_1_295' title='bbox 860 2362 980 2423; x_wconf 88' lang='lat' dir='ltr'><strong>post</strong></span> <span class='ocrx_word' id='word_1_296' title='bbox 1007 2353 1261 2408; x_wconf 89' lang='lat' dir='ltr'><strong>blandam</strong></span> <span class='ocrx_word' id='word_1_297' title='bbox 1294 2357 1652 2412; x_wconf 84' lang='lat' dir='ltr'><strong>revocationis</strong></span> <span class='ocrx_word' id='word_1_298' title='bbox 1677 2373 1794 2411; x_wconf 90' lang='lat' dir='ltr'><strong>am-</strong></span> 
     </span>
    </p>
   </div>
   <div class='ocr_carea' id='block_1_39' title="bbox 218 2439 1800 2515">
    <p class='ocr_par' dir='ltr' id='par_1_39' title="bbox 218 2439 1800 2515">
     <span class='ocr_line' id='line_1_39' title="bbox 218 2439 1800 2515; baseline 0.007 -24"><span class='ocrx_word' id='word_1_299' title='bbox 218 2439 563 2494; x_wconf 85' lang='lat' dir='ltr'><strong>monitionem</strong></span> <span class='ocrx_word' id='word_1_300' title='bbox 589 2441 909 2509; x_wconf 89' lang='lat' dir='ltr'><strong>resipiscere</strong></span> <span class='ocrx_word' id='word_1_301' title='bbox 937 2442 1168 2496; x_wconf 88' lang='lat' dir='ltr'><strong>noluerit</strong></span> <span class='ocrx_word' id='word_1_302' title='bbox 1194 2443 1285 2508; x_wconf 82' lang='lat'><strong>“&#39;,</strong></span> <span class='ocrx_word' id='word_1_303' title='bbox 1308 2446 1549 2515; x_wconf 88' lang='lat' dir='ltr'><strong>omnium</strong></span> <span class='ocrx_word' id='word_1_304' title='bbox 1574 2447 1800 2502; x_wconf 89' lang='lat' dir='ltr'><strong>anathe-</strong></span> 
     </span>
    </p>
   </div>
   <div class='ocr_carea' id='block_1_40' title="bbox 219 2530 1797 2612">
    <p class='ocr_par' dir='ltr' id='par_1_40' title="bbox 219 2530 1797 2612">
     <span class='ocr_line' id='line_1_40' title="bbox 219 2530 1797 2612; baseline 0.01 -30"><span class='ocrx_word' id='word_1_305' title='bbox 219 2541 349 2587; x_wconf 85' lang='lat' dir='ltr'><strong>mate</strong></span> <span class='ocrx_word' id='word_1_306' title='bbox 376 2530 644 2600; x_wconf 88' lang='lat' dir='ltr'><strong>feriatur,</strong></span> <span class='ocrx_word' id='word_1_307' title='bbox 685 2535 789 2590; x_wconf 91' lang='lat' dir='ltr'><strong>hoc</strong></span> <span class='ocrx_word' id='word_1_308' title='bbox 828 2535 1090 2592; x_wconf 87' lang='lat' dir='ltr'><strong>habentes</strong></span> <span class='ocrx_word' id='word_1_309' title='bbox 1129 2537 1403 2607; x_wconf 74' lang='lat' dir='ltr'><strong>prmsidio,</strong></span> <span class='ocrx_word' id='word_1_310' title='bbox 1444 2542 1587 2611; x_wconf 91' lang='lat' dir='ltr'><strong>quod</strong></span> <span class='ocrx_word' id='word_1_311' title='bbox 1624 2543 1736 2612; x_wconf 90' lang='lat' dir='ltr'><strong>jam</strong></span> <span class='ocrx_word' id='word_1_312' title='bbox 1767 2558 1797 2597; x_wconf 90' lang='lat' dir='ltr'><strong>a</strong></span> 
     </span>
    </p>
   </div>
   <div class='ocr_carea' id='block_1_41' title="bbox 217 2619 1798 2698">
    <p class='ocr_par' dir='ltr' id='par_1_41' title="bbox 217 2619 1798 2698">
     <span class='ocr_line' id='line_1_41' title="bbox 217 2619 1798 2698; baseline 0.009 -25"><span class='ocrx_word' id='word_1_313' title='bbox 217 2619 403 2678; x_wconf 88' lang='lat' dir='ltr'><strong>domno</strong></span> <span class='ocrx_word' id='word_1_314' title='bbox 433 2639 581 2694; x_wconf 88' lang='lat' dir='ltr'><strong>papa</strong></span> <span class='ocrx_word' id='word_1_315' title='bbox 611 2634 890 2681; x_wconf 90' lang='lat' dir='ltr'><strong>correctus</strong></span> <span class='ocrx_word' id='word_1_316' title='bbox 928 2626 1030 2694; x_wconf 91' lang='lat' dir='ltr'><strong>sit,</strong></span> <span class='ocrx_word' id='word_1_317' title='bbox 1068 2626 1360 2698; x_wconf 76' lang='lat' dir='ltr'><strong>iussusque</strong></span> <span class='ocrx_word' id='word_1_318' title='bbox 1406 2645 1436 2683; x_wconf 89' lang='lat' dir='ltr'><strong>a</strong></span> <span class='ocrx_word' id='word_1_319' title='bbox 1479 2631 1683 2687; x_wconf 91' lang='lat' dir='ltr'><strong>domini</strong></span> <span class='ocrx_word' id='word_1_320' title='bbox 1714 2633 1798 2688; x_wconf 90' lang='lat' dir='ltr'><strong>sui</strong></span> 
     </span>
    </p>
   </div>
   <div class='ocr_carea' id='block_1_42' title="bbox 218 2713 930 2784">
    <p class='ocr_par' dir='ltr' id='par_1_42' title="bbox 218 2713 930 2784">
     <span class='ocr_line' id='line_1_42' title="bbox 218 2713 930 2784; baseline 0.006 -20"><span class='ocrx_word' id='word_1_321' title='bbox 218 2713 570 2768; x_wconf 83' lang='lat' dir='ltr'><strong>insectatione</strong></span> <span class='ocrx_word' id='word_1_322' title='bbox 597 2715 894 2784; x_wconf 90' lang='lat' dir='ltr'><strong>quiescere.</strong></span> <span class='ocrx_word' id='word_1_323' title='bbox 911 2735 930 2768; x_wconf 72' lang='grc' dir='ltr'><strong><em>ι</em></strong></span> 
     </span>
    </p>
   </div>
   <div class='ocr_carea' id='block_1_43' title="bbox 276 2804 1801 2883">
    <p class='ocr_par' dir='ltr' id='par_1_43' title="bbox 276 2804 1801 2883">
     <span class='ocr_line' id='line_1_43' title="bbox 276 2804 1801 2883; baseline 0.008 -25"><span class='ocrx_word' id='word_1_324' title='bbox 276 2804 363 2858; x_wconf 85' lang='lat'><strong>75.</strong></span> <span class='ocrx_word' id='word_1_325' title='bbox 382 2804 680 2876; x_wconf 83' lang='lat' dir='ltr'><strong>Responsio</strong></span> <span class='ocrx_word' id='word_1_326' title='bbox 697 2808 763 2841; x_wconf 80' lang='grc'><strong>⁸⁸⁸</strong></span> <span class='ocrx_word' id='word_1_327' title='bbox 781 2808 978 2864; x_wconf 77' lang='grc' dir='ltr'><strong>Μανίηί</strong></span> <span class='ocrx_word' id='word_1_328' title='bbox 992 2809 1060 2844; x_wconf 79' lang='grc'><strong>⁸⁸⁸</strong></span> <span class='ocrx_word' id='word_1_329' title='bbox 1074 2811 1230 2883; x_wconf 80' lang='lat' dir='ltr'><strong>legati</strong></span> <span class='ocrx_word' id='word_1_330' title='bbox 1254 2829 1349 2883; x_wconf 86' lang='lat' dir='ltr'><strong>pro</strong></span> <span class='ocrx_word' id='word_1_331' title='bbox 1363 2813 1432 2848; x_wconf 78' lang='grc'><strong>⁸⁸⁸</strong></span> <span class='ocrx_word' id='word_1_332' title='bbox 1447 2813 1626 2870; x_wconf 81' lang='lat' dir='ltr'><strong>eodem</strong></span> <span class='ocrx_word' id='word_1_333' title='bbox 1639 2813 1801 2869; x_wconf 78' lang='grc'><strong>⁸⁸⁸.-</strong></span> 
     </span>
    </p>
   </div>
   <div class='ocr_carea' id='block_1_44' title="bbox 218 2897 1798 2974">
    <p class='ocr_par' dir='ltr' id='par_1_44' title="bbox 218 2897 1798 2974">
     <span class='ocr_line' id='line_1_44' title="bbox 218 2897 1798 2974; baseline 0.008 -26"><span class='ocrx_word' id='word_1_334' title='bbox 218 2897 380 2965; x_wconf 80' lang='lat' dir='ltr'><strong>Atque</strong></span> <span class='ocrx_word' id='word_1_335' title='bbox 408 2899 500 2954; x_wconf 89' lang='lat' dir='ltr'><strong>his</strong></span> <span class='ocrx_word' id='word_1_336' title='bbox 524 2899 755 2954; x_wconf 92' lang='lat' dir='ltr'><strong>domnus</strong></span> <span class='ocrx_word' id='word_1_337' title='bbox 778 2900 1012 2958; x_wconf 83' lang='lat' dir='ltr'><strong>Marinus</strong></span> <span class='ocrx_word' id='word_1_338' title='bbox 1041 2904 1352 2974; x_wconf 81' lang='lat' dir='ltr'><strong>subjunxit:</strong></span> <span class='ocrx_word' id='word_1_339' title='bbox 1389 2925 1407 2958; x_wconf 77' lang='grc' dir='ltr'>ι</span> <span class='ocrx_word' id='word_1_340' title='bbox 1436 2905 1798 2972; x_wconf 83' lang='lat' dir='ltr'><strong>Reminiscor,</strong></span> 
     </span>
    </p>
   </div>
   <div class='ocr_carea' id='block_1_45' title="bbox 221 2985 1801 3060">
    <p class='ocr_par' dir='ltr' id='par_1_45' title="bbox 221 2985 1801 3060">
     <span class='ocr_line' id='line_1_45' title="bbox 221 2985 1801 3060; baseline 0.008 -23"><span class='ocrx_word' id='word_1_341' title='bbox 221 2985 486 3054; x_wconf 90' lang='lat' dir='ltr'><strong>inquiens,</strong></span> <span class='ocrx_word' id='word_1_342' title='bbox 506 2988 763 3042; x_wconf 87' lang='lat' dir='ltr'><strong>domuum</strong></span> <span class='ocrx_word' id='word_1_343' title='bbox 787 3006 975 3060; x_wconf 88' lang='lat' dir='ltr'><strong>papam</strong></span> <span class='ocrx_word' id='word_1_344' title='bbox 994 3005 1120 3048; x_wconf 91' lang='lat' dir='ltr'><strong>ante</strong></span> <span class='ocrx_word' id='word_1_345' title='bbox 1141 2995 1284 3049; x_wconf 91' lang='lat' dir='ltr'><strong>hunc</strong></span> <span class='ocrx_word' id='word_1_346' title='bbox 1299 3011 1500 3051; x_wconf 90' lang='lat' dir='ltr'><strong>annum</strong></span> <span class='ocrx_word' id='word_1_347' title='bbox 1516 2997 1801 3052; x_wconf 85' lang='lat' dir='ltr'><strong>anathema</strong></span> 
     </span>
    </p>
   </div>
   <div class='ocr_carea' id='block_1_46' title="bbox 1893 1825 3471 1893">
    <p class='ocr_par' dir='ltr' id='par_1_46' title="bbox 1893 1825 3471 1893">
     <span class='ocr_line' id='line_1_46' title="bbox 1893 1825 3471 1893; baseline -0.001 -10"><span class='ocrx_word' id='word_1_348' title='bbox 1893 1829 2226 1883; x_wconf 75' lang='lat' dir='ltr'><strong>tissimorum</strong></span> <span class='ocrx_word' id='word_1_349' title='bbox 2272 1829 2552 1883; x_wconf 79' lang='lat' dir='ltr'><strong>hominum</strong></span> <span class='ocrx_word' id='word_1_350' title='bbox 2594 1829 2956 1893; x_wconf 89' lang='lat' dir='ltr'><strong>deseviamus,</strong></span> <span class='ocrx_word' id='word_1_351' title='bbox 3012 1828 3200 1882; x_wconf 89' lang='lat' dir='ltr'><strong>habita</strong></span> <span class='ocrx_word' id='word_1_352' title='bbox 3245 1829 3298 1882; x_wconf 90' lang='lat' dir='ltr'><strong>in</strong></span> <span class='ocrx_word' id='word_1_353' title='bbox 3352 1825 3471 1882; x_wconf 88' lang='lat' dir='ltr'><strong>illos</strong></span> 
     </span>
    </p>
   </div>
   <div class='ocr_carea' id='block_1_47' title="bbox 1887 1917 3473 1987">
    <p class='ocr_par' dir='ltr' id='par_1_47' title="bbox 1887 1917 3473 1987">
     <span class='ocr_line' id='line_1_47' title="bbox 1887 1917 3473 1987; baseline -0.002 -16"><span class='ocrx_word' id='word_1_354' title='bbox 1887 1917 2204 1987; x_wconf 68' lang='lat' dir='ltr'><strong>justissima:</strong></span> <span class='ocrx_word' id='word_1_355' title='bbox 2230 1917 2614 1986; x_wconf 86' lang='lat' dir='ltr'><strong>indignationis</strong></span> <span class='ocrx_word' id='word_1_356' title='bbox 2649 1932 2832 1983; x_wconf 86' lang='lat' dir='ltr'><strong>causa,</strong></span> <span class='ocrx_word' id='word_1_357' title='bbox 2860 1917 3003 1987; x_wconf 91' lang='lat' dir='ltr'><strong>quod</strong></span> <span class='ocrx_word' id='word_1_358' title='bbox 3049 1917 3236 1972; x_wconf 89' lang='lat' dir='ltr'><strong>illicita</strong></span> <span class='ocrx_word' id='word_1_359' title='bbox 3284 1929 3473 1987; x_wconf 88' lang='lat' dir='ltr'><strong>aggre-</strong></span> 
     </span>
    </p>
   </div>
   <div class='ocr_carea' id='block_1_48' title="bbox 1893 2006 3467 2077">
    <p class='ocr_par' dir='ltr' id='par_1_48' title="bbox 1893 2006 3467 2077">
     <span class='ocr_line' id='line_1_48' title="bbox 1893 2006 3467 2077; baseline -0.001 -17"><span class='ocrx_word' id='word_1_360' title='bbox 1893 2006 2133 2072; x_wconf 89' lang='lat' dir='ltr'><strong>diantur,</strong></span> <span class='ocrx_word' id='word_1_361' title='bbox 2167 2016 2219 2062; x_wconf 91' lang='lat' dir='ltr'><strong>et</strong></span> <span class='ocrx_word' id='word_1_362' title='bbox 2247 2022 2345 2077; x_wconf 92' lang='lat' dir='ltr'><strong>pro</strong></span> <span class='ocrx_word' id='word_1_363' title='bbox 2380 2007 2582 2063; x_wconf 89' lang='lat' dir='ltr'><strong>illicitis</strong></span> <span class='ocrx_word' id='word_1_364' title='bbox 2611 2008 2914 2072; x_wconf 89' lang='lat' dir='ltr'><strong>ammoniti,</strong></span> <span class='ocrx_word' id='word_1_365' title='bbox 2952 2022 3055 2062; x_wconf 92' lang='lat' dir='ltr'><strong>non</strong></span> <span class='ocrx_word' id='word_1_366' title='bbox 3097 2007 3467 2076; x_wconf 80' lang='lat' dir='ltr'><strong>corrigantur.</strong></span> 
     </span>
    </p>
   </div>
   <div class='ocr_carea' id='block_1_49' title="bbox 1896 2096 3472 2167">
    <p class='ocr_par' dir='ltr' id='par_1_49' title="bbox 1896 2096 3472 2167">
     <span class='ocr_line' id='line_1_49' title="bbox 1896 2096 3472 2167; baseline 0.001 -17"><span class='ocrx_word' id='word_1_367' title='bbox 1896 2096 2006 2152; x_wconf 88' lang='lat' dir='ltr'><strong>Vos</strong></span> <span class='ocrx_word' id='word_1_368' title='bbox 2044 2097 2226 2167; x_wconf 90' lang='lat' dir='ltr'><strong>itaque</strong></span> <span class='ocrx_word' id='word_1_369' title='bbox 2259 2106 2468 2152; x_wconf 90' lang='lat' dir='ltr'><strong>tantum</strong></span> <span class='ocrx_word' id='word_1_370' title='bbox 2500 2097 2700 2153; x_wconf 89' lang='lat' dir='ltr'><strong>vestris</strong></span> <span class='ocrx_word' id='word_1_371' title='bbox 2742 2097 3006 2163; x_wconf 88' lang='lat' dir='ltr'><strong>insistite;</strong></span> <span class='ocrx_word' id='word_1_372' title='bbox 3034 2106 3088 2152; x_wconf 90' lang='lat' dir='ltr'><strong>et</strong></span> <span class='ocrx_word' id='word_1_373' title='bbox 3117 2105 3240 2167; x_wconf 88' lang='lat' dir='ltr'><strong>post</strong></span> <span class='ocrx_word' id='word_1_374' title='bbox 3287 2098 3472 2152; x_wconf 82' lang='lat' dir='ltr'><strong>mode-</strong></span> 
     </span>
    </p>
   </div>
   <div class='ocr_carea' id='block_1_50' title="bbox 1894 2186 3094 2255">
    <p class='ocr_par' dir='ltr' id='par_1_50' title="bbox 1894 2186 3094 2255">
     <span class='ocr_line' id='line_1_50' title="bbox 1894 2186 3094 2255; baseline -0.003 -14"><span class='ocrx_word' id='word_1_375' title='bbox 1894 2186 2054 2241; x_wconf 87' lang='lat' dir='ltr'><strong>stiam</strong></span> <span class='ocrx_word' id='word_1_376' title='bbox 2085 2195 2318 2240; x_wconf 76' lang='lat' dir='ltr'><strong>vestram</strong></span> <span class='ocrx_word' id='word_1_377' title='bbox 2348 2187 2524 2242; x_wconf 89' lang='lat' dir='ltr'><strong>virtus</strong></span> <span class='ocrx_word' id='word_1_378' title='bbox 2559 2194 2744 2241; x_wconf 86' lang='lat' dir='ltr'><strong>nostra</strong></span> <span class='ocrx_word' id='word_1_379' title='bbox 2773 2195 3046 2255; x_wconf 90' lang='lat' dir='ltr'><strong>sequetur.</strong></span> <span class='ocrx_word' id='word_1_380' title='bbox 3076 2205 3094 2238; x_wconf 72' lang='grc' dir='ltr'><strong><em>ι</em></strong></span> 
     </span>
    </p>
   </div>
   <div class='ocr_carea' id='block_1_51' title="bbox 1978 2275 3474 2346">
    <p class='ocr_par' dir='ltr' id='par_1_51' title="bbox 1978 2275 3474 2346">
     <span class='ocr_line' id='line_1_51' title="bbox 1978 2275 3474 2346; baseline -0.001 -17"><span class='ocrx_word' id='word_1_381' title='bbox 1978 2275 2066 2331; x_wconf 90' lang='lat'><strong>77.</strong></span> <span class='ocrx_word' id='word_1_382' title='bbox 2100 2275 2339 2345; x_wconf 82' lang='lat' dir='ltr'><strong>Epistola</strong></span> <span class='ocrx_word' id='word_1_383' title='bbox 2399 2293 2431 2330; x_wconf 91' lang='lat' dir='ltr'><strong>a</strong></span> <span class='ocrx_word' id='word_1_384' title='bbox 2486 2277 2670 2331; x_wconf 82' lang='lat' dir='ltr'><strong>sinodo</strong></span> <span class='ocrx_word' id='word_1_385' title='bbox 2703 2275 2770 2308; x_wconf 66' lang='grc' dir='ltr'><strong>’ν’</strong></span> <span class='ocrx_word' id='word_1_386' title='bbox 2800 2277 2870 2329; x_wconf 85' lang='lat' dir='ltr'><strong>ad</strong></span> <span class='ocrx_word' id='word_1_387' title='bbox 2927 2275 3202 2346; x_wconf 79' lang='lat' dir='ltr'><strong>Hugonem</strong></span> <span class='ocrx_word' id='word_1_388' title='bbox 3267 2276 3474 2346; x_wconf 81' lang='lat' dir='ltr'><strong>delega-</strong></span> 
     </span>
    </p>
   </div>
   <div class='ocr_carea' id='block_1_52' title="bbox 1897 2366 3472 2436">
    <p class='ocr_par' dir='ltr' id='par_1_52' title="bbox 1897 2366 3472 2436">
     <span class='ocr_line' id='line_1_52' title="bbox 1897 2366 3472 2436; baseline -0.001 -15"><span class='ocrx_word' id='word_1_389' title='bbox 1897 2376 1949 2421; x_wconf 85' lang='lat' dir='ltr'><strong>ta</strong></span> <span class='ocrx_word' id='word_1_390' title='bbox 1974 2367 2065 2422; x_wconf 81' lang='lat'><strong>&quot;°.</strong></span> <span class='ocrx_word' id='word_1_391' title='bbox 2092 2397 2162 2407; x_wconf 98' lang='lat'><strong><em>—</em></strong></span> <span class='ocrx_word' id='word_1_392' title='bbox 2185 2367 2390 2434; x_wconf 89' lang='lat' dir='ltr'><strong>Quibus</strong></span> <span class='ocrx_word' id='word_1_393' title='bbox 2419 2367 2596 2433; x_wconf 91' lang='lat' dir='ltr'><strong>dictis,</strong></span> <span class='ocrx_word' id='word_1_394' title='bbox 2629 2383 2751 2421; x_wconf 81' lang='lat' dir='ltr'><strong>mox</strong></span> <span class='ocrx_word' id='word_1_395' title='bbox 2785 2367 2960 2422; x_wconf 88' lang='lat' dir='ltr'><strong>sinodi</strong></span> <span class='ocrx_word' id='word_1_396' title='bbox 3001 2368 3221 2422; x_wconf 88' lang='lat' dir='ltr'><strong>decreto</strong></span> <span class='ocrx_word' id='word_1_397' title='bbox 3247 2366 3472 2436; x_wconf 88' lang='lat' dir='ltr'><strong>epistola</strong></span> 
     </span>
    </p>
   </div>
   <div class='ocr_carea' id='block_1_53' title="bbox 1898 2456 3462 2528">
    <p class='ocr_par' dir='ltr' id='par_1_53' title="bbox 1898 2456 3462 2528">
     <span class='ocr_line' id='line_1_53' title="bbox 1898 2456 3462 2528; baseline -0.001 -18"><span class='ocrx_word' id='word_1_398' title='bbox 1898 2456 2163 2527; x_wconf 90' lang='lat' dir='ltr'><strong>descripta</strong></span> <span class='ocrx_word' id='word_1_399' title='bbox 2191 2465 2274 2512; x_wconf 92' lang='lat' dir='ltr'><strong>est</strong></span> <span class='ocrx_word' id='word_1_400' title='bbox 2302 2457 2586 2528; x_wconf 89' lang='lat' dir='ltr'><strong>palamque</strong></span> <span class='ocrx_word' id='word_1_401' title='bbox 2618 2457 2868 2521; x_wconf 90' lang='lat' dir='ltr'><strong>recitata,</strong></span> <span class='ocrx_word' id='word_1_402' title='bbox 2897 2456 3037 2511; x_wconf 89' lang='lat' dir='ltr'><strong>hanc</strong></span> <span class='ocrx_word' id='word_1_403' title='bbox 3060 2457 3351 2511; x_wconf 84' lang='lat' dir='ltr'><strong>verborum</strong></span> <span class='ocrx_word' id='word_1_404' title='bbox 3379 2470 3462 2509; x_wconf 86' lang='lat' dir='ltr'><strong>se-</strong></span> 
     </span>
    </p>
   </div>
   <div class='ocr_carea' id='block_1_54' title="bbox 1899 2544 3473 2617">
    <p class='ocr_par' dir='ltr' id='par_1_54' title="bbox 1899 2544 3473 2617">
     <span class='ocr_line' id='line_1_54' title="bbox 1899 2544 3473 2617; baseline -0.004 -14"><span class='ocrx_word' id='word_1_405' title='bbox 1899 2549 2031 2603; x_wconf 92' lang='lat' dir='ltr'><strong>riem</strong></span> <span class='ocrx_word' id='word_1_406' title='bbox 2081 2555 2272 2603; x_wconf 88' lang='lat' dir='ltr'><strong>tenens</strong></span> <span class='ocrx_word' id='word_1_407' title='bbox 2318 2547 2430 2617; x_wconf 90' lang='lat'><strong>(99)</strong></span> <span class='ocrx_word' id='word_1_408' title='bbox 2460 2564 2472 2600; x_wconf 88' lang='lat'><strong>:</strong></span> <span class='ocrx_word' id='word_1_409' title='bbox 2513 2565 2532 2598; x_wconf 75' lang='grc' dir='ltr'><strong><em>ι</em></strong></span> <span class='ocrx_word' id='word_1_410' title='bbox 2569 2546 2767 2601; x_wconf 90' lang='lat' dir='ltr'><strong>Sancta</strong></span> <span class='ocrx_word' id='word_1_411' title='bbox 2795 2547 3018 2601; x_wconf 85' lang='lat' dir='ltr'><strong>sinodus</strong></span> <span class='ocrx_word' id='word_1_412' title='bbox 3050 2546 3102 2600; x_wconf 92' lang='lat' dir='ltr'><strong>in</strong></span> <span class='ocrx_word' id='word_1_413' title='bbox 3134 2544 3336 2614; x_wconf 89' lang='lat' dir='ltr'><strong>palatio</strong></span> <span class='ocrx_word' id='word_1_414' title='bbox 3363 2545 3473 2598; x_wconf 83' lang='lat' dir='ltr'><strong>An-</strong></span> 
     </span>
    </p>
   </div>
   <div class='ocr_carea' id='block_1_55' title="bbox 1899 2635 3464 2710">
    <p class='ocr_par' dir='ltr' id='par_1_55' title="bbox 1899 2635 3464 2710">
     <span class='ocr_line' id='line_1_55' title="bbox 1899 2635 3464 2710; baseline -0.001 -18"><span class='ocrx_word' id='word_1_415' title='bbox 1899 2641 2129 2710; x_wconf 87' lang='lat' dir='ltr'><strong>gleheim</strong></span> <span class='ocrx_word' id='word_1_416' title='bbox 2161 2640 2261 2694; x_wconf 92' lang='lat' dir='ltr'><strong>sub</strong></span> <span class='ocrx_word' id='word_1_417' title='bbox 2286 2638 2496 2694; x_wconf 88' lang='lat' dir='ltr'><strong>domuis</strong></span> <span class='ocrx_word' id='word_1_418' title='bbox 2522 2647 2681 2707; x_wconf 88' lang='lat' dir='ltr'><strong>atque</strong></span> <span class='ocrx_word' id='word_1_419' title='bbox 2711 2637 3026 2692; x_wconf 79' lang='lat' dir='ltr'><strong>orthodoxis</strong></span> <span class='ocrx_word' id='word_1_420' title='bbox 3056 2637 3274 2707; x_wconf 81' lang='lat' dir='ltr'><strong>regibus</strong></span> <span class='ocrx_word' id='word_1_421' title='bbox 3300 2635 3464 2690; x_wconf 86' lang='lat' dir='ltr'><strong>Ludo-</strong></span> 
     </span>
    </p>
   </div>
   <div class='ocr_carea' id='block_1_56' title="bbox 1899 2726 3475 2799">
    <p class='ocr_par' dir='ltr' id='par_1_56' title="bbox 1899 2726 3475 2799">
     <span class='ocr_line' id='line_1_56' title="bbox 1899 2726 3475 2799; baseline -0.003 -15"><span class='ocrx_word' id='word_1_422' title='bbox 1899 2732 2018 2786; x_wconf 79' lang='lat' dir='ltr'><strong>vico</strong></span> <span class='ocrx_word' id='word_1_423' title='bbox 2043 2739 2096 2786; x_wconf 92' lang='lat' dir='ltr'><strong>et</strong></span> <span class='ocrx_word' id='word_1_424' title='bbox 2121 2729 2321 2786; x_wconf 89' lang='lat' dir='ltr'><strong>Ottone</strong></span> <span class='ocrx_word' id='word_1_425' title='bbox 2346 2729 2551 2784; x_wconf 92' lang='lat' dir='ltr'><strong>utiliter</strong></span> <span class='ocrx_word' id='word_1_426' title='bbox 2589 2729 2794 2793; x_wconf 89' lang='lat' dir='ltr'><strong>habita,</strong></span> <span class='ocrx_word' id='word_1_427' title='bbox 2823 2728 3034 2799; x_wconf 82' lang='lat' dir='ltr'><strong>Hugoni</strong></span> <span class='ocrx_word' id='word_1_428' title='bbox 3061 2728 3205 2782; x_wconf 91' lang='lat' dir='ltr'><strong>duci.</strong></span> <span class='ocrx_word' id='word_1_429' title='bbox 3247 2726 3475 2794; x_wconf 86' lang='lat' dir='ltr'><strong>Quantis</strong></span> 
     </span>
    </p>
   </div>
   <div class='ocr_carea' id='block_1_57' title="bbox 1899 2821 3473 2895">
    <p class='ocr_par' dir='ltr' id='par_1_57' title="bbox 1899 2821 3473 2895">
     <span class='ocr_line' id='line_1_57' title="bbox 1899 2821 3473 2895; baseline -0.001 -18"><span class='ocrx_word' id='word_1_430' title='bbox 1899 2821 2078 2891; x_wconf 88' lang='lat' dir='ltr'><strong>malis,</strong></span> <span class='ocrx_word' id='word_1_431' title='bbox 2103 2832 2409 2895; x_wconf 84' lang='lat' dir='ltr'><strong>quantaque</strong></span> <span class='ocrx_word' id='word_1_432' title='bbox 2432 2824 2812 2895; x_wconf 89' lang='lat' dir='ltr'><strong>persecutione</strong></span> <span class='ocrx_word' id='word_1_433' title='bbox 2836 2824 3118 2879; x_wconf 82' lang='lat' dir='ltr'><strong>vexaveris</strong></span> <span class='ocrx_word' id='word_1_434' title='bbox 3142 2822 3287 2876; x_wconf 90' lang='lat' dir='ltr'><strong>illam</strong></span> <span class='ocrx_word' id='word_1_435' title='bbox 3311 2837 3473 2876; x_wconf 87' lang='lat' dir='ltr'><strong>vene-</strong></span> 
     </span>
    </p>
   </div>
   <div class='ocr_carea' id='block_1_58' title="bbox 1901 2914 3476 2986">
    <p class='ocr_par' dir='ltr' id='par_1_58' title="bbox 1901 2914 3476 2986">
     <span class='ocr_line' id='line_1_58' title="bbox 1901 2914 3476 2986; baseline -0.002 -16"><span class='ocrx_word' id='word_1_436' title='bbox 1901 2914 2128 2972; x_wconf 90' lang='lat' dir='ltr'><strong>rabilem</strong></span> <span class='ocrx_word' id='word_1_437' title='bbox 2166 2914 2463 2972; x_wconf 85' lang='lat' dir='ltr'><strong>Remorum</strong></span> <span class='ocrx_word' id='word_1_438' title='bbox 2489 2916 2852 2986; x_wconf 90' lang='lat' dir='ltr'><strong>metropolim,</strong></span> <span class='ocrx_word' id='word_1_439' title='bbox 2884 2923 3086 2986; x_wconf 87' lang='lat' dir='ltr'><strong>quanta</strong></span> <span class='ocrx_word' id='word_1_440' title='bbox 3113 2929 3327 2985; x_wconf 90' lang='lat' dir='ltr'><strong>quoque</strong></span> <span class='ocrx_word' id='word_1_441' title='bbox 3353 2929 3476 2968; x_wconf 87' lang='lat' dir='ltr'><strong>cru-</strong></span> 
     </span>
    </p>
   </div>
   <div class='ocr_carea' id='block_1_59' title="bbox 1902 3006 3472 3075">
    <p class='ocr_par' dir='ltr' id='par_1_59' title="bbox 1902 3006 3472 3075">
     <span class='ocr_line' id='line_1_59' title="bbox 1902 3006 3472 3075; baseline -0.001 -14"><span class='ocrx_word' id='word_1_442' title='bbox 1902 3006 2122 3061; x_wconf 88' lang='lat' dir='ltr'><strong>delitate</strong></span> <span class='ocrx_word' id='word_1_443' title='bbox 2166 3007 2528 3063; x_wconf 86' lang='lat' dir='ltr'><strong>debacchatus</strong></span> <span class='ocrx_word' id='word_1_444' title='bbox 2558 3007 2634 3062; x_wconf 86' lang='lat' dir='ltr'><strong>sis</strong></span> <span class='ocrx_word' id='word_1_445' title='bbox 2677 3008 2729 3062; x_wconf 91' lang='lat' dir='ltr'><strong>in</strong></span> <span class='ocrx_word' id='word_1_446' title='bbox 2759 3008 3034 3062; x_wconf 90' lang='lat' dir='ltr'><strong>dominum</strong></span> <span class='ocrx_word' id='word_1_447' title='bbox 3077 3014 3226 3060; x_wconf 90' lang='lat' dir='ltr'><strong>tuum</strong></span> <span class='ocrx_word' id='word_1_448' title='bbox 3267 3020 3472 3075; x_wconf 88' lang='lat' dir='ltr'><strong>regem,</strong></span> 
     </span>
    </p>
   </div>
   <div class='ocr_carea' id='block_1_60' title="bbox 223 3068 3476 3167">
    <p class='ocr_par' dir='ltr' id='par_1_60' title="bbox 223 3068 3476 3167">
     <span class='ocr_line' id='line_1_60' title="bbox 223 3068 3476 3167; baseline 0.008 -42"><span class='ocrx_word' id='word_1_449' title='bbox 223 3075 269 3126; x_wconf 91' lang='lat' dir='ltr'><strong>in</strong></span> <span class='ocrx_word' id='word_1_450' title='bbox 293 3090 413 3132; x_wconf 87' lang='lat' dir='ltr'><strong>reos</strong></span> <span class='ocrx_word' id='word_1_451' title='bbox 442 3077 667 3133; x_wconf 85' lang='lat' dir='ltr'><strong>misisse</strong></span> <span class='ocrx_word' id='word_1_452' title='bbox 707 3080 796 3149; x_wconf 92' lang='lat' dir='ltr'><strong>qui</strong></span> <span class='ocrx_word' id='word_1_453' title='bbox 837 3081 981 3137; x_wconf 89' lang='lat' dir='ltr'><strong>hunc</strong></span> <span class='ocrx_word' id='word_1_454' title='bbox 1020 3083 1296 3140; x_wconf 88' lang='lat' dir='ltr'><strong>dominum</strong></span> <span class='ocrx_word' id='word_1_455' title='bbox 1326 3095 1382 3142; x_wconf 91' lang='lat' dir='ltr'><strong>et</strong></span> <span class='ocrx_word' id='word_1_456' title='bbox 1413 3103 1593 3158; x_wconf 89' lang='lat' dir='ltr'><strong>regem</strong></span> <span class='ocrx_word' id='word_1_457' title='bbox 1627 3088 1798 3142; x_wconf 85' lang='lat' dir='ltr'><strong>Fran—</strong></span> <span class='ocrx_word' id='word_1_458' title='bbox 1824 3068 1869 3130; x_wconf 64' lang='grc' dir='ltr'><strong>(ἶ</strong></span> <span class='ocrx_word' id='word_1_459' title='bbox 1900 3112 1995 3150; x_wconf 89' lang='lat' dir='ltr'><strong>ora</strong></span> <span class='ocrx_word' id='word_1_460' title='bbox 2023 3099 2264 3153; x_wconf 92' lang='lat' dir='ltr'><strong>omnium</strong></span> <span class='ocrx_word' id='word_1_461' title='bbox 2294 3097 2567 3164; x_wconf 91' lang='lat' dir='ltr'><strong>locuntur,</strong></span> <span class='ocrx_word' id='word_1_462' title='bbox 2607 3099 2746 3167; x_wconf 88' lang='lat' dir='ltr'><strong>apud</strong></span> <span class='ocrx_word' id='word_1_463' title='bbox 2799 3113 2987 3153; x_wconf 90' lang='lat' dir='ltr'><strong>omnes</strong></span> <span class='ocrx_word' id='word_1_464' title='bbox 3030 3095 3286 3166; x_wconf 88' lang='lat' dir='ltr'><strong>agitatur.</strong></span> <span class='ocrx_word' id='word_1_465' title='bbox 3320 3095 3476 3162; x_wconf 87' lang='lat' dir='ltr'><strong>Quod</strong></span> 
     </span>
    </p>
   </div>
   <div class='ocr_carea' id='block_1_61' title="bbox 224 3171 1798 3250">
    <p class='ocr_par' dir='ltr' id='par_1_61' title="bbox 224 3171 1798 3250">
     <span class='ocr_line' id='line_1_61' title="bbox 224 3171 1798 3250; baseline 0.009 -30"><span class='ocrx_word' id='word_1_466' title='bbox 224 3181 396 3223; x_wconf 84' lang='lat' dir='ltr'><strong>eorum</strong></span> <span class='ocrx_word' id='word_1_467' title='bbox 428 3171 883 3240; x_wconf 78' lang='lat' dir='ltr'><strong>insectabantur;</strong></span> <span class='ocrx_word' id='word_1_468' title='bbox 928 3176 1210 3244; x_wconf 87' lang='lat' dir='ltr'><strong>epistolam</strong></span> <span class='ocrx_word' id='word_1_469' title='bbox 1246 3194 1460 3250; x_wconf 88' lang='lat' dir='ltr'><strong>quoque</strong></span> <span class='ocrx_word' id='word_1_470' title='bbox 1499 3181 1798 3236; x_wconf 89' lang='lat' dir='ltr'><strong>suasoriam</strong></span> 
     </span>
    </p>
   </div>
   <div class='ocr_carea' id='block_1_62' title="bbox 223 3253 1799 3342">
    <p class='ocr_par' dir='ltr' id='par_1_62' title="bbox 223 3253 1799 3342">
     <span class='ocr_line' id='line_1_62' title="bbox 223 3253 1799 3342; baseline 0.011 -32"><span class='ocrx_word' id='word_1_471' title='bbox 223 3265 275 3309; x_wconf 88' lang='lat' dir='ltr'><strong>ut</strong></span> <span class='ocrx_word' id='word_1_472' title='bbox 296 3259 362 3313; x_wconf 83' lang='lat' dir='ltr'><strong>ab</strong></span> <span class='ocrx_word' id='word_1_473' title='bbox 385 3273 454 3314; x_wconf 89' lang='lat' dir='ltr'><strong>eo</strong></span> <span class='ocrx_word' id='word_1_474' title='bbox 483 3275 597 3314; x_wconf 92' lang='lat' dir='ltr'><strong>non</strong></span> <span class='ocrx_word' id='word_1_475' title='bbox 628 3260 898 3329; x_wconf 78' lang='lat' dir='ltr'><strong>deficiant,</strong></span> <span class='ocrx_word' id='word_1_476' title='bbox 931 3265 1093 3321; x_wconf 88' lang='lat' dir='ltr'><strong>bonis</strong></span> <span class='ocrx_word' id='word_1_477' title='bbox 1122 3253 1450 3336; x_wconf 76' lang='lat' dir='ltr'><strong>quibuslibet</strong></span> <span class='ocrx_word' id='word_1_478' title='bbox 1478 3272 1799 3342; x_wconf 87' lang='lat' dir='ltr'><strong>delegatam,</strong></span> 
     </span>
    </p>
   </div>
   <div class='ocr_carea' id='block_1_63' title="bbox 223 3352 1803 3433">
    <p class='ocr_par' dir='ltr' id='par_1_63' title="bbox 223 3352 1803 3433">
     <span class='ocr_line' id='line_1_63' title="bbox 223 3352 1803 3433; baseline 0.013 -35"><span class='ocrx_word' id='word_1_479' title='bbox 223 3355 374 3416; x_wconf 89' lang='lat' dir='ltr'><strong>atque</strong></span> <span class='ocrx_word' id='word_1_480' title='bbox 413 3352 868 3419; x_wconf 89' lang='lat' dir='ltr'><strong>conquestionem</strong></span> <span class='ocrx_word' id='word_1_481' title='bbox 910 3354 977 3410; x_wconf 90' lang='lat' dir='ltr'><strong>de</strong></span> <span class='ocrx_word' id='word_1_482' title='bbox 1027 3357 1217 3412; x_wconf 84' lang='lat' dir='ltr'><strong>eadem</strong></span> <span class='ocrx_word' id='word_1_483' title='bbox 1261 3375 1321 3414; x_wconf 91' lang='lat' dir='ltr'><strong>re</strong></span> <span class='ocrx_word' id='word_1_484' title='bbox 1348 3360 1544 3416; x_wconf 90' lang='lat' dir='ltr'><strong>litteris</strong></span> <span class='ocrx_word' id='word_1_485' title='bbox 1581 3377 1803 3433; x_wconf 66' lang='lat' dir='ltr'><strong>expres-</strong></span> 
     </span>
    </p>
   </div>
   <div class='ocr_carea' id='block_1_64' title="bbox 219 3438 1799 3520">
    <p class='ocr_par' dir='ltr' id='par_1_64' title="bbox 219 3438 1799 3520">
     <span class='ocr_line' id='line_1_64' title="bbox 219 3438 1799 3520; baseline 0.011 -31"><span class='ocrx_word' id='word_1_486' title='bbox 219 3448 351 3498; x_wconf 88' lang='lat' dir='ltr'><strong>sam,</strong></span> <span class='ocrx_word' id='word_1_487' title='bbox 384 3438 453 3494; x_wconf 93' lang='lat' dir='ltr'><strong>iis</strong></span> <span class='ocrx_word' id='word_1_488' title='bbox 486 3440 683 3510; x_wconf 90' lang='lat' dir='ltr'><strong>quibus</strong></span> <span class='ocrx_word' id='word_1_489' title='bbox 709 3443 897 3498; x_wconf 90' lang='lat' dir='ltr'><strong>sanior</strong></span> <span class='ocrx_word' id='word_1_490' title='bbox 935 3460 1088 3518; x_wconf 80' lang='lat' dir='ltr'><strong>mens</strong></span> <span class='ocrx_word' id='word_1_491' title='bbox 1125 3456 1245 3503; x_wconf 90' lang='lat' dir='ltr'><strong>erat</strong></span> <span class='ocrx_word' id='word_1_492' title='bbox 1277 3449 1578 3520; x_wconf 88' lang='lat' dir='ltr'><strong>delegatam</strong></span> <span class='ocrx_word' id='word_1_493' title='bbox 1610 3451 1799 3507; x_wconf 90' lang='lat' dir='ltr'><strong>fuisse.</strong></span> 
     </span>
    </p>
   </div>
   <div class='ocr_carea' id='block_1_65' title="bbox 224 3523 1804 3612">
    <p class='ocr_par' dir='ltr' id='par_1_65' title="bbox 224 3523 1804 3612">
     <span class='ocr_line' id='line_1_65' title="bbox 224 3523 1804 3612; baseline 0.011 -34"><span class='ocrx_word' id='word_1_494' title='bbox 224 3523 372 3581; x_wconf 88' lang='lat' dir='ltr'><strong>Unde</strong></span> <span class='ocrx_word' id='word_1_495' title='bbox 397 3539 454 3584; x_wconf 92' lang='lat' dir='ltr'><strong>et</strong></span> <span class='ocrx_word' id='word_1_496' title='bbox 480 3530 674 3599; x_wconf 90' lang='lat' dir='ltr'><strong>opinor</strong></span> <span class='ocrx_word' id='word_1_497' title='bbox 696 3531 996 3600; x_wconf 89' lang='lat' dir='ltr'><strong>justissime</strong></span> <span class='ocrx_word' id='word_1_498' title='bbox 1027 3536 1252 3602; x_wconf 90' lang='lat' dir='ltr'><strong>dictum,</strong></span> <span class='ocrx_word' id='word_1_499' title='bbox 1283 3554 1403 3594; x_wconf 90' lang='lat' dir='ltr'><strong>cum</strong></span> <span class='ocrx_word' id='word_1_500' title='bbox 1447 3549 1570 3596; x_wconf 89' lang='lat' dir='ltr'><strong>ante</strong></span> <span class='ocrx_word' id='word_1_501' title='bbox 1599 3556 1629 3594; x_wconf 90' lang='lat' dir='ltr'><strong>a</strong></span> <span class='ocrx_word' id='word_1_502' title='bbox 1666 3557 1804 3612; x_wconf 84' lang='lat' dir='ltr'><strong>papa</strong></span> 
     </span>
    </p>
   </div>
   <div class='ocr_carea' id='block_1_66' title="bbox 223 3624 1804 3697">
    <p class='ocr_par' dir='ltr' id='par_1_66' title="bbox 223 3624 1804 3697">
     <span class='ocr_line' id='line_1_66' title="bbox 223 3624 1804 3697; baseline 0.012 -31"><span class='ocrx_word' id='word_1_503' title='bbox 223 3626 446 3672; x_wconf 73' lang='lat' dir='ltr'><strong>vocatus</strong></span> <span class='ocrx_word' id='word_1_504' title='bbox 480 3627 644 3688; x_wconf 88' lang='lat' dir='ltr'><strong>atque</strong></span> <span class='ocrx_word' id='word_1_505' title='bbox 668 3631 947 3678; x_wconf 90' lang='lat' dir='ltr'><strong>correctus</strong></span> <span class='ocrx_word' id='word_1_506' title='bbox 989 3624 1076 3688; x_wconf 90' lang='lat' dir='ltr'><strong>sit,</strong></span> <span class='ocrx_word' id='word_1_507' title='bbox 1115 3641 1262 3681; x_wconf 89' lang='lat' dir='ltr'><strong>nunc</strong></span> <span class='ocrx_word' id='word_1_508' title='bbox 1301 3643 1516 3697; x_wconf 89' lang='lat' dir='ltr'><strong>quoque</strong></span> <span class='ocrx_word' id='word_1_509' title='bbox 1558 3631 1804 3685; x_wconf 88' lang='lat' dir='ltr'><strong>caritatis</strong></span> 
     </span>
    </p>
   </div>
   <div class='ocr_carea' id='block_1_67' title="bbox 227 3707 1806 3785">
    <p class='ocr_par' dir='ltr' id='par_1_67' title="bbox 227 3707 1806 3785">
     <span class='ocr_line' id='line_1_67' title="bbox 227 3707 1806 3785; baseline 0.011 -28"><span class='ocrx_word' id='word_1_510' title='bbox 227 3707 392 3774; x_wconf 84' lang='lat' dir='ltr'><strong>gratia</strong></span> <span class='ocrx_word' id='word_1_511' title='bbox 425 3713 766 3766; x_wconf 86' lang='lat' dir='ltr'><strong>revocandus</strong></span> <span class='ocrx_word' id='word_1_512' title='bbox 790 3721 980 3780; x_wconf 90' lang='lat' dir='ltr'><strong>est,.et</strong></span> <span class='ocrx_word' id='word_1_513' title='bbox 1021 3714 1428 3785; x_wconf 88' lang='lat' dir='ltr'><strong>diligentissima</strong></span> <span class='ocrx_word' id='word_1_514' title='bbox 1461 3720 1716 3775; x_wconf 88' lang='lat' dir='ltr'><strong>suasione</strong></span> <span class='ocrx_word' id='word_1_515' title='bbox 1745 3729 1806 3775; x_wconf 93' lang='lat' dir='ltr'><strong>ut</strong></span> 
     </span>
    </p>
   </div>
   <div class='ocr_carea' id='block_1_68' title="bbox 227 3800 1804 3880">
    <p class='ocr_par' dir='ltr' id='par_1_68' title="bbox 227 3800 1804 3880">
     <span class='ocr_line' id='line_1_68' title="bbox 227 3800 1804 3880; baseline 0.01 -29"><span class='ocrx_word' id='word_1_516' title='bbox 227 3811 256 3849; x_wconf 84' lang='lat' dir='ltr'><strong>a</strong></span> <span class='ocrx_word' id='word_1_517' title='bbox 291 3800 448 3879; x_wconf 77' lang='lat' dir='ltr'><strong>malis</strong></span> <span class='ocrx_word' id='word_1_518' title='bbox 494 3801 741 3871; x_wconf 88' lang='lat' dir='ltr'><strong>quiescat</strong></span> <span class='ocrx_word' id='word_1_519' title='bbox 787 3807 1240 3874; x_wconf 88' lang='lat' dir='ltr'><strong>commonendus;</strong></span> <span class='ocrx_word' id='word_1_520' title='bbox 1293 3816 1348 3862; x_wconf 91' lang='lat' dir='ltr'><strong>et</strong></span> <span class='ocrx_word' id='word_1_521' title='bbox 1392 3819 1515 3880; x_wconf 89' lang='lat' dir='ltr'><strong>post</strong></span> <span class='ocrx_word' id='word_1_522' title='bbox 1563 3812 1804 3866; x_wconf 92' lang='lat' dir='ltr'><strong>omnium</strong></span> 
     </span>
    </p>
   </div>
   <div class='ocr_carea' id='block_1_69' title="bbox 230 3883 1804 3969">
    <p class='ocr_par' dir='ltr' id='par_1_69' title="bbox 230 3883 1804 3969">
     <span class='ocr_line' id='line_1_69' title="bbox 230 3883 1804 3969; baseline 0.011 -27"><span class='ocrx_word' id='word_1_523' title='bbox 230 3883 571 3948; x_wconf 79' lang='lat' dir='ltr'><strong>anathemate</strong></span> <span class='ocrx_word' id='word_1_524' title='bbox 602 3894 988 3964; x_wconf 89' lang='lat' dir='ltr'><strong>dampnandus.</strong></span> <span class='ocrx_word' id='word_1_525' title='bbox 1019 3898 1089 3954; x_wconf 87' lang='lat' dir='ltr'><strong>Et</strong></span> <span class='ocrx_word' id='word_1_526' title='bbox 1117 3915 1224 3955; x_wconf 93' lang='lat' dir='ltr'><strong>non</strong></span> <span class='ocrx_word' id='word_1_527' title='bbox 1260 3901 1434 3956; x_wconf 89' lang='lat' dir='ltr'><strong>solum</strong></span> <span class='ocrx_word' id='word_1_528' title='bbox 1477 3903 1584 3969; x_wconf 91' lang='lat' dir='ltr'><strong>ille,</strong></span> <span class='ocrx_word' id='word_1_529' title='bbox 1615 3919 1804 3960; x_wconf 87' lang='lat' dir='ltr'><strong>verum</strong></span> 
     </span>
    </p>
   </div>
   <div class='ocr_carea' id='block_1_70' title="bbox 230 3987 1806 4072">
    <p class='ocr_par' dir='ltr' id='par_1_70' title="bbox 230 3987 1806 4072">
     <span class='ocr_line' id='line_1_70' title="bbox 230 3987 1806 4072; baseline 0.013 -38"><span class='ocrx_word' id='word_1_530' title='bbox 230 3996 414 4040; x_wconf 88' lang='lat' dir='ltr'><strong>omnes</strong></span> <span class='ocrx_word' id='word_1_531' title='bbox 443 3987 535 4056; x_wconf 92' lang='lat' dir='ltr'><strong>qui</strong></span> <span class='ocrx_word' id='word_1_532' title='bbox 563 3987 612 4041; x_wconf 88' lang='lat' dir='ltr'><strong>ei</strong></span> <span class='ocrx_word' id='word_1_533' title='bbox 650 3989 706 4042; x_wconf 91' lang='lat' dir='ltr'><strong>in</strong></span> <span class='ocrx_word' id='word_1_534' title='bbox 736 3989 892 4072; x_wconf 82' lang='lat' dir='ltr'><strong>malis</strong></span> <span class='ocrx_word' id='word_1_535' title='bbox 941 3990 1124 4047; x_wconf 86' lang='lat' dir='ltr'><strong>favere</strong></span> <span class='ocrx_word' id='word_1_536' title='bbox 1164 3991 1475 4064; x_wconf 83' lang='lat' dir='ltr'><strong>faveatque.</strong></span> <span class='ocrx_word' id='word_1_537' title='bbox 1525 3995 1634 4052; x_wconf 92' lang='lat' dir='ltr'><strong>Sed</strong></span> <span class='ocrx_word' id='word_1_538' title='bbox 1663 3998 1806 4054; x_wconf 89' lang='lat' dir='ltr'><strong>hanc</strong></span> 
     </span>
    </p>
   </div>
   <div class='ocr_carea' id='block_1_71' title="bbox 232 4075 1805 4160">
    <p class='ocr_par' dir='ltr' id='par_1_71' title="bbox 232 4075 1805 4160">
     <span class='ocr_line' id='line_1_71' title="bbox 232 4075 1805 4160; baseline 0.014 -32"><span class='ocrx_word' id='word_1_539' title='bbox 232 4075 400 4132; x_wconf 87' lang='lat' dir='ltr'><strong>solum</strong></span> <span class='ocrx_word' id='word_1_540' title='bbox 435 4094 465 4133; x_wconf 88' lang='lat' dir='ltr'><strong>a</strong></span> <span class='ocrx_word' id='word_1_541' title='bbox 495 4081 648 4136; x_wconf 91' lang='lat' dir='ltr'><strong>nobis</strong></span> <span class='ocrx_word' id='word_1_542' title='bbox 673 4083 904 4154; x_wconf 90' lang='lat' dir='ltr'><strong>accipiet</strong></span> <span class='ocrx_word' id='word_1_543' title='bbox 927 4101 1109 4158; x_wconf 92' lang='lat' dir='ltr'><strong>opem.</strong></span> <span class='ocrx_word' id='word_1_544' title='bbox 1135 4087 1408 4160; x_wconf 84' lang='lat' dir='ltr'><strong>Numquid</strong></span> <span class='ocrx_word' id='word_1_545' title='bbox 1437 4107 1568 4148; x_wconf 90' lang='lat' dir='ltr'><strong>vero</strong></span> <span class='ocrx_word' id='word_1_546' title='bbox 1595 4094 1663 4149; x_wconf 91' lang='lat' dir='ltr'><strong>ab</strong></span> <span class='ocrx_word' id='word_1_547' title='bbox 1698 4095 1805 4150; x_wconf 88' lang='lat' dir='ltr'><strong>alio</strong></span> 
     </span>
    </p>
   </div>
   <div class='ocr_carea' id='block_1_72' title="bbox 232 4167 1805 4251">
    <p class='ocr_par' dir='ltr' id='par_1_72' title="bbox 232 4167 1805 4251">
     <span class='ocr_line' id='line_1_72' title="bbox 232 4167 1805 4251; baseline 0.014 -33"><span class='ocrx_word' id='word_1_548' title='bbox 232 4167 514 4237; x_wconf 86' lang='lat' dir='ltr'><strong>quicquam</strong></span> <span class='ocrx_word' id='word_1_549' title='bbox 560 4172 678 4242; x_wconf 92' lang='lat' dir='ltr'><strong>opis</strong></span> <span class='ocrx_word' id='word_1_550' title='bbox 728 4175 1004 4246; x_wconf 86' lang='lat' dir='ltr'><strong>accipiet?</strong></span> <span class='ocrx_word' id='word_1_551' title='bbox 1063 4177 1192 4247; x_wconf 84' lang='lat' dir='ltr'><strong>Ejus</strong></span> <span class='ocrx_word' id='word_1_552' title='bbox 1235 4183 1552 4251; x_wconf 86' lang='lat' dir='ltr'><strong>conquestio</strong></span> <span class='ocrx_word' id='word_1_553' title='bbox 1601 4184 1657 4238; x_wconf 91' lang='lat' dir='ltr'><strong>in</strong></span> <span class='ocrx_word' id='word_1_554' title='bbox 1707 4200 1805 4240; x_wconf 91' lang='lat' dir='ltr'><strong>sua</strong></span> 
     </span>
    </p>
   </div>
   <div class='ocr_carea' id='block_1_73' title="bbox 233 4256 1807 4340">
    <p class='ocr_par' dir='ltr' id='par_1_73' title="bbox 233 4256 1807 4340">
     <span class='ocr_line' id='line_1_73' title="bbox 233 4256 1807 4340; baseline 0.015 -31"><span class='ocrx_word' id='word_1_555' title='bbox 233 4256 470 4316; x_wconf 86' lang='lat' dir='ltr'><strong>clausula</strong></span> <span class='ocrx_word' id='word_1_556' title='bbox 497 4303 512 4328; x_wconf 97' lang='lat'><strong>,</strong></span> <span class='ocrx_word' id='word_1_557' title='bbox 551 4279 706 4334; x_wconf 89' lang='lat' dir='ltr'><strong>opem</strong></span> <span class='ocrx_word' id='word_1_558' title='bbox 735 4268 976 4323; x_wconf 91' lang='lat' dir='ltr'><strong>omnium</strong></span> <span class='ocrx_word' id='word_1_559' title='bbox 1005 4271 1262 4340; x_wconf 91' lang='lat' dir='ltr'><strong>postulat.</strong></span> <span class='ocrx_word' id='word_1_560' title='bbox 1296 4272 1403 4329; x_wconf 88' lang='lat' dir='ltr'><strong>Sed</strong></span> <span class='ocrx_word' id='word_1_561' title='bbox 1433 4275 1478 4330; x_wconf 91' lang='lat' dir='ltr'><strong>si</strong></span> <span class='ocrx_word' id='word_1_562' title='bbox 1505 4290 1535 4329; x_wconf 89' lang='lat' dir='ltr'><strong>a</strong></span> <span class='ocrx_word' id='word_1_563' title='bbox 1564 4276 1721 4332; x_wconf 90' lang='lat' dir='ltr'><strong>nobis</strong></span> <span class='ocrx_word' id='word_1_564' title='bbox 1754 4277 1807 4332; x_wconf 86' lang='lat' dir='ltr'><strong>ei</strong></span> 
     </span>
    </p>
   </div>
   <div class='ocr_carea' id='block_1_74' title="bbox 231 4350 1804 4434">
    <p class='ocr_par' dir='ltr' id='par_1_74' title="bbox 231 4350 1804 4434">
     <span class='ocr_line' id='line_1_74' title="bbox 231 4350 1804 4434; baseline 0.014 -36"><span class='ocrx_word' id='word_1_565' title='bbox 231 4350 582 4419; x_wconf 88' lang='lat' dir='ltr'><strong>succurritur,</strong></span> <span class='ocrx_word' id='word_1_566' title='bbox 612 4369 643 4407; x_wconf 89' lang='lat' dir='ltr'><strong>a</strong></span> <span class='ocrx_word' id='word_1_567' title='bbox 669 4355 869 4412; x_wconf 92' lang='lat' dir='ltr'><strong>domno</strong></span> <span class='ocrx_word' id='word_1_568' title='bbox 893 4357 1089 4414; x_wconf 91' lang='lat' dir='ltr'><strong>Ottone</strong></span> <span class='ocrx_word' id='word_1_569' title='bbox 1125 4375 1254 4431; x_wconf 88' lang='lat' dir='ltr'><strong>rege</strong></span> <span class='ocrx_word' id='word_1_570' title='bbox 1275 4362 1404 4432; x_wconf 93' lang='lat' dir='ltr'><strong>quid</strong></span> <span class='ocrx_word' id='word_1_571' title='bbox 1431 4364 1656 4434; x_wconf 87' lang='lat' dir='ltr'><strong>accipiet</strong></span> <span class='ocrx_word' id='word_1_572' title='bbox 1681 4365 1703 4418; x_wconf 84' lang='lat'><strong>?</strong></span> <span class='ocrx_word' id='word_1_573' title='bbox 1739 4366 1804 4420; x_wconf 84' lang='lat' dir='ltr'><strong>Et</strong></span> 
     </span>
    </p>
   </div>
   <div class='ocr_carea' id='block_1_75' title="bbox 231 4437 1804 4523">
    <p class='ocr_par' dir='ltr' id='par_1_75' title="bbox 231 4437 1804 4523">
     <span class='ocr_line' id='line_1_75' title="bbox 231 4437 1804 4523; baseline 0.014 -33"><span class='ocrx_word' id='word_1_574' title='bbox 231 4437 522 4496; x_wconf 87' lang='lat' dir='ltr'><strong>decretalia</strong></span> <span class='ocrx_word' id='word_1_575' title='bbox 575 4454 761 4502; x_wconf 87' lang='lat' dir='ltr'><strong>sancta</strong></span> <span class='ocrx_word' id='word_1_576' title='bbox 829 4449 1164 4515; x_wconf 90' lang='lat' dir='ltr'><strong>acclamant,</strong></span> <span class='ocrx_word' id='word_1_577' title='bbox 1229 4461 1512 4523; x_wconf 90' lang='lat' dir='ltr'><strong>postquam</strong></span> <span class='ocrx_word' id='word_1_578' title='bbox 1576 4457 1804 4512; x_wconf 90' lang='lat' dir='ltr'><strong>tirannis</strong></span> 
     </span>
    </p>
   </div>
   <div class='ocr_carea' id='block_1_76' title="bbox 231 4529 1804 4612">
    <p class='ocr_par' dir='ltr' id='par_1_76' title="bbox 231 4529 1804 4612">
     <span class='ocr_line' id='line_1_76' title="bbox 231 4529 1804 4612; baseline 0.015 -34"><span class='ocrx_word' id='word_1_579' title='bbox 231 4529 519 4585; x_wconf 84' lang='lat' dir='ltr'><strong>anathema</strong></span> <span class='ocrx_word' id='word_1_580' title='bbox 546 4533 944 4605; x_wconf 86' lang='lat' dir='ltr'><strong>dampnationis</strong></span> <span class='ocrx_word' id='word_1_581' title='bbox 971 4539 1039 4594; x_wconf 90' lang='lat' dir='ltr'><strong>ab</strong></span> <span class='ocrx_word' id='word_1_582' title='bbox 1063 4540 1331 4611; x_wconf 90' lang='lat' dir='ltr'><strong>episcopis</strong></span> <span class='ocrx_word' id='word_1_583' title='bbox 1359 4543 1613 4612; x_wconf 86' lang='lat' dir='ltr'><strong>injectum</strong></span> <span class='ocrx_word' id='word_1_584' title='bbox 1645 4555 1748 4611; x_wconf 87' lang='lat' dir='ltr'><strong>est,</strong></span> <span class='ocrx_word' id='word_1_585' title='bbox 1773 4561 1804 4601; x_wconf 90' lang='lat' dir='ltr'><strong>a</strong></span> 
     </span>
    </p>
   </div>
   <div class='ocr_carea' id='block_1_77' title="bbox 227 4611 1807 4698">
    <p class='ocr_par' dir='ltr' id='par_1_77' title="bbox 227 4611 1807 4698">
     <span class='ocr_line' id='line_1_77' title="bbox 227 4611 1807 4698; baseline 0.015 -31"><span class='ocrx_word' id='word_1_586' title='bbox 227 4615 384 4672; x_wconf 86' lang='lat' dir='ltr'><strong>bonis</strong></span> <span class='ocrx_word' id='word_1_587' title='bbox 422 4636 630 4692; x_wconf 92' lang='lat' dir='ltr'><strong>quoque</strong></span> <span class='ocrx_word' id='word_1_588' title='bbox 669 4625 980 4695; x_wconf 90' lang='lat' dir='ltr'><strong>potentibus</strong></span> <span class='ocrx_word' id='word_1_589' title='bbox 1007 4629 1115 4683; x_wconf 91' lang='lat' dir='ltr'><strong>vim</strong></span> <span class='ocrx_word' id='word_1_590' title='bbox 1144 4611 1515 4698; x_wconf 80' lang='lat' dir='ltr'><strong>inferendam,</strong></span> <span class='ocrx_word' id='word_1_591' title='bbox 1546 4645 1605 4689; x_wconf 90' lang='lat' dir='ltr'><strong>ut</strong></span> <span class='ocrx_word' id='word_1_592' title='bbox 1629 4635 1673 4690; x_wconf 91' lang='lat' dir='ltr'><strong>si</strong></span> <span class='ocrx_word' id='word_1_593' title='bbox 1703 4650 1807 4690; x_wconf 74' lang='lat' dir='ltr'><strong>aec-</strong></span> 
     </span>
    </p>
   </div>
   <div class='ocr_carea' id='block_1_78' title="bbox 231 4706 1802 4791">
    <p class='ocr_par' dir='ltr' id='par_1_78' title="bbox 231 4706 1802 4791">
     <span class='ocr_line' id='line_1_78' title="bbox 231 4706 1802 4791; baseline 0.015 -33"><span class='ocrx_word' id='word_1_594' title='bbox 231 4706 548 4768; x_wconf 86' lang='lat' dir='ltr'><strong>clesiasticis</strong></span> <span class='ocrx_word' id='word_1_595' title='bbox 571 4717 1006 4775; x_wconf 90' lang='lat' dir='ltr'><strong>correctionibus</strong></span> <span class='ocrx_word' id='word_1_596' title='bbox 1025 4721 1092 4776; x_wconf 88' lang='lat' dir='ltr'><strong>ad</strong></span> <span class='ocrx_word' id='word_1_597' title='bbox 1113 4735 1362 4778; x_wconf 90' lang='lat' dir='ltr'><strong>normam</strong></span> <span class='ocrx_word' id='word_1_598' title='bbox 1388 4709 1569 4780; x_wconf 72' lang='lat' dir='ltr'><strong>redire</strong></span> <span class='ocrx_word' id='word_1_599' title='bbox 1595 4725 1802 4791; x_wconf 90' lang='lat' dir='ltr'><strong>uolunt,</strong></span> 
     </span>
    </p>
   </div>
   <div class='ocr_carea' id='block_1_79' title="bbox 230 4797 1803 4870">
    <p class='ocr_par' dir='ltr' id='par_1_79' title="bbox 230 4797 1803 4870">
     <span class='ocr_line' id='line_1_79' title="bbox 230 4797 1803 4870; baseline 0.016 -24"><span class='ocrx_word' id='word_1_600' title='bbox 230 4797 424 4851; x_wconf 83' lang='lat' dir='ltr'><strong>saltem</strong></span> <span class='ocrx_word' id='word_1_601' title='bbox 454 4805 746 4869; x_wconf 86' lang='lat' dir='ltr'><strong>potentium</strong></span> <span class='ocrx_word' id='word_1_602' title='bbox 777 4807 1079 4864; x_wconf 88' lang='lat' dir='ltr'><strong>vehementi</strong></span> <span class='ocrx_word' id='word_1_603' title='bbox 1106 4811 1366 4868; x_wconf 88' lang='lat' dir='ltr'><strong>violentia</strong></span> <span class='ocrx_word' id='word_1_604' title='bbox 1394 4813 1461 4867; x_wconf 91' lang='lat' dir='ltr'><strong>ad</strong></span> <span class='ocrx_word' id='word_1_605' title='bbox 1491 4814 1688 4868; x_wconf 92' lang='lat' dir='ltr'><strong>bonum</strong></span> <span class='ocrx_word' id='word_1_606' title='bbox 1715 4829 1803 4870; x_wconf 83' lang='lat' dir='ltr'><strong>re-</strong></span> 
     </span>
    </p>
   </div>
   <div class='ocr_carea' id='block_1_80' title="bbox 229 4884 1650 4975">
    <p class='ocr_par' dir='ltr' id='par_1_80' title="bbox 229 4884 1650 4975">
     <span class='ocr_line' id='line_1_80' title="bbox 229 4884 1650 4975; baseline 0.011 -35"><span class='ocrx_word' id='word_1_607' title='bbox 229 4884 346 4944; x_wconf 87' lang='lat' dir='ltr'><strong>dire</strong></span> <span class='ocrx_word' id='word_1_608' title='bbox 371 4903 646 4966; x_wconf 84' lang='lat' dir='ltr'><strong>cngantur,</strong></span> <span class='ocrx_word' id='word_1_609' title='bbox 676 4907 736 4954; x_wconf 91' lang='lat' dir='ltr'><strong>ut.</strong></span> <span class='ocrx_word' id='word_1_610' title='bbox 757 4899 844 4953; x_wconf 89' lang='lat' dir='ltr'><strong>vel</strong></span> <span class='ocrx_word' id='word_1_611' title='bbox 871 4898 1051 4956; x_wconf 85' lang='lat' dir='ltr'><strong>invitis</strong></span> <span class='ocrx_word' id='word_1_612' title='bbox 1076 4902 1216 4959; x_wconf 89' lang='lat' dir='ltr'><strong>bona</strong></span> <span class='ocrx_word' id='word_1_613' title='bbox 1246 4913 1589 4975; x_wconf 82' lang='lat' dir='ltr'><strong>praestentur.</strong></span> <span class='ocrx_word' id='word_1_614' title='bbox 1631 4924 1650 4955; x_wconf 74' lang='grc' dir='ltr'><strong><em>ι</em></strong></span> 
     </span>
    </p>
   </div>
   <div class='ocr_carea' id='block_1_81' title="bbox 1901 3187 3476 3261">
    <p class='ocr_par' dir='ltr' id='par_1_81' title="bbox 1901 3187 3476 3261">
     <span class='ocr_line' id='line_1_81' title="bbox 1901 3187 3476 3261; baseline 0.001 -22"><span class='ocrx_word' id='word_1_615' title='bbox 1901 3201 2061 3256; x_wconf 88' lang='lat' dir='ltr'><strong>quam</strong></span> <span class='ocrx_word' id='word_1_616' title='bbox 2109 3187 2454 3254; x_wconf 88' lang='lat' dir='ltr'><strong>sceleratum,</strong></span> <span class='ocrx_word' id='word_1_617' title='bbox 2497 3198 2551 3244; x_wconf 88' lang='lat' dir='ltr'><strong>et</strong></span> <span class='ocrx_word' id='word_1_618' title='bbox 2589 3203 2750 3258; x_wconf 87' lang='lat' dir='ltr'><strong>quam</strong></span> <span class='ocrx_word' id='word_1_619' title='bbox 2776 3189 3130 3261; x_wconf 90' lang='lat' dir='ltr'><strong>pernitiosum</strong></span> <span class='ocrx_word' id='word_1_620' title='bbox 3159 3188 3252 3252; x_wconf 89' lang='lat' dir='ltr'><strong>sit,</strong></span> <span class='ocrx_word' id='word_1_621' title='bbox 3281 3187 3476 3242; x_wconf 73' lang='lat' dir='ltr'><strong>divina:</strong></span> 
     </span>
    </p>
   </div>
   <div class='ocr_carea' id='block_1_82' title="bbox 1903 3276 3475 3349">
    <p class='ocr_par' dir='ltr' id='par_1_82' title="bbox 1903 3276 3475 3349">
     <span class='ocr_line' id='line_1_82' title="bbox 1903 3276 3475 3349; baseline 0 -20"><span class='ocrx_word' id='word_1_622' title='bbox 1903 3287 2064 3346; x_wconf 87' lang='lat' dir='ltr'><strong>atque</strong></span> <span class='ocrx_word' id='word_1_623' title='bbox 2089 3278 2340 3333; x_wconf 77' lang='lat' dir='ltr'><strong>humana:</strong></span> <span class='ocrx_word' id='word_1_624' title='bbox 2367 3278 2513 3349; x_wconf 90' lang='lat' dir='ltr'><strong>leges</strong></span> <span class='ocrx_word' id='word_1_625' title='bbox 2543 3279 2920 3349; x_wconf 88' lang='lat' dir='ltr'><strong>copiosissime</strong></span> <span class='ocrx_word' id='word_1_626' title='bbox 2947 3279 3200 3348; x_wconf 91' lang='lat' dir='ltr'><strong>produnt.</strong></span> <span class='ocrx_word' id='word_1_627' title='bbox 3235 3276 3390 3333; x_wconf 88' lang='lat' dir='ltr'><strong>Unde</strong></span> <span class='ocrx_word' id='word_1_628' title='bbox 3419 3283 3475 3330; x_wconf 87' lang='lat' dir='ltr'><strong>et</strong></span> 
     </span>
    </p>
   </div>
   <div class='ocr_carea' id='block_1_83' title="bbox 1906 3365 3476 3438">
    <p class='ocr_par' dir='ltr' id='par_1_83' title="bbox 1906 3365 3476 3438">
     <span class='ocr_line' id='line_1_83' title="bbox 1906 3365 3476 3438; baseline -0.001 -19"><span class='ocrx_word' id='word_1_629' title='bbox 1906 3365 2001 3420; x_wconf 88' lang='lat' dir='ltr'><strong>tibi</strong></span> <span class='ocrx_word' id='word_1_630' title='bbox 2029 3367 2438 3436; x_wconf 89' lang='lat' dir='ltr'><strong>compatientes,</strong></span> <span class='ocrx_word' id='word_1_631' title='bbox 2467 3368 2536 3423; x_wconf 90' lang='lat' dir='ltr'><strong>ab</strong></span> <span class='ocrx_word' id='word_1_632' title='bbox 2557 3368 2754 3423; x_wconf 90' lang='lat' dir='ltr'><strong>talibus</strong></span> <span class='ocrx_word' id='word_1_633' title='bbox 2781 3377 2832 3423; x_wconf 93' lang='lat' dir='ltr'><strong>te</strong></span> <span class='ocrx_word' id='word_1_634' title='bbox 2865 3369 3146 3438; x_wconf 88' lang='lat' dir='ltr'><strong>quiescere</strong></span> <span class='ocrx_word' id='word_1_635' title='bbox 3169 3365 3476 3421; x_wconf 84' lang='lat' dir='ltr'><strong>monemus.</strong></span> 
     </span>
    </p>
   </div>
   <div class='ocr_carea' id='block_1_84' title="bbox 1903 3453 3480 3524">
    <p class='ocr_par' dir='ltr' id='par_1_84' title="bbox 1903 3453 3480 3524">
     <span class='ocr_line' id='line_1_84' title="bbox 1903 3453 3480 3524; baseline -0.001 -16"><span class='ocrx_word' id='word_1_636' title='bbox 1903 3454 1969 3508; x_wconf 87' lang='lat' dir='ltr'><strong>Et</strong></span> <span class='ocrx_word' id='word_1_637' title='bbox 1991 3456 2056 3510; x_wconf 91' lang='lat' dir='ltr'><strong>ad</strong></span> <span class='ocrx_word' id='word_1_638' title='bbox 2092 3456 2368 3512; x_wconf 91' lang='lat' dir='ltr'><strong>dominum</strong></span> <span class='ocrx_word' id='word_1_639' title='bbox 2397 3466 2567 3524; x_wconf 91' lang='lat' dir='ltr'><strong>tuum,</strong></span> <span class='ocrx_word' id='word_1_640' title='bbox 2602 3457 2768 3513; x_wconf 91' lang='lat' dir='ltr'><strong>multa</strong></span> <span class='ocrx_word' id='word_1_641' title='bbox 2800 3457 3226 3513; x_wconf 88' lang='lat' dir='ltr'><strong>mansuetudinis</strong></span> <span class='ocrx_word' id='word_1_642' title='bbox 3265 3453 3480 3511; x_wconf 89' lang='lat' dir='ltr'><strong>humili-</strong></span> 
     </span>
    </p>
   </div>
   <div class='ocr_carea' id='block_1_85' title="bbox 1905 3547 3480 3617">
    <p class='ocr_par' dir='ltr' id='par_1_85' title="bbox 1905 3547 3480 3617">
     <span class='ocr_line' id='line_1_85' title="bbox 1905 3547 3480 3617; baseline -0.001 -17"><span class='ocrx_word' id='word_1_643' title='bbox 1905 3553 2014 3601; x_wconf 86' lang='lat' dir='ltr'><strong>tate</strong></span> <span class='ocrx_word' id='word_1_644' title='bbox 2057 3549 2370 3617; x_wconf 88' lang='lat' dir='ltr'><strong>quantotius</strong></span> <span class='ocrx_word' id='word_1_645' title='bbox 2412 3549 2605 3603; x_wconf 89' lang='lat' dir='ltr'><strong>reverti</strong></span> <span class='ocrx_word' id='word_1_646' title='bbox 2656 3549 2956 3603; x_wconf 89' lang='lat' dir='ltr'><strong>hortamur.</strong></span> <span class='ocrx_word' id='word_1_647' title='bbox 2986 3547 3138 3614; x_wconf 86' lang='lat' dir='ltr'><strong>Quod</strong></span> <span class='ocrx_word' id='word_1_648' title='bbox 3166 3547 3210 3602; x_wconf 88' lang='lat' dir='ltr'><strong>si</strong></span> <span class='ocrx_word' id='word_1_649' title='bbox 3236 3553 3480 3602; x_wconf 89' lang='lat' dir='ltr'><strong>contem-</strong></span> 
     </span>
    </p>
   </div>
   <div class='ocr_carea' id='block_1_86' title="bbox 1903 3638 3480 3708">
    <p class='ocr_par' dir='ltr' id='par_1_86' title="bbox 1903 3638 3480 3708">
     <span class='ocr_line' id='line_1_86' title="bbox 1903 3638 3480 3708; baseline 0 -16"><span class='ocrx_word' id='word_1_650' title='bbox 1903 3638 2098 3708; x_wconf 89' lang='lat' dir='ltr'><strong>pseris,</strong></span> <span class='ocrx_word' id='word_1_651' title='bbox 2118 3639 2434 3708; x_wconf 89' lang='lat' dir='ltr'><strong>priusquam</strong></span> <span class='ocrx_word' id='word_1_652' title='bbox 2465 3639 2518 3693; x_wconf 92' lang='lat' dir='ltr'><strong>in</strong></span> <span class='ocrx_word' id='word_1_653' title='bbox 2542 3639 2755 3694; x_wconf 88' lang='lat' dir='ltr'><strong>diversa</strong></span> <span class='ocrx_word' id='word_1_654' title='bbox 2788 3638 3106 3702; x_wconf 84' lang='lat' dir='ltr'><strong>referamur,</strong></span> <span class='ocrx_word' id='word_1_655' title='bbox 3130 3639 3480 3692; x_wconf 86' lang='lat' dir='ltr'><strong>anathemate</strong></span> 
     </span>
    </p>
   </div>
   <div class='ocr_carea' id='block_1_87' title="bbox 1905 3726 3478 3799">
    <p class='ocr_par' dir='ltr' id='par_1_87' title="bbox 1905 3726 3478 3799">
     <span class='ocr_line' id='line_1_87' title="bbox 1905 3726 3478 3799; baseline -0.001 -16"><span class='ocrx_word' id='word_1_656' title='bbox 1905 3729 2021 3783; x_wconf 87' lang='lat' dir='ltr'><strong>sine</strong></span> <span class='ocrx_word' id='word_1_657' title='bbox 2047 3728 2209 3784; x_wconf 88' lang='lat' dir='ltr'><strong>dubio</strong></span> <span class='ocrx_word' id='word_1_658' title='bbox 2252 3737 2303 3784; x_wconf 91' lang='lat' dir='ltr'><strong>te</strong></span> <span class='ocrx_word' id='word_1_659' title='bbox 2333 3728 2786 3799; x_wconf 86' lang='lat' dir='ltr'><strong>perstringemus,</strong></span> <span class='ocrx_word' id='word_1_660' title='bbox 2814 3729 2988 3783; x_wconf 87' lang='lat' dir='ltr'><strong>donec</strong></span> <span class='ocrx_word' id='word_1_661' title='bbox 3026 3738 3118 3780; x_wconf 89' lang='lat' dir='ltr'><strong>aut</strong></span> <span class='ocrx_word' id='word_1_662' title='bbox 3146 3726 3478 3792; x_wconf 83' lang='lat' dir='ltr'><strong>satisfacias,</strong></span> 
     </span>
    </p>
   </div>
   <div class='ocr_carea' id='block_1_88' title="bbox 1905 3815 3479 3887">
    <p class='ocr_par' dir='ltr' id='par_1_88' title="bbox 1905 3815 3479 3887">
     <span class='ocr_line' id='line_1_88' title="bbox 1905 3815 3479 3887; baseline -0.001 -16"><span class='ocrx_word' id='word_1_663' title='bbox 1905 3817 2236 3872; x_wconf 79' lang='lat' dir='ltr'><strong>autRomam</strong></span> <span class='ocrx_word' id='word_1_664' title='bbox 2259 3817 2398 3887; x_wconf 90' lang='lat' dir='ltr'><strong>apud</strong></span> <span class='ocrx_word' id='word_1_665' title='bbox 2417 3819 2671 3871; x_wconf 89' lang='lat' dir='ltr'><strong>domuum</strong></span> <span class='ocrx_word' id='word_1_666' title='bbox 2714 3831 2904 3886; x_wconf 87' lang='lat' dir='ltr'><strong>papam</strong></span> <span class='ocrx_word' id='word_1_667' title='bbox 2936 3815 3357 3870; x_wconf 88' lang='lat' dir='ltr'><strong>ratiocinaturus</strong></span> <span class='ocrx_word' id='word_1_668' title='bbox 3383 3829 3479 3883; x_wconf 88' lang='lat' dir='ltr'><strong>pe-</strong></span> 
     </span>
    </p>
   </div>
   <div class='ocr_carea' id='block_1_89' title="bbox 1905 3904 3477 3978">
    <p class='ocr_par' dir='ltr' id='par_1_89' title="bbox 1905 3904 3477 3978">
     <span class='ocr_line' id='line_1_89' title="bbox 1905 3904 3477 3978; baseline -0.003 -16"><span class='ocrx_word' id='word_1_669' title='bbox 1905 3917 2008 3962; x_wconf 75' lang='lat' dir='ltr'><strong>tas.</strong></span> <span class='ocrx_word' id='word_1_670' title='bbox 2027 3906 2398 3978; x_wconf 89' lang='lat' dir='ltr'><strong>Cujuslitteris</strong></span> <span class='ocrx_word' id='word_1_671' title='bbox 2416 3908 2528 3977; x_wconf 88' lang='lat' dir='ltr'><strong>jam</strong></span> <span class='ocrx_word' id='word_1_672' title='bbox 2548 3907 2630 3962; x_wconf 87' lang='lat' dir='ltr'><strong>bis</strong></span> <span class='ocrx_word' id='word_1_673' title='bbox 2651 3907 2884 3962; x_wconf 91' lang='lat' dir='ltr'><strong>monitus</strong></span> <span class='ocrx_word' id='word_1_674' title='bbox 2909 3920 2984 3970; x_wconf 89' lang='lat' dir='ltr'><strong>es,</strong></span> <span class='ocrx_word' id='word_1_675' title='bbox 3013 3913 3069 3960; x_wconf 90' lang='lat' dir='ltr'><strong>et</strong></span> <span class='ocrx_word' id='word_1_676' title='bbox 3103 3920 3134 3959; x_wconf 89' lang='lat' dir='ltr'><strong>a</strong></span> <span class='ocrx_word' id='word_1_677' title='bbox 3158 3913 3307 3960; x_wconf 89' lang='lat' dir='ltr'><strong>tanto</strong></span> <span class='ocrx_word' id='word_1_678' title='bbox 3337 3904 3477 3975; x_wconf 81' lang='lat' dir='ltr'><strong>faci-</strong></span> 
     </span>
    </p>
   </div>
   <div class='ocr_carea' id='block_1_90' title="bbox 1905 3994 3474 4068">
    <p class='ocr_par' dir='ltr' id='par_1_90' title="bbox 1905 3994 3474 4068">
     <span class='ocr_line' id='line_1_90' title="bbox 1905 3994 3474 4068; baseline -0.003 -16"><span class='ocrx_word' id='word_1_679' title='bbox 1905 4013 2037 4053; x_wconf 87' lang='lat' dir='ltr'><strong>nore</strong></span> <span class='ocrx_word' id='word_1_680' title='bbox 2066 3996 2390 4068; x_wconf 89' lang='lat' dir='ltr'><strong>prohibitus.</strong></span> <span class='ocrx_word' id='word_1_681' title='bbox 2421 3997 2572 4053; x_wconf 91' lang='lat' dir='ltr'><strong>Unde</strong></span> <span class='ocrx_word' id='word_1_682' title='bbox 2605 4005 2660 4051; x_wconf 92' lang='lat' dir='ltr'><strong>et</strong></span> <span class='ocrx_word' id='word_1_683' title='bbox 2697 4011 2796 4051; x_wconf 92' lang='lat' dir='ltr'><strong>nos</strong></span> <span class='ocrx_word' id='word_1_684' title='bbox 2823 4003 2944 4066; x_wconf 91' lang='lat' dir='ltr'><strong>post</strong></span> <span class='ocrx_word' id='word_1_685' title='bbox 2967 3994 3138 4061; x_wconf 91' lang='lat' dir='ltr'><strong>illum,</strong></span> <span class='ocrx_word' id='word_1_686' title='bbox 3169 3995 3338 4054; x_wconf 82' lang='lat' dir='ltr'><strong>tercio</strong></span> <span class='ocrx_word' id='word_1_687' title='bbox 3360 3995 3474 4064; x_wconf 87' lang='lat' dir='ltr'><strong>jam</strong></span> 
     </span>
    </p>
   </div>
   <div class='ocr_carea' id='block_1_91' title="bbox 1907 4086 3476 4155">
    <p class='ocr_par' dir='ltr' id='par_1_91' title="bbox 1907 4086 3476 4155">
     <span class='ocr_line' id='line_1_91' title="bbox 1907 4086 3476 4155; baseline -0.004 -9"><span class='ocrx_word' id='word_1_688' title='bbox 1907 4100 1961 4146; x_wconf 92' lang='lat' dir='ltr'><strong>te</strong></span> <span class='ocrx_word' id='word_1_689' title='bbox 1982 4091 2046 4146; x_wconf 90' lang='lat' dir='ltr'><strong>ad</strong></span> <span class='ocrx_word' id='word_1_690' title='bbox 2060 4090 2452 4148; x_wconf 85' lang='lat' dir='ltr'><strong>correctionem</strong></span> <span class='ocrx_word' id='word_1_691' title='bbox 2475 4103 2791 4144; x_wconf 85' lang='lat' dir='ltr'><strong>revocamus</strong></span> <span class='ocrx_word' id='word_1_692' title='bbox 2814 4088 2904 4141; x_wconf 68' lang='grc'><strong>³⁷³.</strong></span> <span class='ocrx_word' id='word_1_693' title='bbox 2927 4106 2944 4138; x_wconf 78' lang='grc' dir='ltr'><strong><em>ι</em></strong></span> <span class='ocrx_word' id='word_1_694' title='bbox 2968 4087 3098 4155; x_wconf 57' lang='lat' dir='ltr'><strong>Quae</strong></span> <span class='ocrx_word' id='word_1_695' title='bbox 3120 4086 3283 4142; x_wconf 91' lang='lat' dir='ltr'><strong>totius</strong></span> <span class='ocrx_word' id='word_1_696' title='bbox 3301 4087 3476 4141; x_wconf 89' lang='lat' dir='ltr'><strong>sinodi</strong></span> 
     </span>
    </p>
   </div>
   <div class='ocr_carea' id='block_1_92' title="bbox 1907 4179 3480 4250">
    <p class='ocr_par' dir='ltr' id='par_1_92' title="bbox 1907 4179 3480 4250">
     <span class='ocr_line' id='line_1_92' title="bbox 1907 4179 3480 4250; baseline -0.004 -14"><span class='ocrx_word' id='word_1_697' title='bbox 1907 4182 2229 4237; x_wconf 89' lang='lat' dir='ltr'><strong>auctoritate</strong></span> <span class='ocrx_word' id='word_1_698' title='bbox 2243 4182 2517 4244; x_wconf 91' lang='lat' dir='ltr'><strong>roborata,</strong></span> <span class='ocrx_word' id='word_1_699' title='bbox 2535 4181 2656 4235; x_wconf 92' lang='lat' dir='ltr'><strong>duci</strong></span> <span class='ocrx_word' id='word_1_700' title='bbox 2677 4195 2773 4249; x_wconf 91' lang='lat' dir='ltr'><strong>per</strong></span> <span class='ocrx_word' id='word_1_701' title='bbox 2793 4179 2997 4250; x_wconf 85' lang='lat' dir='ltr'><strong>legatos</strong></span> <span class='ocrx_word' id='word_1_702' title='bbox 3017 4193 3140 4234; x_wconf 84' lang='lat' dir='ltr'><strong>mox</strong></span> <span class='ocrx_word' id='word_1_703' title='bbox 3157 4179 3364 4235; x_wconf 89' lang='lat' dir='ltr'><strong>directa</strong></span> <span class='ocrx_word' id='word_1_704' title='bbox 3378 4187 3480 4232; x_wconf 87' lang='lat' dir='ltr'><strong>est.</strong></span> 
     </span>
    </p>
   </div>
   <div class='ocr_carea' id='block_1_93' title="bbox 1977 4267 3482 4340">
    <p class='ocr_par' dir='ltr' id='par_1_93' title="bbox 1977 4267 3482 4340">
     <span class='ocr_line' id='line_1_93' title="bbox 1977 4267 3482 4340; baseline -0.001 -17"><span class='ocrx_word' id='word_1_705' title='bbox 1977 4270 2066 4326; x_wconf 87' lang='lat'><strong>78.</strong></span> <span class='ocrx_word' id='word_1_706' title='bbox 2100 4271 2276 4326; x_wconf 77' lang='lat' dir='ltr'><strong>Causa</strong></span> <span class='ocrx_word' id='word_1_707' title='bbox 2323 4269 2550 4324; x_wconf 78' lang='lat' dir='ltr'><strong>Artoldi.</strong></span> <span class='ocrx_word' id='word_1_708' title='bbox 2579 4299 2649 4310; x_wconf 89' lang='lat'><strong><em>—</em></strong></span> <span class='ocrx_word' id='word_1_709' title='bbox 2680 4270 2810 4324; x_wconf 85' lang='lat' dir='ltr'><strong>Post</strong></span> <span class='ocrx_word' id='word_1_710' title='bbox 2835 4270 2950 4324; x_wconf 80' lang='lat' dir='ltr'><strong>haec</strong></span> <span class='ocrx_word' id='word_1_711' title='bbox 2976 4285 3201 4340; x_wconf 88' lang='lat' dir='ltr'><strong>surgens</strong></span> <span class='ocrx_word' id='word_1_712' title='bbox 3225 4267 3482 4322; x_wconf 79' lang='lat' dir='ltr'><strong>Artoldus</strong></span> 
     </span>
    </p>
   </div>
   <div class='ocr_carea' id='block_1_94' title="bbox 1830 4359 3478 4464">
    <p class='ocr_par' dir='ltr' id='par_1_94' title="bbox 1830 4359 3478 4464">
     <span class='ocr_line' id='line_1_94' title="bbox 1830 4359 3478 4464; baseline -0.003 -49"><span class='ocrx_word' id='word_1_713' title='bbox 1830 4401 1882 4464; x_wconf 65' lang='grc' dir='ltr'><strong><em>υ</em></strong></span> <span class='ocrx_word' id='word_1_714' title='bbox 1909 4361 2368 4433; x_wconf 86' lang='lat' dir='ltr'><strong>archiepiscopus,</strong></span> <span class='ocrx_word' id='word_1_715' title='bbox 2414 4377 2597 4416; x_wconf 90' lang='lat' dir='ltr'><strong>rerum</strong></span> <span class='ocrx_word' id='word_1_716' title='bbox 2643 4361 2914 4425; x_wconf 78' lang='lat' dir='ltr'><strong>ordinent,</strong></span> <span class='ocrx_word' id='word_1_717' title='bbox 2943 4361 3034 4416; x_wconf 88' lang='lat' dir='ltr'><strong>sed</strong></span> <span class='ocrx_word' id='word_1_718' title='bbox 3074 4369 3130 4415; x_wconf 90' lang='lat' dir='ltr'><strong>et</strong></span> <span class='ocrx_word' id='word_1_719' title='bbox 3171 4359 3339 4430; x_wconf 90' lang='lat' dir='ltr'><strong>ipsius</strong></span> <span class='ocrx_word' id='word_1_720' title='bbox 3367 4359 3478 4412; x_wconf 91' lang='lat' dir='ltr'><strong>litis</strong></span> 
     </span>
    </p>
   </div>
   <div class='ocr_carea' id='block_1_95' title="bbox 1908 4445 3485 4522">
    <p class='ocr_par' dir='ltr' id='par_1_95' title="bbox 1908 4445 3485 4522">
     <span class='ocr_line' id='line_1_95' title="bbox 1908 4445 3485 4522; baseline -0.003 -18"><span class='ocrx_word' id='word_1_721' title='bbox 1908 4451 2120 4506; x_wconf 89' lang='lat' dir='ltr'><strong>initium</strong></span> <span class='ocrx_word' id='word_1_722' title='bbox 2162 4465 2283 4521; x_wconf 67' lang='lat' dir='ltr'><strong>qua:</strong></span> <span class='ocrx_word' id='word_1_723' title='bbox 2321 4450 2628 4522; x_wconf 86' lang='lat' dir='ltr'><strong>agitabatur</strong></span> <span class='ocrx_word' id='word_1_724' title='bbox 2654 4449 2798 4505; x_wconf 87' lang='lat' dir='ltr'><strong>inter</strong></span> <span class='ocrx_word' id='word_1_725' title='bbox 2824 4462 2942 4505; x_wconf 81' lang='lat' dir='ltr'><strong>sese</strong></span> <span class='ocrx_word' id='word_1_726' title='bbox 2969 4457 3025 4504; x_wconf 92' lang='lat' dir='ltr'><strong>et</strong></span> <span class='ocrx_word' id='word_1_727' title='bbox 3064 4447 3343 4520; x_wconf 70' lang='lat' dir='ltr'><strong>l-lugonem</strong></span> <span class='ocrx_word' id='word_1_728' title='bbox 3381 4445 3485 4500; x_wconf 89' lang='lat' dir='ltr'><strong>sibi</strong></span> 
     </span>
    </p>
   </div>
   <div class='ocr_carea' id='block_1_96' title="bbox 1908 4536 3482 4614">
    <p class='ocr_par' dir='ltr' id='par_1_96' title="bbox 1908 4536 3482 4614">
     <span class='ocr_line' id='line_1_96' title="bbox 1908 4536 3482 4614; baseline -0.005 -18"><span class='ocrx_word' id='word_1_729' title='bbox 1908 4541 2258 4611; x_wconf 85' lang='lat' dir='ltr'><strong>subrogatum</strong></span> <span class='ocrx_word' id='word_1_730' title='bbox 2328 4541 2638 4614; x_wconf 90' lang='lat' dir='ltr'><strong>episcopum</strong></span> <span class='ocrx_word' id='word_1_731' title='bbox 2663 4578 2679 4605; x_wconf 93' lang='lat'><strong>,</strong></span> <span class='ocrx_word' id='word_1_732' title='bbox 2727 4538 3151 4596; x_wconf 87' lang='lat' dir='ltr'><strong>luculentissime</strong></span> <span class='ocrx_word' id='word_1_733' title='bbox 3171 4541 3183 4554; x_wconf 86' lang='lat'><strong><em>‘</em></strong></span> <span class='ocrx_word' id='word_1_734' title='bbox 3207 4536 3482 4594; x_wconf 88' lang='lat' dir='ltr'><strong>disseruit.</strong></span> 
     </span>
    </p>
   </div>
   <div class='ocr_carea' id='block_1_97' title="bbox 1907 4629 3484 4706">
    <p class='ocr_par' dir='ltr' id='par_1_97' title="bbox 1907 4629 3484 4706">
     <span class='ocr_line' id='line_1_97' title="bbox 1907 4629 3484 4706; baseline -0.005 -20"><span class='ocrx_word' id='word_1_735' title='bbox 1907 4632 2048 4701; x_wconf 90' lang='lat' dir='ltr'><strong>Quin</strong></span> <span class='ocrx_word' id='word_1_736' title='bbox 2076 4640 2134 4686; x_wconf 92' lang='lat' dir='ltr'><strong>et</strong></span> <span class='ocrx_word' id='word_1_737' title='bbox 2152 4629 2434 4706; x_wconf 89' lang='lat' dir='ltr'><strong>epistolam</strong></span> <span class='ocrx_word' id='word_1_738' title='bbox 2463 4629 2690 4703; x_wconf 88' lang='lat' dir='ltr'><strong>profert,</strong></span> <span class='ocrx_word' id='word_1_739' title='bbox 2724 4629 3034 4698; x_wconf 83' lang='lat' dir='ltr'><strong>nuperrime</strong></span> <span class='ocrx_word' id='word_1_740' title='bbox 3061 4644 3091 4682; x_wconf 92' lang='lat' dir='ltr'><strong>a</strong></span> <span class='ocrx_word' id='word_1_741' title='bbox 3120 4629 3316 4684; x_wconf 88' lang='lat' dir='ltr'><strong>domno</strong></span> <span class='ocrx_word' id='word_1_742' title='bbox 3344 4639 3484 4697; x_wconf 88' lang='lat' dir='ltr'><strong>papa</strong></span> 
     </span>
    </p>
   </div>
   <div class='ocr_carea' id='block_1_98' title="bbox 1906 4717 3486 4794">
    <p class='ocr_par' dir='ltr' id='par_1_98' title="bbox 1906 4717 3486 4794">
     <span class='ocr_line' id='line_1_98' title="bbox 1906 4717 3486 4794; baseline -0.008 -16"><span class='ocrx_word' id='word_1_743' title='bbox 1906 4724 2012 4782; x_wconf 87' lang='lat' dir='ltr'><strong>sibi</strong></span> <span class='ocrx_word' id='word_1_744' title='bbox 2058 4723 2346 4787; x_wconf 87' lang='lat' dir='ltr'><strong>directam,</strong></span> <span class='ocrx_word' id='word_1_745' title='bbox 2384 4734 2482 4794; x_wconf 87' lang='lat' dir='ltr'><strong>per</strong></span> <span class='ocrx_word' id='word_1_746' title='bbox 2519 4735 2679 4790; x_wconf 88' lang='lat' dir='ltr'><strong>quam</strong></span> <span class='ocrx_word' id='word_1_747' title='bbox 2713 4719 3081 4793; x_wconf 73' lang='lat' dir='ltr'><strong>episcopatum</strong></span> <span class='ocrx_word' id='word_1_748' title='bbox 3112 4717 3214 4774; x_wconf 79' lang='lat' dir='ltr'><strong>sibi</strong></span> <span class='ocrx_word' id='word_1_749' title='bbox 3242 4717 3486 4772; x_wconf 87' lang='lat' dir='ltr'><strong>retinen-</strong></span> 
     </span>
    </p>
   </div>
   <div class='ocr_carea' id='block_1_99' title="bbox 1908 4804 3493 4886">
    <p class='ocr_par' dir='ltr' id='par_1_99' title="bbox 1908 4804 3493 4886">
     <span class='ocr_line' id='line_1_99' title="bbox 1908 4804 3493 4886; baseline -0.01 -15"><span class='ocrx_word' id='word_1_750' title='bbox 1908 4816 2037 4873; x_wconf 87' lang='lat' dir='ltr'><strong>dum</strong></span> <span class='ocrx_word' id='word_1_751' title='bbox 2064 4813 2424 4886; x_wconf 81' lang='lat' dir='ltr'><strong>significabat.</strong></span> <span class='ocrx_word' id='word_1_752' title='bbox 2457 4812 2584 4866; x_wconf 64' lang='lat' dir='ltr'><strong>Post</strong></span> <span class='ocrx_word' id='word_1_753' title='bbox 2610 4810 2763 4880; x_wconf 88' lang='lat' dir='ltr'><strong>cujus</strong></span> <span class='ocrx_word' id='word_1_754' title='bbox 2786 4810 3309 4878; x_wconf 85' lang='lat' dir='ltr'><strong>interpretationem,</strong></span> <span class='ocrx_word' id='word_1_755' title='bbox 3337 4804 3493 4872; x_wconf 82' lang='lat' dir='ltr'><strong>Sige-</strong></span> 
     </span>
    </p>
   </div>
   <div class='ocr_carea' id='block_1_100' title="bbox 1914 4895 3490 4982">
    <p class='ocr_par' dir='ltr' id='par_1_100' title="bbox 1914 4895 3490 4982">
     <span class='ocr_line' id='line_1_100' title="bbox 1914 4895 3490 4982; baseline -0.011 -22"><span class='ocrx_word' id='word_1_756' title='bbox 1914 4905 2106 4962; x_wconf 90' lang='lat' dir='ltr'><strong>boldus</strong></span> <span class='ocrx_word' id='word_1_757' title='bbox 2137 4908 2356 4982; x_wconf 87' lang='lat' dir='ltr'><strong>quidam</strong></span> <span class='ocrx_word' id='word_1_758' title='bbox 2383 4901 2622 4974; x_wconf 82' lang='lat' dir='ltr'><strong>praedicti</strong></span> <span class='ocrx_word' id='word_1_759' title='bbox 2646 4899 2884 4975; x_wconf 79' lang='lat' dir='ltr'><strong>llugonis</strong></span> <span class='ocrx_word' id='word_1_760' title='bbox 2907 4899 3155 4962; x_wconf 89' lang='lat' dir='ltr'><strong>clericus,</strong></span> <span class='ocrx_word' id='word_1_761' title='bbox 3174 4895 3332 4952; x_wconf 88' lang='lat' dir='ltr'><strong>aliam</strong></span> <span class='ocrx_word' id='word_1_762' title='bbox 3364 4904 3490 4948; x_wconf 71' lang='lat' dir='ltr'><strong>mox</strong></span> 
     </span>
    </p>
   </div>
   <div class='ocr_carea' id='block_1_101' title="bbox 1507 5037 2189 5108">
    <p class='ocr_par' dir='ltr' id='par_1_101' title="bbox 1507 5037 2189 5108">
     <span class='ocr_line' id='line_1_101' title="bbox 1507 5037 2189 5108; baseline 0.018 -16"><span class='ocrx_word' id='word_1_763' title='bbox 1507 5038 1740 5095; x_wconf 65' lang='lat' dir='ltr'><strong>VARIA‘J</strong></span> <span class='ocrx_word' id='word_1_764' title='bbox 1778 5037 2189 5108; x_wconf 84' lang='lat' dir='ltr'><strong>LECTIONES.</strong></span> 
     </span>
    </p>
   </div>
   <div class='ocr_carea' id='block_1_102' title="bbox 237 5156 3491 5256">
    <p class='ocr_par' dir='ltr' id='par_1_102' title="bbox 237 5156 3491 5256">
     <span class='ocr_line' id='line_1_102' title="bbox 237 5156 3491 5256; baseline 0 0"><span class='ocrx_word' id='word_1_765' title='bbox 1017 5166 1427 5256; x_wconf 53' lang='grc' dir='ltr'><strong>ιξςετιίμμεεεεεαε</strong></span> <span class='ocrx_word' id='word_1_766' title='bbox 1457 5168 1840 5256; x_wconf 46' lang='lat' dir='ltr'><strong>ﬂia-tertia</strong></span> <span class='ocrx_word' id='word_1_767' title='bbox 1873 5172 2040 5256; x_wconf 65' lang='lat' dir='ltr'><strong>mas</strong></span> <span class='ocrx_word' id='word_1_768' title='bbox 2066 5185 2240 5244; x_wconf 59' lang='lat' dir='ltr'><strong>sinodi</strong></span> <span class='ocrx_word' id='word_1_769' title='bbox 2269 5181 2361 5238; x_wconf 68' lang='lat' dir='ltr'><strong>die</strong></span> <span class='ocrx_word' id='word_1_770' title='bbox 2389 5173 2491 5256; x_wconf 73' lang='grc' dir='ltr'><strong>αοιε</strong></span> <span class='ocrx_word' id='word_1_771' title='bbox 2661 5171 2791 5228; x_wconf 55' lang='lat' dir='ltr'><strong>nes.</strong></span> <span class='ocrx_word' id='word_1_772' title='bbox 2846 5170 2954 5237; x_wconf 60' lang='lat' dir='ltr'><strong>Ma.</strong></span> <span class='ocrx_word' id='word_1_773' title='bbox 3009 5177 3218 5236; x_wconf 67' lang='lat' dir='ltr'><strong>Wo</strong></span> <span class='ocrx_word' id='word_1_774' title='bbox 3264 5159 3491 5216; x_wconf 72' lang='grc' dir='ltr'><strong>αυεσίεα·</strong></span> 
     </span>
    </p>
   </div>
   <div class='ocr_carea' id='block_1_103' title="bbox 327 5227 2521 5320">
    <p class='ocr_par' dir='ltr' id='par_1_103' title="bbox 327 5227 2521 5320">
     <span class='ocr_line' id='line_1_103' title="bbox 327 5227 2521 5320; baseline 0.007 -40"><span class='ocrx_word' id='word_1_775' title='bbox 327 5227 426 5290; x_wconf 81' lang='lat' dir='ltr'><strong>Or,</strong></span> <span class='ocrx_word' id='word_1_776' title='bbox 461 5232 536 5286; x_wconf 89' lang='lat' dir='ltr'><strong>nis</strong></span> <span class='ocrx_word' id='word_1_777' title='bbox 564 5235 792 5288; x_wconf 77' lang='lat' dir='ltr'><strong>abscisa.</strong></span> <span class='ocrx_word' id='word_1_778' title='bbox 866 5227 984 5289; x_wconf 68' lang='lat' dir='ltr'><strong>ma</strong></span> <span class='ocrx_word' id='word_1_779' title='bbox 1022 5241 1084 5306; x_wconf 87' lang='lat' dir='ltr'><strong>si,</strong></span> <span class='ocrx_word' id='word_1_780' title='bbox 1112 5241 1178 5320; x_wconf 75' lang='lat' dir='ltr'><strong>ad</strong></span> <span class='ocrx_word' id='word_1_781' title='bbox 1213 5240 1494 5311; x_wconf 81' lang='lat' dir='ltr'><strong>llttgonem</strong></span> <span class='ocrx_word' id='word_1_782' title='bbox 1525 5246 1611 5292; x_wconf 83' lang='lat' dir='ltr'><strong>ala</strong></span> <span class='ocrx_word' id='word_1_783' title='bbox 1648 5239 1870 5297; x_wconf 78' lang='lat' dir='ltr'><strong>abscisa.</strong></span> <span class='ocrx_word' id='word_1_784' title='bbox 1904 5227 2434 5318; x_wconf 15' lang='grc' dir='ltr'><strong>ίῂῖἶῖ</strong></span> <span class='ocrx_word' id='word_1_785' title='bbox 2472 5244 2521 5297; x_wconf 83' lang='grc'><strong>1.</strong></span> 
     </span>
    </p>
   </div>
  </div>
