3988 5362
1850 131 2082 140 v.——..-.-

519 209 586 264 83
1628 215 1901 276 NUMERI
1942 213 1997 270 S.
2023 214 2281 271 Blildlﬂll
2320 215 2626 272 MONACIH
3689 209 3758 268 84

519 318 798 387 epistolam
827 321 1015 378 sinodo
1049 323 1496 392 porrexit,'signo
1527 323 1705 376 domui
1739 338 1888 391 papae
1918 323 2090 377 muni-
2119 325 2162 383 Λ

521 421 652 474 tam,
685 419 739 464 et
760 411 828 465 ab
859 410 1004 468 Urbe
1033 428 1214 484 asese
1246 413 1497 467 delatam.
1531 411 1658 477 Quae
1687 413 1850 465 etiam
1883 413 1933 465 in
1959 427 2087 465 con—

519 506 706 566 spectu
763 501 1136 570 episcoporum
1188 505 1412 558 recitata
1466 512 1628 571 atque
1679 502 2089 572 diligentissime

519 588 763 645 discussa
783 600 884 645 est.
910 591 964 645 In
993 592 1145 662 cujus
1175 599 1321 646 textu
1344 593 1395 646 id
1422 593 1593 647 solum
1621 591 1919 656 dicebatur,
1945 590 2091 660 quod

520 677 784 736 Rodulfus
811 681 1184 738 Laudunensis
1213 685 1514 753 episcopus.
1557 683 1720 738 Wido
1745 684 1905 738 etiam
1931 683 2092 737 Sues-

508 768 758 834 suulcus,
785 785 993 826 necnon
1043 778 1098 826 et
1127 770 1464 842 Hildegarius
1492 771 1854 836 Belvacensis,
1897 771 2094 827 ceteri-

520 871 628 948 que
659 857 944 914 Remensis
967 859 1252 948 dioceseos
1276 862 1537 932 episcopi,
1571 861 1639 916 ad
1662 860 1842 916 sedem
1873 869 2094 931 aposto-

521 946 681 1001 licam
728 963 826 1018 pro
866 946 1507 1022 restitutione‘llugonis,
1536 962 1592 1006 et
1635 953 1972 1008 abdicatione
1992 951 2095 1005 Ar-

521 1033 671 1101 toldi,
701 1037 984 1105 epistolam
1016 1039 1280 1094 miserint.
1317 1039 1471 1094 Unde
1506 1051 1562 1095 et
1611 1040 1867 1096 domuum
1897 1054 2093 1111 papam

502 1124 590 1180 ad
619 1138 805 1179 eorum
837 1136 982 1193 vota,
1031 1143 1328 1198 eorumque
1368 1130 1697 1199 petitionem,
1751 1130 1930 1184 omnia
1979 1127 2096 1183 fieri

498 1217 677 1272 -velle.
706 1218 836 1274 Post
855 1219 1010 1288 cujus
1034 1221 1432 1286 recitationem,
1455 1222 1695 1292 prmdicti
1725 1237 1847 1276 mox
1871 1235 2097 1274 consur-

523 1317 714 1379 gentes
736 1311 1006 1380 episcopi,
1048 1310 1290 1381 epistolae
1316 1313 1642 1367 sententiam
1672 1313 1887 1382 penitus
1912 1309 2099 1366 confuo

526 1407 712 1452 larunt
749 1415 814 1454 ac
849 1401 1240 1457 calumniarum
1274 1401 1588 1470 injectorem
1618 1404 1887 1457 hominem
1915 1403 2101 1473 perdi-

527 1488 792 1544 tissimum
841 1491 1232 1548 adclamarunt.
1283 1493 1488 1560 Quibus
1517 1509 1638 1549 cum
1669 1493 1946 1550 contraire
1991 1508 2100 1547 non

527 1590 726 1648 posset,
758 1584 1075 1652 quibusdam
1130 1585 1432 1640 maledictis
1471 1601 1567 1642 eos
1616 1585 1861 1649 adortus,
1891 1583 2101 1654 publice

501 1670 597 1728 ~de
621 1672 844 1741 perfidia
870 1673 1263 1732 criminabatur
1292 1675 1384 1728 ³η.

600 1805 689 1861 79.
727 1803 1137 1862 Calumniatoris
1165 1807 1238 1840 ⁸⁷⁸
1266 1808 1624 1878 episcoporum
1676 1804 1973 1876 reprobatio
2008 1803 2099 1855 π’.

536 1927 606 1936 -
631 1897 782 1952 Tunc
810 1915 839 1952 a
869 1899 1064 1953 domno
1099 1898 1314 1953 Manino
1341 1897 1671 1963 decernitur,
1703 1909 1760 1951 ut
1807 1897 2105 1951 recitentur

535 1989 770 2060 capitula
823 1991 888 2046 de
933 1991 1408 2047 calumniatoribus
1453 1991 1679 2061 prolata.
1738 1988 1942 2057 Quibus
1977 2004 2104 2043 mox

534 2079 709 2142 lectis,
743 2094 864 2134 cum
893 2079 1248 2136 calumniator
1279 2081 1437 2136 reniti
1465 2096 1568 2135 non
1594 2088 1797 2150 posset,
1828 2080 2106 2150 episcopo-

498 2243 500 2246 ν
537 2185 654 2224 rum
687 2171 875 2226 inditio
905 2172 1218 2229 diaconatus
1245 2187 1351 2242 quo
1379 2172 1706 2243 fungebatur
1733 2170 1908 2226 oflicio
1929 2154 2108 2240 priva-

542 2273 647 2328 tur,
681 2273 734 2320 ct
766 2280 796 2318 a
823 2275 1113 2335 conspectu
1145 2261 1319 2320 sinodi
1345 2264 1734 2320 contumeliose
1764 2263 2105 2333 reprobatus,

538 2354 690 2408 exire
729 2355 1089 2424 compellitur.
1136 2357 1359 2412 Artoldo
1402 2371 1532 2412 vero
1567 2354 1912 2426 pontificatus
1937 2352 2109 2420 digni-

541 2453 707 2498 tatem
739 2446 1033 2500 secuudum
1070 2461 1337 2501 canonum
1369 2446 1636 2510 instituta,
1668 2452 1988 2512 patrumque
2015 2441 2110 2495 de-

508 2602 513 2606 .
541 2542 710 2597 creta,
736 2534 958 2589 sinodus
982 2534 1284 2590 habendam
1305 2534 1561 2598 decernit,
1584 2542 1745 2602 atque
1773 2531 2110 2596 corroborat,

543 2639 608 2677 eo
635 2624 778 2692 quod
809 2624 1004 2679 nullius
1034 2625 1246 2680 concilii
1277 2623 1576 2678 rationibus
1599 2624 1864 2677 interesse
1904 2620 2115 2687 refuge-

505 2789 510 2792 _
547 2715 635 2770 rit.
663 2717 838 2785 Atque
851 2717 966 2771 haec
985 2717 1156 2787 prima
1179 2716 1539 2775 consessionis
1554 2715 1640 2770 die
1659 2714 1949 2771 constituta
1965 2720 2110 2767 sunt.

616 2827 704 2882 80.
732 2825 977 2882 Secunda
1004 2842 1132 2881 vero
1161 2827 1267 2892 die,
1291 2835 1412 2895 post
1446 2826 1702 2880 recitatas
1730 2839 1898 2880 sacra:
1929 2832 2114 2878 aucto-

551 2916 727 2970 ritatis
771 2916 1048 2980 lectiones,
1080 2925 1134 2971 et
1163 2917 1346 2971 domni
1377 2915 1622 2970 ltotberti
1653 2914 2057 2977 allocutionem,
2086 2927 2115 2966 a

2266 325 2354 380 8‘2.
2389 329 2679 380 Aualhema
2724 326 2790 362 ³⁷⁸
2825 324 3178 391 episcoporum
3201 321 3287 354 ~‘"
3332 322 3387 373 iu
3427 319 3609 372 ducem
3645 319 3761 386 eju-

2191 435 2315 485 sque
2341 413 2954 486 "'fautores.—Quibus
2984 411 3264 482 diligenter
3293 423 3356 462 ac
3383 405 3641 460 canonice
3669 419 3762 473 pe-

2193 509 2379 572 ractis,
2404 505 2707 560 Ludovicus
2734 520 2829 559 rex
2861 503 2928 556 ab
2956 501 3150 557 Ottone
3179 515 3302 568 rege
3319 497 3546 552 militum
3579 493 3764 562 copias

2191 599 2327 654 duce
2354 598 2659 661 Chonrado,
2683 605 2870 650 eontra
2901 594 3174 664 Hugonem
3229 592 3497 645 tirannum
3544 584 3760 654 accipit.

2193 688 2322 756 Qute
2349 689 2473 742 dum
2496 703 2592 757 per
2616 687 2733 741 dies
2751 684 2820 738 40
2834 673 3231 754 colligerentur,
3262 679 3494 750 episcopi
3519 675 3767 744 supradio

2195 778 2267 832 cti
2299 777 2572 831 tricesima
2605 775 2690 830 die
2729 781 2848 844 post
2876 781 3150 842 peractam
3181 769 3424 824 sinodum
3456 766 3508 819 in
3541 763 3766 820 basilica

2195 871 2367 926 sancti
2397 869 2666 924 Vincentii
2696 868 2936 925 martiris
2982 867 3120 936 apud
3167 861 3480 920 Laudunum
3511 857 3611 913 sub
3640 869 3767 924 rege

2195 961 2466 1016 Ludovico
2491 959 2704 1014 collecti
2750 967 2874 1012 sunt
2903 956 3069 1027 (100).
3105 955 3170 1008 Et
3205 955 3400 1007 iterum
3444 947 3772 1019 prresidente

2196 1054 2450 1124 przedicto
2498 1051 2732 1113 Marino,
2781 1058 2904 1119 post
2948 1062 3115 1103 sacrae
3173 1045 3468 1114 Scriptura:
3517 1037 3767 1109 paginas,

2196 1160 2316 1214 quze
2363 1143 2434 1197 ibi
2483 1141 2726 1196 recitatze
2760 1148 2814 1194 et
2837 1137 3000 1192 multa
3033 1133 3463 1190 consideratione
3495 1129 3763 1183 discussa:

2200 1242 2346 1298 sunt,
2371 1232 2648 1301 Hugonem
2679 1230 2949 1282 tirannum
2983 1226 3330 1279 anathemate
3361 1222 3639 1277 damnant,
3666 1223 3721 1267 et
3743 1228 3774 1266 a

2200 1333 2386 1380 sancta
2421 1322 2664 1378 mcclesia
2687 1319 2913 1390 pellunt,
2946 1317 3048 1371 nisi
3079 1315 3404 1383 resipiscens
3430 1308 3645 1364 domino
3670 1318 3770 1357 suo

2201 1413 2522 1478 satisfaciat,
2556 1420 2650 1466 aut
2696 1409 2927 1462 Romam
2976 1420 3075 1474 pro
3119 1403 3200 1458 sui
3251 1397 3589 1454 absolutione
3631 1390 3776 1460 apud

2203 1506 2457 1560 domnum
2494 1516 2684 1573 papam
2717 1499 3138 1553 ratiocinaturus
3165 1499 3334 1561 petat.
3366 1488 3426 1542 ιιι
3472 1499 3575 1556 qua
3611 1482 3780 1538 etiam

2203 1598 2420 1660 sinodo,
2457 1595 2635 1665 agitur
2664 1592 2729 1646 de
2773 1587 3039 1659 episcopis
3078 1585 3170 1654 qui
3219 1597 3340 1636 cum
3385 1579 3518 1633 duce
3567 1571 3784 1628 evocati

2130 1669 2174 1728 Β
2206 1689 2381 1752 fuere,
2420 1694 2474 1740 et
2499 1664 2828 1739 distulerunt
2864 1677 3069 1740 venire,
3104 1675 3169 1728 de
3218 1673 3285 1726 iis
3331 1669 3494 1724 etiam
3524 1664 3616 1734 qui
3646 1677 3778 1717 con-

2217 1751 2506 1831 secrationi
2537 1770 2777 1841 Hugonis
2806 1765 3041 1836 episc0pi
3069 1764 3182 1834 jam
3213 1756 3442 1815 abdicati
3477 1755 3661 1809 illicite
3690 1751 3779 1803 in-

2212 1865 2540 1926 terfuerunt,
2570 1861 2653 1914 vel
2682 1859 2770 1928 qui
2803 1858 2870 1911 ab
2897 1857 3013 1924 ipso
3049 1852 3219 1922 pulso,
3246 1847 3327 1902 vel
3359 1853 3482 1914 pust
3505 1841 3782 1899 abdicato,

2213 1963 2404 2010 contra
2439 1952 2520 2005 fas
2556 1949 2880 2004 videbantur
2921 1941 3175 2014 promoti.
3223 1939 3557 1991 Damnantur
3601 1929 3791 1995 itaque

2211 2045 2317 2098 duo
2347 2036 2788 2111 pseudoepiscopi
2818 2029 2893 2088 ‘ab
2919 2031 3138 2100 Hugone
3176 2027 3246 2059 ⁸⁷³
3276 2021 3531 2083 ordinati,
3562 2015 3786 2071 Tctbal-

2213 2134 2313 2188 dus
2339 2131 2547 2187 scilicet
2567 2135 2621 2182 et
2642 2127 2754 2188 lvo,
2781 2136 3011 2193 quorum
3034 2119 3180 2188 prior
3204 2133 3232 2170 a
3258 2113 3410 2184 pulso
3439 2115 3684 2164 sacratus
3703 2111 3795 2160 est

2211 2219 2656 2277 Ambianensium
2689 2214 3005 2283 episcopus,
3053 2206 3192 2262 alter
3236 2217 3366 2259 vero
3412 2199 3480 2254 ab
3538 2195 3796 2250 abdicato

2215 2308 2604 2364 Silletensium.
2633 2291 2930 2358 Damnatus
2972 2307 3026 2352 et
3058 2293 3369 2350 Adelelmus
3412 2283 3794 2344 Laudunensis

2213 2401 2468 2462 acelesiae
2494 2398 2771 2455 diaconus,
2803 2405 2832 2445 a
2875 2387 3107 2444 Rodulfo
3138 2402 3236 2442 suo
3267 2384 3517 2454 episcopo
3548 2379 3615 2412 ³⁷⁷
3658 2377 3796 2431 insi-

2216 2493 2469 2553 mulatus,
2501 2502 2566 2542 eo
2595 2483 2736 2553 quod
2776 2479 3096 2536 Tetbaldum
3150 2472 3676 2531 excommunicatutn
3734 2465 3794 2517 in

2216 2581 2482 2639 ecclesiam
2509 2573 2834 2632 temerarius
2878 2567 3262 2625 introduxerit.
3286 2563 3352 2618 lli
3381 2562 3525 2617 enim
3552 2558 3606 2612 in
3637 2562 3800 2610 ante-

2218 2675 2362 2730 riore
2412 2669 2599 2726 sinodo
2658 2681 2780 2722 cum
2827 2663 2964 2717 duce
3011 2661 3122 2731 iam
3181 2655 3424 2718 evocati,
3475 2646 3801 2706 satisfacere

2221 2758 2694 2829 contempnebant.
2725 2755 2964 2810 Vocatur
2983 2763 3110 2805 vero
3137 2741 3476 2814 llildcgarius
3501 2736 3802 2790 Belvacen-

2178 2875 2179 2878 η
2221 2855 2360 2910 sium
2390 2851 2694 2922 episcOpus,
2728 2845 2911 2901 domni
2952 2841 3143 2896 Marini
3168 2849 3224 2893 et
3247 2837 3620 2905 episcoporum
3640 2826 3794 2897 lega-

2225 2945 2389 3008 tione,
2421 2918 2479 2996 ut
2514 2918 2608 2993 aut
2645 2939 2714 2992 ad
2745 2951 2838 2991 eos
2867 2933 3079 2996 veniat,
3111 2938 3203 2984 aut
3233 2927 3413 2982 sedem
3441 2918 3801 2993 apostolicam

554 3005 848 3106 “nemp”?
897 3005 1506 3106 M3ri"°_.consmuuﬂr’
1540 3012 1614 3106 ,ξη
1651 3003 1925 3106 Ηυοῖιὴηῖ,
1963 3003 2116 3106 iui“?
2147 3013 2191 3075 (ἶ
2223 3050 2321 3106 pro
2375 3003 2474 3088 suo
2527 3029 2768 3085 facinore
2823 3023 3242 3079 ratiocinaturus
3293 3022 3474 3087 petat,
3528 3025 3593 3065 eo
3645 3006 3798 3077 quod

502 3146 505 3150 ,
551 3111 720 3150 sacra:
747 3095 882 3167 legis
911 3097 1256 3160 sententiam,
1281 3094 1606 3165 pontificalis
1637 3093 1869 3162 dignitas
1898 3089 2121 3146 Artoldo

559 3187 809 3240 restituta
859 3196 959 3249 est,
1009 3189 1063 3240 in
1093 3185 1263 3255 ipsius
1288 3200 1635 3256 pervaserem
1660 3182 1920 3239 sinodalis
1946 3179 2124 3250 profe-

555 3286 706 3332 ratur
737 3291 986 3332 censura.
1016 3276 1334 3333 Recitantur
1364 3275 1543 3344 itaque
1572 3274 1786 3330 decreta
1831 3286 2120 3335 canonum,

559 3376 615 3423 et
659 3377 968 3422 sanctorum
999 3366 1244 3420 instituta
1277 3374 1514 3434 patrum,
1541 3362 1862 3426 Innocentii,
1894 3359 2126 3414 Alexan-

503 3509 508 3514 .
555 3457 660 3521 dri,
699 3455 1013 3522 Simmachi,
1039 3454 1198 3520 Sixti,
1222 3454 1498 3519 Celestini,
1522 3453 1745 3517 Zozimi,
1775 3451 1991 3513 Leonis,
2027 3449 2126 3503 Be-

557 3544 773 3608 nefacii,
817 3545 1148 3614 aliorumque
1196 3552 1396 3600 sancta:
1440 3543 1536 3599 Dei
1562 3542 1818 3598 :ecclesite
1844 3541 2128 3596 doctorum

507 3635 864 3710 pilustrium.
938 3635 1175 3704 Quorum
1254 3635 1521 3701 decretis,
1605 3633 1930 3689 unanimiter
1997 3646 2130 3686 ana-

556 3729 940 3796 thematizant,
1007 3737 1169 3798 atque
1217 3738 1284 3781 an
1344 3729 1510 3782 totius
1575 3725 1831 3781 mcclesia:
1887 3738 2129 3778 commu-

506 3871 510 3875 Α
558 3821 720 3908 nione
735 3829 1091 3891 sequestrant,
1117 3819 1393 3890 nugonem
1418 3817 1702 3872 Remensis
1723 3813 1979 3870 mcclesia:
2003 3826 2128 3882 per-

559 3901 831 3978 vaserem,
883 3911 1055 3966 donec
1096 3910 1503 3978 resipiscentem
1533 3906 1790 3977 peniteat,
1825 3918 1890 3959 ac
1915 3917 2013 3973 pro
2044 3901 2123 3954 fa-

558 4006 742 4059 cinore
770 4001 990 4058 offensis
1017 4001 1336 4063 satisfaciat.

630 4139 718 4194 8|.
749 4136 832 4194 Cf.
864 4135 1022 4208 Legg.
1050 4135 1113 4190 ll.
1143 4134 1234 4189 24.
1268 4133 1306 4188 l.
1334 4133 1423 4188 55.
1444 4162 1512 4173 —
1542 4128 1779 4199 Reliquis
1805 4135 1986 4180 autem
2021 4125 2132 4178 die-

558 4232 661 4286 bus
682 4230 956 4285 decretum
988 4236 1073 4283 est
1116 4226 1184 4282 de
1225 4224 1446 4280 incestis
1473 4232 1528 4277 et
1557 4221 1760 4276 illicitis
1803 4217 2132 4288 presbiter-o—

562 4335 680 4375 rum
731 4318 1014 4390 coniugiis,
1055 4316 1123 4371 de
1166 4312 1481 4384 presbiteris
1520 4322 1734 4378 quoque
1777 4304 2131 4362 eukaristiam

562 4413 780 4481 indigne
806 4396 1197 4483 metantibus,
1215 4405 1280 4461 de
1291 4402 1551 4461 aecclesiis
1569 4400 1732 4455 etiam
1753 4414 1782 4452 a
1804 4396 1958 4452 laicis
1980 4395 2131 4449 inde-

560 4505 672 4558 bite
695 4502 997 4573 usurpatis;
1026 4500 1242 4569 aliaque
1268 4495 1522 4553 nonnulla
1547 4494 1618 4549 ibi
1641 4493 1845 4564 prolata
1868 4491 1937 4524 ⁸⁷⁵
1953 4489 2130 4552 fuere,

560 4609 681 4664 qnte
733 4593 1142 4664 diligentissime
1189 4591 1536 4659 investigata,
1567 4597 1728 4656 atque
1761 4584 1967 4639 utiliter
1995 4580 2132 4635 diffi-

507 4687 509 4689 ’
564 4686 676 4740 nita
714 4695 871 4751 sunt;
914 4683 1100 4751 sicque
1129 4682 1349 4735 sinodus
1377 4679 1550 4734 soluta
1581 4686 1683 4732 est.
1713 4674 1972 4729 lndicitur
2001 4685 2131 4724 vero

499 4773 511 4780 "
565 4781 688 4843 post
717 4772 831 4826 dics
872 4771 941 4825 30
986 4771 1180 4825 iterum
1229 4766 1471 4823 habenda
1511 4765 1756 4821 Laudnni
1810 4763 1863 4816 in
1911 4759 2130 4815 basilica

564 4861 736 4915 aMlCll
771 4860 1040 4915 Vincentii
1082 4858 1345 4924 martiris,
1371 4868 1431 4913 ut
1472 4857 1542 4912 ibi
1568 4862 1824 4921 exeratur
1844 4851 2131 4904 anathema

569 4951 622 5004 in
652 4949 930 5020 Hugonem
963 4951 1254 5004 tirannum.

2227 3122 2532 3180 interfuerit
2569 3116 2892 3175 ordinationi
2947 3127 3108 3181 supra
3151 3109 3261 3178 jam
3321 3106 3583 3160 dictorum
3633 3113 3804 3167 pseu-

2227 3215 2689 3284 doepiscoporum.
2757 3207 2993 3262 Vocatur
3035 3211 3089 3256 et
3136 3198 3472 3258 Heribertus,
3527 3187 3806 3246 Heriberti

2229 3304 2426 3361 tiranni
2480 3303 2642 3365 filius,
2690 3299 2760 3353 ob
2798 3295 2936 3352 mala
2964 3309 3081 3363 qua:
3108 3288 3362 3346 :ecelesiis
3403 3283 3486 3337 vel
3533 3277 3806 3350 episcopis

2229 3392 2540 3450 immaniter
2564 3385 2848 3445 inferebat.
2862 3382 3024 3437 Wido
3045 3395 3173 3436 vero
3196 3373 3570 3433 Suessiouicus
3585 3367 3800 3435 episco-

2229 3501 2370 3556 pus,
2418 3498 2540 3540 cum
2590 3497 2620 3534 a
2675 3476 2918 3548 plurimis
2966 3473 3328 3530 laceraretur,
3387 3479 3450 3518 eo
3494 3458 3634 3530 quod
3684 3455 3809 3524 ipse

2232 3554 2508 3649 llugonem
2541 3572 2851 3642 episc0pum
2881 3569 3176 3623 sacrasset,
3207 3559 3259 3612 in
3291 3554 3478 3610 sinodo
3512 3563 3658 3604 reum
3682 3561 3826 3601 sese.

2241 3636 2526 3726 confitens,
2554 3636 2610 3715 et
2640 3636 2802 3712 multa
2832 3651 3122 3728 penitentia
3157 3657 3359 3704 reatum
3389 3641 3691 3713 deplorans,
3725 3636 3814 3688 in-

2237 3753 2636 3812 tercedentibus
2677 3749 2816 3818 apud
2840 3743 3085 3800 sinodum
3109 3738 3330 3794 Artoldo
3358 3744 3518 3803 atque
3547 3728 3815 3794 ltotberto

2235 3843 2676 3916 archiepiscopis,
2710 3817 2930 3894 absolvi
2965 3833 3034 3888 ab
3085 3832 3163 3886 eis
3209 3826 3458 3884 obtinuit.
3508 3817 3814 3874 Wiefridus

2236 3909 2451 4008 quoque
2515 3909 2836 3988 Morinensis
2888 3925 3204 3996 episcopus,
3259 3918 3349 3988 qui
3417 3909 3814 3970 criminabatur

2238 4026 2583 4088 interfuisse,
2639 4017 2894 4076 immunis
2936 4031 2967 4069 a
3022 4012 3249 4068 crimine
3306 4003 3595 4075 reperitur.
3641 3995 3815 4052 Afl'uit

2236 4135 2368 4176 vero
2417 4112 2729 4172 Transmari
2772 4104 3145 4163 Noviomcnsis
3168 4097 3407 4170 episc0pi
3442 4094 3668 4163 legatus,
3704 4086 3814 4142 Sil-

2239 4220 2419 4267 vester
2452 4205 2739 4278 presbiter,
2776 4200 3084 4270 episcopum
3115 4207 3270 4246 suum
3299 4196 3446 4244 tanta
3476 4185 3527 4237 vi
3576 4179 3814 4234 febrium

2238 4304 2510 4358 detentum
2539 4309 2805 4357 asserens,
2830 4300 2889 4345 ut
2909 4291 2974 4344 ad
2998 4285 3244 4341 sinodum
3273 4280 3459 4334 venire
3486 4270 3816 4342 nequiverit,

2162 4377 2210 4435 D
2241 4393 2383 4462 quod
2412 4391 2572 4445 etiam
2610 4388 2664 4441 in
2700 4390 2988 4450 conspectu
3015 4375 3189 4432 sinodi
3222 4373 3447 4426 testibus
3474 4362 3814 4436 approbavit.

2236 4459 2364 4540 fiust
2394 4483 2510 4545 haec
2535 4476 2776 4548 episcopi
2821 4474 2874 4526 in
2913 4484 3009 4525 sua
3046 4466 3374 4522 referuntur.
3408 4459 3646 4512 Domnus
3675 4465 3807 4505 vero

2237 4575 2496 4636 Marinus,
2542 4569 2610 4624 ab
2652 4565 2847 4621 Ottone
2901 4573 3026 4630 rege
3067 4571 3165 4627 per
3212 4553 3417 4622 legatos
3469 4553 3712 4636 rogatus,
3753 4555 3809 4593 ιιι

2186 4697 2188 4700 ν
2240 4674 2419 4735 partes
2443 4627 2748 4716 Germaniae
2773 4627 2998 4714 secedit,
3033 4647 3213 4716 ibique
3241 4638 3541 4696 aecclesiam
3570 4631 3802 4686 Vulden—
3841 4627 3850 4647 ⁷

2239 4723 2314 4809 sis
2351 4747 2665 4806 monasterii
2697 4744 2949 4806 dedicat,
2992 4746 3048 4792 et
3095 4736 3275 4790 hieme
3319 4736 3532 4787 exacta,
3580 4723 3808 4776 Romam
3855 4783 3866 4801 γ’

2239 4846 2396 4900 redit.
2426 4840 2521 4893 llis
2548 4835 2797 4906 expletis,
2827 4828 3086 4886 Rodulfus
3109 4819 3479 4880 Lauduueusis
3505 4815 3806 4906 episcopus,
3850 4837 3869 4906 ‘-

2240 4935 2430 4990 ultimo
2467 4928 2712 5001 corporis
2763 4924 2946 4978 dolore
2990 4919 3286 4980 confectus,
3315 4913 3419 4966 hac
3446 4908 3554 4962 vita
3577 4899 3807 4959 decedit.

1838 5051 2071 5107 vanus
2108 5044 2507 5121 LECTlUNES.

644 5178 713 5208 ""
743 5144 1396 5244 Hucusquegtfqmenlttm
1415 5167 1640 5244 fuscam,
1664 5165 1866 5244 reliqua
1887 5163 2078 5244 codicis
2101 5160 2316 5244 nig'riori
2341 5159 2534 5244 scripta
2557 5162 2696 5244 sunt;

571 5223 1110 5304 latataﬂcwodezrim‘"
1141 5223 1214 5304 VA,
1258 5223 1458 5308 episco,
1506 5237 1554 5307 ej
1583 5223 1832 5308 adscis'a.
1908 5233 1977 5265 ³⁷⁸
2013 5231 2076 5284 ﬂ.
2106 5223 2257 5298 pulso
2284 5229 2363 5284 vel
2387 5227 2634 5280 abdicato
2664 5223 2768 5277 del.

2775 5149 2842 5183 ³⁷³
2867 5146 2983 5210 Cal,
3006 5154 3106 5208 tor,
3133 5153 3288 5210 repro
3302 5136 3553 5210 absenti.-
3594 5126 3665 5162 ⁸¹⁵
3688 5139 3812 5196 pro-

2845 5199 2994 5272 υἷε.
3024 5199 3162 5282 apud
3193 5199 3443 5263 sinodum
3467 5199 3573 5255 def.

2017 5335 2154 5362 \10'1"
2178 5335 2224 5362 Ι)
