3988 5362
524 291 697 313 ροήῆθῆδὶ

223 307 288 370 ss
595 307 609 313 "
692 308 697 313 ‘
1144 323 1621 382 msronunuu
1660 323 1837 379 unm
1878 323 2232 391 QUATUOR.
2270 357 2342 369 —
2378 329 2505 386 Lm.
2545 334 2603 389 ιι.
2675 310 2687 320 ’
3400 351 3468 406 ac

227 425 476 482 Succedit
516 428 568 483 ei
610 444 740 484 vero
776 430 1131 503 iater'regis
1156 449 1223 489 ex
1248 435 1549 490 concubina
1576 433 1792 497 Rorico,
1824 434 1873 492 A
1920 524 1927 525 ί
1970 432 2060 487 86.
2083 432 2195 489 Rex
2216 451 2347 491 vero
2386 437 2688 497 Ludovicus
2732 443 3061 518 Gcrbergam
3115 454 3354 525 reginam
3402 462 3468 514 ad

226 517 365 571 omni
396 532 582 573 rerum
606 520 833 575 scientia
860 522 1095 578 inclitus.

292 608 375 663 83.
421 609 535 665 Rea:
586 612 825 667 cohortes
882 613 1172 669 Maxumum
1231 617 1389 670 mittit
1442 626 1492 670 et
1543 616 1801 686 capit.—

228 701 431 756 luterea
457 705 700 759 exercitu
721 720 787 760 ex
816 707 962 760 omni
988 707 1199 779 Belgica
1225 710 1360 764 duce
1388 709 1637 764 Conrado
1659 707 1800 778 apud

227 812 398 866 regem
431 799 683 861 collecto,
712 808 824 855 tres
843 802 1095 856 cohortes
1116 817 1239 873 rege
1254 803 1476 874 jubente
1504 802 1798 858 Mosomum

226 897 537 951 mittuntur.
564 896 920 968 Compererat
947 900 1145 953 etenim
1178 900 1452 965 Hngonem
1496 898 1799 952 abdicatum

226 985 419 1038 ibidem
458 985 754 1050 reclusum,
783 986 1059 1057 multaque
1089 988 1164 1043 rei
1197 988 1447 1042 militaris
1476 988 1655 1057 inopia
1678 1003 1801 1042 eum

225 1074 429 1129 haberi.
461 1075 728 1131 Cohortes
768 1092 898 1148 ergo
929 1077 1185 1147 oppidum
1231 1079 1285 1134 in
1321 1079 1438 1150 ipso
1482 1080 1804 1150 crepusculo

225 1182 510 1235 aggressus,
574 1169 860 1237 repentina
917 1171 1319 1241 oppugnatione
1380 1171 1803 1242 circumquaque

225 1255 499 1311 infestant.
533 1258 746 1312 Instant
791 1274 1008 1330 quoque
1049 1260 1466 1328 magnanimiter
1489 1276 1703 1331 capere.
1738 1261 1802 1317 Et

225 1347 343 1416 quia
366 1363 561 1403 revera
591 1348 794 1403 milites
822 1349 1202 1418 paucissimos,
1229 1364 1487 1419 armaque
1507 1351 1596 1404 vix
1622 1349 1802 1419 aliqua

222 1440 489 1503 sciebant,
515 1440 885 1496 indesinenter
912 1443 1054 1498 vires
1076 1451 1326 1508 exerunt,
1350 1442 1620 1513 armisque
1647 1444 1807 1498 adur-

223 1540 360 1599 gent.
389 1532 464 1585 At
491 1532 614 1586 aliis
641 1532 904 1605 fatigatis,
927 1534 1015 1590 alii
1041 1536 1230 1591 intacti
1260 1536 1574 1590 succedunt.
1605 1534 1805 1604 Sicque

222 1621 332 1674 sine
379 1621 790 1679 intermissione
817 1626 1195 1694 paucissimos,
1238 1627 1509 1682 numerosi
1539 1635 1800 1682 atterunt.

222 1708 485 1779 Oppidani
538 1728 671 1767 vero
725 1714 942 1769 assidua
1001 1718 1398 1788 expugnatione
1449 1717 1658 1785 attriti,
1714 1720 1802 1774 die

218 1802 386 1855 altera
425 1802 540 1872 jam
560 1802 677 1858 sole
699 1805 928 1860 occiduo
947 1820 1135 1863 omnes
1160 1823 1282 1862 cum
1309 1808 1528 1865 domino
1550 1810 1617 1864 ad
1648 1811 1799 1867 dedi-

221 1891 425 1946 tionem
457 1901 753 1961 cognntnr.
795 1893 852 1948 In
881 1910 988 1964 quo
1020 1897 1271 1962 tumultu,
1302 1913 1409 1969 quo
1435 1914 1633 1970 genere
1664 1901 1800 1973 fuga:

217 1985 485 2049 nescitur,
518 1985 675 2058 llngo
704 1987 987 2044 abdicatus
1016 1991 1216 2045 evadit.
1257 1989 1332 2047 De
1374 1993 1634 2050 militibus
1672 2012 1803 2052 vero

222 2075 306 2143 qui
333 2076 583 2145 potiores
620 2078 961 2147 videbantur,
993 2082 1314 2151 capiuntur,
1345 2098 1411 2140 ac
1456 2086 1655 2159 oppido
1681 2087 1803 2144 aliis

222 2164 519 2233 deputatis,
555 2167 671 2238 regi
700 2168 1061 2223 deducuntur.

282 2256 370 2310 84.
422 2254 542 2310 Rea:
585 2256 820 2312 Montem
870 2270 1083 2317 acutum
1137 2262 1507 2331 capit.—Rex
1547 2282 1677 2323 vero
1714 2284 1805 2327 ca-

214 2355 380 2399 strum
428 2348 579 2415 quod
641 2347 839 2402 dicitur
878 2348 1274 2419 Monsoacutus,
1319 2354 1464 2424 quod
1512 2358 1674 2412 etiam
1722 2369 1808 2415 est

214 2434 470 2492 Laudnno
500 2439 839 2507 contiguum,
869 2454 989 2495 cum
1021 2443 1262 2498 exercitu
1321 2446 1681 2518 oppugnabat.
1739 2449 1807 2505 Et

212 2529 331 2594 quia
360 2542 471 2581 non
499 2528 641 2583 satis
669 2528 845 2586 adhuc
883 2547 1158 2588 murorum
1192 2534 1534 2592 firmamento
1582 2538 1803 2595 claude-

212 2618 388 2679 batur,
425 2634 533 2672 nec
552 2620 846 2676 multitudo
871 2623 1097 2679 militum
1125 2624 1394 2683 sufﬁciens
1422 2632 1704 2687 commode
1730 2632 1804 2687 ibi

211 2708 522 2763 cohabitare
550 2720 787 2780 poterat,
809 2715 1020 2784 urgenti
1043 2717 1308 2773 obsidioni
1330 2719 1532 2776 diutius
1554 2724 1807 2780 resistere

212 2798 459 2864 oppidani
492 2815 608 2854 non
643 2802 938 2883 patiuntur.
964 2805 1102 2861 Victi
1130 2823 1257 2879 ergo
1282 2811 1499 2877 cedunt,
1534 2829 1598 2868 ac
1666 2815 1804 2870 resi-

212 2895 347 2941 stere
377 2890 702 2958 quiescunt.
722 2890 926 2963 Oppido
951 2895 1132 2966 itaque
1152 2909 1334 2969 capto,
1364 2916 1458 2955 rex
1487 2918 1614 2958 suos
1633 2906 1805 2974 depu-

213 2987 303 3043 tat,
340 2991 397 3034 et
427 2982 513 3036 sic
545 2984 845 3039 exercitum
892 2985 1147 3044 Lauduno
1179 2992 1410 3059 inducit;
1468 2996 1803 3053 obsidionem

216 3084 300 3137 per
318 3070 438 3125 loca
468 3074 759 3129 commoda
783 3076 1041 3147 disponit,
1064 3082 1316 3152 viresque
1339 3085 1628 3142 admodum
1673 3104 1802 3143 con-

214 3158 306 3213 fert
326 3162 420 3215 ³⁷⁸.
448 3161 768 3233 Smpissime
789 3169 998 3223 eminus
1046 3171 1378 3229 decertatum
1427 3184 1529 3231 est.
1570 3177 1804 3235 Commi-

214 3265 305 3305 nus
330 3253 506 3307 etiam
531 3254 844 3311 dimicatum
867 3248 1071 3316 novies.
1104 3261 1262 3319 Nullo
1283 3280 1412 3322 vero
1443 3270 1804 3338 prosperioris

211 3336 441 3396 fortuna:
463 3357 748 3410 successu,
776 3349 954 3417 regius
977 3351 1208 3421 impetus
1231 3369 1297 3410 eo
1323 3336 1562 3427 tempore
1574 3336 1798 3417 enituit.

209 3426 537 3486 lmminebat
564 3434 762 3488 etenim
794 3436 987 3494 hiemis
1013 3441 1360 3512 intemperies
1383 3487 1397 3509 ,
1430 3449 1572 3509 unde
1602 3459 1657 3504 et
1687 3451 1802 3506 bel-

212 3518 321 3574 litae
342 3523 620 3577 machina:
643 3524 696 3578 in
721 3528 946 3583 articulo
970 3535 1227 3602 temporis
1257 3535 1513 3593 fabricari
1553 3556 1658 3595 non
1709 3558 1805 3613 po-

213 3620 406 3674 terant,
437 3614 564 3668 sine
615 3617 987 3684 qnibusitanti
1040 3625 1243 3680 montis
1286 3628 1579 3686 eminentia
1628 3648 1800 3704 expu-

213 3702 357 3769 gnari
389 3720 506 3758 non
534 3715 729 3774 potest.
756 3708 919 3779 Regis
942 3712 1124 3785 itaque
1141 3714 1292 3783 jussu
1313 3711 1586 3779 exercitus
1641 3702 1799 3793 redit,

214 3791 385 3847 hieme
442 3803 720 3852 transacta
772 3801 1063 3861 rediturus.
1116 3805 1231 3883 Rex
1273 3824 1402 3866 vero
1444 3811 1630 3870 Remis
1682 3791 1802 3874 sese

214 3885 484 3951 privatum
510 3890 736 3959 recepit.

277 3976 367 4030 85.
392 3976 556 4047 llngo
583 3990 758 4035 autem
786 3983 914 4050 dux,
941 3988 1318 4060 episcoporum
1348 3998 1635 4071 anathema
1683 4000 1802 4056 vili-

213 4070 476 4133 pendens,
501 4085 569 4124 ac
613 4071 724 4142 regi
779 4075 931 4131 subdi
981 4070 1393 4152 contempnens,
1445 4103 1566 4143 cum
1617 4092 1802 4147 multis

215 4158 673 4220 Nortmannorum
717 4170 885 4237 cupiis
931 4173 1134 4242 regiam
1185 4178 1372 4233 urbem
1421 4168 1799 4239 Suessonicam

213 4254 548 4322 aggreditur,
576 4256 850 4330 multaque
870 4263 1144 4320 obsidione
1167 4271 1383 4336 premit.
1425 4272 1575 4328 Alios
1618 4276 1800 4347 itaque

211 4342 436 4398 adortus
460 4343 637 4414 gladio
663 4359 872 4418 enecat,
900 4353 1035 4410 alios
1058 4372 1186 4412 vero
1216 4359 1356 4415 nube
1385 4342 1798 4432 sagittarum—ac

1898 524 2146 579 Ottoncm
2179 526 2399 583 fratrem
2431 546 2585 586 suum
2607 534 2891 605 dirigit,-ut
2914 541 3015 596 sibi
3054 546 3239 613 c0pias
3261 550 3470 607 accele-

1900 624 1983 669 ret
2003 613 2093 669 '7'.
2128 614 2493 673 Proficiscitur
2530 621 2710 692 itaque
2737 626 3050 685 imminente
3072 634 3469 707 sollempnitate

1900 708 2121 778 pascali,
2149 719 2204 763 et
2238 709 2560 782 Aquisgrani
2590 716 2787 785 palatio
2810 734 3054 781 sanctum
3105 732 3305 797 pascha
3349 749 3471 789 cum

1902 802 2069 855 fratre
2117 800 2310 857 Ottone
2352 804 2609 860 celebrat.
2659 808 2997 869 Conveniunt
3056 833 3122 872 ex
3186 819 3473 880 Germania

1900 894 2170 962 principes
2200 897 2459 951 nonnulli.
2487 898 2693 955 Adsunt
2717 918 2780 959 ex
2806 904 3015 978 Belgica
3060 913 3315 969 universi.
3366 916 3477 974 Nec

1900 972 2094 1038 desunt
2121 984 2279 1055 legati
2306 986 2620 1056 Grecorum,
2654 972 2926 1090 ltalprnm:
2956 1000 3271 1070 Anglorum,
3315 1017 3477 1076 atque

1901 1074 2129 1130 aliorum
2152 1076 2394 1145 plurimae
2423 1078 2717 1151 legationes
2745 1074 3077 1155 populorum.
3120 1091 3319 1164 Regina
3349 1074 3479 1166 ergo

1900 1184 2023 1224 cum
2056 1168 2223 1223 fratre
2251 1172 2474 1227 consilio
2506 1174 2707 1240 habito,
2734 1186 2789 1233 et
2816 1190 3033 1250 accepta
3064 1184 3132 1237 ab
3177 1200 3242 1239 co
3292 1188 3478 1242 auxilii
3518 1248 3523 1255 ,

1900 1255 2305 1326 pollicitatione,
2333 1275 2524 1317 secura
2549 1263 2616 1318 ad
2644 1280 2823 1337 regem
2847 1266 3174 1327 Ludovicum
3204 1274 3361 1329 redit.

1971 1348 2061 1403 87.
2108 1347 2409 1407 Ludovicus
2442 1369 2584 1423 vero
2633 1356 2685 1410 in
2734 1359 3002 1414 tirannnm
3076 1362 3263 1429 iratus,
3315 1365 3480 1421 nimio

1902 1438 2067 1493 animi
2099 1438 2310 1496 fervore
2342 1442 2556 1500 Ottonis
2596 1449 2853 1503 auxilium
2905 1456 3200 1521 prrevenire
3251 1458 3479 1513 medita-

1903 1530 2080 1587 batur.
2114 1533 2496 1591 Arbitrabatnr
2525 1541 2748 1606 etenim,
2770 1542 3023 1612 quoniam
3062 1546 3114 1600 in
3144 1546 3298 1619 longa
3323 1564 3480 1604 exer-

1905 1623 2043 1678 citus
2074 1628 2493 1696 exspectatione,
2526 1631 2719 1697 injuria
2744 1634 2908 1688 inulta
2939 1637 3231 1693 videretur.
3264 1637 3486 1694 Confert

1907 1713 2091 1785 itaque
2119 1733 2241 1772 cum
2278 1729 2433 1788 patre
2463 1737 2584 1778 meo
2610 1722 2679 1758 ³⁸⁸
2706 1726 3011 1793 consilium,
3064 1743 3129 1782 eo
3179 1730 3318 1798 quod
3369 1730 3484 1799 ejus

1902 1813 2048 1860 esset
2082 1806 2259 1872 miles,
2287 1811 2527 1881 consiliis
2556 1816 3172 1881 commodus,'facundia
3227 1816 3385 1875 simul
3432 1832 3489 1877 et

1905 1897 2120 1952 audatia
2154 1899 2438 1968 plurimus.
2481 1903 2631 1960 Unde
2679 1914 2734 1961 et
2783 1923 2873 1963 rex
2928 1910 3215 1966 admodum
3267 1912 3329 1968 ei.
3359 1928 3486 1969 con-

1903 1988 2208 2053 suescebat,
2238 1998 2292 2046 et
2314 1993 2455 2062 apud
2481 2008 2602 2049 eum
2633 1997 2910 2067 sepissime
2930 2000 3286 2056 consultabat.
3313 2002 3489 2058 Dicta-

1903 2079 1995 2133 bat
2017 2094 2145 2150 ergo
2170 2090 2324 2151 pater
2340 2098 2492 2140 meus
2526 2083 2599 2119 ³⁸⁸
2653 2088 2791 2159 apud
2834 2105 3014 2161 regem
3055 2101 3111 2146 et
3153 2107 3353 2161 paucos
3395 2095 3487 2163 qni

1905 2169 2229 2237 intererant,
2257 2175 2500 2231 ordinem
2524 2179 2768 2250 capiendi
2795 2179 3109 2236 Laudnnnm
3131 2182 3225 2238 ita.
3243 2183 3485 2240 Primum

1906 2276 2026 2315 sese
2064 2261 2473 2320 observaturum
2493 2270 2911 2338 oportunitatem
2936 2271 3130 2336 aiebat,
3156 2283 3212 2328 et
3262 2291 3330 2328 an
3377 2274 3481 2331 loci

1906 2351 2163 2409 habitudo
2193 2354 2245 2410 id
2295 2355 2481 2424 ferret,
2534 2375 2600 2413 an
2649 2362 2812 2416 etiam
2841 2362 2987 2418 cives
3020 2365 3072 2418 in
3109 2367 3488 2423 observatione

1907 2444 2055 2498 urbis
2077 2447 2376 2502 cautissimi
2404 2448 2749 2517 haberentur,
2777 2454 3184 2525 diligentissime
3234 2459 3485 2528 explora-

1910 2541 2088 2589 turum
2116 2552 2235 2591 sese
2259 2541 2609 2597 memorabat.
2644 2543 2846 2601 Deinde
2877 2548 3093 2603 dicebat
3118 2548 3408 2605 efﬁcaciter
3428 2566 3488 2607 se

1907 2625 2044 2680 adeo
2070 2627 2443 2684 ordinaturum
2464 2633 2665 2698 omnia,
2690 2645 2744 2689 et
2760 2636 2839 2691 sic
2863 2640 2930 2692 ad
2978 2638 3228 2695 cll‘ecturn
3280 2643 3489 2697 utiliter

1908 2717 2278 2782 reducturum,
2325 2726 2384 2771 ut
2427 2720 2555 2774 nulli
2611 2714 2729 2790 post
2773 2741 2891 2780 sese
2929 2728 3217 2798 quicquam
3248 2733 3489 2803 'negotio

1908 2798 2206 2877 inperfecto
2232 2811 2581 2881 supplendum
2612 2816 3031 2888 relinqueretur.

1976 2899 2061 2955 88.
2103 2900 2248 2973 Rege
2276 2917 2406 2974 ergo
2439 2920 2537 2974 per
2563 2906 2675 2962 dies
2702 2894 2903 2978 aliquot
2935 2910 3119 2967 Remis
3147 2912 3483 2982 demorante,

1898 2986 2171 3045 ‘Rodulfns
2204 2990 2445 3047 m—sic
2466 2995 2608 3048 enim
2635 3005 2789 3065 pater
2826 3013 2977 3054 meus
3008 3000 3079 3033 ⁸⁸⁸
3118 3002 3484 3058 dicebatur—
3517 3063 3523 3074 ,

1829 3116 1877 3184 C
1909 3080 2346 3137 commoditatem
2374 3070 2619 3154 patrandi
2649 3088 2849 3159 negotii
2871 3105 2969 3159 per
2990 3107 3117 3147 suos
3148 3094 3485 3164 explorabat.

1906 3171 2193 3244 Missisque
2219 3175 2672 3245 exploratoribus,
2707 3183 2968 3251 comperit
2991 3199 3256 3254 agasones
3285 3188 3486 3241 civium

1902 3280 2000 3333 per
2025 3264 2140 3320 dies
2168 3266 2408 3337 singulas
2435 3268 2587 3323 exire
2615 3269 2682 3324 ab
2708 3271 2842 3325 urbe
2891 3281 3131 3343 tempore
3179 3276 3487 3346 chpertino

1903 3356 2311 3429 quinquagenos
2339 3366 2431 3412 aut
2460 3374 2780 3429 sexagenos,
2820 3374 2874 3417 et
2925 3364 3211 3437 farraginis
3260 3366 3492 3423 fascicno

1904 3448 1984 3503 los
2018 3444 2173 3518 equis
2202 3450 2254 3503 in
2287 3452 2474 3506 urbem
2506 3452 2741 3515 deferre,
2772 3456 3038 3524 capitibus
3067 3458 3136 3512 ob
3164 3458 3293 3513 solis
3322 3459 3486 3513 ardo-

1904 3553 2019 3592 rem
2050 3538 2332 3594 obvolutis.
2393 3540 2560 3610 ldque
2610 3542 2829 3609 cotidie,
2876 3553 2930 3599 et
2982 3555 3221 3615 tempore
3275 3547 3484 3602 eodem.

1904 3629 2055 3696 Quod
2076 3644 2196 3685 cum
2220 3629 2288 3684 ab
2313 3632 2751 3690 observatoribns
2798 3638 2938 3706 patri
2972 3653 3092 3693 meo
3140 3638 3211 3671 ³⁸⁸
3256 3640 3485 3694 relatum

1904 3717 2139 3784 fuisset,
2191 3720 2353 3774 simili
2411 3734 2505 3776 eos
2559 3726 2818 3779 exercitio
2857 3741 3015 3795 posse
3060 3727 3170 3781 falli
3231 3729 3483 3785 advertit.

1902 3808 2091 3862 Refert
2115 3808 2186 3842 ³⁸³
2205 3825 2334 3881 ergo
2357 3825 2476 3867 sese
2510 3813 2577 3866 ad
2610 3828 2810 3884 regem,
2847 3824 2896 3870 et
2923 3817 3002 3871 sic
3031 3817 3169 3888 apud
3196 3833 3318 3873 eum
3351 3835 3486 3890 prae.

1903 3901 2146 3957 sentibus
2171 3902 2511 3972 paucissimis
2530 3915 2787 3976 concepta
2814 3906 3037 3963 effundit
3072 3926 3087 3965 :

1971 3993 2061 4049 89.
2092 4014 2110 4046 ‹
2132 3994 2382 4065 Magnum
2409 3998 2655 4067 quidem.
2702 4001 2971 4070 inquiens,
3009 4016 3042 4056 ο
3062 4018 3156 4057 rex
3181 4012 3480 4069 vmcretur,

1903 4083 1946 4138 si
1974 4086 2075 4139 hoc
2133 4086 2405 4156 negotium
2452 4088 2788 4144 solummodo
2813 4091 2979 4145 armis
3009 4088 3320 4162 viribusque
3342 4102 3485 4148 esset

1884 4177 2346 4245 ‘attemptandum.
2373 4175 2479 4232 Sed
2503 4180 2626 4248 quia
2658 4194 2754 4249 per
2804 4181 3059 4235 astutiam
3118 4181 3233 4251 ejus
3285 4183 3487 4253 princi-

1880 4260 2278 4335 piumutilitas
2326 4269 2541 4338 aggredi
2612 4269 2820 4335 suadet,
2867 4282 3027 4340 prout
3071 4272 3201 4326 mihi
3250 4272 3482 4337 videtur,

1902 4357 2153 4410 cohortes
2174 4356 2381 4425 aliquot
2412 4374 2570 4415 secus
2600 4371 2837 4417 montem
2881 4364 2935 4418 in
2965 4364 3162 4418 abditis
3222 4365 3482 4432 ponenda:

208 4432 534 4491 balistarum
567 4439 823 4497 loetaliter
849 4448 1076 4503 sauciat.
1102 4450 1419 4524 lnjectisque
1441 4457 1625 4526 jacnlo
1662 4460 1799 4530 igni-

1906 4457 2046 4502 sunt.
2107 4446 2542 4517 Exspectandum
2587 4452 2750 4506 etiam
2789 4468 2894 4522 qua
2951 4461 3271 4522 tempestate
3313 4468 3483 4523 equos

208 4525 324 4587 lius,
352 4528 582 4583 domum
610 4534 799 4588 matris
823 4528 1079 4597 recclcsia:
1107 4546 1404 4600 succendit.
1448 4525 1793 4606 Clanstrum-

207 4632 310 4684 que
330 4621 726 4679 eanonicorum
755 4641 818 4682 ac
841 4641 1050 4698 partem
1080 4634 1318 4692 civitatis
1351 4637 1632 4707 majorem,
1662 4643 1794 4715 igni-

206 4702 303 4760 bus
324 4709 453 4764 solo
493 4719 649 4769 tenus
695 4718 1011 4775 combussit.
1051 4722 1221 4791 Quam
1269 4742 1389 4784 cum
1446 4745 1640 4802 capere
1681 4702 1792 4789 non

208 4809 413 4864 posset,
444 4802 499 4854 in
536 4819 726 4875 pagum
756 4807 1075 4869 Remensem
1103 4818 1192 4873 ubi
1236 4834 1329 4874 rex
1376 4831 1502 4879 tunc
1554 4826 1795 4895 privatus

210 4891 556 4956 morabatur,
585 4895 686 4949 iter
726 4898 1059 4957 truculentus
1099 4905 1344 4962 reﬂectit.
1393 4891 1568 4980 Cujus
1601 4916 1797 4971 adven-

215 4986 321 5061 tum
344 4980 385 5035 ii
436 4984 529 5051 qui
588 4987 700 5040 ruri
762 4988 1026 5060 degebant
1070 4998 1373 5065 audientes,
1422 5002 1484 5056 in.
1524 5007 1799 5065 mcclesias

214 5080 529 5145 sanctorum
554 5090 675 5130 cum
706 5079 818 5133 suis
845 5082 1003 5137 rebus
1053 5086 1388 5158 confugiunt.
1440 5092 1509 5149 At
1548 5098 1797 5156 tirannns

216 5176 514 5200 nnllnAI-nan
545 5170 708 5200 Ιιι-ιΙνιῖη
737 5172 1091 5200 :..m:---:--.--
1162 5197 1169 5199 ξ
1193 5196 1205 5200 -

1899 4540 2131 4594 educant
2153 4554 2415 4609 agasones
2439 4541 2723 4597 herbatum
2747 4552 3115 4613 potatumque.
3145 4543 3246 4610 Qui
3277 4560 3400 4597 cum
3429 4544 3481 4596 in

1899 4650 1996 4689 sno
2033 4644 2275 4702 tempore
2321 4635 2525 4704 egressi
2565 4633 2788 4699 fuerint,
2833 4644 2888 4688 et
2940 4635 3007 4688 ab
3042 4634 3487 4689 observatoribns

1899 4742 2085 4781 eorum
2115 4740 2368 4795 egressus
2397 4734 2450 4780 et
2478 4741 2735 4780 numerus
2760 4725 2914 4780 nobis
2942 4725 3231 4789 referetur,
3259 4740 3381 4779 mox
3421 4722 3489 4776 ad

1898 4833 2086 4873 eorum
2126 4832 2411 4874 numerum
2436 4817 2717 4874 lectissimi
2740 4815 2969 4885 juvenes
2996 4816 3186 4872 eodem
3219 4824 3480 4879 scemate,

1900 4909 2200 4977 eodemque
2229 4922 2456 4962 numero
2484 4905 2750 4977 capitibus
2775 4914 2835 4959 ut
2883 4906 2983 4975 ipsi
3011 4902 3248 4976 pilleatis
3279 4901 3352 4934 ³⁸⁸
3380 4900 3492 4954 far-

1902 5001 2143 5070 t'aginem
2170 4998 2223 5052 in
2256 4996 2412 5067 equis
2443 4996 2514 5052 ad
2543 5004 2756 5067 portam
2806 4993 3074 5058 deferant,
3136 4991 3282 5045 unde
3327 4988 3488 5059 paulo

1902 5102 2026 5145 autc
2047 5106 2309 5159 agasones
2334 5088 2602 5154 exierant,
2634 5086 2744 5141 acsi
2797 5084 2901 5152 ipsi
2935 5094 3198 5154 agasones
3245 5081 3484 5132 redeant.

1906 5191 1937 5200 Α
1988 5191 1999 5200 ι
2222 5191 2233 5200 ι
2267 5191 2278 5200 ι
2369 5189 2399 5200 ιο
2502 5190 2522 5200 ιι
2617 5188 2629 5200 ο
2705 5185 2718 5200 l
3069 5190 3175 5200 n.---.
3208 5185 3490 5200 ...---l-.n-nan
