4026 6312
607 372 678 426 87
1661 347 1682 450 ί
1737 380 2018 440 BICHERI
2057 366 2134 439 s.’
2154 380 2418 443 REflllGll
2456 386 2766 446 MONAClﬂ
2953 453 2958 459 ,
3468 343 3472 350 λ
3797 397 3869 456 es

603 505 721 544 cem
749 505 834 546 me
872 491 924 546 in
950 491 1052 550 hoc
1077 494 1374 553 certamine
1397 495 1584 554 offero.
1618 496 1812 551 Animo
1839 505 2044 551 tantum
2077 497 2184 551 sint
2215 504 2257 560 Λ
2289 500 2523 556 dimenta
2550 518 2776 576 quaeque
2805 506 2873 561 ab
2904 505 3036 563 urbe
3085 516 3319 564 amovet.
3361 507 3655 568 Succendit
3684 512 3872 583 itaque

604 585 891 639 constanti.
924 585 1222 643 Successus
1266 603 1396 644 vero
1432 589 1541 644 Deo
1581 587 1794 643 volente
1845 587 2188 658 prosperabi-

601 679 710 726 tur.
747 672 802 727 Si
831 689 960 745 ergo
1008 677 1376 746 tempestivius
1423 678 1571 732 cives
1608 677 1829 732 insidias
1877 677 2181 742 advertant,

599 761 907 834 bellumque
931 767 1086 822 nobis
1115 769 1462 836 paucioribus
1512 768 1772 833 inferant,
1832 767 1997 822 fixum
2030 768 2184 823 nobis

501 902 513 911 _
599 855 779 910 animo
809 856 900 919 sit,
932 865 1022 911 aut
1047 869 1215 928 porta:
1245 860 1548 930 ingressum
1583 867 1790 914 tantum
1817 859 1976 923 tueri,
2012 858 2182 914 donec

512 955 514 958 '
598 948 740 1000 labre
767 946 1018 1019 clangore
1065 950 1313 1004 excitatae
1349 951 1602 1006 cohortes
1647 950 1800 1005 nobis
1840 950 2180 1014 subveniant,

595 1038 1211 1095 :mtmulta'constantia
1244 1042 1296 1096 in
1331 1041 1452 1097 loco
1481 1057 1638 1112 quem
1675 1041 1900 1110 quisque
1939 1041 2182 1111 posside—

591 1127 690 1188 bit,
721 1130 1138 1198 magnanimiter
1162 1129 1358 1188 emori.
1401 1150 1418 1184 ο

664 1221 752 1276 90.
810 1221 1124 1294 llujusmodi
1178 1240 1360 1280 rerum
1415 1222 1695 1294 dispositio
1749 1221 2000 1278 omnibus
2055 1231 2176 1292 apta

586 1311 820 1366 videtur.
847 1313 1236 1372 Observatores
1263 1316 1444 1384 itaque
1473 1315 1685 1380 directi,
1715 1330 2006 1384 agasonum
2049 1331 2182 1369 con-

585 1403 948 1467 suetudinem,
983 1419 1282 1475 eorumque
1320 1404 1585 1469 habitum,
1635 1414 1844 1472 tempus
1873 1419 2091 1472 quoque
2121 1413 2176 1459 et

585 1508 873 1547 numerum
906 1495 1274 1564 promtissime
1315 1494 1577 1550 referunt.
1618 1493 1698 1548 Ad
1725 1508 1912 1548 eorum
1961 1509 2176 1564 quoque

586 1584 817 1639 relatum
841 1586 1094 1641 cohortes
1116 1586 1168 1640 in
1193 1586 1390 1641 abditis
1413 1601 1570 1642 secus
1601 1597 1840 1641 montem
1900 1587 2174 1656 dispositae

583 1685 729 1730 sunt.
760 1675 864 1730 Pro
898 1691 1123 1739 numero
1144 1678 1306 1732 etiam
1341 1693 1636 1748 agasonum
1684 1679 1886 1734 milites
1915 1693 2035 1733 cum
2078 1695 2171 1748 pa-

584 1775 668 1820 tre
703 1781 824 1819 meo
849 1767 1018 1836 jurati
1047 1767 1113 1820 ad
1163 1768 1530 1839 peragendum
1581 1768 1660 1821 rei
1716 1768 1990 1839 negotium
2043 1769 2172 1822 diri-

2287 589 2620 659 snburbium,
2658 595 3104 668 circumquaque,
3148 615 3212 654 ac
3240 587 3500 672 quidquid
3529 601 3872 658 extrinsecus

2285 691 2501 738 exstare
2525 684 2828 751 videbatur,
2860 688 2912 742 in
2941 688 3228 757 planicicm
3253 691 3466 762 redigit.
3519 689 3871 747 Obsidionem

2285 774 2523 842 deputat,
2548 775 2841 848 urbemque
2863 779 3181 835 circumdat.
3198 781 3359 837 Gravi
3375 798 3662 854 congressu
3676 783 3871 836 utrim-

2282 878 2387 931 que
2407 864 2719 921 dimicatum
2746 877 2846 922 est.
2880 868 3164 940 Utrimque
3190 887 3350 942 quam
3381 873 3597 942 plurimi
3619 871 3870 927 saucian-

2285 958 2388 1005 tur.
2419 952 2592 1022 Belga:
2615 969 2742 1009 vero
2771 959 2895 1027 quia
2921 959 2989 1013 ab
3019 962 3242 1016 urbanis
3292 962 3518 1016 nimium
3565 961 3866 1016 arcobalis—

2282 1041 2773 1108 tisimpetebantur
2803 1090 2816 1112 ,
2861 1051 3116 1106 resistere
3167 1053 3472 1122 quiescunt.
3515 1053 3662 1108 Nihil
3717 1054 3867 1108 enim

2279 1139 2468 1187 contra
2501 1133 2604 1190 nisi
2637 1145 2842 1192 tantum
2901 1150 3174 1195 scutorum
3231 1143 3495 1198 testudine
3545 1142 3863 1197 utebantur.

2280 1221 2430 1278 Unde
2459 1234 2511 1280 et
2534 1226 2680 1297 regio
2702 1227 2876 1296 jussu,
2909 1231 2978 1286 ab
3003 1245 3065 1285 ea
3098 1233 3232 1286 urbe
3257 1233 3559 1298 discedunt,
3613 1249 3718 1288 non
3773 1246 3866 1287 so-

2276 1309 2388 1365 lum
2419 1315 2485 1368 ob
2509 1316 2958 1372 arcobalistarum
2995 1321 3277 1390 impetum,
3335 1337 3520 1378 verum
3573 1324 3738 1378 etiam
3790 1324 3866 1378 ob

2277 1402 2503 1457 turrium
2537 1405 2887 1474 plurimarum
2918 1408 3338 1467 firmamentum.

2343 1493 2432 1546 93.
2460 1493 2730 1550 Aliorsum
2759 1497 2940 1568 itaque
2964 1500 3068 1554 iter
3103 1511 3438 1572 retorquent,
3489 1514 3545 1560 et
3575 1519 3744 1575 usque
3792 1503 3869 1559 ad

2274 1581 2492 1637 fluvium
2519 1582 2848 1656 Sequanam,
2903 1591 3164 1662 quidquid
3217 1592 3371 1649 ducis
3422 1595 3594 1650 visum
3637 1605 3717 1652 est
3763 1612 3868 1666 per

2271 1669 2342 1724 40
2389 1671 2617 1728 miliaria
2654 1676 3042 1735 immanissime
3091 1681 3335 1738 insectati
3391 1695 3534 1739 sunt.
3583 1685 3688 1741 Sed
3736 1702 3864 1742 cum

2272 1761 2466 1820 fluvius
2490 1768 2790 1836 equitatum
2840 1773 3046 1842 regium
3103 1774 3332 1831 ulterius
3375 1780 3706 1847 prohiberet,
3761 1796 3862 1836 rex

580 1867 798 1928 guntur.
826 1859 1105 1929 Agasones
1135 1859 1317 1928 itaque
1354 1873 1580 1913 numero
1623 1859 1694 1913 60
1740 1860 1969 1928 sumptis
1999 1861 2165 1914 armis
2195 1859 2239 1917 B
2268 1857 2474 1925 gratias
2499 1859 2760 1914 exercitui
2808 1863 3002 1928 reddit,
3057 1874 3112 1919 et
3155 1881 3339 1920 secum
3394 1885 3563 1938 usque
3609 1884 3715 1939 quo
3740 1886 3768 1923 a
3802 1885 3863 1924 se

578 1965 731 2003 more
753 1950 912 2004 solito
953 1965 1052 2020 per
1097 1950 1298 2004 montis
1346 1950 1547 2004 devexa
1596 1949 1862 2020 capitibus
1912 1949 2165 2019 pilleatis,

577 2039 644 2090 ad
677 2039 1004 2110 farraginem
1035 2041 1388 2094 descendunt.
1420 2039 1487 2093 Et
1514 2039 1659 2094 circa
1682 2041 1890 2094 carices
1913 2039 2166 2110 colligen-

577 2133 774 2187 dos'"
806 2133 1074 2202 occupati,
1123 2148 1330 2186 moram
1381 2132 1720 2204 regrediendi
1778 2131 2167 2202 aliquantisper

573 2221 799 2276 faciunt.
831 2223 902 2275 At
937 2231 1090 2291 pater
1127 2237 1280 2276 meus
1305 2231 1358 2276 et
1388 2222 1422 2275 ii
1451 2222 1542 2292 qui
1566 2219 1731 2290 jurati
1755 2236 1877 2275 cum
1905 2234 1970 2272 eo
1984 2228 2161 2282 erant,

573 2314 880 2368 vehementi
918 2314 1099 2368 animo
1130 2314 1462 2377 succedunt;
1523 2312 1774 2382 factoque
1805 2313 2018 2382 agmine
2063 2311 2165 2381 pil-

570 2405 730 2460 leatis
748 2406 1017 2477 capitibus
1041 2421 1190 2460 more
1211 2421 1504 2477 agasonum
1555 2421 1678 2460 cum
1733 2404 2006 2460 fasciculis
2053 2404 2163 2458 far-

576 2498 785 2568 raginis
816 2498 1186 2568 tempestivius
1217 2497 1449 2552 reditum
1502 2498 1832 2563 accelerant,
1893 2497 2163 2566 magnitu-

570 2587 700 2641 dine
732 2586 1112 2641 fasciculorum
1134 2587 1315 2641 vultus
1357 2588 1576 2656 penitus
1626 2588 1904 2640 abdentes.
1955 2586 2162 2653 Quibus

572 2677 984 2734 advenientibus
1010 2687 1166 2747 porta
1199 2677 1464 2747 patefacta
1496 2687 1597 2732 est.
1640 2677 1706 2731 Et
1732 2677 1946 2732 indivisi
1972 2676 2157 2730 urbem

566 2779 875 2839 penetrant.
940 2768 1248 2824 Fasciculus
1297 2769 1476 2839 itaque
1533 2769 1802 2831 abiciunt,
1847 2776 1901 2821 et
1956 2766 2161 2837 gladios

565 2866 822 2918 educunt.
875 2863 1042 2918 Tubis
1084 2872 1419 2934 personant,
1467 2863 1783 2932 magnisque
1828 2859 2158 2916 clamoribus

567 2956 758 3011 urbem
797 2956 1140 3013 conturbant.
1171 2955 1370 3010 Urbani
1404 2970 1533 3026 ergo
1568 2954 1792 3008 insidias
1822 2952 2156 3021 comperien-

563 3056 817 3111 tcs,cum
845 3046 1013 3100 armis
1043 3046 1097 3100 in
1142 3047 1324 3100 hostes
1374 3045 1638 3098 feruntur.
1688 3043 1895 3097 Instant
1945 3056 2155 3107 omnes,

566 3149 623 3192 et
649 3137 982 3192 validissime
1009 3135 1224 3206 plurimi
1250 3149 1453 3206 paucos
1480 3135 1762 3204 adurgent.
1793 3133 1863 3187 At
1888 3133 2022 3202 regii
2057 3132 2157 3186 mi—

2271 1942 2639 1998 dividerentur
2672 1947 2901 2002 reducit.
2936 1950 3052 2004 Dux
3100 1963 3279 2006 autem
3311 1972 3342 2008 e
3368 1955 3595 2025 vestigio
3649 1957 3865 2011 exerci-

2271 2040 2382 2086 tum
2409 2034 2690 2090 collectum
2719 2039 2770 2092 in
2796 2055 2989 2110 pagum
3020 2041 3404 2099 Suessonicum
3434 2047 3674 2102 deducit.

2337 2123 2425 2179 94.
2460 2125 2562 2180 Ubi
2588 2143 2710 2182 cum
2733 2129 2786 2184 in
2819 2146 2996 2202 regem
3029 2146 3340 2199 conaretur,
3367 2137 3864 2195 intervenientibus

2268 2215 2533 2286 episcopis
2581 2217 2811 2276 Widone
2852 2224 3262 2281 Autisidorense
3287 2236 3339 2281 et
3368 2228 3628 2299 Anscgiso
3659 2229 3866 2285 Treca-

2267 2309 2404 2373 sino,
2428 2309 2780 2380 jurejurando
2808 2315 3083 2384 utrimque
3107 2326 3327 2387 accepto
3367 2320 3466 2372 sub
3493 2335 3624 2389 pace
3669 2336 3866 2390 seque-

2266 2409 2377 2453 stra
2416 2415 2586 2470 usque
2613 2402 2664 2456 in
2693 2405 2888 2472 pascha
2920 2407 3058 2461 ratio
3099 2421 3289 2462 eorum
3345 2408 3507 2463 dilata
3563 2420 3666 2465 est.
3726 2413 3862 2479 Qua:

2264 2492 2444 2546 omnia
2475 2491 2619 2549 Julio
2647 2510 2830 2551 mense
2855 2497 2923 2528 ⁸⁸⁸
2957 2508 3103 2566 gesta
3131 2508 3277 2553 sunt.

2335 2583 2422 2638 95.
2465 2583 2586 2654 Quo
2620 2585 2782 2640 etiam
2816 2596 3089 2657 tempore,
3139 2591 3361 2646 sinodus
3414 2592 3601 2648 Romae
3654 2594 3842 2649 habita

2263 2681 2348 2726 cst
2396 2673 2447 2726 in
2497 2674 2721 2729 basilica
2790 2679 2963 2732 sancti
3010 2678 3157 2733 Petri
3212 2681 3478 2748 apostoli,
3526 2683 3853 2752 presidente

2263 2764 2462 2818 domno
2512 2765 2743 2836 Agapito
2795 2782 2953 2836 papa.
3003 2768 3059 2822 ln
3108 2785 3214 2839 qua
3253 2772 3416 2824 etiam
3463 2771 3576 2840 ipse
3621 2772 3852 2826 domnus

2261 2869 2398 2924 papa
2426 2896 2439 2919 ,
2491 2856 2784 2911 concilium
2822 2859 3105 2914 anteriore
3154 2875 3298 2914 anno
3346 2862 3488 2930 apud
3534 2862 3856 2934 Angleheim

2261 2945 2543 3013 habitum,
2597 2964 2778 3003 coram
2826 2951 3096 3020 episcopis
3145 2951 3310 3007 Italia:
3361 2954 3666 3020 roboravit,
3699 2965 3755 3012 et
3785 2957 3856 3012 ab

2262 3039 2343 3093 eis
2369 3039 2617 3094 roborari
2647 3043 2947 3097 constituit.
2983 3043 3262 3116 llngonem
3290 3063 3506 3117 quoque
3549 3049 3856 3105 Galliarum

2264 3127 2478 3194 ducem,
2501 3129 2554 3184 in
2581 3133 2893 3200 supradicta
2925 3133 3116 3189 sinodo
3146 3136 3521 3206 dampnatum,
3545 3139 3660 3209 ipse
3685 3142 3856 3196 etiam

567 3229 708 3294 lites,
738 3243 766 3281 a
792 3227 908 3280 leva
931 3227 1149 3297 quidem
1180 3226 1338 3289 turri,
1367 3241 1396 3278 a
1425 3225 1614 3278 dextra
1639 3238 1770 3278 vero
1803 3222 2072 3288 domibus,
2123 3237 2153 3274 a
2181 3230 2228 3294 ο
2260 3221 2620 3291 condempnat
2639 3262 2654 3287 ,
2682 3222 2994 3295 donec‘regi
3029 3240 3126 3281 suo
3153 3227 3476 3293 satisfaciat,
3505 3240 3597 3285 aut
3621 3231 3855 3286 Romam

565 3331 714 3389 tergo
746 3329 925 3373 autem
958 3333 1112 3372 muro
1140 3316 1288 3372 urbis
1313 3316 1738 3386 protegebantur
1758 3355 1773 3377 ,
1802 3327 2018 3368 omnem
2045 3312 2155 3366 vim

556 3409 684 3464 belli
712 3420 838 3463 ante
872 3409 1166 3474 habentes;
1200 3408 1340 3462 unde
1359 3416 1414 3462 et
1450 3407 1616 3460 tutius
1643 3404 2154 3473 congrediebantur.

564 3498 675 3555 Nec
712 3500 935 3555 ulterius
959 3499 1012 3554 in
1038 3499 1220 3554 hostes
1245 3499 1513 3553 audebant
1539 3496 1808 3566 progredi,
1863 3510 1931 3549 ne
1962 3495 2154 3549 adver-

562 3593 690 3646 sarii
720 3607 749 3645 a
778 3601 928 3662 tergo
958 3600 1165 3662 portam
1187 3604 1469 3660 pervasam
1502 3597 1832 3658 repeterent,
1881 3596 1935 3642 et
1975 3603 2042 3642 ne
2073 3588 2153 3643 sic

561 3683 688 3737 facti
718 3684 952 3736 hostium
990 3683 1175 3746 medii,
1204 3682 1509 3737 interirent.
1553 3681 1721 3735 Instat
1773 3681 1956 3750 itaque
2000 3680 2152 3749 quis-

559 3787 662 3840 que
691 3774 742 3825 in
775 3771 892 3826 loco
923 3787 1081 3842 quem
1114 3771 1374 3842 possidet.
1403 3771 1469 3825 Et
1510 3769 1622 3838 jam
1681 3770 1904 3824 nimium
1956 3783 2146 3825 omnes

555 3862 784 3916 sauciati
813 3876 950 3930 pene
969 3860 1316 3925 deficiebant,
1346 3876 1469 3916 cum
1500 3860 1662 3930 regite
1696 3861 1948 3914 cohortes
2002 3858 2146 3912 tubis

553 3953 822 4015 excitatae,
849 3952 916 4006 ab
940 3951 1138 4006 abditis
1166 3961 1480 4021 erumpunt,
1509 3950 1786 4019 multoque
1812 3950 2014 4018 impetu
2033 3947 2145 4016 jam

553 4061 718 4115 prope
741 4043 899 4098 victis
927 4043 1274 4107 subveniunt,
1305 4052 1624 4113 portamque
1667 4041 1942 4096 defensam
1969 4041 2149 4110 ingrc-

557 4135 801 4198 «liuntur,
844 4142 1007 4201 atque
1055 4133 1290 4187 urbanos
1344 4133 1563 4187 immani
1604 4132 1748 4187 caede
1803 4131 2141 4186 adoriuntur.

555 4225 656 4290 Qui
705 4240 831 4279 mox
862 4240 891 4279 a
940 4225 1252 4280 cohortibus
1300 4226 1427 4281 victi
1467 4241 1531 4281 ac
1575 4225 1947 4295 comprehensi
1995 4236 2143 4292 sunt,

552 4327 749 4386 praeter
779 4334 980 4390 paucos
1007 4321 1097 4390 qui
1122 4320 1176 4375 in
1222 4320 1386 4376 turris
1413 4320 1724 4390 praesidium
1777 4334 1895 4375 sese
1926 4335 2143 4390 recepe-

555 4422 702 4466 runt.

622 4502 710 4556 9i.
744 4502 1048 4558 Ludovicus
1073 4517 1201 4574 ergo
1245 4517 1340 4558 rex
1372 4504 1506 4559 urbe
1551 4504 1773 4574 potitus,
1829 4519 1950 4559 cum
1996 4505 2136 4559 nulla

2256 3310 2441 3364 veniat
2492 3312 2617 3367 inde
2663 3314 3106 3372 ratiocinaturus.
3160 3317 3392 3388 Moxque
3421 3321 3711 3376 anathema
3742 3323 3846 3376 de-

2256 3406 2519 3475 scriptum
2549 3416 2601 3461 et
2631 3421 2661 3461 a
2718 3409 2912 3465 sinodo
2959 3410 3276 3466 roboratum
3297 3451 3312 3478 ,
3343 3413 3612 3484 episcopis
3639 3413 3853 3470 Gallia-

2253 3511 2374 3550 rum
2414 3496 2738 3552 destinatur.

2324 3588 2412 3644 96.
2455 3588 2627 3660 (950.)
2661 3590 2914 3662 Episcopi
2967 3593 3148 3664 itaque
3173 3594 3471 3651 Galliarum
3504 3596 3856 3653 anathemate

2253 3679 2418 3744 moti,
2451 3682 2593 3750 apud
2639 3682 2830 3737 ducem
2859 3684 3216 3754 colliguntur,
3253 3696 3308 3740 et
3353 3687 3480 3742 inde
3522 3688 3854 3758 gravissime

2251 3779 2674 3838 conqucrttntur.
2715 3771 2794 3825 Ex
2823 3773 3056 3829 decretis
3083 3785 3298 3845 patrum
3317 3817 3332 3840 ,
3361 3777 3641 3846 sacrisque
3672 3793 3848 3832 cano-

2249 3859 2407 3913 nibus
2438 3860 2559 3914 duci
2588 3861 3027 3919 demonstrantes
3047 3905 3062 3930 ,
3115 3867 3385 3921 neminem
3419 3876 3566 3921 stare
3600 3866 3850 3936 pertina-

2248 3948 2384 4002 citer
2411 3949 2673 4004 adversus
2700 3951 2978 4012 dominum
3021 3969 3177 4009 suum
3223 3955 3453 4020 debere,
3485 3970 3589 4010 nec
3637 3949 3849 4010 temere

2248 4036 2300 4089 in
2328 4051 2449 4089 eum
2473 4038 2763 4108 quicquam
2803 4042 3000 4096 moliri.
3050 4043 3183 4099 illud
3231 4042 3848 4114 etiatnmromptissime

2246 4137 2578 4192 monstrant,
2601 4131 2897 4185 secundum
2924 4133 3228 4202 apostolum
3259 4149 3438 4204 regem
3469 4133 3846 4190 honorificau-

2245 4216 2394 4280 dum,
2423 4228 2478 4270 et
2505 4234 2612 4272 non
2643 4220 2816 4273 solum
2842 4237 3020 4291 regem
3047 4239 3234 4277 verum
3268 4239 3484 4279 omnem
3511 4233 3843 4295 potestatem

2247 4308 2506 4376 majorem
2534 4312 2792 4380 subjectis
2816 4312 3084 4369 dominari
3109 4317 3308 4370 debere
3333 4323 3603 4370 asserunt.
3639 4313 3840 4370 Preter

2242 4401 2357 4455 haec
2405 4417 2619 4471 quoque
2664 4404 3185 4472 perniciosissimum
3239 4421 3395 4469 esse,
3469 4405 3838 4476 apostolicum

2242 4491 2533 4545 anathema
2572 4492 2929 4560 pertinaciter
2971 4493 3336 4564 vilipendere,
3383 4509 3506 4549 cum
3539 4493 3593 4547 id
3622 4494 3692 4548 sit
3722 4493 3846 4562 gla-

545 4595 944 4663 t-xpugnationc
971 4596 1162 4649 turrim
1192 4596 1442 4650 evincere
1467 4604 1670 4665 posset,
1721 4596 1789 4651 ab
1837 4597 1968 4650 urbe
2013 4612 2135 4650 eam

2266 4583 2365 4638 lius
2407 4584 2498 4652 qui
2547 4593 2801 4654 penetrat
2828 4600 3026 4656 corpus
3052 4601 3224 4656 usque
3248 4587 3316 4640 ad
3365 4586 3637 4649 animam,
3666 4595 3722 4640 et
3753 4586 3844 4640 sic

543 4684 788 4747 secludit,
813 4686 1048 4741 obducto
1071 4687 1398 4742 intrinsecus
1425 4702 1598 4741 muro.
1627 4686 1778 4753 Quod
1801 4685 2003 4740 factum
2027 4687 2134 4741 dux

543 4774 901 4842 comperiens,
925 4789 1048 4829 cum
1073 4774 1318 4830 exercitu
1347 4775 1630 4830 accelerat.
1667 4777 1736 4829 At
1773 4775 1903 4830 nihil
1935 4776 2134 4828 virium

546 4878 772 4919 exerere
793 4865 998 4927 valens,
1031 4879 1137 4920 non
1175 4867 1292 4920 sine
1319 4881 1533 4920 merore
1563 4868 1629 4919 ad
1659 4881 1754 4920 sua
1787 4866 1947 4920 redit.
1999 4865 2131 4919 Illud

543 4961 748 5007 tantum
781 4952 974 5009 fecisse
998 4952 1193 5018 fertur,
1221 4955 1364 5023 quod
1395 4954 1508 5008 arei
1541 4954 1726 5023 copias
1747 4952 2049 5006 demiserit.

611 5043 702 5100 92.
744 5044 947 5099 Aderat
978 5053 1190 5114 tempus
1216 5059 1323 5113 quo
1351 5059 1440 5097 rex
1467 5044 1650 5112 copias
1679 5043 1746 5097 ab
1781 5042 1978 5097 Ottone
2004 5057 2132 5112 rege

541 5133 973 5203 praestolabatur.
1011 5134 1178 5187 Adest
1206 5148 1336 5202 ergo
1356 5132 1673 5186 Chonradus
1694 5131 1802 5185 dux
1829 5146 1950 5185 cum
1979 5147 2134 5185 excr-

541 5225 652 5278 citu
675 5240 740 5278 ex
769 5232 877 5277 tota
901 5223 1135 5294 Belgica,
1162 5223 1230 5276 ab
1261 5220 1458 5276 Ottone
1516 5237 1639 5292 rege
1691 5221 1905 5276 missus.
1951 5221 2132 5275 Ludo-

543 5315 692 5368 vicus
721 5328 849 5368 vero
877 5328 969 5368 rex
1001 5329 1122 5368 cum
1153 5313 1394 5368 exercitu
1433 5312 1500 5366 de
1548 5312 1760 5382 Belgica
1823 5311 1974 5366 ducis
2022 5322 2131 5366 ter-

543 5422 662 5460 ram
690 5405 1006 5476 ingreditur.
1034 5405 1274 5460 Primum
1305 5422 1435 5460 vero
1461 5406 1647 5459 urbem
1703 5404 1948 5460 Silletum
1999 5405 2127 5458 adit.

444 5523 449 5579 ς
539 5495 619 5552 lbi
653 5507 832 5553 autem
863 5498 1095 5568 primum
1123 5507 1397 5554 certamen
1446 5497 1644 5553 habere
1697 5497 1900 5562 volens,
1963 5497 2130 5564 impe-

2247 4675 2602 4732 mortiticatos
2631 4692 2659 4730 a
2706 4693 2873 4749 regno
2919 4680 3199 4734 beatorum
3253 4679 3540 4750 spirituum
3585 4679 3839 4748 repellat.

2247 4769 2362 4825 Sibi
2390 4771 2553 4827 etiam
2583 4772 2824 4842 periculo
2851 4786 2971 4827 esse
2997 4781 3333 4836 memorant,
3365 4773 3409 4827 si
3447 4773 3499 4827 id
3526 4772 3668 4841 quod
3715 4774 3840 4827 aui-

2245 4862 2434 4916 mabus
2465 4861 2762 4932 periculum
2814 4861 3046 4933 ingerit,
3100 4861 3450 4934 neglegentes
3481 4877 3586 4917 non
3619 4862 3841 4918 innate»

2243 4960 2418 5006 scant.

2312 5041 2399 5094 97.
2444 5041 2666 5095 Talibus
2699 5042 2805 5096 dux
2836 5056 3151 5110 persuasus,
3184 5042 3297 5109 regi
3326 5041 3605 5096 humiliter
3631 5055 3838 5094 recon-

2240 5132 2415 5186 ciliari
2443 5131 2718 5200 deposcit,
2751 5133 2908 5201 eique
2937 5133 3340 5188 satisfacturum
3365 5147 3484 5186 sese
3529 5131 3827 5202 pollicetur

2238 5223 2409 5292 ilujns
2437 5223 2741 5278 concordiae
2772 5233 2826 5277 et
2857 5225 3023 5292 pacis.
3053 5225 3394 5278 ordinatores
3426 5221 3599 5286 fuere,
3636 5220 3830 5276 Chon-

2239 5315 2402 5370 radus
2432 5315 2537 5368 dux
2598 5323 2654 5369 et
2699 5313 2872 5384 Hugo,
2928 5324 3288 5383 cognomento
3334 5312 3517 5383 Niger,
3551 5311 3830 5366 Adalbem

2240 5422 2453 5478 quoque
2481 5417 2645 5476 atque
2690 5406 2977 5462 Fulbertus
3009 5405 3265 5476 episcopi.
3301 5406 3366 5460 Et
3411 5406 3498 5459 die
3524 5405 3826 5465 constituta

2241 5513 2335 5550 rex
2361 5505 2415 5550 et
2445 5496 2551 5550 dux
2587 5497 2934 5552 conveniunt.
2963 5497 3043 5553 Ac
3077 5511 3235 5552 secus
3263 5495 3485 5551 fluvium
3516 5495 3822 5552 Matronam

793 5721 796 5728 ι
1826 5651 2058 5706 unum.
2100 5650 2504 5707 LECTIONES.

613 5771 680 5804 m
712 5773 824 5827 [oro
846 5768 1116 5827 verborum
1157 5780 1174 5816 :
1217 5767 1281 5822 Et
1309 5783 1356 5821 c.
1391 5781 1438 5820 ε.
1480 5763 1803 5835 colligendos
1834 5766 1883 5817 in
1914 5766 2146 5834 nan-gina
2169 5766 2414 5835 scriptum
2445 5778 2461 5813 :
2492 5763 2640 5819 L'nele
2674 5765 2854 5821 etiam.
2932 5765 3000 5798 ³⁸⁸
3045 5764 3269 5835 Augusti
3305 5777 3546 5837 tempore
3583 5767 3633 5820 l.
