4026 6312
177 435 238 493 ss
1094 431 1571 490 HISTORIARUM
1608 431 1787 488 unm
1824 433 2179 502 cunnos.
2206 471 2276 482 —
2305 438 2431 498 LIB.
2471 440 2555 498 lli.
3357 431 3429 488 90

177 543 469 608 conlocuti,
523 543 862 615 principibus
919 541 1194 615 praedictis
1248 543 1658 610 interuuntiis,.
1686 542 1740 597 in
1769 547 1822 606 Α
1849 547 2112 604 viatorum
2145 551 2314 608 relatu
2363 554 2658 624 comperit,
2687 552 2947 622 quosdam
2991 549 3083 620 qui
3131 545 3431 603 latrociniis

179 651 433 692 summm
486 638 837 692 concordiam
889 637 1276 708 benignissime
1327 637 1626 692 redierunt.
1684 635 1752 689 Et
1851 650 1907 695 ct
1935 643 2361 701 discursionibus
2389 646 2719 716 provinciam
2751 635 3433 709 infestabant,Angelber—

179 741 374 800 quanto
420 730 805 785 vehementius
851 740 977 785 ante
1018 731 1071 784 in
1118 744 1239 785 sese
1287 731 1516 800 grassati
1565 729 1751 793 fuere,

181 831 326 877 tanto
353 822 588 890 amplius
618 823 813 878 exinde
843 823 1076 878 amicitia
1107 838 1166 878 se
1207 822 1441 878 coluere.
1472 821 1624 892 Hugo
1656 824 1755 876 ita-

177 929 276 983 que
301 913 412 967 dux
459 928 560 981 per
606 929 798 968 manus
825 922 879 968 et
905 922 1300 969 sacramentum
1337 914 1478 981 regis
1506 911 1753 975 efﬁcitur,

176 1018 238 1057 ac
268 1004 460 1056 turrim
491 1003 864 1058 Laudunicam
897 1004 1008 1059 suis
1032 1013 1372 1066 evacuatam.
1408 1003 1517 1073 regi
1547 1001 1753 1064 reddit;

177 1093 400 1147 multam
437 1095 640 1149 abinde
664 1093 823 1148 fidem
857 1109 916 1148 se
945 1103 1289 1150 servaturum
1314 1093 1591 1164 pollicens.

241 1187 332 1241 98.
358 1185 534 1257 (931.)
554 1186 744 1242 Jussus
766 1201 897 1258 ergo
918 1189 985 1242 ab
1005 1204 1154 1258 rege,
1174 1189 1225 1242 in
1245 1188 1589 1258 Aquitaniam
1605 1201 1761 1242 exer-

179 1286 339 1338 citum
355 1285 472 1355 regi
497 1295 674 1354 parat.
699 1284 816 1352 Quo
837 1287 888 1340 in
911 1287 1060 1341 brevi
1087 1286 1338 1351 collecto,
1369 1287 1550 1342 causis
1579 1300 1763 1340 rerum

177 1376 521 1445 exigentibus
554 1376 622 1430 ad
655 1377 946 1432 interiores
973 1377 1297 1447 Burgundize
1341 1387 1524 1448 partes
1556 1393 1652 1432 rex
1682 1392 1766 1432 se»

181 1480 298 1516 cum
325 1467 634 1520 exercitum
683 1467 886 1538 dirigit.
917 1467 1050 1522 Cum
1077 1482 1209 1538 ergo
1246 1468 1299 1522 in
1337 1483 1468 1539 agro
1514 1467 1766 1522 Matisco-

182 1557 427 1609 neusium
458 1566 636 1612 castra
673 1558 894 1629 ﬁgeret,
918 1561 1127 1614 occurit
1156 1561 1206 1615 ei
1236 1559 1468 1614 Karolus
1502 1559 1768 1614 Constan-

183 1646 362 1710 tinus,
395 1646 621 1702 Viennae
648 1649 886 1706 civitatis
930 1652 1219 1721 princeps,
1263 1651 1487 1721 ejusque
1517 1649 1769 1714 efﬁcitur,

185 1735 342 1790 ﬁdem
366 1735 724 1805 jurejurando
750 1750 960 1810 pactus.
1009 1740 1108 1795 Hic
1135 1756 1201 1795 ex
1232 1741 1381 1812 regio
1426 1741 1643 1810 quidem
1674 1755 1771 1810 ge-

185 1843 313 1882 nere
342 1838 501 1884 natus
522 1838 675 1895 erat,
703 1831 798 1886 sed
827 1831 1168 1887 concubinali
1197 1840 1484 1887 stemmate
1511 1847 1682 1900 usque
1703 1830 1768 1884 ad

188 1919 443 1973 tritavum
469 1922 744 1985 sordebat,
767 1922 852 1975 vir
874 1922 1197 1992 grandevus,
1222 1929 1278 1975 et
1299 1920 1483 1975 multis
1508 1920 1768 1975 bellorum

188 2010 403 2064 casibus
431 2011 733 2080 sepissime
768 2012 1020 2076 attritus,
1069 2019 1126 2065 et
1162 2012 1252 2080 qui
1304 2013 1358 2066 in
1404 2012 1774 2082 superioribus

189 2099 488 2167 piratarum
523 2103 846 2157 tumultibus
875 2102 1016 2157 felici
1047 2117 1339 2173 congressu
1367 2104 1596 2174 insignis
1639 2103 1776 2158 mul-

87 2249 96 2259 ε
195 2191 348 2244 toties
393 2191 616 2246 enituit.
651 2192 818 2248 Affuit
861 2195 1024 2248 etiam
1074 2193 1382 2264 Stephanus
1409 2196 1776 2250 Arvernorum

195 2283 402 2351 prml,
431 2297 497 2338 ac
517 2285 635 2355 regi
668 2299 789 2340 sese
818 2286 1107 2362 commisit.
1133 2285 1352 2342 Necnon
1379 2296 1434 2340 et
1461 2301 1492 2340 a
1518 2285 1778 2341 Wilelmo

203 2375 587 2444 Aquitanorum
618 2375 864 2446 principe
915 2375 1076 2447 legati
1121 2376 1371 2432 industrii
1402 2375 1603 2431 aﬂuere
1627 2417 1642 2440 ,
1681 2391 1780 2446 pro

207 2485 297 2524 suo
339 2471 591 2540 principe
638 2487 706 2526 ex
757 2472 861 2526 fide
909 2473 1157 2528 habenda
1210 2484 1549 2530 sacramenta
1578 2474 1778 2529 daturi.

211 2560 399 2627 Quibus
429 2570 720 2632 postquam
762 2562 910 2631 jussa
965 2564 1166 2634 regalia
1198 2565 1322 2619 data
1366 2575 1527 2630 sunt,
1580 2581 1676 2620 rex
1727 2565 1783 2620 in

215 2654 380 2707 urbem
413 2652 738 2709 Vesontium
769 2671 890 2726 quae
919 2665 1003 2711 est
1029 2657 1344 2726 metropolis
1375 2656 1779 2722 Genaunorum,

224 2744 292 2798 cui
319 2746 480 2799 etiam
511 2746 568 2800 in
612 2745 839 2816 Alpibus
880 2747 998 2802 sitae
1025 2747 1178 2802 Aldis
1223 2747 1390 2803 Dubis
1437 2747 1784 2818 praeterﬂuit,

233 2851 334 2889 cum
375 2838 508 2893 duce
562 2840 864 2894 exercitum
901 2839 1134 2894 deducit.
1182 2840 1360 2909 Atque
1405 2841 1481 2894 ibi
1533 2839 1788 2894 Letoldus

238 2927 438 2994 ejusdem
463 2929 630 2984 urbis
649 2929 920 3000 princeps,
944 2929 1011 2984 ad
1031 2928 1149 2999 ejus
1169 2929 1416 2985 militiam
1445 2936 1790 2986 sacramento

228 3021 418 3073 transit.

278 3109 361 3165 99.
403 3109 616 3178 Quibus
663 3109 901 3167 feliciter
944 3118 1105 3181 atque
1138 3111 1344 3167 utiliter
1389 3109 1623 3175 habitis,
1669 3124 1791 3165 cum

219 3206 469 3253 autumno
497 3208 812 3255 maturante
832 3240 847 3266 ,
872 3199 1262 3255 elementorum
1289 3201 1592 3255 immutatio
1619 3199 1792 3264 fieret,

216 3301 302 3340 rex
351 3287 592 3343 colerico
635 3297 896 3355 vexatus,
945 3289 1000 3344 in
1049 3299 1265 3345 acutam
1319 3289 1522 3345 febrem
1571 3289 1793 3344 decidit.

213 3374 341 3430 Cum
373 3393 509 3448 ergo
534 3380 855 3448 aegritudine
879 3396 1134 3451 pressus,
1179 3381 1436 3436 militaria
1464 3396 1659 3437 curare
1690 3396 1798 3436 non

209 3477 424 3536 posset,
461 3470 567 3539 dux
607 3471 674 3526 ab
703 3486 770 3526 eo
809 3471 992 3542 jussus
1023 3472 1324 3528 exercitum
1359 3473 1588 3528 reducit.
1620 3472 1802 3528 Letol-

210 3560 312 3614 dus
340 3575 472 3614 vero
505 3562 790 3633 princeps,
837 3564 889 3617 in
921 3564 1036 3634 ipsa
1068 3564 1211 3635 regis
1240 3563 1558 3634 zegritudine
1601 3563 1801 3618 fidelis-

211 3649 350 3703 sime
380 3659 544 3719 atque
577 3651 968 3708 humanissime
995 3655 1106 3723 regi
1131 3653 1446 3708 famulatur.
1472 3653 1544 3707 At
1568 3654 1654 3708 die
1677 3667 1800 3708 cre-

214 3741 320 3795 tica
348 3752 475 3812 post
508 3741 674 3799 febris
702 3744 937 3810 initium,
970 3745 1252 3816 impariter
1281 3745 1554 3810 veniente,
1575 3743 1806 3798 firmiter

214 3840 270 3884 et
297 3831 598 3887 inreci‘dive
624 3833 916 3889 convaluit.
964 3834 1387 3904 Transactisque
1428 3833 1618 3890 diebus
1646 3834 1716 3889 50
1736 3833 1804 3864 ³⁸⁷

217 3929 339 3989 post
365 3922 615 3992 corporis
645 3925 1058 3994 reparationem,
1089 3941 1211 3980 cum
1233 3925 1459 3981 Letoldo
1487 3926 1730 3997 principe
1751 3925 1806 3981 in

217 4009 511 4065 Franciam
543 4013 704 4067 redit.

290 4102 420 4156 100.
463 4102 532 4158 Et
560 4119 684 4158 cum
705 4104 818 4175 jam
847 4105 1172 4179 Burgundtae
1214 4116 1460 4164 extrema
1495 4108 1808 4178 attingeret,

1855 742 1967 785 tum
1998 733 2202 788 scilicet
2231 747 2282 790 et
2323 735 2682 803 Gozbertumf,
2734 735 3087 789 munitionem
3122 745 3241 800 quae
3281 730 3427 781 «licv-

1854 823 2014 878 batur
2041 823 2238 880 Briona
2282 829 2632 890 exstruxisse,
2677 841 2784 894 quo
2823 825 2984 878 etiam
3034 830 3154 891 post
3174 819 3432 886 uagam“.

1857 911 2118 965 exercitia
2138 927 2257 967 sese
2281 914 2628 982 recipiebant.
2657 911 2804 966 Hanc
2825 911 2988 979 igitur
3010 924 3099 963 rex
3126 921 3428 976 aggressus.

1857 1001 2139 1058 obsidione
2172 1004 2506 1068 circumdat;
2559 1016 2844 1073 pugnaque
2889 1000 3147 1053 continua
3179 1012 3242 1050 ac
3297 993 3439 1046 fame

1860 1094 2166 1160 atterit;et
2203 1096 2416 1149 tandem
2462 1094 2642 1163 capit,
2672 1093 3057 1157 soloteuusque
3104 1086 3295 1140 diruit.
3341 1081 3442 1136 La—

1863 1186 2142 1242 trunculos
2164 1199 2294 1242 vero
2317 1192 2533 1256 petente
2554 1181 2780 1238 Letoldo
2805 1181 2904 1236 sub
2929 1183 3270 1235 sacramento
3295 1171 3445 1227 abire

1862 1279 2150 1352 permittit.

1936 1371 2057 1424 101.
2101 1370 2245 1424 lnter
2292 1371 2410 1424 haec
2453 1384 2576 1423 cum
2623 1383 2715 1422 rex
2757 1365 2810 1420 in
2841 1363 3086 1434 partibus
3128 1353 3448 1426 Burgundiae

1866 1463 2042 1518 adhuc
2083 1463 2437 1526 detineretur,
2483 1460 2742 1530 Ethgiva
2791 1465 2963 1510 mater
3007 1452 3123 1521 ejus
3170 1448 3354 1517 regina
3381 1457 3451 1498 eo

1869 1552 2152 1620 ignorante
2199 1552 2486 1606 lleriberto
2515 1549 2697 1604 comiti
2731 1546 2944 1615 nupsit,
2991 1550 3048 1596 et
3095 1539 3281 1594 relicta
3317 1531 3452 1588 urbe

1867 1644 2127 1699 Lauduno
2163 1644 2229 1698 ab
2257 1657 2322 1698 eo
2366 1640 2594 1696 deducta
2626 1645 2726 1692 est.
2779 1634 2932 1703 Quod
2978 1647 3074 1686 rex
3105 1629 3457 1682 vehementer

1870 1737 2156 1807 indignans
2177 1735 2268 1799 ³⁸⁸,
2299 1733 2478 1788 redire
2503 1738 2760 1792 maturat,
2792 1736 2847 1782 et
2882 1740 3003 1780 cum
3034 1721 3336 1785 Gerberga,
3369 1727 3458 1807 re.

1872 1802 2011 1898 gina.
2030 1841 2198 1880 uxore
2242 1823 2560 1878 Laudunum
2594 1818 2909 1888 ingreditur.
2937 1814 3002 1867 Et
3028 1827 3059 1865 a
3089 1817 3263 1864 matre
3308 1802 3458 1859 aufe-

1877 1935 2001 1975 rens
2026 1918 2226 1990 przedia
2258 1926 2312 1972 et
2336 1917 2477 1970 uades
2507 1914 2717 1984 regias,
2748 1907 2907 1963 uxori
2925 1906 2994 1939 ⁸⁸⁹
3027 1903 3259 1997 delegat.
3341 1985 3352 1997 .

1949 2009 2073 2064 102.
2116 2009 2324 2062 Interea
2357 2005 2632 2073 Gerberga
2679 1999 2884 2069 regina,
2940 1991 3184 2049 Lauduni
3216 1991 3462 2058 geminos

1879 2100 2040 2156 enixa
2071 2107 2174 2153 est.
2227 2097 2468 2163 Quorum
2520 2092 2657 2146 alter
2700 2085 2958 2153 Karolus,
2993 2082 3130 2136 alter
3175 2075 3464 2163 Heinricus

1879 2189 2104 2244 voeatus
2123 2196 2226 2243 est.
2251 2161 2322 2240 λι
2346 2183 2634 2239 Heinricus
2656 2193 2780 2233 mox
2809 2183 2931 2246 post
2953 2171 3093 2229 sacri
3121 2161 3465 2238 baptismatis

1880 2281 2312 2352 perceptionem,
2359 2277 2412 2332 in
2444 2275 2582 2330 albis
2612 2271 2842 2328 decedit.
2873 2264 3104 2321 Karolus
3134 2268 3312 2315 autem
3339 2269 3466 2310 cum

1883 2372 2116 2428 naturali
2144 2371 2340 2426 virium
2369 2369 2566 2424 robore
2593 2367 2876 2419 educatur.

1955 2461 2079 2515 105.
2103 2460 2409 2516 Ludovicus
2433 2470 2562 2510 vero
2585 2468 2702 2517 rex,
2727 2452 2928 2505 Remos
2954 2446 3191 2508 rediens,
3219 2453 3340 2496 cum
3371 2434 3469 2490 flu-

1883 2553 1974 2607 vio
2021 2551 2223 2606 Axonze
2267 2549 2688 2620 propinquaret,
2743 2556 2841 2611 per
2895 2532 3220 2605 campestria
3279 2529 3468 2596 lupum

1885 2645 2081 2716 praeire
2110 2641 2395 2711 conspicit.
2427 2638 2597 2705 Quem
2627 2648 2766 2705 equo
2800 2630 3006 2686 emisso
3029 2628 3335 2716 insecutus,
3369 2631 3468 2687 per

1887 2713 2041 2788 devia
2067 2731 2328 2800 exagitat.
2353 2727 2435 2782 Ad
2461 2739 2649 2780 omnes
2699 2721 2828 2775 ferae
2855 2713 3247 2800 declinationes
3271 2719 3475 2800 equum

1890 2797 2196 2892 impatiens.
2235 2817 2573 2873 obvertebat.
2632 2810 2745 2866 Nec
2795 2808 3078 2878 quiescere
3134 2797 3476 2892 paciebatur,

1889 2885 2062 2969 donec
2081 2909 2318 2981 equestri
2341 2903 2640 2962 certamine
2665 2900 2958 2972 fugientem
2980 2893 3276 2949 evinceret.
3293 2885 3478 2954 Equus

1891 3017 2022 3072 ergo
2049 3015 2146 3071 per
2177 2999 2321 3055 invia
2367 3004 2590 3052 coactus
2609 3033 2623 3054 ,
2657 2989 2858 3060 cespite
2887 2983 3112 3041 offendit
3141 2988 3302 3046 atque
3348 2988 3478 3074 pro-

1893 3095 2113 3151 labitur.
2147 3093 2263 3148 Rex
2291 3105 2423 3145 vero
2451 3083 2772 3160 gravissime
2805 3077 3026 3134 attritus
3053 3087 3206 3135 casu,
3230 3076 3340 3160 et_a
3369 3077 3484 3132 suis

1897 3194 2188 3256 exceptus,
2234 3197 2356 3238 cum
2408 3158 2578 3235 multo
2621 3173 2860 3231 omnium
2915 3160 3233 3226 merore’”,
3285 3158 3484 3212 Remos

1899 3280 2231 3348 deportatur.
2274 3269 2492 3327 Infestis
2518 3267 2724 3337 .itaque
2771 3258 3050 3316 doloribus
3100 3262 3211 3308 toto
3257 3257 3488 3348 corporo

1898 3346 2217 3426 vexabatur.
2249 3364 2317 3420 Et
2355 3372 2476 3434 post
2507 3359 2774 3415 diutinam
2803 3349 3166 3407 valetudinem
3215 3346 3488 3434 corruptis

1900 3461 2131 3519 interius
2157 3430 2458 3515 visceribus
2483 3453 2552 3508 ob
2581 3452 2872 3506 humorum
2901 3438 3349 3513 superﬂuitatem,
3377 3430 3490 3485 ele-

1901 3553 2128 3610 fanciasi
2162 3559 2343 3622 peste,
2390 3553 2504 3602 toto
2535 3538 2919 3598 miserabiliter
2961 3545 3191 3602 corpore
3215 3522 3492 3622 perfundi-

1907 3656 2014 3701 tur.
2045 3619 2394 3713 Qua—diutius
2419 3635 2721 3699 confectus,
2751 3644 2892 3685 anno
2916 3625 3070 3698 regni
3099 3621 3182 3678 sui
3212 3619 3279 3713 18_
3301 3632 3330 3670 a
3357 3621 3492 3668 natu

1912 3709 2091 3793 autem
2118 3736 2189 3790 36
2223 3735 2366 3788 diem
2393 3730 2518 3785 vita:
2545 3725 2740 3782 clausit
2767 3731 3068 3778 extremum
3087 3756 3102 3780 ,
3131 3709 3488 3780 sepultusque

1911 3839 1996 3884 est
2029 3828 2082 3882 in
2113 3824 2361 3882 cmuobio
2393 3818 2784 3875 monachorum
2837 3811 3011 3868 sancti
3058 3801 3317 3873 Remigii,
3349 3793 3496 3867 quod

1913 3924 2077 3980 distat
2101 3919 2213 3975 fere
2240 3915 2472 3974 miliario
2495 3925 2603 3967 uno
2626 3909 2693 3963 ab
2719 3906 2876 3971 urbe,
2895 3917 3018 3959 cum
3047 3895 3231 3954 multis
3254 3889 3498 3956 omnium

1914 4015 2188 4072 lamentis.

1540 4239 1629 4296 VA
1639 4241 1778 4296 RIAS
1819 4230 2234 4297 LECTIONES.

299 4350 376 4387 ’θ’
402 4351 504 4406 XX
531 4368 672 4407 corr.
694 4351 865 4408 XXX.
940 4353 1010 4386 ⁸⁸³
1038 4353 1076 4409 i.
1098 4368 1223 4410 cum
1253 4353 1513 4425 gerberga
1539 4352 1730 4408 deleta.
1808 4353 1878 4386 ³³³
1906 4367 1962 4407 n.
1993 4346 2176 4405 omnia
2199 4341 2446 4398 deletum.
2523 4337 2592 4370 ⁸³³
2617 4335 2764 4390 luctu
2804 4345 2944 4385 corr.
3002 4334 3238 4380 merore.

224 4451 3406 4522 _________________________.__._.._.

1474 4659 1782 4738 LIBER
1855 4649 2343 4733 TERTIUS.

308 4991 364 5044 1.
404 4988 648 5045 Peractis
669 4996 849 5044 autem
873 4989 1150 5060 exequiis,
1179 4989 1454 5060 Gerberga
1484 4987 1669 5058 regina
1695 5026 1710 5052 ,
1743 4983 1824 5040 le-
1849 4964 1902 5023 Ῐ)
1929 4995 2119 5038 omnes
2166 4979 2221 5034 in
2265 4976 2454 5031 urbem
2481 4972 2776 5026 Remorum
2807 4964 2963 5060 apud
2981 4961 3314 5060 Gerbergam
3357 4971 3416 5011 re
3429 4953 3509 5026 gi-

229 5090 396 5154 gatos
421 5081 610 5152 dirigit
645 5080 903 5136 fratribus
931 5081 1076 5144 suis,
1108 5080 1292 5137 Ottoni
1323 5079 1472 5150 regi,
1500 5094 1564 5133 ac
1587 5075 1828 5132 Brunoni

1931 5088 2054 5128 nam
2085 5071 2203 5143 pari
2232 5077 2357 5124 voto
2383 5063 2594 5122 collecti
2624 5067 2768 5117 sunt.
2806 5055 3060 5113 Omnium
3088 5052 3150 5107 fit
3174 5061 3508 5143 consensus;

229 5141 310 5230 ξι
334 5141 749 5242 praesulbducij;
779 5186 988 5226 necnon
1016 5182 1071 5226 et
1105 5170 1313 5241 llugoni
1345 5141 1643 5226 Galliarum
1674 5166 1827 5232 duci,
1930 5165 2181 5243 omnibus
2201 5161 2383 5216 animo
2407 5160 2570 5224 inest,
2598 5151 2915 5210 Lotharium
2944 5146 3086 5217 patri
3115 5141 3368 5199 defuncto
3390 5150 3515 5191 suc-

231 5275 432 5336 petens
457 5279 556 5333 per
585 5277 711 5327 eos,
741 5262 1057 5317 Lotharium
1099 5261 1263 5316 tilium
1295 5273 1450 5315 suum
1501 5258 1554 5312 in
1603 5271 1826 5327 regnum

234 5355 386 5424 patri
416 5353 674 5409 defuncto
703 5353 1012 5408 succedere.
1058 5351 1370 5407 Adveniunt
1407 5351 1590 5420 itaque
1637 5347 1706 5402 ab
1736 5344 1834 5400 0t-

240 5458 376 5503 tone
399 5461 526 5518 rege
552 5461 742 5502 omnes
765 5462 830 5501 ex
855 5445 1066 5514 Belgica
1093 5445 1229 5499 duce
1255 5444 1506 5498 Brunone
1535 5440 1826 5510 principes,

245 5537 343 5594 sed
367 5547 424 5593 ct
451 5553 519 5592 ex
546 5537 844 5593 Germania
869 5537 1054 5608 aliqui.
1088 5536 1260 5590 Adest
1301 5535 1467 5590 etiam
1514 5533 1669 5604 Hugo
1700 5531 1828 5586 Gal-

247 5627 443 5684 liarum
469 5629 599 5683 dux.
630 5628 972 5685 Conveniunt
995 5643 1210 5698 quoque
1240 5625 1564 5699 Burgundia:
1589 5633 1643 5678 et
1671 5622 1836 5693 Aqui-

254 5723 414 5777 tania
444 5722 718 5794 simulque
743 5731 798 5779 et
822 5723 1034 5780 Gothiae
1068 5721 1362 5793 principes.
1393 5719 1642 5790 Episcopi
1673 5717 1835 5774 etiam

256 5829 286 5868 e
322 5815 551 5872 diversis
599 5814 882 5886 regionum
926 5815 1151 5870 urbibus
1181 5811 1530 5869 conveniunt.
1578 5809 1751 5878 Atque
1783 5806 1840 5862 hi

1934 5256 2148 5312 cedere.

2005 5347 2060 5400 2.
2104 5342 2487 5400 Universorum
2537 5337 2723 5406 itaque
2749 5346 3016 5389 consensu
3042 5368 3056 5390 ,
3105 5341 3134 5378 a
3179 5322 3376 5377 domno
3415 5315 3519 5369 Ar-

1938 5435 2082 5491 toldo
2150 5434 2440 5488 Remorum
2491 5425 2952 5497 metr0politano,
3002 5418 3219 5472 favente
3265 5410 3520 5464 Brunone

1936 5527 2052 5598 ejus
2083 5525 2352 5582 avunculo
2377 5563 2391 5587 ,
2436 5519 2883 5592 principibusque
2909 5514 3246 5568 diversarum
3277 5501 3539 5604 gentium-

1936 5620 2284 5677 laudan'ibus
2309 5659 2324 5684 ,
2354 5614 2646 5670 Lotharius
2695 5606 3027 5670 duodennis,
3075 5618 3167 5655 rex
3204 5608 3424 5654 creatur
3466 5607 3521 5645 m

1942 5713 2163 5770 basilica
2216 5709 2387 5766 sancti
2417 5703 2686 5774 Remigii,
2738 5698 2829 5754 ubi
2881 5704 3036 5768 pater
3066 5705 3197 5749 suus
3228 5692 3525 5743 tumulatus

1947 5821 2068 5862 cum
2121 5803 2240 5859 aliis
2278 5800 2496 5872 regibus
2544 5790 2768 5867 sepultis
2813 5786 3143 5862 quiescebat.
3193 5782 3525 5844 CreatusQue
