4026 6312
541 357 602 412 9|
1113 389 1124 400 η»
1281 393 1286 397 -
1670 373 1947 430 meum
1977 371 2034 429 S.
2059 373 2318 434 REMlGlI
2354 381 2658 443 MONACllI

537 484 658 534 rex,
688 483 718 523 a
744 479 915 527 matre
939 473 1210 546 Gel-berga
1235 476 1502 548 simulque
1522 487 1576 534 et
1594 483 1934 554 principibus
1957 484 2095 539 Lau-

3709 410 3794 468 99

2123 486 2171 544 Δ
2198 494 2411 562 repetit.
2443 498 2557 552 Dux
2587 515 2715 557 vero
2757 501 2949 560 Parisii
2983 519 3260 578 receptus,
3315 512 3368 567 in
3417 518 3781 587 egritudinem

2262 559 2274 562 _
2868 559 2871 560 ,
2898 559 2903 560 γ
2936 559 2945 560 κ
2984 559 2992 560 κ
3016 559 3227 578 ---Ι--..ν
3246 559 3260 578 ν
3315 559 3368 567 --σ
3419 559 3780 587 νδ-ιυυιιιιινιιι

537 559 843 628 dunum'",
870 565 957 617 ubi
979 569 1286 636 exantiquo
1307 572 1448 639 regia
1475 588 1593 628 esse
1610 577 1766 631 sedes
1792 577 2126 647 dinoscitur,’
2151 651 2156 658 ι
2179 582 2436 652 ξόθοίάὴ,
2466 606 2594 658 qua
2650 594 2875 650 nimium
2922 597 3144 656 affectus
3163 642 3177 666 ,
3205 604 3329 660 vitae
3376 606 3536 662 tinem
3569 616 3780 683 accepit

539 664 728 683 πηιὶηηα
785 667 963 683 lin-num
1023 657 1310 683 Λ-ιιΙιῘΙῖΑ-ιιι
1362 659 1573 683 3--..131---
1641 666 1688 683 J_
1716 665 1728 683 1
1807 669 1840 683 ⁸-
1990 671 2026 683 λ
2186 660 2196 676 ο
2216 676 2348 683 ¹⁴“⁶““
2436 679 2462 683 “

539 664 730 718 magna
785 667 964 706 rerum
1022 657 1312 712 ambitione
1360 659 1576 717 inclitus
1630 665 1931 722 deducitur.
1988 671 2106 727 Dux

537 741 791 794 continue
819 744 866 796 ei
896 745 1204 803 individuus
1244 750 1474 816 assidet;
1523 764 1577 808 et
1612 757 1679 811 ad
1709 761 1933 816 multam
1965 767 2105 835 regis

537 827 952 886 benivolentiam
990 836 1226 891 animum
1272 839 1595 909 intendens,
1641 858 1923 918 postquam
1954 855 2104 923 prin-

535 918 684 986 cipes
719 920 770 973 in
799 937 894 975 sua
925 924 1244 990 discessere,
1273 929 1496 996 privatis
1522 948 1640 987 cum
1672 952 1799 1006 rege
1825 929 2105 1012 colloquiis

536 1008 875 1062 coutebatur.
900 1011 966 1063 Et
992 1021 1048 1065 ut
1075 1029 1185 1068 suae
1206 1015 1478 1074 fidelitatis
1500 1023 1748 1078 virtutem
1771 1008 1994 1096 penitus.
2012 1033 2107 1087 de-

534 1104 891 1160 monstraret,
925 1115 1104 1170 regem
1150 1103 1374 1174 ejusque
1419 1120 1645 1166 matrem
1693 1130 1817 1169 suas
1858 1120 2020 1173 urbes
2048 1130 2104 1176 et

532 1184 725 1252 oppida
760 1187 810 1240 in
853 1197 962 1243 tota
996 1190 1241 1248 Nenstria
1271 1199 1444 1252 visere
1469 1203 1634 1268 petit,
1662 1206 1994 1278 obtinctque.

601 1273 653 1326 3.
699 1274 991 1332 Deducitur
1019 1296 1147 1351 ergo
1173 1299 1202 1336 a
1233 1286 1369 1342 duce
1416 1305 1508 1344 rex
1553 1308 1675 1347 cum
1712 1307 1884 1352 matre
1914 1302 2097 1370 regina

530 1375 629 1430 per
677 1363 1014 1434 Neustriam,
1067 1388 1130 1426 ac
1175 1375 1242 1427 ab
1295 1390 1360 1430 eo
1411 1379 1784 1438 decentissime
1837 1389 2102 1457 excipitur

530 1451 753 1519 Parisii,
786 1455 1117 1526 Aurelianis,
1149 1462 1366 1519 Carnoti
1388 1507 1402 1533 ,
1436 1466 1696 1538 Turonis,
1734 1472 1921 1541 Bleso,
1953 1477 2101 1532 aliis-

531 1554 635 1607 que
679 1557 840 1611 quam
889 1547 1133 1614 plurimis
1185 1551 1446 1610 Neustria:
1491 1559 1712 1617 urbibus
1757 1567 2093 1636 oppidisque.

528 1628 654 1684 lnde
683 1647 895 1702 quoque
922 1653 1042 1692 cmn
1084 1644 1323 1697 exercitu
1357 1645 1409 1698 in
1455 1628 1806 1716 Aquitaniam
1826 1628 2094 1713 feruntur.

533 1718 597 1772 Et
624 1724 915 1790 praemissis
944 1727 1157 1798 legatis,
1186 1748 1306 1786 cum
1337 1733 1616 1794 Wilelmus
1637 1742 1886 1813 princeps
1908 1761 2097 1801 occur-

529 1823 648 1862 rere
675 1810 870 1877 nollet,
903 1812 1162 1872 Pictavim
1188 1821 1527 1892 adoriuntur,
1552 1810 1851 1900 principem
1879 1833 1951 1888 ibi
1977 1849 2096 1891 esse
2129 1819 2170 1878 Β

527 1900 652 1952 rati.
679 1900 814 1956 Cum
845 1920 974 1974 ergo
1001 1910 1271 1967 exercitus
1296 1916 1769 1976 vehementissime
1801 1926 1987 1980 urbem
2015 1938 2097 1982 at-

529 1999 756 2057 tereret,
802 2003 856 2048 et
885 1996 1186 2054 diutissime
1218 2018 1460 2088 pugnam.
1499 2009 1722 2066 urbanis
1753 2014 2017 2082 inferret,
2065 2035 2096 2074 a

528 2080 846 2146 quibusdam
896 2088 1055 2156 regiis
1081 2099 1318 2145 castrum
1351 2080 1554 2151 sau'cta:
1584 2098 1927 2173 Radegundis
1973 2109 2094 2165 urbi

528 2173 862 2243 contiguum,
885 2178 1214 2237 clandestina
1239 2184 1529 2255 irreptione
1554 2202 1767 2262 captum
1797 2206 1957 2266 atque
1977 2215 2098 2255 suc-

525 2273 744 2314 censum
773 2273 874 2319 est.
907 2265 1197 2340 Comperto
1224 2289 1354 2329 vero
1377 2278 1674 2350 principem
1721 2301 1827 2340 non
1873 2289 2095 2357 adesse,

525 2353 739 2408 tandem
764 2367 880 2424 post
901 2359 1126 2416 duorum
1151 2367 1412 2422 mensium
1442 2370 1577 2438 dies,
1604 2375 1776 2430 victus
1802 2377 2095 2452 indigentia

525 2446 768 2501 exercitu
797 2449 1050 2521 fatigato,
1091 2456 1158 2511 ab
1187 2458 1470 2518 obsidione
1495 2465 1811 2522 disceditur.

591 2533 651 2590 4.
692 2535 977 2598 Wilelmns
997 2559 1124 2601 vero
1147 2546 1425 2608 Arvernis:
1456 2553 1589 2612 ﬁnes
1615 2557 1951 2628 perlustrans
1974 2579 2096 2635 quae

521 2633 607 2681 est
625 2625 925 2696 Aquitaniae
955 2649 1110 2703 pars,
1137 2638 1204 2692 ab
1235 2642 1445 2712 oppidis
1474 2625 1674 2704 milites
1701 2625 2010 2720 educebat;
2028 2658 2095 2712 ad
2121 2643 2124 2646 ’

519 2730 754 2786 pugnam
785 2725 1077 2780 exercitum
1128 2730 1405 2802 colligens.
1437 2735 1783 2811 Collectoque
1827 2744 1880 2799 in
1911 2762 2092 2818 regem

520 2804 711 2862 fertur.
740 2809 856 2877 Quo
891 2829 984 2869 rex
1028 2830 1339 2889 comperto,
1370 2824 1506 2882 duce
1553 2827 1767 2886 favente
1795 2837 2091 2892 exercitum

520 2893 576 2947 in
627 2896 838 2953 hostem
889 2900 1114 2959 reducit.
1165 2907 1450 2982 Signisque
1495 2916 1704 2975 infestis
1729 2927 2090 2994 congreditur.

520 2981 800 3043 Acerrime
825 2989 1135 3049 dimicatum
1166 3008 1283 3065 est,
1321 2981 1592 3062 nonnullis
1636 3012 1908 3082 utrimque
1935 3015 2088 3072 fusis.

524 3075 630 3133 Sed
680 3084 826 3154 regio
873 3089 1199 3156 equitatum
1249 3099 1601 3167 praevalente,
1631 3075 1931 3175 Aquitanos
1966 3110 2089 3180 fuga

522 3171 775 3240 exagitat.
809 3175 985 3248 Regia:
1015 3195 1142 3236 vero
1188 3187 1332 3240 acies
1359 3193 1727 3258 promtissime
1753 3198 2088 3258 insecuntur.

520 3254 577 3309 In
610 3274 714 3327 qua
765 3260 888 3334 fuga
921 3269 1163 3324 nonnulli
1198 3254 1589 3344 Aquitanorum
1637 3285 1938 3355 interfecti,
1971 3290 2090 3359 plu-

520 3345 642 3399 rimi
672 3359 850 3405 autem
899 3357 1040 3425 capti
1088 3357 1326 3416 fuerunt.
1356 3365 1640 3426 Wilelmus
1667 3389 1796 3431 vero
1825 3378 1977 3435 devia
2007 3397 2092 3438 se-

520 3443 708 3503 cutus,
740 3455 860 3496 cum
889 3444 1096 3504 duobus
1125 3451 1210 3505 vix
1239 3469 1337 3523 per
1360 3457 1586 3529 abrupta
1617 3466 1871 3537 profugit.

590 3525 642 3579 5.
689 3526 802 3584 Rex
857 3548 984 3604 ergo
1032 3553 1292 3612 prospero
1341 3546 1468 3603 belli
1523 3568 1773 3611 successu
1833 3560 2085 3633 insignis,

521 3617 752 3674 acies'”
779 3623 973 3682 iterum
1015 3630 1249 3691 Pictavis
1280 3637 1464 3696 inferri
1487 3642 1747 3712 jubet'”.
1776 3617 2089 3711 Arbitraba:

519 3715 607 3762 tur
636 3714 855 3783 etenim,
891 3720 1079 3776 urbem
1137 3736 1262 3784 tunc
1290 3728 1541 3791 facillime
1571 3740 1688 3809 capi
1745 3758 1930 3812 posse,
1964 3763 2086 3802 cum

519 3806 793 3860 exercitus
820 3815 1055 3870 recentis
1093 3817 1216 3873 belli
1260 3825 1601 3884 animositate
1636 3833 1812 3889 adhuc
1851 3835 2080 3906 ferveat,

517 3900 574 3946 et
601 3896 791 3952 urbani
826 3901 992 3958 multo
1022 3907 1366 3969 detineantur
1391 3927 1568 3984 metu,
1603 3923 1672 3977 ob
1715 3927 1974 3996 principis
2001 3932 2082 3984 sui

517 3983 734 4054 fugam,
775 3990 999 4064 ejusque
1045 4001 1270 4056 militum
1319 3983 1588 4065 infelicem
1639 3983 1912 4070 eventum:
1965 4019 2083 4075 Dux

516 4075 697 4146 itaque
721 4083 860 4150 regis
882 4091 1374 4156 magnanimitatem
1399 4099 1564 4154 multo
1587 4101 1769 4160 favore
1789 4108 2079 4177 excipiens,

515 4171 810 4225 exercitum
843 4174 967 4230 licet
994 4177 1306 4249 fatigatum,
1337 4196 1391 4239 et
1423 4197 1600 4244 tamen
1629 4209 1724 4248 sua
1753 4196 2082 4268 benignitate

514 4265 760 4324 captum,
821 4264 940 4317 urbi
991 4269 1217 4323 reducit.
1268 4271 1467 4331 Urbani
1499 4294 1626 4334 vero
1677 4284 1803 4338 belli
1831 4302 1959 4342 casu
1989 4306 2082 4345 ex-

514 4345 754 4410 animes,
783 4351 946 4406 vitam
977 4354 1303 4426 deposcunt,
1352 4372 1406 4417 et
1449 4383 1548 4436 pro
1579 4370 1726 4426 urbis
1755 4374 1994 4433 illesione
2012 4380 2082 4414 ³⁵³

513 4426 837 4505 supplicant.
862 4443 993 4498 Cum
1018 4459 1199 4505 autem
1227 4457 1496 4514 exercitus
1521 4464 1707 4518 urbem
1742 4467 1792 4521 vi
1823 4469 1985 4524 vellet
2007 4472 2078 4526 ir-
2107 4485 2156 4543 ι)

515 4545 796 4600 rumpere,
825 4547 878 4592 et
907 4541 1077 4609 spolia
1114 4556 1424 4616 asportare,
1459 4555 1566 4609 dux
1607 4557 1788 4613 habita
1823 4565 1960 4633 apud
1987 4581 2081 4620 eos

511 4617 875 4692 dissuasione,
931 4630 1186 4688 intactam
1232 4654 1357 4708 rege
1392 4641 1614 4709 jubente
1680 4650 1919 4721 reliquit.
1965 4655 2079 4710 Rex

511 4722 690 4766 autem
721 4717 788 4772 ab
818 4721 1038 4777 urbanis
1083 4727 1300 4784 obsides
1328 4744 1458 4801 quot
1504 4738 1618 4791 vult
1667 4717 1829 4811 capit.
1884 4745 2080 4817 Sicque

511 4799 647 4856 duce
676 4805 1087 4879 interveniente,
1112 4818 1239 4872 urbs
1268 4822 1335 4876 ab
1360 4827 1600 4881 exercitu
1615 4830 1684 4863 ’9‘
1711 4830 1933 4888 liberata
1963 4848 2044 4891 est
2063 4880 2076 4904 ,

511 4901 566 4945 ct
596 4896 694 4948 sub
721 4913 852 4967 pace
877 4915 1157 4972 sequestra
1190 4909 1397 4968 obsidio
1429 4917 1677 4975 solvitur.
1706 4923 2077 4999 Prosperaque

513 4997 692 5050 rerum
724 4987 959 5060 fortuna,
990 5011 1080 5049 rex
1112 5013 1233 5053 cum
1265 5001 1400 5060 duce
1419 5015 1472 5061 et
1493 5013 1730 5068 exercitu
1759 5015 2076 5079 Laudunum

2186 660 2380 748 ’(956).
2431 679 2790 754 Sepultusque
2837 697 2922 743 est
2967 690 3021 744 in
3069 660 3290 751 basilica
3337 660 3780 759 sancitinliioii‘ilsii

2205 769 2464 825 martiris.

2276 857 2329 912 6.
2362 859 2573 917 Interea
2603 864 2797 922 Ottone
2828 883 2952 936 rege
2974 869 3212 929 Bulizlao
3241 875 3615 934 Sarmatarum
3657 883 3777 952 regi

2203 946 2401 1003 bellum
2428 950 2714 1021 inferente,
2746 956 3059 1028 Ragenerus
3088 963 3302 1031 quidam
3335 983 3494 1036 quem
3523 969 3649 1024 Otto
3680 946 3782 1025 rex

2202 1036 2272 1090 ob
2301 1042 2594 1096 custodiam
2645 1044 2698 1098 in
2730 1046 2944 1118 Belgica
2991 1051 3288 1120 dimiserat,
3321 1057 3487 1112 multa
3521 1074 3643 1128 quae
3672 1060 3776 1113 illi-

2202 1125 2308 1179 cita
2355 1137 2509 1183 erant
2552 1137 2932 1200 praesumebat.
2972 1139 3115 1194 Inter
3156 1158 3277 1212 qua:
3328 1146 3473 1200 aedes
3512 1148 3691 1217 regias
3722 1157 3780 1202 et

2201 1218 2400 1284 praedia
2447 1222 2648 1291 regalia
2697 1223 2981 1297 Gerbergae
3022 1231 3220 1300 reginae
3277 1249 3398 1303 quae
3457 1235 3512 1290 in
3561 1237 3779 1307 Belgica

2201 1317 2376 1374 erant,
2409 1311 2668 1367 tirannica
2697 1318 3000 1373 temeritate
3028 1319 3095 1352 ³³⁷
3115 1325 3377 1390 pervadit.
3414 1326 3617 1397 Regina
3644 1343 3779 1383 vero

2199 1399 2337 1468 apud
2387 1417 2511 1457 suos
2559 1404 2626 1459 de
2665 1410 2967 1475 repetendis
3007 1413 3226 1480 praediis
3265 1424 3322 1470 et
3367 1416 3571 1472 aedibus
3613 1418 3781 1488 regiis

2197 1491 2445 1558 privatim
2477 1495 2782 1553 consultare
2810 1514 2916 1553 non
2943 1501 3168 1556 distulit.

2269 1581 2321 1634 7.
2370 1581 2513 1638 Inter
2541 1601 2678 1654 quos
2705 1603 2827 1642 cum
2855 1599 3010 1658 pater
3039 1608 3191 1648 meus
3231 1593 3392 1664 hujus
3439 1597 3519 1651 rei
3547 1596 3780 1666 disposi-

2199 1671 2332 1726 tioni
2379 1674 2647 1729 videretur
2697 1677 2940 1746 idoneus,
2971 1683 3039 1736 ab
3073 1698 3138 1738 eo
3171 1685 3222 1739 id
3247 1701 3594 1756 summopere
3625 1689 3780 1742 ordi-

2199 1761 2431 1817 nandum
2460 1767 2761 1835 petebatur.
2813 1769 2964 1836 Quod
3007 1773 3170 1829 etiam
3221 1776 3335 1844 ipse
3382 1777 3778 1846 disponendum

2197 1853 2496 1922 suscipiens
2536 1872 2551 1911 :
2592 1873 2614 1908 ι
2643 1855 2838 1925 Sinite,
2891 1860 3084 1930 inquit,
3136 1879 3232 1933 per
3277 1866 3392 1921 dies
3437 1866 3641 1937 aliquot
3692 1884 3782 1922 me

2198 1941 2340 1995 istud
2371 1943 2673 2012 explorare.
2715 1946 2783 2002 Et
2813 1949 2858 2003 si
2889 1951 3104 2019 quidem
3135 1957 3334 2010 nostris
3363 1957 3565 2012 viribus
3594 1958 3645 2012 id
3677 1975 3782 2028 par

2198 2031 2382 2097 fuerit,
2429 2035 2618 2102 procul
2663 2037 2825 2093 dubio
2869 2054 2966 2110 per
3004 2042 3108 2097 hoc
3149 2046 3404 2114 temporis
3435 2047 3779 2103 intervallum

2195 2125 2700 2194 contemplabimur.
2733 2128 2814 2182 Ad
2841 2129 2945 2183 alia
2975 2131 3190 2187 interim
3217 2149 3311 2189 vos
3341 2136 3483 2205 ipsos
3508 2137 3777 2194 conferte.

2195 2209 2327 2265 lllud
2362 2221 2567 2268 tantum
2599 2230 2627 2268 a
2657 2216 2811 2271 vobis
2841 2218 2909 2252 ⁸³⁸
2935 2221 3272 2290 expediatur,
3303 2233 3362 2278 ut
3389 2225 3434 2279 si
3470 2242 3500 2279 a
3533 2225 3641 2280 Deo
3677 2243 3782 2282 no-

2195 2300 2279 2355 bis
2307 2301 2385 2355 rei
2431 2304 2680 2372 gerendze
2727 2309 3066 2376 oportunitas
3109 2309 3443 2380 conferatur,
3495 2315 3634 2384 apud
3681 2332 3778 2370 vos

2195 2390 2337 2444 nulla
2366 2407 2516 2446 mora
2541 2396 2894 2464 attemptandi
2919 2411 3053 2467 opus
3079 2398 3361 2456 habeatur.
3391 2421 3411 2454 ι
3445 2401 3535 2457 Sic
3560 2418 3778 2473 quoque

2195 2497 2226 2535 a
2255 2498 2372 2538 sese
2403 2485 2563 2540 soluti
2593 2497 2740 2541 sunt.

2268 2575 2321 2631 8.
2351 2573 2512 2630 Pater
2549 2593 2701 2634 meus
2735 2580 2919 2651 itaque
2946 2581 3013 2636 ad
3044 2583 3295 2654 oppidum
3329 2585 3568 2655 prmdicti
3601 2586 3772 2656 Bage-

2194 2663 2311 2718 ncri
2359 2667 2501 2735 quod
2554 2668 2753 2724 dicitur
2798 2665 2950 2725 Mons
2989 2671 3057 2707 ³⁸³
3097 2673 3427 2728 castratiloci
3481 2674 3642 2744 (101),
3673 2676 3766 2729 ubi

2194 2753 2357 2808 etiam
2386 2771 2524 2811 uxor
2548 2757 2664 2828 ejus
2689 2774 2811 2829 cum
2839 2760 3046 2816 duobus
3075 2761 3200 2818 ﬁliis
3226 2763 3408 2832 parvis
3439 2765 3767 2827 morabatur,

2194 2846 2454 2912 quosdam
2494 2861 2713 2901 suorum
2742 2864 2878 2919 quos
2909 2849 3021 2920 ipse
3058 2851 3112 2904 in
3141 2851 3466 2908 militaribus
3497 2853 3770 2908 instruxe-

2193 2945 2278 2989 rat
2303 2937 2504 3008 dirigit,
2538 2940 2628 3008 qui
2659 2939 2761 2995 loci
2790 2941 3161 2998 habitudinem
3194 2945 3531 3014 militumque
3574 2961 3772 3000 nume-

2193 3044 2334 3093 rum,
2364 3045 2546 3086 rerum
2579 3033 2739 3088 etiam
2781 3034 3054 3091 fortunam
3083 3053 3148 3093 ac
3177 3039 3498 3094 famulorum
3539 3041 3770 3106 exitum,

2119 3117 2524 3211 Cvigilumque
2579 3120 2950 3192 diligentiam,
3027 3125 3339 3181 cautissime
3400 3128 3769 3182 considerent.

2193 3205 2499 3264 Procedunt
2544 3211 2724 3282 itaque
2748 3214 2852 3267 duo
2879 3221 3082 3268 tantum
3115 3216 3168 3269 in
3195 3216 3381 3271 habitu
3425 3219 3770 3287 paupertino,

2193 3312 2256 3352 ac
2295 3313 2463 3368 usque
2499 3301 2566 3355 ad
2600 3303 2781 3372 oppidi
2812 3312 3021 3373 portam
3053 3305 3365 3361 deveniunt.
3395 3308 3769 3363 Exstrueban-

2191 3398 2278 3444 tur
2310 3400 2435 3447 tunc
2463 3395 2602 3448 muri
2633 3410 2729 3464 per
2757 3396 2873 3451 loca
2901 3397 3201 3466 potioribus
3234 3401 3494 3456 aedificiis.
3523 3399 3673 3456 Unde
3711 3413 3768 3457 et

2190 3479 2425 3548 lapidum
2474 3484 2827 3554 caementique
2875 3488 3189 3555 portitores,
3239 3504 3379 3558 saepe
3424 3503 3523 3560 per
3552 3500 3768 3560 portam

2187 3569 2617 3636 egrediebantur,
2661 3574 3208 3646 regrediebanturque
3254 3587 3522 3647 praesente
3575 3595 3765 3634 eormn

2185 3659 2276 3727 qui
2307 3661 2455 3730 operi
2502 3663 2824 3730 praesidebat
2862 3664 2953 3717 ‘°°.
3003 3666 3212 3720 Adsunt
3251 3669 3621 3736 exploratores
3644 3710 3658 3735 ,
3711 3679 3769 3724 et

2185 3747 2251 3802 ad
2277 3754 2718 3820 comportandum
2753 3753 2955 3823 lapides
2991 3755 3227 3811 oti‘erunt
3257 3773 3395 3813 sese.
3429 3759 3766 3829 Deputantur

2183 3841 2356 3909 operi.
2400 3841 2672 3911 Daturque
2716 3845 2795 3899 eis
2836 3845 3118 3901 clitellaria
3168 3859 3372 3918 sporta.
3411 3850 3765 3919 Comportant

2185 3928 2368 3997 itaque
2410 3940 2729 3985 caementum
2756 3948 2821 3986 ac
2859 3934 3081 4002 lapides,
3114 3951 3177 3990 ac
3204 3953 3453 3992 nummos
3480 3938 3547 3970 ⁸⁰¹
3579 3939 3764 4024 εἰιιειιρ

2186 4016 2284 4081 los,
2312 4019 2501 4089 singuli
2550 4021 2603 4074 in
2634 4022 2748 4077 dies
2773 4024 3062 4092 accipiunt.
3111 4025 3250 4080 Ante
3278 4027 3549 4081 dominam
3590 4016 3758 4081 etiam

2183 4125 2302 4164 cum
2349 4110 2562 4167 latomis
2595 4123 2650 4166 et
2675 4117 3036 4170 caementariis
3065 4117 3149 4172 bis
3178 4119 3336 4173 cibati
3370 4129 3515 4183 sunt,
3549 4121 3762 4172 curiose

2183 4200 2362 4254 omnia
2415 4205 2869 4272 contemplantes.
2920 4207 3162 4262 Domina:
3209 4209 3375 4262 etiam
3427 4210 3758 4272 cubiculum,

2183 4291 2406 4362 ejusque
2442 4303 2687 4349 natorum
2739 4297 3136 4365 diverticulum,
3187 4301 3280 4355 sed
3331 4311 3384 4354 et
3433 4301 3757 4354 famulorum

2183 4396 2457 4450 egressum
2489 4391 2543 4438 et
2571 4398 2892 4454 regressum,
2941 4390 3321 4460 actionumque
3358 4401 3756 4460 tempestatem,

2184 4474 2271 4526 ubi
2319 4474 2482 4527 etiam
2537 4475 2786 4545 oppidum
2843 4478 3049 4533 insidiis
3101 4482 3272 4548 magis
3322 4491 3527 4550 pateat,
3585 4481 3757 4535 multa

2185 4567 2612 4622 consideratione
2655 4581 2957 4639 pernotant.
3015 4573 3080 4628 Et
3108 4575 3294 4630 diebus
3346 4587 3577 4644 quatuor
3627 4591 3758 4629 con-

2185 4657 2398 4722 sumtis,
2422 4659 2536 4713 dies
2562 4660 3266 4719 imminebat‘”dominica.
3309 4667 3506 4736 Sicque
3534 4678 3757 4736 accepta

2183 4746 2381 4802 laboris
2426 4753 2672 4806 mercede
2701 4753 2789 4817 ⁸⁰³,
2833 4755 2898 4809 ab
2923 4771 3085 4825 opere
3120 4757 3277 4812 soluti
3328 4769 3472 4812 sunt.
3507 4759 3754 4813 Redeunt

2183 4838 2344 4907 igitur
2391 4841 2641 4897 omnibus
2684 4843 2997 4912 exploratis,
3043 4862 3105 4900 ac
3136 4848 3275 4916 patri
3327 4864 3446 4902 meo
3495 4849 3619 4902 talia
3665 4865 3753 4901 re-

2180 4929 2380 4984 ferunt.
3484 5026 3494 5036 .

2245 5022 2297 5074 9.
2330 5020 2422 5077 llle
2471 5024 2524 5077 in
2555 5021 2721 5076 multa
2767 5037 2860 5090 spe
2897 5039 3076 5078 onnna
3128 5039 3354 5094 ponens,
3389 5026 3570 5095 regina
3619 5041 3750 5079 cons

1785 5165 2016 5229 VARUE
2060 5174 2461 5235 LECTIONES.

581 5249 646 5281 m
673 5252 885 5357 “WE?!”
908 5276 953 5340 ξ·
1031 5260 1101 5292 ³”
1121 5264 1520 5357 εξξςτεῖῑιιιεοζίκ
1547 5273 1807 5339 equitatu.
1884 5282 1953 5312 ³³³
1976 5288 2268 5357 exercitum
2297 5284 2623 5357 corr._acies.
2702 5283 2954 5357 '“infert
2973 5303 3108 5339 corr.
3136 5286 3320 5340 inferri
3340 5289 3490 5357 jubet
3565 5291 3633 5322 ’9'
3658 5308 3744 5344 cz.-

581 5334 619 5357 ‘0
641 5338 757 5357 θην..
803 5343 815 5357 I
862 5343 1042 5357 ΛοιΛιιΑ
1234 5349 1356 5357 ..-....,
1385 5351 1464 5357 ‘_-
1512 5355 1562 5357 ne
1796 5349 1805 5357 .

1269 5317 1275 5318 ’
1424 5317 1431 5318 ί
1477 5317 1486 5320 '
1509 5317 1519 5320 '
1552 5317 1807 5339 ‘1-uuuu.
1976 5317 2268 5341 ι-Ασιιιιυιη
2297 5317 2432 5338 tu”.
2461 5317 2623 5338 “ulva.
2789 5317 2912 5338 IIHCI
2930 5317 2947 5338 ι
2973 5317 3108 5339 bu”.
3136 5317 3260 5340 ιιιιιτι
3281 5317 3290 5340 1
3310 5317 3319 5340 I
3340 5317 3490 5357 μιυει
3566 5317 3631 5322 ’⁷⁷
3658 5317 3744 5344 8'1.-

511 5317 619 5426 lntle
641 5338 774 5377 corr.
803 5326 1061 5383 illesione.
1137 5331 1206 5364 ³⁸⁸
1234 5337 1570 5400 praedonibus
1596 5358 1732 5395 corr.
1759 5349 1825 5400 ab
1846 5357 2106 5407 exercitu.
2181 5353 2247 5388 ³⁹⁷
2271 5355 2590 5426 crudelitate
2606 5370 2746 5426 corr.
2774 5355 3096 5426 temeritate.
3172 5357 3243 5389 ³⁸⁸
3264 5360 3416 5426 apud-
3436 5375 3527 5412 vos
3549 5378 3684 5412 corr.
3720 5380 3746 5413 ιι

512 5403 578 5426 \‘n
601 5391 660 5426 sic
756 5396 824 5426 890
847 5400 1016 5426 ...ιι-ιρι
1095 5417 1274 5426 -_..-_..
1344 5423 1401 5426 ,η
1421 5417 1452 5426 ,ι
1469 5424 1481 5426 μ
1524 5408 1538 5426 3
1693 5415 1703 5425 ο
1937 5423 1945 5426 -
2313 5425 2319 5426 ,

512 5390 710 5489 mbis._
756 5396 1036 5489 mmpnsl,
1078 5390 1277 5489 lerror'e
1320 5408 1565 5489 auctoris

1613 5415 1703 5480 qui
1729 5423 1946 5474 castrati
1997 5427 2164 5490 primo
2218 5425 2479 5477 omiserat.
2552 5423 2620 5455 ‘°°
2652 5423 2872 5504 custode
2921 5441 3063 5506 corr._
3099 5428 3188 5506 qui
3224 5415 3374 5497 Operi
3404 5431 3744 5499 prtesidebat.

1613 5487 1646 5506 ,ι
1747 5485 1814 5506 ΔΜ
1845 5505 1853 5506 ,
1890 5489 1901 5506 ι
2007 5503 2015 5506 .
2219 5496 2228 5504 ·
2350 5493 2360 5504 ·
2439 5493 2450 5506 ·
2513 5502 2521 5506 -
2626 5494 2692 5506 ι’·

1735 5463 1946 5474 ---τη-..ι
2013 5463 2163 5476 ισιΙΙιυ
2218 5463 2479 5477 uu-wwuv-
2653 5463 2872 5477 νυν-’νυν
2921 5463 3057 5477 νν¹¹⁹
3100 5463 3184 5493 Ὶ¹”¹

628 5463 852 5529 primum
877 5470 908 5522 d
934 5463 1183 5538 scriptum
1219 5485 1328 5528 erat
1355 5463 1669 5550 (denarios).
1747 5485 1814 5517 ‘0’
1837 5463 2020 5545 θύειηά
2059 5510 2193 5547 corr.
2219 5493 2546 5548 imminebat.
2623 5494 2692 5525 ⁸⁰⁸
2717 5494 2895 5563 operis
2920 5495 3101 5564 precio
3135 5496 3184 5548 1.

1989 5615 2216 5672 NOTAE.

583 5707 726 5772 (lOll
767 5709 916 5768 Mons
943 5713 1242 5782 Castriloci,
1281 5719 1485 5792 Bcrgen
1531 5723 1642 5777 sive
1668 5723 1837 5788 Mons,
1865 5723 2157 5782 Hannonis:
2188 5738 2367 5799 caput.
