4026 6312
181 403 253 459 93
1104 401 1580 460 HISTORIARUM
1619 399 1798 456 LIBRI
1844 400 2202 471 QUATUOR.
2235 434 2305 444 —
2332 402 2462 460 LIB.
2486 403 2572 459 Ill.
3367 401 3436 457 94

177 508 456 576 εεὶτιέυιιιη
488 513 702 568 duabus
741 513 1059 568 cohortibus
1102 516 1354 585 oppidum
1399 517 1533 580 adit,
1565 531 1629 570 ac
1657 515 1754 569 du-
1781 518 1829 577 Α
1861 517 2178 573 Lauduoum
2206 518 2365 573 redit.
2397 517 2515 574 Huc
2543 532 2609 572 ex
2639 517 2866 574 diversis
2918 518 3230 587 regionibus
3256 518 3320 572 ad
3360 535 3440 572 re-

176 604 419 658 centibus
459 603 527 656 iis
557 617 693 671 quos
719 603 1080 671 praemiserat,
1109 620 1203 673 per
1229 605 1404 659 locum
1451 614 1759 673 competen-

173 708 284 751 tein
317 705 620 750 nocturnus
667 695 986 765 ingreditur.
1035 696 1229 752 Portas
1257 707 1310 751 ct
1339 697 1517 752 exitus
1566 712 1758 752 omnes

171 790 436 858 pervadit,
491 804 558 842 ac
607 787 885 852 custodes,
937 803 1007 843 ne
1051 790 1174 858 quis
1218 789 1456 860 etl'ugiat,
1509 789 1754 858 deputat.

171 879 290 947 Ipse
332 880 399 932 ad
427 879 737 933 cubiculum
784 879 1033 943 dominie,
1083 881 1516 935 ferventissimus
1563 882 1754 935 tendit.

171 969 417 1038 Eumque
455 971 755 1040 ingressus,
785 979 1012 1024 matrem
1052 987 1173 1025 cum
1203 971 1410 1026 duobus
1436 971 1577 1025 nalis
1604 985 1756 1025 com-

169 1059 476 1127 prehendit.
522 1058 626 1112 Alii
669 1073 801 1112 vero
847 1060 1180 1114 ornamentis
1230 1060 1574 1128 asportandis
1625 1059 1756 1113 insi-

167 1150 404 1203 stebant.
430 1147 859 1218 Comprehendit
885 1157 938 1204 et
968 1149 1190 1212 milites,
1232 1150 1594 1220 oppidumque
1628 1166 1754 1206 suc-

168 1241 372 1294 cendit.
406 1239 528 1306 Quo
558 1241 861 1304 combusto,
890 1255 1010 1294 cum
1040 1240 1255 1294 domina
1288 1249 1342 1294 et
1370 1241 1534 1303 natis,
1567 1240 1754 1294 militi-

164 1334 380 1400 busque
427 1331 859 1401 comprehensis,
902 1333 968 1387 ad
1016 1333 1256 1404 reginam
1303 1331 1632 1396 Gerbergam
1669 1345 1755 1387 re-

164 1437 357 1476 versus
387 1430 494 1476 est.

233 1513 324 1567 lo.
359 1513 516 1579 Quod
547 1511 864 1582 Ragenerus
912 1526 1276 1580 comperiens,
1320 1519 1466 1564 tanta
1513 1510 1752 1564 necessi-

166 1613 273 1656 tate
301 1603 525 1665 ductus,
553 1601 861 1656 Bruuonem
915 1601 1140 1655 fratrem
1181 1602 1378 1671 reginae
1408 1600 1660 1669 postulat,
1692 1608 1751 1655 ut

165 1704 379 1748 mature
420 1694 748 1762 colloquium
779 1709 886 1762 quo
916 1691 1099 1760 iubeat
1130 1694 1314 1764 regina
1366 1693 1746 1757 constituatur,

163 1786 252 1839 ubi
298 1786 414 1855 ipse
445 1801 674 1845 uxorem
705 1793 760 1838 et
792 1795 948 1838 natos
997 1785 1237 1854 recipiat,
1282 1794 1337 1838 et
1372 1785 1556 1854 regina
1605 1785 1748 1838 aedes

1863 629 1981 682 gem
2012 613 2283 682 principes
2332 610 2627 666 confluunt.
2658 611 2869 666 Adsunt
2911 627 3126 681 quoque
3147 612 3309 678 ,ducis
3352 614 3439 667 de-

1861 703 2032 757 functi
2079 701 2174 756 filii
2221 701 2350 766 duo,
2378 700 2531 772 llugo
2576 709 2628 755 et
2662 700 2810 766 Otto,
2843 703 2934 772 qui
2969 702 3129 756 etiam
3165 701 3275 770 regi
3309 699 3439 755 fide-

1861 792 1966 846 lem
2033 792 2283 846 militiam
2340 806 2437 860 per
2489 789 2870 862 jusjurandum
2938 806 3121 846 coram
3189 790 3440 845 omnibus

1861 884 2149 954 spondent.
2195 884 2433 951 Quorum
2479 883 2797 954 benignitati
2859 898 2954 936 rex
3017 898 3122 938 non
3176 883 3439 950 imparem

1859 975 2240 1030 liberalitatem
2285 974 2682 1038 demonstrans,
2715 971 2995 1042 llugonem
3026 987 3124 1042 pro
3151 980 3305 1040 patre
3337 971 3438 1023 dii-

1858 1083 1978 1122 cem
2009 1067 2160 1132 facit,
2186 1075 2241 1121 et
2281 1066 2500 1134 insuper
2531 1075 2730 1119 terram
2757 1065 3102 1121 Pictavorum
3151 1064 3268 1133 ejus
3292 1064 3442 1134 priu-

1858 1156 2056 1225 cipatui
2089 1154 2304 1224 adjicit;
2342 1153 2592 1210 Ottoncm
2625 1170 2752 1208 vero
2769 1155 3074 1224 Burgundia
3111 1153 3300 1208 donat.

1931 1246 2019 1301 14.
2070 1245 2126 1299 In
2177 1260 2282 1314 qua
2334 1259 2516 1298 rerum
2547 1245 2925 1299 distributione
2961 1260 3082 1299 cum
3115 1245 3344 1315 domnus
3372 1259 3438 1298 ac

1857 1337 2186 1392 reverendus
2229 1335 2490 1392 Artoldus
2549 1335 3000 1404 metropolitanus
3047 1335 3336 1389 admodum
3386 1335 3440 1388 in

1856 1430 1943 1485 die
1983 1427 2303 1492 laborasset,
2332 1435 2386 1480 et
2426 1442 2536 1497 prie
2575 1425 2704 1480 solis
2733 1424 2801 1456 ⁸⁸³
2833 1425 3179 1480 fervore‘toto
3215 1439 3440 1493 corpere

1856 1520 2125 1580 sudasset.
2157 1533 2278 1572 cum
2328 1525 2533 1571 vestem
2582 1515 2882 1584 alijiceret,
2912 1530 3010 1586 per
3058 1530 3218 1584 poros
3263 1512 3442 1569 calore

1855 1618 2094 1680 apertos,
2125 1607 2297 1678 frigus
2327 1607 2642 1662 autumnale
2687 1607 2758 1639 ⁸⁰⁶
2801 1606 3038 1676 irrepsit.
3076 1604 3320 1674 Natoque
3371 1617 3438 1658 ex

1854 1699 2067 1752 interno
2112 1697 2351 1768 frigdore
2403 1698 2577 1766 epatis
2631 1697 2861 1760 inorbo,
2920 1696 3103 1750 nimiis
3157 1694 3438 1750 doloribus

1853 1787 2154 1846 confectus,
2206 1786 2379 1854 pridie
2427 1785 2652 1840 Kalend.
2700 1785 2920 1841 Octobr.
2946 1800 2976 1837 a
3008 1799 3104 1838 suo
3134 1782 3424 1853 praesulatu

163 1887 216 1928 et
241 1875 446 1946 prxdia
479 1881 738 1928 resumat.
793 1873 948 1939 Quod
985 1875 1151 1928 etiam
1179 1882 1381 1928 statuto
1406 1883 1646 1943 tempore
1674 1872 1752 1926 fa-
1784 1864 1828 1923 Β
1856 1877 2012 1932 annis
2038 1878 2106 1908 ‘°’
2135 1876 2206 1930 20
2229 1877 2369 1930 diem
2401 1876 2526 1930 vitaz
2559 1875 2752 1931 clausit
2779 1884 3105 1930 extremum.

164 1974 308 2016 ctum
339 1972 444 2018 est.
493 1961 626 2016 Nam
673 1963 875 2017 habitis
904 1963 1178 2034 utrimque
1210 1964 1532 2028 rationibus,
1568 1965 1753 2034 regina

163 2071 192 2106 a
220 2057 436 2109 tiranno
465 2054 667 2125 praadia
715 2055 942 2125 recepit,
970 2065 1024 2110 et
1070 2056 1185 2126 ipse
1213 2071 1436 2110 uxorem
1474 2064 1530 2110 et
1574 2066 1750 2123 natos,

163 2146 469 2215 militesque
497 2145 715 2200 reduxit
736 2145 826 2200 ‘°‘.

233 2237 320 2288 ll.
342 2235 517 2304 (959.)
545 2235 642 2290 His
668 2236 739 2290 ita
757 2235 1254 2307 gestis,Rotbertus
1280 2234 1573 2291 Trecarum
1602 2238 1748 2308 prino

169 2344 309 2396 ceps,
338 2326 611 2382 lleriberti
668 2329 862 2382 tiranni
899 2329 1061 2393 filius,
1091 2327 1332 2399 llugonis
1358 2343 1488 2382 vero
1515 2328 1748 2382 abdicati

171 2417 345 2481 frater,
375 2417 644 2474 Lothario
676 2418 786 2486 regi
825 2417 1079 2487 injuriam
1106 2420 1210 2474 hac
1251 2427 1370 2474 arte
1398 2419 1618 2474 molitus
1644 2428 1747 2474 est.

176 2509 404 2564 Castrum
461 2511 676 2581 regium
729 2511 872 2580 quod
900 2510 1092 2566 Divion
1137 2511 1356 2574 dicitur,
1394 2526 1550 2566 secus
1579 2512 1746 2566 Osca-

179 2616 279 2655 ram
307 2611 606 2656 torrentem
637 2601 938 2668 conditum,
970 2601 1136 2655 multa
1167 2601 1462 2671 cupiditate
1505 2600 1746 2666 sitiebat,

187 2705 240 2743 co
257 2693 386 2760 quod
416 2707 516 2762 per
551 2705 674 2745 eum
704 2692 749 2746 si
783 2691 835 2745 id
863 2692 1064 2747 habere
1092 2699 1293 2760 posset,
1322 2691 1582 2761 Optimam
1612 2691 1747 2744 Bur-

199 2782 372 2848 ςιιιιιὶὶιιι
397 2791 616 2851 partem
648 2781 716 2836 ad
741 2798 898 2836 suum
923 2781 1012 2850 jus
1043 2781 1273 2836 transire
1328 2796 1485 2853 posse
1516 2781 1748 2834 arbitra-

198 2870 349 2925 batur.
369 2871 512 2941 Illum
547 2872 732 2944 itaque
763 2873 851 2944 qui
881 2885 1063 2928 eaStro
1087 2889 1320 2944 praeesse
1350 2873 1653 2940 videbatur,
1679 2872 1746 2926 de

191 2960 454 3034 transfugio
509 2963 578 3016 ad
627 2978 746 3018 sese
777 2980 871 3032 per
904 2963 1108 3035 legatos
1157 2964 1473 3034 alloquitur,
1510 2966 1744 3034 plurima

177 3053 461 3118 spondens,
521 3061 578 3106 et
632 3052 836 3121 majora
898 3055 998 3109 sub
1047 3055 1741 3126 jurejurandopollicens.

174 3143 310 3210 Apud
355 3159 546 3214 regem
592 3159 809 3215 quoque
854 3146 1077 3202 multam
1105 3163 1287 3202 rerum
1334 3147 1569 3217 inopiam
1597 3162 1744 3202 asse-

172 3247 302 3293 rens,
336 3234 482 3305 apud
524 3249 646 3290 sese
671 3250 801 3290 vero
837 3236 1167 3292 sutl'ieientes
1195 3253 1344 3306 opes,
1376 3215 1572 3307 oppida
1605 3253 1740 3292 non-
1773 3215 1819 3278 Ο

167 3322 323 3389 nulla,
355 3324 577 3392 aliaque
609 3324 1048 3381 desiderabilium
1099 3328 1333 3399 insignia
1385 3329 1748 3383 vehementis-

161 3414 290 3466 sime
313 3425 647 3483 protestans.
697 3415 848 3471 Tunc
889 3414 1105 3486 juvenis
1133 3434 1315 3474 rerum
1362 3418 1614 3489 cupidine
1659 3434 1748 3474 ca-

161 3511 302 3570 ptus,
333 3520 434 3574 pro
471 3504 768 3576 transfugio
793 3507 1096 3562 mercedem
1129 3509 1342 3579 quaerit.
1384 3508 1456 3563 At
1499 3509 1571 3564 illi
1610 3523 1749 3563 mer-

161 3594 305 3648 cedis
354 3610 554 3650 nomen
602 3595 840 3652 edicunt.
884 3598 976 3655 llle
1007 3616 1134 3655 vero
1162 3616 1229 3656 ex
1258 3602 1538 3671 promissis
1577 3601 1750 3671 jusju-

161 3686 392 3740 randum
439 3687 710 3757 postulat,
763 3691 1033 3761 capitque.
1085 3692 1151 3746 Et
1205 3701 1444 3764 tempore
1488 3707 1746 3763 congruo,

162 3775 432 3831 tirannum
461 3792 585 3832 cum
618 3776 785 3834 multa
827 3781 1060 3836 militum
1094 3798 1285 3847 manu,
1320 3781 1461 3836 intra
1492 3783 1747 3853 Oppidum

160 3869 390 3938 excipit,
429 3884 496 3924 ac
541 3885 661 3925 sese
709 3872 758 3924 ei
802 3874 1165 3939 commitens,
1212 3873 1373 3928 tidem
1410 3888 1510 3943 pro
1559 3873 1748 3928 militia

164 3956 566 4012 accommodat.
601 3957 838 4014 Pervaso
886 3969 1066 4016 autem
1115 3963 1332 4032 oppido,
1368 3964 1504 4033 regii
1550 3963 1750 4018 milites

162 4049 554 4103 contumeliose
581 4048 875 4120 pelluntur.
906 4053 1242 4122 Deputantur
1275 4068 1402 4108 vero
1439 4055 1510 4108 ibi
1551 4054 1751 4109 milites

164 4137 388 4191 tiranni.

235 4229 324 4282 1‘2.
360 4227 530 4299 (960.)
571 4227 788 4283 Perlata
824 4239 947 4285 sunt
980 4231 1097 4286 haec
1125 4230 1192 4287 ad
1221 4246 1423 4302 regem.
1477 4233 1592 4288 Rex
1621 4248 1750 4288 vero

163 4319 402 4375 Brunoni
441 4322 706 4376 avunculo
752 4321 960 4393 legatos
988 4322 1196 4394 dirigit,
1225 4325 1412 4394 copias
1462 4327 1527 4379 ab
1555 4339 1620 4380 eo
1652 4340 1748 4395 po-

164 4411 394 4466 stulans.
427 4410 538 4467 Nec
567 4420 812 4466 moratur
838 4411 1040 4478 Bruno,
1069 4421 1125 4468 et
1151 4429 1272 4468 cum
1298 4414 1507 4470 duobus
1535 4415 1751 4469 milibus

168 4514 500 4558 armatorum
532 4519 600 4558 ex
628 4503 862 4574 Belgica,
915 4514 1115 4560 terram
1144 4507 1347 4562 tiranni
1377 4518 1625 4578 occupat.
1659 4523 1751 4561 ur-

1929 1968 2016 2022 is.
2046 1967 2215 2039 (96-2.)
2263 1965 2425 2035 Cujus
2451 1966 2684 2036 peractis
2717 1965 3012 2034 exsequiis,
3045 1962 3196 2030 llngo
3235 1941 3436 2031 nu‘per-

1857 2051 1995 2112 rime
2024 2059 2130 2112 dux
2159 2056 2495 2111 Francorum
2529 2056 2594 2110 ab
2625 2070 2750 2125 rege
2803 2055 2999 2117 factus,
3031 2065 3211 2123 regem
3240 2051 3442 2121 suppli-

1854 2149 1990 2204 citer
2017 2149 2146 2211 adit,
2181 2147 2422 2216 petitque
2456 2145 2819 2214 pontificalem
2851 2143 3162 2214 dignitatem
3196 2141 3245 2195 ei
3293 2141 3442 2214 (l0?)

1854 2241 2091 2304 restitui,
2121 2255 2185 2293 eo
2215 2239 2359 2308 quod
2390 2239 2505 2307 ipse
2548 2247 2672 2292 ante
2699 2236 2984 2291 Artoldum
3017 2235 3189 2305 ipsam
3216 2235 3444 2303 adeptus

1853 2329 2035 2396 fuerit,
2064 2340 2118 2385 et
2148 2348 2252 2386 non
2282 2344 2380 2385 suo
2411 2328 2652 2385 facinore
2681 2329 2774 2384 sed
2801 2327 3015 2383 Rodulfi
3046 2327 3186 2397 regis
3216 2326 3440 2390 invidia,

1851 2423 2132 2478 Artoldum
2162 2423 2209 2478 ei
2240 2422 2621 2493 superductum
2656 2429 2938 2477 meruerat.
2970 2417 3305 2474 Persistebat
3336 2417 3441 2470 ita-

1851 2529 1956 2584 que
1986 2522 2042 2567 ut
2071 2512 2404 2568 redderetur.
2438 2511 2504 2565 Et
2529 2511 2714 2565 statim
2745 2512 2964 2564 decreto
2989 2508 3058 2540 ⁸⁰⁸
3083 2506 3256 2576 regio,
3294 2506 3442 2561 sino-

1851 2603 1950 2657 dns
1981 2603 2358 2672 episc0porum
2389 2609 2510 2672 post
2536 2601 2651 2656 dies
2676 2599 2745 2653 ιο
2774 2598 3019 2653 habenda
3051 2596 3326 2651 indicitur.

1922 2695 2004 2748 l6.
2040 2694 2324 2764 Colligitur
2368 2708 2496 2762 ergo
2523 2691 2915 2747 consummatis
2963 2689 3155 2742 diebus
3208 2687 3260 2740 in
3294 2701 3434 2755 pago

1850 2785 2108 2840 Meldensi
2161 2800 2320 2839 secus
2365 2782 2583 2837 ﬂuvium
2616 2781 2939 2842 Matronam,
2994 2780 3048 2833 in
3081 2779 3201 2832 vico
3227 2777 3316 2846 qui
3349 2791 3444 2830 vo-

1848 2886 2097 2940 catur...,
2129 2889 2194 2930 ex
2224 2873 2479 2928 Remensi
2520 2887 2583 2926 ac
2612 2869 2912 2926 Senonensi
2945 2867 3262 2938 provinciis,
3290 2865 3442 2919 sino-

1848 2967 2040 3022 duslS
2094 2965 2474 3035 episcoporum
2521 2960 2748 3032 praeside
2797 2957 3110 3013 Senonense
3162 2953 3435 3024 pontiﬁce.

1846 3057 1992 3113 lnter
2019 3072 2153 3126 quos
2199 3056 2360 3111 etiam
2412 3053 2650 3108 fautores
2696 3051 2860 3119 aliqui
2888 3063 2985 3119 pro
3013 3054 3168 3117 parte
3200 3044 3439 3113 llugonis

1851 3150 2197 3214 videbantur,
2229 3161 2285 3203 et
2309 3147 2545 3202 maxime
2576 3145 2652 3199 illi
2703 3145 2794 3213 qui
2825 3143 2945 3197 duci
2977 3138 3435 3202 consuescebant,

1852 3248 2035 3309 utpote
2063 3236 2496 3300 Aurelianensis,
2525 3245 2580 3290 et
2603 3233 2928 3295 Parisiacus.
2962 3229 3281 3292 Silleteusis,
3310 3241 3442 3296 quo-

1851 3346 1977 3402 que.
2011 3331 2190 3400 Atque
2241 3331 2294 3384 hi
2341 3329 2556 3399 publice
2601 3325 3002 3396 consultabant.
3064 3320 3443 3376 ltenitentibus

1852 3430 2031 3476 autem
2061 3418 2331 3474 ltorieone
2353 3417 2718 3480 Laudunensi,
2740 3423 2795 3469 et
2823 3412 3074 3468 Gubuino
3098 3412 3167 3443 ⁴⁰⁹
3191 3408 3444 3464 Catalau-

1851 3513 1975 3569 nico
2017 3511 2323 3584 episcopis,
2391 3517 2446 3563 et
2496 3505 2973 3561 vehementissime
3044 3501 3441 3566 asserentibus’,

1853 3601 1997 3672 quod
2032 3617 2062 3654 a
2093 3597 2441 3654 multitudine
2482 3596 2864 3665 episcoporum
2916 3588 3440 3648 exeonnuuuicatns,

1853 3707 1883 3746 a
1915 3693 2125 3748 minore
2162 3704 2349 3744 eorum
2393 3702 2621 3742 numero
2651 3683 2858 3739 absolvi
2901 3697 3006 3736 non
3040 3687 3240 3750 posset,
3275 3677 3443 3731 relin-

1852 3786 2038 3856 quitur
2081 3783 2222 3837 ratio
2255 3778 2574 3843 dill‘ereuda,
2623 3792 2793 3847 usque
2842 3774 2906 3828 ad
2959 3770 3443 3840 interrogationem

1852 3889 2006 3947 papae
2035 3871 2282 3927 Romani.

1925 3945 2013 4020 17.
2049 3960 2159 4016 Nec
2188 3957 2356 4013 multo
2384 3963 2528 4026 post,
2556 3963 2612 4010 et
2643 3952 2841 4023 legatio
2867 3949 3120 4020 dirigitur
3165 3946 3215 4000 in
3245 3945 3445 3999 Gallias

1853 4071 1881 4110 a
1909 4055 2107 4109 domno
2141 4049 2388 4105 Johaune
2420 4062 2580 4117 papa,
2630 4045 2722 4114 qui
2763 4044 2874 4113 jam
2925 4036 3245 4096 succedebat
3277 4036 3441 4091 Octo-

1852 4146 2013 4200 viano
2037 4143 2128 4208 διο,
2157 4140 2339 4196 domni
2366 4137 2582 4208 Agapiti
2628 4132 2962 4197 successori;
3016 4142 3267 4184 asserens
3307 4141 3444 4196 prte-

1853 4237 2056 4295 dictum
2085 4235 2368 4305 Hugonem
2415 4231 2750 4291 abdicatura,
2803 4234 2913 4280 tam
2958 4222 3147 4278 sinodo
3171 4220 3441 4294 Romana,

1854 4345 2016 4399 quam
2047 4326 2227 4396 Papia)
2276 4322 2590 4393 nuperrime
2643 4319 2846 4380 liahita,
2880 4315 2948 4370 ab
2978 4312 3247 4384 episcopis
3279 4310 3444 4364 Italiae

1855 4418 2391 4477 anathematizatum,
2427 4414 2528 4468 nisi
2562 4412 2630 4466 ab
2667 4411 2733 4464 iis
2762 4424 2882 4480 qua:
2935 4407 3119 4460 illicite
3164 4403 3445 4473 repetebat

1855 4513 2180 4582 quiesceret.
2215 4507 2330 4574 Qua
2363 4503 2633 4575 legatione
2663 4502 2915 4557 omnibus
2955 4498 3222 4557 iutimata,
3248 4494 3445 4563 quieri-

164 4591 398 4664 bemque
428 4594 778 4650 Trecasinam
809 4597 1091 4652 obsidione
1120 4598 1440 4653 circumdat.
1481 4599 1590 4654 ltex
1622 4615 1748 4656 vero
1780 4584 1828 4643 D
1852 4602 2049 4658 monia:
2094 4599 2236 4654 ratio
2263 4595 2612 4668 pessumdata
2653 4601 2754 4647 est.
2811 4589 2965 4659 Hugo
2997 4589 3180 4657 itaque
3211 4602 3240 4639 a
3277 4584 3444 4638 fratre
3503 4585 3514 4596 '

168 4697 288 4737 cum
318 4693 512 4750 matre,
549 4692 740 4756 erepto
769 4695 951 4742 castro
991 4688 1290 4743 exercitum
1337 4689 1563 4744 inducit.
1612 4689 1748 4746 Cum

165 4790 299 4846 ergo
325 4776 522 4846 duplici
549 4779 796 4833 exercitu
848 4779 1098 4834 tirannus
1148 4787 1453 4848 urgeretur,
1482 4779 1660 4843 caedit,
1692 4789 1749 4836 et

164 4867 231 4919 ab
262 4881 391 4937 rege
440 4868 827 4939 indulgentiam
878 4871 1030 4941 petit.
1056 4870 1400 4940 Coaetusque
1441 4870 1666 4941 obsides
1698 4882 1755 4928 et

164 4968 512 5014 sacramenta
563 4961 686 5028 dat;
731 4971 785 5017 et
832 4964 1057 5034 insuper
1085 4964 1265 5034 oppidi
1292 4932 1750 5033 proditorem‘vi-

161 5055 286 5100 ctus
317 5049 500 5102 tradit.
531 5049 631 5116 Qui
664 5067 786 5106 mox
813 5051 1022 5120 prolata
1049 5052 1118 5107 ab
1149 5067 1276 5124 rege
1302 5055 1597 5120 sententia,
1629 5065 1753 5111 ante

158 5134 345 5205 oppidi
371 5146 607 5206 portam,
639 5154 823 5194 coram
849 5147 1004 5210 patre
1033 5141 1348 5195 decollatur.

208 5224 325 5300 ⁴13.
361 5226 537 5298 (96L)
589 5229 703 5284 ltex
747 5246 877 5285 vero
919 5231 1115 5302 oppido
1167 5233 1390 5302 potitus,
1425 5248 1547 5287 eum
1581 5243 1754 5292 matre

1852 4711 1952 4751 suo
1979 4691 2241 4747 Rotberto
2293 4697 2564 4757 receptus,
2621 4683 2787 4739 nimia
2818 4682 3088 4736 anxietate
3138 4680 3276 4731 intra
3329 4677 3443 4731 dies

1851 4784 2213 4858 paucissimos
2254 4780 2414 4835 Meldi
2447 4779 2730 4834 defunctus
2758 4783 2860 4830 est.
3429 4817 3446 4836 ,

1925 4878 2013 4933 18.
2045 4875 2230 4930 Bruno
2270 4875 2455 4940 itaque
2483 4867 2934 4936 metropolitanus
2984 4872 3039 4918 et
3067 4863 3196 4926 dux,
3229 4861 3443 4914 cuidam

1855 4982 1920 5022 ex
1951 4965 2177 5036 collegio
2225 4961 2612 5018 canonicorum
2643 4957 2987 5012 Mettensiuni
3040 4953 3258 5006 nomine
3290 4949 3446 5006 Odel-

1859 5060 1975 5114 rico
2002 5057 2143 5126 apud
2177 5069 2360 5124 regem
2392 5049 2742 5122 praesulatum
2773 5046 3069 5116 quaerebat.
3129 5042 3280 5110 Quod
3321 5055 3444 5094 cum

1856 5148 2202 5211 obtinuisset,
2255 5158 2438 5199 curam
2495 5143 2686 5196 adesse
2743 5138 2890 5192 facit.
2931 5136 3032 5203 Qui
3062 5136 3146 5189 vir
3175 5147 3446 5188 memora-

1853 5242 1996 5305 bilis,
2027 5255 2148 5294 cum
2177 5246 2318 5294 esset
2363 5236 2566 5291 divitiis
2598 5245 2653 5290 et
2683 5233 2983 5295 nobilitate,
3032 5229 3445 5293 litterarumque

1442 5344 1677 5402 VARIAE
1717 5350 2125 5408 LECTlONES.

235 5454 305 5488 ⁸⁸⁸
325 5456 433 5534 ρὶσ,
461 5455 624 5534 3i;qu
669 5457 948 5534 indicante,
978 5455 1154 5526 aliqua
1177 5457 1351 5534 deesse
1381 5458 1634 5534 videntur.
1710 5460 1782 5494 ⁸⁰⁵
1803 5466 2007 5521 aestatis
2029 5481 2166 5520 corr.
2195 5464 2342 5522 solis.
2419 5461 2490 5496 ⁸⁸⁸
2511 5461 2729 5534 frigoris
2753 5477 2891 5520 corr.
2911 5457 3085 5532 frigus
3109 5454 3438 5512 autumnale.

164 5521 382 5580 “'aizﬁ.
459 5524 700 5594 mjussu
730 5543 865 5581 corr.
900 5521 1168 5586 decreto..
1213 5528 1283 5558 ⁸⁰⁹
1305 5529 1400 5581 sic.
1477 5530 1547 5560 ⁴¹⁰
1571 5531 1662 5584 δίε.

1711 5624 1940 5685 NOTAE.

235 5707 386 5791 (l0?)
414 5707 636 5791 “Erro?
672 5710 940 5791 auctoris:
979 5709 1152 5789 ."Hgo
1202 5709 1470 5769 lleriherti
1503 5713 1642 5770 filius
1700 5719 2230 5791 archiepiscopatum
2286 5719 2612 5776 Rcmcnscm
2667 5720 2965 5782 invaserat;
3027 5726 3080 5772 et
3121 5724 3268 5772 recte
3312 5711 3445 5768 infra

167 5795 282 5849 (ψ.
323 5779 382 5832 l'l
414 5778 709 5838 Rothertus
749 5780 916 5835 frater
946 5779 1062 5849 ejus
1093 5791 1334 5848 vocatur.
