3988 5362
509 299 583 356 95
1638 292 1915 352 RlCHERl
1953 292 2011 348 S.
2052 289 2315 347 REMlGll
2353 289 2659 349 MONAClll
3684 290 3760 348 96

510 410 735 465 scientia
761 405 896 464 adeo
924 406 1119 474 elatus,
1147 393 1218 462 an
1247 419 1374 478 rege
1407 405 1672 478 largiente
1711 405 2077 475 episcOpatum
2104 404 2158 464 Α
2182 417 2379 473 pressa:
2399 419 2533 462 auro
2557 414 2612 460 et
2639 412 2862 477 argento
2882 405 3165 472 imagines,
3189 403 3412 476 singulae
3445 405 3498 460 in
3529 404 3762 478 singulis

511 501 785 570 suscipere
832 498 1026 554 audeat
1074 499 1402 554 sciscitatur.
1449 497 1664 553 Etenim
1701 504 1829 551 tunc
1869 503 2084 564 expete-

512 591 672 646 batur
701 605 731 644 a
760 591 994 660 quodam
1041 589 1258 656 illustri,
1287 590 1373 644 cui
1417 603 1448 642 a
1490 587 1627 643 duce
1656 585 1915 642 auxilium
1944 584 2083 640 fere-

513 679 692 733 batur.
722 678 794 732 At
830 677 917 731 ille
948 686 1134 746 utpote
1158 678 1242 733 vir
1265 677 1658 745 magnanimus,
1689 677 1735 732 si
1765 689 1861 730 rex
1890 675 2085 745 largia—

514 777 624 834 tur,
654 782 774 823 sese
801 776 991 822 contra
1022 781 1208 821 omnes
1246 775 1302 822 et
1340 776 1716 835 suscepturum
1747 773 1804 820 et
1839 762 2084 819 defensu-

516 876 636 914 rum
673 860 966 929 respondit.
1011 858 1165 926 Quod
1192 859 1356 914 etiam
1386 857 1609 914 multam
1637 857 1739 913 sibi
1770 856 1920 912 ducis
1945 853 2085 910 invi-

517 951 662 1004 diam
688 950 1042 1018 comparavit.

590 1037 675 1093 19.
698 1037 988 1094 Ordinatur
1007 1038 1187 1109 itaque
1218 1037 1272 1092 in
1302 1037 1527 1092 basilica
1567 1037 1741 1093 sancti
1767 1035 1997 1106 Remigii
2019 1034 2088 1090 ab

517 1130 785 1200 episcopis
812 1129 1093 1185 Remensis
1116 1129 1427 1200 metropolis
1459 1129 1812 1194 diocesaneis,
1858 1127 2090 1182 Widone

520 1217 728 1272 scilicet
759 1217 1096 1282 Suessonico,
1134 1216 1403 1272 Roricone
1445 1215 1810 1282 Laudunensi,
1859 1214 2090 1270 Gibuino

519 1303 885 1369 Catalaunico,
919 1305 1142 1359 Hadulio
1157 1303 1494 1360 Noviomensi
1525 1304 1615 1371 διί,
1644 1314 1804 1375 atque
1830 1304 2090 1362 Wicfrido

521 1391 843 1448 Virdunensi
875 1393 1041 1465 (965).
1078 1393 1379 1462 Factusque
1431 1394 1640 1464 praasul,
1693 1409 1819 1449 mox
1848 1394 2091 1452 tiraunos

520 1485 612 1554 qui
635 1499 744 1539 suae
772 1483 1027 1539 (ecclesiae
1055 1499 1140 1538 res
1169 1492 1537 1552 pervaserant,
1566 1491 1626 1538 ut
1663 1484 1731 1538 ad
1755 1484 2093 1540 satisfacien-

519 1576 646 1630 dum
673 1576 916 1640 redeant,
945 1575 1066 1643 jure
1093 1575 1476 1630 accclesiastico
1499 1575 1742 1629 advocat.
1773 1574 1946 1645 Atque
1969 1575 2092 1632 inde

2183 494 2389 567 angulis
2419 503 2647 552 stantes.
2669 495 2906 562 Quarum
2933 496 3354 566 uniuscujusque
3378 495 3476 551 alae
3496 506 3759 560 extensae,

2183 589 2288 644 duo
2335 587 2505 644 latera
2542 589 2730 645 altaris
2779 589 2847 644 ad
2894 587 3128 644 medium
3174 587 3514 644 obvelabant.
3561 587 3764 644 Facies

2181 692 2314 734 vero
2337 693 2475 749 agno
2499 679 2841 736 immaculato
2864 692 3155 736 conversas
3177 677 3544 734 intendebant.
3566 677 3624 732 ln
3649 691 3766 746 quo

2183 769 2348 825 etiam
2400 767 2663 826 ferculum
2693 769 2998 826 Salomonis
3028 768 3228 824 imitari
3275 768 3579 824 videbatur.
3607 765 3768 821 Fecit

2185 873 2398 930 quoque
2423 859 2804 917 candelabrum
2832 859 3168 931 septilidum;
3201 859 3255 914 in
3283 872 3529 928 quocum
3551 863 3768 924 septem

2186 951 2254 1006 ab
2274 965 2381 1006 uno
2400 961 2701 1023 surgerent,
2724 951 2854 1008 illud
2874 951 3181 1021 signiﬁcare
3202 948 3506 1014 videbatur,
3527 946 3669 1017 quod
3692 943 3770 1000 ab

2187 1057 2294 1097 uno
2323 1041 2527 1113 Spiritu
2553 1049 2758 1113 septem
2807 1042 3106 1114 gratiarum
3138 1041 3274 1095 dona
3304 1039 3629 1094 dividantur.
3651 1034 3772 1090 Nec

2190 1131 2368 1186 minus
2395 1139 2449 1188 et
2472 1146 2653 1188 arcam
2692 1146 2856 1202 opere
2875 1130 3107 1201 eleganti
3128 1128 3198 1164 ⁸⁸⁷
3229 1127 3531 1193 decoravit;
3563 1127 3618 1181 in
3656 1139 3772 1195 qua

2191 1220 2392 1289 virgam
2423 1230 2479 1276 et
2501 1235 2698 1276 manna
2725 1222 2779 1276 id
2808 1229 2891 1277 est
2911 1227 3222 1276 sanctorum
3253 1216 3507 1286 reliquias
3525 1213 3770 1284 operuit.

2189 1312 2430 1373 Coronas
2456 1329 2668 1385 quoque
2699 1331 2804 1372 non
2834 1315 3056 1371 minima
3085 1313 3307 1383 inpensa
3347 1309 3673 1366 fabrefactas
3711 1306 3775 1362 in

2191 1401 2448 1458 :ecclesiae
2490 1402 2654 1459 decus
2682 1405 2977 1473 suspendit.
3018 1403 3189 1469 Quam
3228 1398 3479 1455 fenestris
3524 1399 3776 1453 diversas

2142 1529 2156 1558 ,
2194 1492 2593 1548 continentibus
2620 1492 2876 1550 historias
2926 1492 3292 1559 dilucidatam,
3340 1488 3616 1558 campanis
3642 1502 3771 1542 mu-

2143 1641 2153 1654 ,
2194 1581 2464 1653 gientibus
2489 1582 2598 1637 acsi
2624 1591 2894 1638 tonantem
2925 1583 3089 1638 dedit.

518 1681 627 1756 per.
648 1676 756 1721 tres
781 1666 988 1720 dierum
1013 1667 1382 1736 quadragenas
1405 1665 1677 1720 concessit
1724 1679 1845 1720 esse
1892 1680 2091 1721 consu-
2115 1661 2180 1732 ἐξ
2263 1667 2352 1722 24.
2381 1668 2681 1725 Canonicos
2706 1671 2863 1725 etiam
2887 1671 2978 1741 qui
3013 1671 3066 1725 in
3109 1668 3340 1740 propriis
3387 1666 3644 1736 hospiciis
3677 1664 3781 1720 dc-

517 1754 754 1812 lendum.

585 1849 678 1905 29.
712 1850 1122 1922 (964.)Ενοιιιῑο
1158 1866 1290 1907 vero
1324 1859 1586 1922 tempore,
1633 1848 1947 1904 Tetbaldum
1987 1846 2095 1902 Tu-

519 1942 762 1997 ronicum
788 1957 908 1995 cum
931 1941 1050 1997 aliis
1077 1958 1258 1997 rerum
1283 1940 1786 1997 aecclesiasticarum
1841 1954 2096 2009 pervaso-

519 2030 668 2086 ribus
693 2032 1034 2086 anathemate
1069 2032 1308 2086 damnat.
1340 2029 1470 2086 Post
1519 2046 1625 2086 non
1674 2028 1869 2084 multos
1914 2036 2094 2084 autem

521 2121 637 2175 dies
662 2121 956 2192 penitentia
992 2121 1161 2186 ducti,
1208 2121 1275 2176 ad
1320 2119 1602 2191 praesulem
1633 2118 1963 2173 satisfacturi
2013 2131 2097 2172 re-

519 2207 708 2272 deunt,
750 2216 909 2278 atque
958 2223 1045 2264 res
1090 2207 1614 2278 pervasaslegaliter
1661 2207 1893 2262 reddunt
1923 2205 2094 2276 (965).

521 2298 731 2368 Recipit
784 2301 963 2369 itaque
989 2301 1216 2355 domnus
1258 2299 1453 2371 praesul
1479 2299 1546 2353 ab
1563 2289 1859 2353 ‘Heriberto
1881 2298 2099 2367 quidem

523 2389 855 2459 Sparnacum
883 2392 1058 2447 vicum
1080 2392 1395 2462 populosum
1421 2407 1483 2448 ac
1512 2390 1846 2462 opulentum,
1874 2390 1942 2445 ab
1973 2389 2101 2444 Tet-

520 2481 680 2538 baldo
721 2497 850 2537 vero
880 2491 1118 2538 castrum
1164 2483 1533 2548 Codiciacum,
1584 2496 1786 2554 eosque
1823 2497 1853 2535 a
1889 2480 2101 2536 vinculo

521 2575 883 2630 anathematis
931 2574 1178 2629 absolvit.
1209 2575 1273 2628 Et
1322 2573 1564 2629 Tetbaldi
1595 2573 1811 2643 quidem
1849 2571 1978 2638 lilio,
2008 2572 2102 2643 qui

522 2681 641 2720 sese
655 2665 752 2720 sibi
779 2665 1139 2729 commiserat,
1160 2665 1532 2730 militaturum,
1557 2673 1792 2720 castrum
1809 2664 1907 2719 sub
1920 2663 2104 2720 condi-

523 2753 670 2809 tione
692 2756 964 2809 servandaa
990 2753 1259 2808 ﬁdelitatis
1294 2754 1558 2808 concedit.

592 2847 682 2901 2|.
729 2847 845 2912 Quo
926 2846 1089 2902 etiam
1145 2856 1386 2916 tempore
1454 2846 1715 2901 Arnull‘us
1773 2845 2103 2902 Morinorum

523 2936 792 3004 princeps,
817 2935 921 2989 hac
945 2934 1055 2988 vita
1089 2936 1338 2990 decessit.
1369 2933 1534 3003 Cujus
1563 2943 1764 2989 terram
1789 2934 2101 3000 Lotbarius,

529 3040 625 3080 rex
651 3025 944 3094 ingressus,
985 3023 1092 3078 ﬁlio
1123 3024 1359 3079 defuncti
1387 3023 1680 3080 liberaliter
1705 3025 1900 3089 reddit,
1952 3039 2106 3080 eum-

2119 1756 2168 1817 B
2197 1771 2402 1832 gentes,
2425 1769 2632 1816 tantum
2663 1777 2760 1817 sua
2779 1763 3062 1824 curabant,
3087 1759 3208 1830 jure
3241 1757 3652 1816 communicatis
3689 1755 3780 1808 vi-

2196 1867 2326 1908 vere
2352 1853 2626 1908 instruxit.
2659 1852 2812 1909 Unde
2837 1861 2893 1907 et
2919 1851 3211 1907 claustrum
3255 1848 3578 1904 monasterio
3619 1845 3781 1900 addi-

2199 1942 2298 2007 dit,
2331 1941 2384 1996 in
2415 1956 2522 2010 quo
2565 1941 2651 1996 die
2703 1951 3000 2008 morantes,
3055 1940 3446 2002 cohabitarent,
3479 1950 3686 1991 necnon
3721 1941 3782 1989 et

2201 2032 2600 2097 dormitorium,
2651 2031 2739 2087 ubi
2763 2040 2923 2087 noctu
2950 2031 3001 2086 in
3033 2031 3249 2085 silentio
3287 2028 3646 2099 quiescerent,
3691 2038 3783 2078 re—

2199 2121 2481 2177 fectorium
2511 2135 2742 2192 quoque,
2775 2121 2864 2176 ubi
2912 2121 2979 2176 de
3007 2119 3277 2176 communi
3319 2118 3659 2174 considentes
3692 2130 3780 2169 re~

2201 2211 2511 2267 licerentur.
2544 2209 2821 2280 Legesque
2862 2209 3130 2279 ascripsit,
3160 2219 3220 2264 ut
3243 2208 3507 2264 orationis
3534 2216 3785 2275 tempore

2202 2303 2256 2358 in
2301 2302 2527 2358 ecclesia
2573 2301 2708 2356 nihil
2757 2301 2860 2357 nisi
2915 2304 3068 2372 signo
3090 2308 3360 2370 peterent,
3399 2307 3598 2368 praeter
3631 2295 3786 2365 quod

2202 2393 2542 2448 necessitatis
2575 2390 2813 2448 afferret
2857 2390 3106 2462 inpulsio.
3138 2389 3329 2445 Cibum
3358 2404 3466 2445 una
3516 2386 3784 2444 taciturni

2203 2493 2489 2556 caperent;
2515 2491 2636 2555 post
2662 2484 2972 2554 prandium,
2994 2484 3046 2536 in
3078 2482 3375 2553 gratiarum
3402 2479 3612 2535 actione
3661 2478 3792 2532 lau-

2205 2575 2299 2631 des
2329 2576 2440 2630 Deo
2487 2573 2857 2629 decantarent.
2908 2570 3269 2643 Completorio
3294 2585 3424 2636 vero
3446 2569 3678 2641 expleto,
3710 2569 3792 2623 si-

2204 2665 2430 2722 lentium
2453 2677 2625 2735 usque
2644 2663 2829 2718 laudes
2854 2661 3144 2717 matutinas
3168 2659 3473 2715 nullatenus
3494 2657 3787 2713 violarent.

2205 2755 2323 2812 Jam
2351 2756 2649 2824 horoscopo
2707 2752 2953 2822 pulsante
2978 2749 3222 2816 excitati,
3255 2751 3322 2804 ad
3351 2746 3535 2803 laudes
3575 2744 3793 2818 persol-

2205 2846 2410 2901 vendas
2437 2859 2558 2899 sese
2607 2842 2907 2914 praevenire
2954 2840 3364 2896 contenderent.
3408 2837 3549 2894 Ante
3587 2837 3792 2892 horam

2209 2936 2312 2990 diei
2338 2935 2591 3006 primam,
2620 2932 2842 2986 libertas
2882 2928 3190 3001 egrediendi
3218 2943 3247 2983 a
3274 2927 3528 2991 claustro,
3576 2923 3795 2980 nemini

2210 3038 2465 3080 concessa
2479 3031 2616 3086 erat,
2632 3028 2828 3091 prieter
2839 3017 2936 3074 hos
2947 3018 3040 3088 qui
3063 3018 3206 3073 curis
3228 3030 3415 3072 eorum
3436 3013 3794 3069 insistebant;

527 3129 631 3183 que
689 3129 809 3168 cum
855 3113 1114 3168 militibus
1172 3113 1298 3183 jure
1341 3122 1801 3170 sacramentorum
1847 3114 1948 3170 sibi
2011 3130 2100 3170 an-
2135 3099 2180 3162 (ἶ
2213 3114 2279 3168 Et
2301 3129 2367 3168 ne
2393 3112 2513 3182 quis
2539 3126 2639 3182 per
2665 3109 3025 3180 ignorantiam
3055 3108 3344 3178 quicquam
3367 3104 3675 3158 faciendum
3701 3115 3798 3156 re-

527 3199 696 3256 nectit
723 3199 792 3234 ⁸η
821 3199 990 3272 (105).

597 3292 686 3346 22.
718 3292 888 3363 (969.)
919 3293 1053 3347 Huic
1075 3308 1288 3364 quoque
1319 3293 1513 3364 regalis
1537 3293 1831 3350 nobilitatis
1861 3294 2009 3366 (104)
2027 3295 2110 3350 vir

527 3382 817 3448 Adalbcro,
849 3398 916 3438 ex
940 3383 1282 3440 Mettensium
1331 3384 1582 3440 similiter
1611 3384 1858 3455 collegio,
1887 3394 2109 3442 strenue

529 3487 594 3527 ac
624 3472 850 3528 feliciter
877 3475 1154 3530 successit.
1203 3475 1304 3543 Qui
1348 3485 1550 3547 quanto
1603 3477 1715 3532 suis
1739 3477 2022 3546 profuerit,
2054 3485 2110 3532 et

527 3571 731 3632 quanta
757 3563 824 3617 ab
842 3564 1047 3618 aemulis
1062 3565 1176 3635 plus
1193 3565 1338 3634 justo
1361 3582 1550 3638 passus
1576 3568 1662 3631 sit,
1680 3582 1842 3637 opere
1864 3569 2110 3638 sequenti

533 3653 912 3709 declarabitur.
944 3653 1042 3709 Hic
1087 3655 1140 3710 in
1178 3655 1334 3711 initio
1378 3666 1502 3726 post
1553 3659 1634 3713 sui
1691 3659 2106 3729 promotiouem,

531 3743 821 3798 structuris
839 3743 1097 3800 aacclesia:
1137 3761 1247 3801 suae
1274 3746 1562 3816 plurimum
1593 3747 1820 3803 studuit.
1851 3748 2110 3806 Forniccs

532 3832 676 3887 enim
706 3833 797 3902 qui
822 3833 889 3888 ab
914 3833 1171 3889 aecclesiaa
1198 3834 1416 3890 introitu
1447 3851 1544 3906 per
1586 3847 1836 3906 quartam
1865 3853 2002 3908 pene
2027 3848 2111 3893 too

531 3925 640 3980 tius
660 3924 894 3980 basilicas
912 3923 982 3956 ""
1004 3935 1235 3994 partem,
1261 3926 1519 3981 eminenti
1542 3935 1820 3981 structura
1842 3928 2113 3983 distende-

532 4016 731 4072 bantur
760 4016 852 4083 δη,
871 4019 1084 4087 penitus
1114 4019 1298 4073 diruit.
1326 4019 1480 4074 Unde
1502 4029 1556 4074 et
1579 4020 1840 4090 ampliore
1867 4032 2112 4094 recepta-

533 4108 678 4173 culo,
706 4117 761 4162 et
789 4109 1030 4179 digniore
1051 4118 1304 4175 scemate,
1332 4119 1442 4165 tota
1463 4111 1707 4166 aecclesia
1729 4114 1981 4168 decorata
2008 4121 2108 4169 est.

534 4197 742 4268 Corpus
767 4213 981 4268 quoque
1011 4200 1181 4254 sancti
1232 4199 1423 4256 Kalisti
1472 4215 1624 4270 papae
1649 4210 1703 4256 et
1731 4202 1992 4268 martiris,
2022 4204 2113 4259 de—

533 4288 648 4343 bito
691 4288 895 4345 honore
939 4290 990 4343 in
1024 4289 1140 4359 ipso
1181 4289 1437 4346 :ecclesiae
1461 4291 1729 4361 ingressu,
1758 4291 1877 4349 loco
1904 4293 2113 4349 scilicet

534 4379 762 4434 editiore
792 4378 862 4413 ""
884 4380 1199 4447 collocavit;
1236 4382 1413 4450 ibique
1427 4381 1596 4438 altare
1615 4382 1892 4450 dedicans,
1924 4394 2110 4440 orato-

535 4471 677 4525 rium
708 4470 990 4526 fundendis
1013 4472 1122 4525 Deo
1143 4473 1394 4542 precibus
1426 4474 1926 4530 commodissimum
1955 4485 2108 4547 apta-

534 4561 633 4615 vit.
679 4560 866 4617 Altare
910 4561 1240 4633 praecipuum
1281 4563 1534 4619 crucibus
1572 4566 1751 4621 aureis
1794 4565 2112 4638 insigniens,

536 4649 789 4705 cancellis
818 4651 1089 4720 utrimque
1111 4651 1443 4708 radientibus
1464 4653 1757 4709 obvelavit.

603 4740 695 4794 23.
727 4739 912 4796 Preter
935 4743 1048 4796 haec
1067 4743 1229 4796 etiam
1257 4743 1426 4798 altare
1448 4745 1796 4815 gestatorium
1823 4760 1930 4801 non
1963 4746 2120 4801 vilio-

537 4832 582 4886 ri
628 4832 697 4863 ⁸η
746 4847 908 4902 opere
951 4831 1172 4888 clliuxit.
1226 4833 1402 4904 Super
1449 4835 1592 4904 quod
1646 4837 1928 4891 sacerdote
1973 4838 2115 4906 apud

539 4925 708 4988 Deum
739 4935 952 4995 agente,
1001 4926 1226 4981 aderant
1255 4935 1486 4996 quatuor
1511 4926 1967 4996 evangelistarum
2013 4944 2111 4984 ex-

2208 3208 2496 3278 linqueret,
2531 3204 2707 3260 sancti
2729 3201 3014 3272 Augustini
3041 3201 3307 3266 instituta,
3331 3196 3662 3264 Patrumque
3689 3195 3796 3249 de-

2208 3306 2356 3355 creta
2381 3297 2578 3353 cotidie
2600 3296 2679 3352 eis
2700 3295 2976 3350 recitanda
3008 3292 3220 3348 indixit.

2278 3389 2370 3443 25.
2404 3387 2789 3442 Monachorum
2820 3399 3034 3456 quoque
3050 3397 3253 3447 mores,
3282 3386 3482 3450 quanta
3502 3375 3801 3434 dilectione

2209 3489 2263 3537 et
2292 3479 2554 3534 industria
2583 3475 2842 3540 correxit,
2867 3484 3028 3545 atque
3057 3490 3087 3529 a
3114 3471 3281 3529 seculi
3310 3471 3492 3526 habitu
3520 3467 3800 3534 distinxit,

2208 3583 2291 3629 sat
2316 3572 2495 3628 dicere
2527 3585 2634 3625 non
2656 3578 2758 3626 est.
2798 3567 2915 3623 Non
2937 3565 3110 3622 solum
3134 3564 3278 3621 enim
3305 3560 3581 3633 religionis
3617 3557 3803 3628 digni-

2211 3673 2321 3719 tate
2344 3678 2437 3717 eos
2460 3661 2695 3732 insignes
2716 3673 2975 3730 apparere
2993 3656 3215 3721 studuit,
3237 3670 3426 3710 verum
3449 3653 3612 3709 etiam
3631 3649 3801 3706 bonis

2210 3751 2568 3811 exterioribus
2597 3757 2976 3821 augmentatos
3000 3745 3149 3801 nullo
3175 3745 3336 3800 modo
3361 3743 3528 3798 minui
3552 3740 3802 3812 prudens

2211 3845 2408 3916 adegit.
2436 3843 2582 3911 Quos
2605 3857 2728 3897 cum
2757 3839 2924 3895 multo
2943 3837 3145 3894 coleret
3165 3849 3372 3901 amore,
3405 3831 3676 3902 praecipua
3710 3837 3802 3901 ta;-

2212 3953 2336 3993 meu
2367 3935 2508 3990 beati
2535 3932 2766 4003 Remigii
2795 3930 3130 3985 Francorum
3154 3924 3367 3997 patroni
3389 3920 3680 3979 monachos
3701 3933 3806 3974 ca-

2213 4029 2374 4083 ritate
2425 4023 2752 4088 extollebat;
2801 4019 2946 4076 unde
2994 4028 3050 4074 et
3101 4031 3290 4072 eorum
3342 4029 3430 4069 res
3459 4009 3686 4067 stabiliri
3739 4009 3806 4062 in

2212 4130 2485 4190 posterum
2506 4117 2751 4186 cupiens,
2781 4113 3012 4169 Romam
3052 4107 3323 4166 concessit
3352 4106 3516 4178 (971?
3541 4104 3581 4175 ).
3611 4102 3680 4157 Et
3709 4109 3806 4156 ut-

2214 4218 2339 4282 pote
2364 4209 2450 4264 vir
2471 4206 2663 4264 nobilis
2684 4213 2740 4261 et
2763 4209 3109 4268 strenuus,et
3135 4197 3278 4254 fama
3298 4196 3486 4253 celibis
3528 4194 3652 4248 vita:
3674 4206 3804 4246 om-

2216 4300 2373 4355 nibus
2394 4299 2592 4362 clarus,
2619 4312 2650 4351 a
2676 4296 2850 4351 beatae
2872 4291 3148 4348 memoriae
3180 4288 3428 4344 Johanne
3455 4299 3616 4355 papa,
3669 4295 3804 4336 cum

2217 4393 2382 4448 multa
2413 4388 2714 4446 reverentia
2735 4394 2989 4456 exceptus
3008 4391 3109 4440 est.
3135 4383 3178 4436 A
3199 4395 3307 4451 quo
3331 4379 3495 4434 etiam
3527 4384 3650 4448 post
3680 4390 3807 4429 mu-

2221 4495 2309 4540 tua
2337 4482 2601 4553 colloquia
2622 4479 2828 4550 jussus,
2860 4478 2916 4532 in
2965 4476 3051 4531 die
3080 4471 3322 4529 natalitia
3350 4467 3561 4525 Domini
3593 4465 3807 4521 duode-

2218 4579 2323 4631 cim
2378 4569 2806 4645 praecedentibus
2835 4566 3104 4638 episcopis
3151 4563 3440 4619 missarum
3480 4553 3806 4625 sollempnia

2220 4661 2533 4720 celebravit.
2565 4659 2623 4714 ln
2653 4666 2799 4712 tanta
2822 4655 2938 4725 ejus
2963 4653 3136 4724 gratia
3160 4650 3402 4716 habitus,
3425 4655 3486 4702 ut
3531 4646 3599 4702 ab
3622 4658 3690 4700 eo
3714 4655 3806 4697 ro-

2220 4763 2438 4824 garetur
2466 4764 2671 4823 petere,
2697 4751 2743 4805 si
2775 4748 2902 4818 quid
2927 4752 3157 4816 optaret.

2224 4840 2226 4842 ’
2291 4846 2382 4900 26.
2424 4844 2577 4910 Quod
2629 4839 3056 4912 metropolitanus
3093 4835 3165 4867 m
3193 4833 3450 4888 Adalbero
3497 4830 3561 4884 de
3601 4829 3673 4868 ⁸⁸⁸
3723 4843 3808 4881 re-

2221 4938 2315 4992 bus
2334 4934 2404 4967 ⁸η
2417 4934 2584 4989 sancti
2602 4931 2818 5002 Remigii
2838 4947 2869 4983 a
2883 4945 3020 5000 papa
3049 4925 3118 4960 ⁸⁸⁸
3133 4927 3165 4982 ,Ι
3172 4927 3374 4980 alumne
3386 4920 3716 4993 privilegium
3732 4916 3806 4950 W‘

1833 5043 2065 5103 VARle
2103 5047 2510 5109 LECTIONES.

608 5153 676 5232 "_“
703 5150 767 5206 N.
801 5151 1029 5232 aliisque
1054 5148 1326 5232 nonnullis
1350 5149 1556 5232 delum
1717 5149 1845 5207 "(PC
1869 5155 1989 5210 inde
2013 5176 2044 5232 (ι
2068 5164 2274 5232 pagime
2311 5162 2461 5232 initio
2489 5159 2697 5215 vocibus
2735 5157 2976 5232 scilicet;
3026 5153 3094 5208 Et
3133 5136 3385 5232 vTetbaldi
3406 5143 3810 5232 iqﬁidgntdiilig

535 5224 590 5276 θη
624 5221 738 5310 λοσε)
765 5239 882 5310 mf?
905 5215 968 5274 ab
991 5221 1578 5310 “ﬁfioclfj‘i'jgﬂ‘:
1603 5221 1969 5310 aliifﬂuatuor
2014 5215 2374 5310 annilius:
2417 5231 2631 5294 jamque
2677 5230 2873 5281 vacuis.
2909 5223 3041 5278 Tum
3089 5215 3472 5290 prosequitur.:
3508 5215 3578 5247 ⁵⁸³
3599 5215 3810 5310 orator}

605 5309 656 5318 ....
713 5293 948 5318 qudlﬁ...“
1043 5288 1116 5318 ιιι
1151 5289 1556 5318 Αέριηηιιηιιηο..-
1579 5307 1602 5318 ι.
1697 5288 1765 5318 illi
1797 5295 1926 5316 aulg

3621 5292 3809 5318 μηδ-κει.
