3988 5362
167 350 228 407 97
1033 342 1508 403 HISTORIARUM
1548 341 1728 398 LIBRI
1767 339 2121 410 QUATUOR.
2148 371 2218 382 —-
2244 339 2372 398 LIB.
2403 340 2488 396 lll.
3357 347 3427 403 93

163 461 270 535 ﬁeri
292 458 443 528 petiit
478 454 659 500 διν-
681 454 833 515 Tunc
865 457 946 513 vir
977 456 1342 513 memorabilis
1374 455 1452 510 sic
1488 469 1743 511 exorsus:
1779 457 1825 516 Α
1853 452 2057 520 Quibus
2081 452 2638 522 considentibus,post
2664 451 3123 522 quaadastinodo
3146 454 3320 522 utilia,
3345 467 3432 513 at-

168 552 496 619 iQuoniam,
542 549 740 619 inquit,
771 556 926 618 pater
953 545 1294 601 sanctissime
1333 543 1500 598 multa
1520 543 1748 598 caritate

163 644 325 698 ﬁlium
356 643 683 712 complexus
712 642 779 695 ad
804 648 855 694 te
877 637 1106 707 amplius
1137 636 1432 699 attraxisti,
1481 636 1624 705 quod
1651 633 1747 688 tibi

161 749 452 790 onerosum
501 733 575 787 sit
617 731 914 802 petendum
951 743 1057 781 non
1099 726 1355 780 arbitror.
1409 723 1545 780 Novi
1579 724 1746 787 enim,

163 825 298 895 quod
319 824 559 894 diligens
582 831 761 892 pater,
809 819 1076 876 interdum
1108 817 1218 872 filio
1251 816 1464 886 gravari
1494 816 1745 887 gaudeat.

118 894 263 994 ξὸθά
286 913 424 968 illud
450 923 642 983 petere
681 925 770 966 me
797 908 1072 981 proposui,
1127 907 1268 976 quod
1313 915 1369 961 et
1408 915 1560 961 tanto
1606 905 1747 976 patri

123 1023 126 1025 λ
158 1017 449 1060 onerosum
473 1019 583 1057 non
617 1001 737 1066 ﬁat,
761 1010 816 1056 et
837 999 1038 1069 petenti
1068 997 1203 1052 satis
1225 996 1490 1052 commodi
1518 1011 1752 1066 .compa-

158 1101 256 1148 ret.
309 1091 414 1146 Est
466 1091 601 1145 mihi
648 1091 704 1144 in
757 1088 944 1143 Galliis
968 1086 1358 1142 monachorum
1417 1086 1746 1149 coenobium,

160 1198 259 1236 non
282 1181 454 1252 longe
479 1182 550 1236 ab
581 1180 716 1234 urbe
742 1179 1036 1234 Remorum
1063 1175 1248 1232 situm.
1275 1173 1377 1231 Ubi
1409 1176 1574 1230 etiam
1603 1175 1750 1230 beati

158 1270 386 1340 Remigii
456 1269 797 1324 Francorum
854 1274 1065 1336 patroni
1097 1278 1293 1334 corpus
1343 1265 1748 1320 sanctissimum

161 1360 542 1415 decentissime
567 1358 821 1427 quiescit,
847 1357 931 1412 cui
973 1355 1138 1410 etiam
1165 1355 1340 1409 honor
1367 1355 1655 1409 exhibetur
1681 1353 1749 1388 ⁵¹⁹

159 1449 390 1504 debitus.
444 1449 612 1519 Cujus
663 1463 754 1502 res
807 1447 861 1502 in
907 1454 1180 1516 posterum
1231 1443 1460 1498 stabiliri
1521 1443 1751 1498 ﬁrmiter

161 1555 434 1610 quarens,
473 1549 672 1594 vestrm
718 1537 1061 1592 auctoritatis
1107 1534 1390 1606 privilegio
1441 1533 1748 1589 conﬁrmari

161 1632 636 1702 inpraesentiarum
666 1631 922 1702 deposco,
957 1637 1131 1684 terras
1161 1627 1409 1682 videlicet
1451 1625 1626 1681 cultas
1669 1631 1750 1678 atr-

159 1735 260 1790 que
289 1719 550 1785 incultas,
575 1719 744 1773 silvas
773 1726 825 1773 et
843 1730 1068 1786 pascua,
1092 1715 1280 1770 vineas
1303 1729 1371 1769 ac
1401 1713 1639 1784 pemeria
1655 1713 1747 1778 ⁸⁸⁸,

1853 557 1960 612 que
1980 550 2180 596 sanctae
2203 542 2457 598 ecclesiae
2469 544 2770 608 commoda,
2787 544 3234 614 metropolitanus
3248 562 3430 605 coram

1853 633 1936 688 sic
1985 633 2334 688 concinnatus
2368 633 2478 687 ait:
2525 651 2544 684 ι
2599 633 2864 701 Quoniam
2916 647 3099 706 patres
3150 641 3432 697 reverendi

1853 721 2025 792 gratia
2057 721 2228 775 sancti
2254 720 2489 790 Spiritus
2516 723 2604 777 hic
2641 722 2851 778 collecti
2896 739 3108 789 sumus,
3129 733 3184 781 et
3211 742 3331 797 quas
3361 729 3430 784 de

1852 819 1997 864 statu
2028 819 2226 864 sanctae
2253 809 2513 865 (ecclesia:
2553 811 2666 866 visa
2693 820 2818 867 sunt
2855 813 3008 868 utilia
3035 815 3428 883 ordinavimus,

1855 909 2027 956 restat
2079 901 2253 957 adhuc
2282 915 2369 956 res
2396 903 2528 956 mihi
2577 903 2712 958 adeo
2759 903 3000 974 placens,
3057 915 3112 962 et
3163 908 3434 965 nonnullis

1851 1000 2050 1046 nostra:
2077 991 2334 1046 ecclesiae
2350 991 2478 1047 ﬁliis
2506 1007 2646 1047 nunc
2667 1002 2722 1048 et
2751 996 2803 1048 in
2825 1004 3100 1064 posterum
3115 997 3422 1067 profutura;

1851 1095 2016 1151 quam
2063 1083 2228 1137 etiam
2258 1091 2452 1137 vestrm
2504 1083 2753 1153 dignitati
2802 1085 3144 1141 indicandam
3175 1088 3434 1155 arbitror,

1853 1180 2017 1241 atque
2047 1172 2426 1228 roborandam.
2481 1172 2620 1228 Ante
2658 1182 2865 1244 septem
2915 1177 3182 1232 mensium
3205 1178 3341 1245 dies,
3375 1189 3436 1235 ut

1851 1261 2006 1316 vobis
2034 1276 2248 1332 quoque
2311 1261 2650 1316 notissimum
2673 1272 2780 1328 est,
2833 1263 2889 1318 in
2915 1264 3119 1320 italiam
3160 1269 3427 1329 concessi,

1851 1349 2185 1422 Romamque
2222 1353 2434 1417 deveni,
2458 1368 2522 1408 ac
2561 1354 2743 1408 domni
2790 1362 2846 1410 et
2889 1357 3166 1426 apostolici
3211 1359 3310 1414 viri
3338 1358 3433 1414 Jo-

1851 1442 2046 1499 hannis
2073 1445 2340 1515 colloquio
2364 1445 2632 1516 simulque
2677 1457 2732 1502 et
2787 1448 3151 1505 benivolentia
3199 1452 3436 1508 familia-

1853 1534 2066 1590 rissime
2092 1551 2240 1602 usus,
2271 1537 2340 1592 ab
2367 1553 2432 1592 eo
2453 1548 2638 1608 petere
2665 1539 2712 1593 si
2742 1540 2872 1609 quid
2913 1551 3156 1612 optarem
3190 1545 3429 1600 monitus

1852 1637 1994 1678 sum.
2025 1623 2300 1695 Ratusque
2323 1627 2610 1696 petendum
2631 1635 2691 1681 ut
2713 1643 2802 1683 res
2828 1629 2898 1671 δι’
2929 1630 3111 1685 domui
3139 1646 3203 1685 ac
3220 1633 3435 1700 patroni

1851 1715 2025 1769 nostri
2075 1715 2326 1789 Remigii,
2368 1731 2480 1772 sua:
2525 1718 2868 1775 auctoritatis
2917 1721 3200 1793 privilegio
3243 1731 3436 1778 contra

160 1820 426 1868 torrentes
487 1820 546 1865 et
586 1820 814 1880 stagna;
857 1808 1021 1862 castri
1065 1821 1282 1877 quoque
1344 1804 1558 1859 illorum
1625 1819 1746 1859 mu-
1778 1829 1828 1892 Β
1853 1806 2120 1877 quoslibet
2145 1808 2386 1864 tirannos
2407 1811 2695 1879 stabiliret,
2737 1820 2793 1867 et
2821 1813 3095 1869 abbatiam
3143 1814 3320 1869 sancti
3343 1814 3436 1869 Ti-

161 1903 414 1966 nitatem,
440 1901 806 1969 villarumque
830 1897 1112 1953 liberalem
1136 1898 1278 1951 intra
1302 1905 1358 1951 et
1409 1903 1564 1949 extra
1593 1904 1748 1964 pote-

157 1997 377 2054 statem,
404 1987 624 2043 tandem
647 1988 810 2042 etiam
833 2000 921 2041 res
945 1999 1135 2041 omnes
1150 1983 1380 2040 mobiles
1401 1993 1561 2054 atque
1582 1985 1749 2040 inmo-

158 2079 291 2134 biles
319 2079 854 2148 vestriapostolatus
882 2076 1115 2147 dignitas
1145 2075 1342 2130 solidet
1367 2082 1532 2145 atque
1552 2074 1751 2130 conﬁr-

157 2178 281 2224 met.
303 2170 605 2225 Abbatiam
637 2183 856 2239 quoque
884 2167 1061 2223 sancti
1078 2166 1346 2222 Timothei
1375 2167 1614 2222 martiris
1627 2180 1748 2236 quae

157 2260 321 2314 nostri
340 2259 486 2329 juris
512 2276 644 2316 esse
667 2261 901 2325 videtur,
936 2258 1038 2315 sub
1063 2258 1234 2314 vestri
1285 2258 1600 2329 praesentia,
1643 2260 1746 2314 ho-

157 2363 380 2419 rumque
407 2351 799 2420 episcoporum
825 2349 1136 2407 testimonio
1160 2349 1240 2404 eis
1267 2350 1528 2415 concedo,
1555 2357 1616 2404 ut
1667 2349 1747 2403 in-

157 2437 220 2493 de
243 2439 581 2508 pauperibus
609 2440 1034 2502 administretur,
1068 2446 1124 2493 et
1150 2438 1409 2494 memoria
1440 2438 1612 2493 nostri
1635 2453 1748 2494 ser-

156 2528 234 2584 vis
251 2530 346 2585 Dei
369 2531 424 2584 in
456 2531 718 2586 coenobio
741 2531 1019 2586 habeatur.
1049 2528 1177 2585 Haac
1201 2529 1364 2599 igitur
1378 2530 1747 2599 superioribus

159 2621 328 2676 addita
379 2623 435 2676 in
455 2623 548 2692 jus
593 2623 838 2693 praedicti
868 2621 1040 2676 sancti
1074 2628 1332 2686 transeat,
1385 2629 1549 2690 atque
1603 2619 1746 2675 illius

155 2712 388 2780 propria,
413 2719 606 2766 vestra
630 2710 880 2766 similiter
908 2709 1230 2765 auctoritate
1272 2708 1643 2763 conﬁrmetur.
1682 2727 1703 2762 ι

217 2801 309 2855 27.
343 2801 430 2855 Ad
453 2803 577 2856 haec
609 2802 839 2856 domnus
865 2815 1032 2872 papa:
1057 2818 1075 2853 ι
1102 2800 1229 2866 Res,
1261 2799 1451 2868 inquit,
1469 2797 1651 2854 domni
1680 2813 1747 2854 ac

157 2893 364 2962 patroni
398 2893 578 2947 nostri
607 2893 679 2924 ⁸³⁸
705 2891 952 2963 Remigii,
978 2891 1150 2945 nostri
1176 2889 1510 2960 apostolatus
1531 2897 1748 2944 senten-

159 2985 224 3036 tia
254 2982 497 3038 stabiliri
535 2990 792 3052 tutasque
825 2981 878 3035 in
900 2989 1221 3051 perpetuum
1251 2981 1391 3046 ﬁeri,
1429 2979 1558 3049 quin
1582 2979 1747 3034 etiam

162 3079 220 3132 de
238 3087 330 3133 tuo
374 3077 644 3148 quicquid
690 3076 864 3146 placet
912 3075 1055 3139 addi,
1084 3073 1442 3129 libentissime
1482 3071 1740 3128 concedo.

1853 1898 2055 1952 mothei
2089 1899 2352 1966 martiris,
2378 1915 2407 1955 a
2436 1915 2524 1955 me
2553 1900 2733 1955 datam
2775 1902 2879 1958 illis
2903 1903 3103 1969 nniret,
3135 1903 3191 1958 id
3227 1904 3431 1973 absque

1851 1987 2216 2059 refragatione
2263 1990 2491 2046 obtinui.
2527 1990 2757 2062 Scripsit
2783 2007 2931 2062 ergo,
2983 2007 3048 2048 ac
3079 2008 3263 2049 coram
3321 1993 3436 2064 epi-

1849 2077 2028 2146 scopis
2060 2093 2284 2134 numero
2307 2079 2585 2135 duodecim
2616 2082 2832 2136 recitari
2858 2083 3037 2153 jussit,
3068 2083 3255 2152 eisque
3271 2085 3430 2138 robo-

1849 2169 2075 2222 randam
2102 2169 2361 2239 porrexit.
2413 2169 2566 2238 Quod
2608 2178 2663 2226 et
2709 2171 2890 2226 domui
2941 2187 3094 2244 papae
3118 2173 3276 2243 sigilli
3305 2183 3435 2229 nota

1850 2256 2188 2326 insignitum,
2208 2258 2364 2315 vobis
2389 2274 2604 2330 quoque
2636 2260 2996 2315 roborandum
3029 2261 3206 2326 attuli,
3233 2271 3292 2316 ut
3310 2262 3430 2332 plu-

1847 2346 2107 2404 rimorum
2135 2349 2461 2405 auctoritate
2485 2352 2792 2412 subnixum,
2835 2352 3102 2406 nullorum
3143 2353 3423 2408 machina-

1849 2439 1995 2494 tione
2020 2441 2343 2511 quandoque
2384 2442 2563 2497 valeat
2615 2442 2854 2498 dissolvi.
2922 2441 3076 2497 Unde
3113 2450 3169 2498 et
3208 2458 3240 2497 a
3279 2442 3436 2500 vobis

1856 2531 2000 2588 idem
2026 2533 2273 2589 roborari
2294 2533 2436 2589 volo.
2468 2553 2488 2587 ι
2510 2533 2746 2590 Sinodus
2771 2534 2934 2588 dixit:
2970 2532 3276 2588 Roboretnr.
3305 2532 3440 2588 Pro-

1846 2619 2014 2676 latum
2054 2621 2218 2693 igitur
2236 2638 2267 2677 a
2283 2622 2716 2692 metropolitano,
2731 2622 2785 2676 in
2808 2621 3036 2678 concilio
3051 2621 3332 2677 recitatum
3355 2627 3440 2675 est

1845 2712 2032 2780 eisque
2043 2721 2373 2780 porrectum,
2389 2721 2444 2769 et
2463 2714 2531 2768 ab
2545 2727 2733 2768 eorum
2763 2711 2985 2782 singulis
3005 2729 3165 2766 manu
3188 2711 3439 2780 imposita

1849 2801 2188 2856 roboratum.
2216 2799 2368 2867 Quod
2391 2800 2555 2856 etiam
2595 2816 2626 2854 a
2676 2801 2956 2855 monachis
2983 2799 3074 2870 qui
3100 2799 3172 2854 ibi
3201 2799 3434 2855 aderant

1847 2898 2152 2960 exceptum,
2175 2890 2398 2946 archivo
2424 2891 2737 2946 monasterii
2762 2890 2988 2944 relatum
3013 2898 3116 2945 est.

1916 2981 2005 3036 3L
2047 2980 2356 3052 Conquestio
2382 2981 2454 3015 δη
2483 2980 2866 3050 metropolitani
2907 2979 2978 3012 m
3028 2982 3092 3034 de
3139 2978 3431 3033 monacho-

1850 3089 1966 3127 rum
2000 3072 2072 3105 m
2100 3072 2348 3143 religione
2369 3071 2460 3139 ⁸³⁵,
2489 3071 2785 3140 rituumque
2811 3069 2885 3102 δ”
2907 3069 3222 3124 correctione
3248 3067 3340 3122 ⁸⁸⁸.
3365 3088 3437 3108 ι-

165 3165 372 3235 Scripto
397 3166 573 3220 etiam
603 3165 655 3219 id
684 3164 925 3218 roborari
952 3178 1058 3218 non
1090 3163 1265 3218 solum
1293 3177 1434 3226 mea,
1462 3169 1544 3217 set
1570 3172 1624 3216 et
1647 3163 1744 3216 ho-
1775 3173 1820 3238 ρ
1851 3161 1997 3216 Inter
2027 3162 2127 3216 hec
2165 3175 2379 3232 quoque
2409 3168 2466 3216 et
2509 3159 2613 3214 alia
2651 3158 2802 3213 utilia
2849 3174 2967 3227 qua:
3014 3158 3086 3213 ibi
3147 3157 3438 3212 constituta

162 3271 271 3308 rum
300 3255 398 3325 qui
425 3254 630 3309 adsunt
656 3253 1026 3322 episcoporum
1052 3251 1374 3306 auctoritate
1394 3251 1687 3305 constituo.
1720 3268 1740 3301 ι

162 3343 390 3414 Moxque
418 3344 682 3414 scriptum
718 3343 784 3397 iri
824 3341 1008 3413 jussit,
1035 3355 1331 3412 coramque
1358 3342 1618 3411 scriptum
1640 3340 1749 3412 legi

162 3435 442 3504 praecepit.
1495 3439 1502 3441 "

223 3523 314 3580 28.
341 3522 516 3592 Cujus
549 3531 727 3578 textus
781 3521 1084 3591 hujusmodi
1122 3531 1236 3578 est:
1260 3520 1531 3576 Iohannes
1573 3537 1748 3576 servus

163 3611 706 3668 servorumDei‘".
785 3651 799 3666 .
878 3650 894 3667 .
971 3650 987 3665 .
1066 3650 1082 3666 .
1161 3651 1177 3665 .
1259 3651 1271 3664 .
1349 3649 1364 3664 .
1444 3650 1460 3665 .
1539 3652 1555 3667 .
1632 3652 1648 3667 .
1731 3651 1746 3666 .

227 3703 318 3758 29.
353 3703 514 3768 Quod
539 3701 596 3756 in
628 3701 849 3756 auribus
895 3702 1136 3756 omnium
1167 3702 1260 3772 qui
1309 3703 1538 3756 aderant
1579 3703 1752 3773 perle-

166 3795 515 3867 ctum,sigilli
541 3796 625 3851 sui
651 3806 778 3851 nota
807 3795 1290 3866 insignivit,atque
1305 3796 1570 3866 episcopis
1598 3797 1752 3850 robo-

170 3888 392 3940 randum
423 3886 690 3956 porrexit.
723 3884 927 3954 Quibus
949 3885 1133 3956 gestis,
1177 3885 1623 3955 metropolitanus
1652 3885 1750 3939 do-

171 3978 272 4031 mni
295 3991 456 4047 papa:
475 3983 642 4044 atque
663 3975 1035 4044 episcoporum
1056 3975 1274 4030 licentia
1303 3976 1594 4045 digressus,
1628 3975 1752 4031 Gal-

171 4065 250 4122 liis
274 4082 402 4122 sese
433 4065 666 4136 recepit,
710 4066 1021 4135 directoque
1049 4065 1242 4120 itinere
1288 4066 1462 4120 sancti
1508 4065 1751 4134 praedicti

169 4156 518 4226 sepulchrum
545 4155 768 4210 devotus
793 4153 971 4223 petiit,
1022 4154 1182 4222 eique
1207 4153 1260 4208 in
1310 4153 1536 4223 collegio
1564 4168 1754 4207 mona-

171 4248 391 4302 chorum
410 4246 751 4317 privilegium
776 4245 1036 4315 scriptum
1059 4243 1275 4315 legavit.
1294 4243 1540 4300 Monachi
1564 4244 1751 4298 datum

169 4338 522 4407 excipientes,
547 4337 766 4392 archivo
790 4335 1115 4392 servandum
1145 4335 1424 4401 mandant,
1446 4335 1752 4406 gratiasque

170 4440 259 4494 pro
289 4434 446 4479 tanta
473 4424 793 4480 liberalitate
813 4425 1066 4480 decenter
1084 4422 1421 4503 impertiant.

1852 3260 2016 3316 sunt,
2073 3253 2140 3307 de
2184 3253 2570 3308 monachorum
2632 3249 2892 3322 religione
2943 3265 2975 3302 a
3025 3247 3438 3319 metr0politano

1852 3353 2000 3398 motu
2026 3342 2344 3414 gravissimo
2384 3341 2701 3412 conquestio
2750 3341 2933 3395 habita
2963 3347 3065 3405 est,
3097 3355 3163 3396 eo
3186 3340 3329 3409 quod
3359 3339 3436 3393 ri-

1855 3441 1942 3488 tus
1961 3448 1991 3486 a
2025 3431 2318 3500 majoribus
2340 3431 2640 3494 constituti,
2669 3446 2700 3484 a
2733 3430 3051 3500 quibusdam
3079 3428 3356 3498 depravati
3381 3437 3438 3483 et

1851 3523 2122 3579 immutati
2189 3523 2523 3577 viderentur.
2584 3520 2736 3575 Unde
2788 3529 2845 3576 et
2911 3520 3012 3575 sub
3059 3519 3436 3589 episcOporum

1854 3613 2147 3683 praesentia
2192 3614 2261 3667 ab
2289 3612 2480 3668 eodem
2519 3611 2795 3666 decretum
2845 3619 2948 3676 est,
2985 3618 3045 3664 ut
3097 3609 3435 3664 diversorum

1851 3704 2094 3759 locorum
2141 3703 2364 3757 abbates
2419 3703 2792 3768 convenirent,
2837 3710 2892 3756 et
2921 3702 3046 3757 inde
3073 3700 3278 3756 utiliter
3304 3715 3438 3755 con-

1853 3794 2115 3850 sulerent.
2162 3793 2438 3863 ﬂujusque
2486 3793 2747 3847 habendae
2791 3793 3014 3846 rationis
3043 3800 3252 3862 tempus
3276 3801 3330 3846 et
3361 3790 3439 3846 lo-

1853 3898 1950 3939 cus
1981 3897 2105 3936 mox
2123 3881 2413 3936 constituta
2445 3889 2592 3944 sunt,
2619 3888 2674 3933 et
2701 3879 2782 3933 sic
2812 3878 3033 3934 sinodus
3057 3878 3234 3932 soluta
3258 3887 3362 3932 est.

1923 3971 2014 4027 52.
2053 3970 2205 4037 Quod
2234 3970 2392 4024 abbas
2419 3968 2679 4038 Rodulfus
2701 3969 2944 4022 abbatum
2964 3969 3160 4037 primas
3184 3967 3438 4036 fuerit.—

1851 4063 2064 4119 Interea
2093 4071 2305 4130 tempus
2338 4059 2574 4115 advenit.
2606 4058 2846 4114 Abbates
2872 4073 3086 4128 quoque
3129 4073 3194 4112 ex
3221 4054 3436 4113 diverso

1854 4153 1910 4210 in
1941 4168 2104 4207 unum
2132 4151 2343 4207 collecti
2377 4158 2520 4206 sunt.
2559 4149 2800 4217 Quorum
2827 4151 3128 4219 praecipuus
3147 4159 3203 4204 et
3230 4150 3435 4218 primas

1853 4243 2185 4300 constitutus
2209 4251 2312 4304 est,
2358 4240 2443 4296 vir
2462 4239 2598 4294 divae
2620 4239 2893 4294 memoriae
2916 4238 3199 4303 Rodulfus,
3225 4255 3289 4294 ex
3320 4254 3434 4294 coe-

1855 4334 2019 4391 nobio
2045 4333 2220 4390 sancti
2246 4329 2476 4402 Remigii
2502 4329 2690 4385 abbas.
2732 4328 2848 4397 Quo
2871 4329 3193 4398 praesidente
3217 4337 3274 4383 et
3302 4344 3437 4398 prie-

1853 4426 2046 4481 laturae
2100 4422 2421 4493 dignitatem
2474 4427 2710 4484 tenente,
2780 4419 2872 4474 alii
2935 4419 3141 4474 circum
3193 4419 3438 4487 dispositi

231 4517 325 4572 30.
352 4515 514 4581 Quod
549 4514 808 4569 Adalbero
833 4514 1160 4584 privilegium
1187 4511 1258 4545 “'
1281 4515 1334 4567 in
1364 4515 1549 4568 sinodo
1591 4515 1663 4546 ⁸⁸³
1688 4515 1752 4570 ab
1779 4512 1833 4575 D
1857 4523 2004 4571 sunt.
2056 4509 2501 4580 Metropolitanus
2548 4522 2700 4572 vero,
2750 4521 2818 4562 ex
2871 4509 3098 4564 adverso
3149 4509 3202 4562 in
3255 4508 3440 4564 cliote-

169 4608 425 4676 episcopis
453 4604 523 4645 ⁸⁸³
541 4606 845 4675 conﬁrmari
864 4605 936 4637 ⁶¹⁸
961 4605 1082 4674 fecit
1109 4602 1289 4656 ”'.—
1314 4603 1410 4660 His
1431 4605 1503 4658 ita
1532 4605 1752 4671 habitis,

173 4704 286 4762 post
351 4709 450 4748 sex
472 4696 744 4750 mensium
786 4703 993 4764 tempus
1033 4693 1102 4748 ad
1140 4700 1379 4748 montem
1407 4705 1606 4749 sanctae
1637 4693 1752 4748 Ma-

175 4788 263 4840 rite
289 4785 468 4858 (l05),
499 4787 591 4856 qui
608 4787 759 4841 locus
781 4796 863 4842 est
883 4786 1175 4842 Remorum
1191 4783 1560 4852 diocesanens,
1577 4786 1645 4841 ab
1656 4801 1751 4842 eo-
1848 4843 1850 4845 .

173 4877 290 4932 dem
330 4879 743 4949 metropolitano
778 4880 997 4936 sinodus
1021 4879 1392 4950 episcoporum
1425 4880 1608 4936 habita
1644 4888 1749 4935 est.

1863 4603 1961 4657 dro
1990 4600 2138 4673 (106)
2167 4598 2390 4654 resedit.
2434 4597 2538 4664 Qui
2586 4596 2836 4666 primatis
2861 4595 3202 4666 aliorumque
3224 4606 3441 4666 patrum

1861 4691 2080 4746 hortatu
2106 4690 2476 4749 concionatus.
2510 4686 2592 4742 sic
2612 4685 2938 4754 praelocutus
2959 4695 3042 4743 est
3069 4705 3082 4741 :

1931 4781 2021 4835 53.
2063 4777 2380 4833 Prwlocutio
2409 4775 2481 4809 m
2524 4774 2910 4845 metrOpolitani
2943 4778 3014 4811 ³³⁸
3061 4779 3119 4832 in
3160 4778 3348 4833 sinodo
3372 4779 3444 4818 ⁵⁸⁸

1865 4873 2110 4928 abbatum
2140 4869 2232 4924 ⁸⁸⁸.
2294 4897 2366 4908 --
2419 4886 2438 4920 ε
2471 4868 2724 4940 Magnum
2775 4877 2860 4924 est
2908 4877 3092 4940 patres
3116 4869 3444 4925 sanctissimi

1486 5009 1723 5066 VARIE
1757 5001 2161 5071 LECTIONES.

121 5135 124 5138 ’
151 5097 164 5156 ἶ
245 5111 353 5150 δῖε·
383 5111 472 5173 ῖῖιι
514 5109 746 5174 abscisa.
811 5118 879 5151 “'
907 5130 1153 5173 servatur
1192 5133 1332 5172 con.
1367 5117 1672 5177 exhibetur.
1745 5118 1820 5152 “°
1842 5117 1938 5171 sic.
1975 5110 1986 5117 ’
2012 5115 2080 5154 δη
2105 5102 2198 5166 εὖτ.
2217 5109 2342 5148 ἠ’
2363 5125 2694 5178 membrana,
2715 5110 2802 5165 cui
2820 5097 3016 5178 charta
3047 5110 3295 5178 inscrtpla
3319 5110 3450 5161 ϐναεο

176 5189 286 5252 jam
328 5189 535 5252 excidit,-
567 5188 927 5252 apograph-um
963 5198 1136 5243 extare
1179 5188 1360 5243 scribit
1400 5175 1540 5245 Galil.
1576 5187 1772 5242 Μαι-[οι
1804 5189 1860 5241 in
1908 5184 2127 5241 historia
2174 5178 2482 5251 metropolis
2508 5175 2770 5251 Bernensis
2808 5177 2903 5252 ῌλ
2935 5179 2994 5234 2.
3026 5180 3112 5233 sed
3157 5175 3219 5229 ob
3261 5185 3456 5251 annuat
