3988 5362
546 257 614 316 9ο
1336 233 1342 238 ’
1672 241 1950 299 BICHERI
1991 241 2047 298 s.
2097 241 2351 296 REMiGll
2389 239 2693 296 nonacm

3701 244 3809 298 100

546 372 717 426 bonos
744 380 986 437 quosque
1016 343 1323 427 convenire,
1369 363 1413 416 si
1453 361 1687 416 fluctum
1722 358 1935 412 virtutis
1972 371 2119 426 quae-
2147 369 2190 426 Α
2224 353 2320 408 soli
2371 352 2505 408 foris
2535 353 2684 406 nullo
2740 353 2821 407 sui
2869 354 3046 422 operis
3079 362 3214 409 teste
3254 363 3523 419 maneant,
3555 361 3608 408 et
3659 357 3812 423 quod

547 474 669 514 rere
697 458 996 512 elaborent.
1032 455 1158 510 Inde
1198 454 1343 508 enim
1375 462 1428 508 et
1468 454 1731 506 bonorum
1763 449 2045 513 utilitates,
2065 456 2119 503 et

545 570 724 610 rerum
749 555 1000 609 honestas
1024 558 1387 620 comparatur.
1422 547 1572 603 Sicut
1613 554 1832 602 econtra
1861 545 2120 615 pernitio-

543 661 661 700 snm
694 644 738 700 si
787 643 940 712 pravi
984 640 1278 705 conﬂuant,
1329 647 1388 694 ut
1417 639 1600 693 illicita
1640 647 1885 706 quaerant
1929 644 1985 690 et
2027 649 2122 689 ex-

543 735 743 806 pleant.
786 733 938 790 Unde
979 742 1036 788 et
1071 747 1165 786 vos
1195 745 1331 800 quos
1379 730 1432 784 in
1469 729 1560 783 Dei
1603 728 1819 783 nomine
1865 727 2120 782 collectos

542 829 799 890 arbitror,
823 827 1025 896 optima
1055 837 1304 893 quaerere
1334 823 1545 885 hortor,
1592 831 1754 889 atque
1779 835 1847 875 ex
1895 818 2122 874 malivo-

543 916 708 970 lentia
737 915 868 970 nihil
896 914 1066 967 moliri
1096 927 1311 967 moneo.
1333 912 1500 966 Amor
1523 910 1783 966 secularis
1824 917 1878 964 et
1911 910 2115 974 odium,

540 1006 681 1074 apud
719 1020 816 1060 vos
871 1005 1046 1059 locum
1095 1002 1301 1057 nullum
1326 1001 1582 1067 habeant,
1611 1000 1809 1071 quibus
1831 1007 2119 1056 enervatur

533 1092 768 1162 iustitia,
797 1094 1023 1162 aequitas
1066 1090 1378 1146 suffocatur.
1430 1092 1612 1146 Vestri
1647 1090 1855 1145 ordinis
1895 1090 2115 1157 antiqua

539 1183 746 1251 religio,
782 1184 850 1236 ab
878 1181 1220 1250 antiquitatis
1249 1181 1532 1234 honestate
1564 1188 1622 1232 ut
1661 1179 1802 1232 fama
1844 1189 1926 1233 est
1953 1191 2112 1246 supra

535 1272 754 1325 modum
781 1271 1072 1325 aberravit.
1120 1269 1400 1323 Dissidetis
1437 1269 1580 1322 enim
1609 1269 1750 1322 inter
1776 1283 1894 1332 vos,
1921 1267 1973 1320 in
2002 1268 2115 1334 ipsa

533 1363 797 1432 regularis
817 1364 1022 1418 ordinis
1051 1363 1456 1426 consuetudine,
1493 1377 1614 1416 cum
1662 1361 1818 1416 aliter
1859 1359 2017 1422 alter,
2040 1359 2118 1412 al-

536 1464 620 1510 ter
648 1455 804 1509 aliter
849 1454 979 1509 velit
1021 1470 1085 1509 ac
1134 1455 1350 1509 sentiat.
1391 1453 1727 1523 Quapropter
1753 1461 1808 1506 et
1841 1451 2114 1506 sanctitati

533 1553 729 1601 vestras
776 1547 1038 1602 hactenus
1089 1545 1314 1601 multum
1359 1546 1680 1616 derogatum
1733 1553 1833 1599 est.
1887 1543 2038 1598 Unde
2063 1551 2117 1596 et

533 1635 664 1691 utile
694 1637 841 1702 duxi,
868 1647 926 1691 ut
956 1636 1106 1692 vobis
1136 1637 1222 1691 hic
1246 1635 1416 1706 gratia
1441 1635 1534 1690 Dei
1561 1636 1614 1688 in
1654 1649 1817 1688 unum
1849 1633 2111 1695 collectis,

537 1727 794 1781 suadeam
824 1727 963 1782 idem
989 1727 1146 1793 velle,
1177 1728 1319 1782 idem
1369 1725 1601 1792 sentire,
1631 1724 1770 1780 idem
1809 1723 2109 1794 cooperari,
2145 1705 2186 1762 Β

535 1822 593 1866 ιιι
623 1815 810 1870 eadem
837 1814 1135 1881 voluntate,
1164 1815 1351 1870 eodem
1399 1829 1583 1879 sensu,
1611 1815 1798 1869 eadem
1857 1825 2113 1880 coopera-

535 1902 702 1968 tione,
738 1911 794 1958 et
819 1905 991 1959 virtus
1020 1904 1261 1974 neglecta
1286 1912 1580 1973 repetatur,
1611 1914 1664 1958 et
1700 1902 1986 1974 pravitatis
2011 1901 2110 1957 de-

533 1995 696 2049 decus
719 1995 1186 2050 vehementissime
1213 1995 1570 2066 propulsetur.
1606 2013 1624 2046 ι

603 2085 693 2139 54.
743 2085 1024 2156 Responsio
1063 2087 1129 2127 ‘I"
1157 2088 1394 2157 primatis
1415 2087 1545 2140 “7e!
1571 2088 1627 2140 in
1647 2102 1836 2157 pravos
1870 2086 1938 2118 ⁸⁸⁷
1969 2085 2109 2138 indi-

532 2185 710 2245 gnatio
737 2175 826 2232 m.
852 2206 922 2216 —
944 2178 1027 2231 Ad
1055 2177 1169 2231 haec
1197 2176 1450 2231 abbatum
1475 2177 1676 2245 primas
1703 2191 1718 2231 :
1751 2193 1769 2226 ι
1813 2175 1968 2241 Quod
2000 2176 2110 2236 hic,

531 2267 725 2338 inquit,
753 2284 783 2322 a
810 2279 860 2324 te
888 2269 1282 2340 promulgatum
1326 2279 1407 2324 est
1445 2277 1598 2338 pater
1620 2268 1980 2332 sanctissime,
2001 2268 2112 2327 alta

532 2371 794 2412 memoria
825 2361 1162 2414 condendum
1187 2368 1291 2423 est,
1315 2374 1379 2414 eo
1434 2360 1576 2430 quod
1607 2366 1662 2414 et
1686 2374 1975 2429 corporum
2026 2359 2110 2412 di—

533 2450 814 2518 gnitatem,
833 2459 886 2506 et
904 2452 1204 2506 animarum
1221 2451 1446 2505 salutem
1469 2449 1711 2506 all‘ectes.
1731 2448 2112 2521 Coustat_enim

537 2541 605 2592 ad
637 2541 874 2596 habitum
911 2542 1130 2597 virtutis
1160 2542 1428 2597 neminem
1454 2542 1790 2612 pervenisse,
1817 2541 1921 2595 nisi
1952 2553 2111 2610 quem

534 2629 660 2684 talis
683 2631 894 2687 animus
932 2633 1177 2697 munivit,
1213 2648 1320 2702 quo
1343 2641 1398 2688 et
1424 2634 1724 2703 appetenda
1778 2641 2004 2703 peteret,
2059 2641 2115 2686 et

533 2719 750 2776 vitanda
783 2722 1069 2778 refelleret.
1103 2723 1257 2780 Unde
1307 2734 1363 2780 et
1410 2735 1558 2794 patet
1598 2739 1697 2780 nos
1719 2725 1920 2795 aliquid
1953 2725 2118 2780 dede-

534 2811 678 2889 coris
738 2816 1094 2877 contraxisse,
1135 2815 1276 2883 quod
1339 2814 1406 2869 ab
1467 2815 1783 2885 appetendis
1838 2813 2113 2883 aliquanto

531 2899 922 2956 aberravimus.
951 2901 1104 2969 Quod
1142 2904 1302 2958 etiam
1335 2903 1502 2957 multa
1528 2903 1898 2973 objurgatione
1922 2917 2112 2970 repre-

533 2990 874 3044 hendendum
910 3002 1015 3057 est,
1046 3007 1168 3046 cum
1214 3007 1317 3047 nec
1354 2993 1566 3064 ignavia
1605 3009 1703 3048 nos
1746 2993 2114 3064 praecipitave-

533 3080 623 3142 rit,
660 3095 760 3135 nec
787 3081 964 3151 inopia
993 3083 1059 3137 ad
1091 3083 1143 3138 id
1169 3083 1462 3153 impulerit.
1507 3103 1525 3136 ι

603 3169 691 3223 35.
733 3171 867 3225 Item
907 3172 982 3204 ⁴⁵²⁸
1029 3174 1321 3242 indignatio
1362 3173 1433 3206 “3
1478 3175 1716 3244 primatis
1743 3174 1812 3207 ⁸⁵⁸⁸
1838 3175 1892 3229 in
1923 3191 2108 3228 mona-

533 3263 654 3316 chos
683 3263 772 3314 “3.
797 3293 868 3302 —
905 3281 923 3315 ι
957 3264 1086 3331 Qua:
1109 3264 1251 3320 enim
1281 3266 1364 3320 vis
1412 3266 1643 3336 impulit,
1695 3274 1754 3321 ut
1813 3268 2111 3323 monachus

535 3354 679 3408 intra
707 3354 943 3409 claustra
983 3356 1295 3410 monasterii
1349 3357 1634 3412 dominicis
1680 3357 1918 3412 servitiis
1953 3373 2108 3412 man-

532 3446 810 3514 cipandus,
854 3456 1182 3515 compatrem
1207 3449 1420 3513 habeat,
1453 3458 1505 3503 et
1536 3457 1813 3518 compater
1854 3449 2110 3504 dicatur?

531 3534 598 3588 Et
627 3545 936 3604 oquantum
963 3547 1149 3591 nostro
1191 3537 1367 3593 ordini
1422 3539 1704 3594 dissentiat
1748 3540 2108 3595 considerate.

535 3623 590 3677 Si
620 3625 838 3694 inquam
864 3634 1141 3694 compater
1164 3634 1267 3691 est,
1323 3635 1381 3681 ut
1437 3642 1466 3680 a
1509 3628 1787 3683 verisimili
1835 3629 2111 3698 probabile

530 3715 773 3783 efferam,
806 3733 926 3773 cum
966 3735 1031 3773 eo
1064 3720 1153 3787 qui
1203 3727 1355 3788 pater
1380 3728 1463 3774 est
1527 3721 1642 3790 ipse
1687 3729 1772 3776 est
1829 3730 2002 3790 pater.
2052 3721 2111 3775 Si

529 3822 659 3862 vero
686 3819 838 3876 pater
861 3817 965 3871 est,
992 3809 1158 3863 ﬁlium
1184 3809 1266 3863 vel
1291 3810 1453 3863 filiam
1482 3811 1682 3866 habere
1727 3813 1946 3866 dubium
2002 3828 2108 3866 non

531 3905 633 3952 est.
660 3897 812 3953 Unde
843 3908 897 3952 et
919 3908 1187 3953 scortator
1213 3901 1390 3969 potius
1419 3917 1579 3970 quam
1610 3905 1907 3957 monachus
1929 3905 2109 3958 dicen-

532 3988 632 4044 dus
660 3997 762 4043 est.
795 3987 899 4042 Sed
925 3990 1052 4057 quid
1096 3990 1160 4044 de
1190 3993 1530 4046 commatre?
1563 3992 1700 4059 Quid
1749 3994 1800 4046 in
1861 3995 1962 4049 hoc
2009 4010 2109 4049 no-

531 4078 678 4130 mine
724 4092 754 4130 a
811 4077 1141 4132 secularibus
1191 4080 1559 4148 perpenditur,
1614 4081 1716 4135 nisi
1766 4083 2110 4151 turpitudinis

531 4162 1067 4222 consentanea?HOc
1106 4167 1231 4222 licet
1272 4171 1566 4225 verisimile
1609 4171 1814 4234 dicens,
1853 4173 2108 4227 seculari-

532 4255 632 4309 bus
657 4251 759 4309 non
787 4255 1094 4324 prmjudico,
1134 4258 1227 4312 sed
1281 4270 1466 4313 nostro
1501 4259 1675 4314 ordini
1722 4260 1904 4314 illicita
1932 4276 2110 4330 repre-

532 4345 724 4400 hendo.
756 4348 905 4413 Quod
942 4350 1062 4416 quia
1089 4350 1325 4417 ineptum
1373 4349 1604 4416 videtur,
1647 4361 1825 4407 vestra
1862 4354 2105 4408 intermi—

539 4437 766 4492 natione
797 4439 1141 4494 inhibemlum
1174 4449 1274 4493 est.
1312 4459 1329 4490 ι
1361 4439 1454 4494 His
1483 4442 1820 4496 venerandus
1842 4453 2109 4512 metropo-

530 4527 725 4584 litanus
750 4528 1106 4598 subjungens:
1133 4548 1148 4580 ι
1176 4521 1252 4593 Si,
1273 4531 1463 4599 inquit,
1482 4530 1657 4600 placet
1679 4532 1867 4587 sinodo
1886 4535 2107 4588 interdi-

531 4631 705 4673 cetur.
731 4640 748 4670 ι
773 4620 1005 4675 Sinodus
1027 4621 1192 4674 dixit:
1217 4641 1234 4671 ι
1271 4621 1647 4680 lntcrdicatur.
1671 4642 1688 4672 ›
1711 4621 2104 4692 Metropolitani

547 4711 726 4778 itaque
747 4713 1089 4774 auctoritate,
1116 4712 1353 4764 omnium
1383 4727 1648 4766 consensu
1675 4713 1960 4766 inhibitum
1998 4722 2101 4767 est.

598 4801 686 4855 56.
727 4800 967 4855 Secunda
995 4801 1062 4832 “9
1087 4800 1340 4870 primatis.
1358 4801 1574 4868 objectio
1603 4802 1767 4854 "°.—-
1791 4801 2104 4870 Rursusque

530 4893 733 4961 primas
764 4907 990 4945 exorsus
1017 4908 1028 4942 :
1061 4910 1078 4941 ι
1122 4892 1334 4952 Adhuc,
1368 4891 1560 4959 inquit,
1586 4901 1772 4946 nostro
1797 4892 1970 4944 ordini
2004 4892 2105 4945 ini-

529 4983 667 5035 mica
697 4983 985 5051 proferam.
1030 4981 1084 5034 In
1113 4998 1218 5049 quo
1249 4981 1466 5050 quidam
1507 4983 1881 5044 dinoscuntur,
1911 4983 2103 5050 quibus

530 5085 646 5124 mos
673 5071 912 5135 inolevit,
971 5080 1028 5124 ut
1059 5070 1209 5125 solia
1258 5070 1602 5125 monasteriis
1648 5071 1992 5141 egrediantur
2012 5070 2098 5136 δῖ’,

2135 4391 2185 4448 D

2201 444 2514 513 pessimum
2583 452 2684 507 est,
2756 444 2958 512 absque
3035 441 3262 497 fratrum
3326 443 3704 498 benedictione
3753 456 3811 499 et

2221 542 2436 597 exeant,
2467 541 2522 586 ct
2549 533 2666 587 sine
2695 548 2757 588 ea
2807 534 3052 587 redeant.
3101 532 3252 586 Unde
3285 548 3390 586 non
3423 533 3645 587 dubium
3695 543 3808 596 est,

2219 637 2313 676 eos
2338 621 2552 677 facilius
2576 637 2734 691 posse
2760 621 2895 690 falli,
2921 639 3056 693 quos
3083 625 3309 678 fratrum
3336 622 3610 676 orantium
3641 624 3810 677 bene«

2219 712 2389 766 dictio.
2406 729 2509 767 non
2540 714 2733 768 munit.
2755 714 2881 770 lude
2905 723 2989 770 est
3014 717 3158 784 quod
3189 713 3462 785 turpitudo
3500 714 3645 778 vitze,
3688 727 3814 766 mo-

2220 818 2336 856 rum
2369 805 2626 872 pravitas,
2652 806 2993 874 proprietatis
3020 807 3308 875 peculium,
3347 805 3504 861 nobis
3531 820 3563 858 a
3594 804 3810 859 calum-

2219 892 2492 946 niantibus
2527 893 2895 948 intenduntur.
2933 894 3083 950 Unde
3111 896 3275 950 etiam
3320 909 3544 949 necesse
3588 901 3697 957 est,
3749 903 3814 946 ut

2218 983 2304 1037 bis
2323 982 2604 1038 calumniis
2631 984 2948 1050 subdamur,
2975 1001 3096 1039 cum
3151 985 3444 1055 repulsioni
3489 992 3656 1039 testes
3708 985 3812 1038 ha-

2216 1071 2344 1126 bere
2367 1088 2470 1126 non
2501 1073 2788 1142 possimus.
2814 1073 2926 1128 Hoc
2968 1059 3180 1144 quoque
3219 1085 3395 1128 vestra
3418 1087 3648 1128 censura
3672 1086 3806 1142 pro-

2171 1194 2174 1198 -
2219 1161 2422 1216 hibeat.
2463 1182 2480 1213 ι
2519 1161 2752 1218 Sinodus
2777 1163 2948 1216 dixit:
2997 1182 3014 1214 ι
3046 1164 3424 1219 Prohibeatur.
3457 1182 3476 1215 ι
3503 1163 3570 1216 Ει
3595 1176 3808 1216 memo-

2221 1253 2407 1307 rabilis
2431 1255 2903 1324 metropolitanus:
2928 1273 2947 1307 ι
2982 1256 3094 1311 Hoc
3119 1271 3356 1328 quoque,
3383 1256 3576 1326 inquit,
3609 1265 3809 1311 nostra

2218 1343 2550 1396 auctoritate
2579 1345 2946 1412 prohibemus.
2995 1363 3014 1395 ι

2287 1451 2374 1505 57.
2422 1451 2594 1506 Tertia
2654 1452 2718 1484 “’
2769 1453 3003 1523 primatis
3070 1453 3357 1524 indignatio
3387 1489 3404 1506 .
3433 1483 3503 1493 ——
3530 1450 3628 1506 His
3669 1466 3808 1520 quo-

2223 1558 2328 1612 que
2362 1545 2564 1612 primas
2594 1544 2697 1598 alia
2740 1543 3039 1616 adjungens
3067 1562 3080 1598 :
3117 1565 3135 1597 ι
3169 1545 3455 1612 Quoniam,
3504 1543 3703 1613 inquit,
3737 1545 3804 1598 de

2219 1633 2367 1686 vitiis
2391 1635 2562 1688 nostri
2593 1635 2799 1691 ordinis
2825 1637 3006 1691 dicere
3036 1637 3194 1707 coepi,
3231 1635 3363 1690 nihil
3385 1633 3801 1702 relinquendum
3867 1634 3892 1664 ι

2214 1727 2418 1794 putavi,
2453 1735 2514 1780 ut
2541 1727 2625 1780 his
2665 1727 2878 1792 amotis,
2925 1726 3113 1794 religio
3156 1736 3339 1781 nostra
3369 1725 3481 1779 aesi
3519 1723 3801 1778 enuhilata

2217 1814 2474 1870 reluceat.
2513 1815 2652 1870 Sunt
2677 1817 2822 1871 enim
2868 1816 3086 1886 inquam
3132 1817 3302 1871 nostri
3324 1815 3528 1870 ordinis
3552 1813 3798 1883 quidam,

2216 1907 2409 1976 quibus
2429 1923 2571 1962 cura).
2601 1917 2684 1962 est
2706 1908 2864 1978 pillea
2889 1909 3062 1962 aurita
3094 1907 3254 1976 capiti
3304 1904 3591 1960 manifeste
3625 1904 3805 1973 impo-

2214 2015 2366 2066 nere,
2390 2001 2659 2071 pellesque
2681 2001 2994 2070 peregrinas
3018 1999 3176 2068 pilleo
3204 1998 3433 2070 regulari
3456 2010 3798 2065 praeponere,

2213 2106 2312 2161 pro
2372 2093 2596 2163 abjecta:
2644 2093 2808 2147 vestis
2855 2093 3063 2156 habitu,
3120 2101 3299 2146 vestes
3352 2087 3687 2142 lautissimas
3717 2087 3797 2138 in-

2214 2184 2380 2238 duere
2406 2181 2498 2239 ‘3‘.
2524 2182 2657 2236 Nam
2685 2183 2892 2237 tunicas
2923 2182 3100 2253 magni
3129 2190 3360 2250 emptas,
3388 2178 3682 2247 plurimum
3706 2189 3799 2228 cu-

2215 2276 2387 2344 piunt,
2419 2291 2552 2344 quas
2597 2277 2676 2330 sic
2723 2277 2791 2329 ab
2822 2283 3048 2344 utroque
3081 2275 3246 2329 latere
3288 2273 3578 2341 stringunt,
3627 2265 3803 2320 mani-

2215 2364 2400 2432 cisque
2449 2373 2502 2418 et
2555 2364 2687 2434 giris
2737 2362 3102 2418 difﬂuentibus
3126 2362 3445 2424 diffundunt,
3501 2366 3560 2410 ut
3607 2353 3801 2409 artatis

2215 2453 2462 2508 clunibus
2514 2462 2569 2508 et
2615 2454 2884 2523 protensis
2945 2453 3162 2507 natibus
3205 2452 3384 2522 potius
3437 2442 3801 2503 meretriculis

2216 2565 2376 2620 quam
2405 2549 2683 2604 monachis
2709 2564 2739 2601 a
2770 2556 2918 2618 tergo
2942 2545 3325 2600 assimilentur.
3364 2562 3381 2594 ι

2286 2661 2374 2717 58.
2415 2660 2493 2715 De
2550 2660 2620 2692 ⁸³³
2670 2660 2934 2730 superﬂuo
2982 2656 3054 2689 ⁸³³
3098 2657 3334 2710 vestitum
3378 2651 3448 2684 ⁵⁸³
3506 2649 3803 2705 colore.—

2221 2773 2240 2805 ι
2276 2753 2413 2820 Quid
2439 2765 2568 2806 vero
2604 2751 2670 2806 de
2714 2750 2896 2805 colore
2944 2747 3218 2804 vestium?
3262 2743 3414 2799 Unde
3452 2748 3666 2796 tantum
3708 2739 3802 2794 de-

2217 2845 2353 2913 cepti
2408 2851 2553 2908 sunt,
2598 2850 2657 2895 ut
2699 2841 2973 2912 dignitatis
3014 2839 3209 2894 merita
3254 2837 3524 2892 coloribus
3579 2846 3800 2901 compa-

2217 2942 2358 2989 rent.
2385 2932 2520 2987 Nam
2558 2931 2661 2986 nisi
2692 2933 2870 2985 tunica
2905 2931 3060 3000 nigro
3107 2929 3288 2984 colore
3311 2928 3520 2992 deceat,
3552 2939 3618 2979 ea
3647 2922 3799 2980 indui

2142 3047 2186 3110 ρ
2217 3025 2363 3080 nullo
2389 3025 2549 3079 modo
2585 3023 2783 3092 placet.
2823 3021 2976 3088 Quod
3003 3021 3047 3075 si
3073 3021 3236 3074 etiam
3267 3019 3420 3089 nigro
3445 3016 3600 3070 albus
3647 3015 3801 3069 lane-

2217 3117 2322 3171 [icii
2353 3132 2518 3186 opere
2566 3115 2911 3169 intermixtus
2950 3114 3041 3178 sit,
3072 3112 3160 3166 hic
3196 3125 3409 3180 quoque
3437 3108 3558 3162 talis
3588 3116 3801 3161 vestem

2214 3211 2479 3281 abjectam
2507 3208 2656 3263 facit.
2694 3207 2896 3264 Fulvus
2924 3221 3140 3276 quoque
3169 3203 3440 3274 abjicitur.
3465 3201 3576 3255 Nec
3616 3201 3806 3253 minus

2222 3302 2372 3370 niger
2395 3300 2625 3362 nativus,
2672 3314 2780 3352 non
2808 3296 3021 3361 sullicit,
3059 3295 3161 3348 nisi
3191 3295 3354 3346 etiam
3387 3290 3651 3345 corticum
3677 3288 3806 3342 infi-

2214 3391 2389 3444 ciatur
2419 3389 2581 3443 sucis.
2608 3388 2788 3457 Atque
2830 3388 2943 3440 haec
2983 3385 3049 3440 de
3072 3383 3330 3438 vestibus.
3370 3399 3390 3434 ι

2283 3502 2370 3556 59.
2405 3501 2481 3556 De
2501 3501 2573 3544 ⁸³⁵
2595 3501 3055 3555 calciamentorum
3101 3499 3171 3531 ⁸³⁸
3214 3498 3573 3569 superﬂuitate
3601 3497 3696 3549 ⁸³⁸.
3734 3527 3806 3538 -

2219 3619 2237 3650 ι
2273 3599 2349 3654 De
2379 3598 2856 3654 calciamentorum
2911 3612 3040 3652 vero
3083 3593 3453 3665 superfluitate
3481 3595 3611 3663 quid
3651 3595 3804 3648 refe-

2214 3690 2368 3743 ram?
2398 3689 2629 3742 Tantum
2661 3688 2804 3742 enim
2832 3689 2884 3741 in
2912 3688 2996 3742 his
3036 3687 3333 3750 insaniunt,
3360 3693 3417 3738 ut
3437 3686 3806 3738 commodita-

2215 3790 2322 3834 tem
2359 3778 2459 3831 sibi
2489 3777 2775 3846 plurimam
2803 3790 2898 3846 per
2947 3791 3010 3830 ca
3064 3772 3329 3829 auferant.
3393 3772 3470 3826 Ea
3515 3772 3662 3827 enim
3719 3773 3805 3826 sic

2212 3881 2332 3926 arta
2359 3870 2606 3932 induunt,
2635 3877 2695 3922 ut
2718 3869 2917 3937 cippati
2949 3881 3085 3937 pene
3107 3867 3482 3936 impediantur.
3514 3863 3568 3917 ln
3599 3865 3804 3932 quibus

2211 3963 2376 4016 etiam
2418 3969 2596 4013 rostra
2651 3965 3013 4027 componunt;
3043 3971 3201 4010 aures
3234 3955 3359 4009 hinc
3389 3954 3514 4008 inde
3534 3953 3761 4022 erigunt
3787 3970 3801 4016 ;

2210 4060 2356 4107 etne
2387 4048 2609 4103 folleant
2653 4061 2846 4117 magno
2895 4060 3056 4115 opere
3109 4044 3411 4098 elaborant.
3455 4040 3526 4095 Ut
3575 4040 3806 4094 luceant

2210 4159 2442 4214 quoque,
2471 4139 2928 4196 famulisconsciis
2955 4138 3216 4193 indicunt.
3264 4155 3284 4188 ι

2278 4260 2370 4314 40.
2415 4258 2489 4312 De
2532 4257 2601 4290 ⁸³⁸
2657 4256 2829 4310 linteis
2896 4265 2943 4309 et
2989 4253 3226 4322 operibus
3277 4252 3348 4284 ⁸³⁵
3397 4252 3700 4321 super/luis.
3729 4280 3802 4290 —-—

2217 4367 2236 4400 ι
2271 4351 2353 4402 Αιι
2385 4349 2545 4402 lintea
2571 4361 2799 4418 operosa
2844 4356 3006 4415 atque
3058 4343 3278 4414 pellicca
3331 4342 3664 4410 operimenta
3726 4341 3802 4392 si-

2212 4439 2546 4494 lenm?Cum
2599 4443 2815 4506 inquam
2865 4453 2894 4489 a
2931 4436 3220 4503 majoribus
3267 4432 3566 4487 clementiae
3614 4431 3796 4500 gratia

2212 4531 2447 4600 prolenis
2471 4530 2616 4583 indui
2663 4528 2893 4598 pellibus
2939 4526 3300 4580 mediocribus
3343 4535 3660 4583 concessum
3698 4521 3795 4583 sit,

2215 4625 2403 4676 vitium
2440 4620 2824 4690 superﬂuitatis
2869 4619 3104 4688 irrepsit.
3134 4617 3284 4672 Unde
3308 4625 3364 4669 et
3393 4629 3531 4668 nunc
3552 4613 3801 4681 peregri-

2212 4714 2296 4767 nis
2324 4711 2673 4782 operimentis
2703 4709 2895 4763 limbos
2942 4708 3205 4776 bipalmos
3249 4705 3680 4766 circumducunt,
3712 4711 3796 4754 at-

2211 4817 2316 4870 que
2347 4802 2542 4870 pannis
2579 4798 2790 4854 Noricis
2841 4812 2906 4851 ea
2962 4798 3193 4864 desuper
3231 4795 3521 4864 duplicant.
3574 4790 3797 4846 Linteis

2209 4907 2338 4946 vero
2363 4906 2460 4960 pro
2489 4890 2738 4960 stragulis
2769 4888 2987 4943 minime
3026 4888 3103 4940 uti
3131 4901 3443 4942 concessum
3479 4893 3560 4937 est
3587 4899 3600 4946 ;
3631 4883 3726 4936 sed
3761 4899 3795 4936 a

2209 4983 2523 5050 quibusdam
2571 4981 2746 5034 minus
2801 4980 3086 5048 religiosis,
3131 4979 3341 5034 caeteris
3400 4973 3682 5045 superﬂuis
3735 4975 3796 5027 id

2209 5071 2446 5127 additum
2477 5082 2579 5127 est.
2613 5070 2849 5137 Quorum
2876 5083 3133 5125 numerus
3159 5086 3278 5124 cum
3305 5082 3372 5121 ex
3400 5066 3532 5122 locis
3556 5066 3794 5120 diversis

1842 5219 2076 5274 vnum:
2116 5207 2518 5276 LECTIONES.
