4026 6312
220 337 301 393 IOI

1120 340 1592 397 llISTOIlIARUll
1632 341 1808 396 LIBRI
1847 343 2200 411 QUATUOR.
2248 374 2318 390 -ο
2356 349 2481 402 LIB.
2522 351 2611 405 III.

3346 367 3446 422 102

210 447 462 516 plurimus
491 437 654 510 esset,
686 461 714 500 a
755 447 1005 516 pluritate
1029 450 1295 506 malorum
1346 452 1606 506 bonorum
1637 467 1769 520 pau-
1796 456 1845 513 Α
1871 469 1990 509 sese
2016 457 2062 510 ei
2090 458 2344 523 indicant,
2373 463 2622 531 quodque
2651 465 2826 520 visum
2855 476 2935 523 est
2967 469 3032 523 dc
3055 485 3150 524 suo
3177 473 3446 540 jocundis-

207 537 346 590 citati
377 535 427 588 id
453 550 768 603 persuasum
800 546 900 591 est.
942 557 961 590 ι

272 627 356 678 ll.
395 625 474 677 De
536 625 608 656 ⁸³⁸
655 627 987 682 femoralibus
1046 631 1118 662 ⁸⁸⁸
1164 632 1352 696 iniquis
1399 632 1582 684 "°.—
1609 650 1626 684 t
1675 632 1780 688 Sed

205 716 324 784 quid
346 713 625 768 femoralia
659 717 840 786 iniqua
870 719 1134 773 referam?
1164 720 1364 775 I-Iorum
1388 722 1586 777 etenim
1617 724 1776 778 tibia-

204 804 276 858 les
312 815 510 872 quater
553 809 876 877 sesquipede
928 819 1132 880 patent,
1191 823 1353 882 atque
1412 827 1476 866 ex
1531 815 1778 868 staminis

200 895 492 948 subtilitate
510 897 674 949 etiam
697 899 943 966 pudenda
973 886 1306 956 intuentibus
1330 917 1435 956 non
1462 913 1771 972 protegunt;

198 991 249 1041 in
270 1004 502 1056 quorum
551 994 944 1060 compositione
989 996 1039 1048 id
1086 997 1175 1049 uni
1221 1013 1323 1050 non
1376 996 1594 1059 sulIicit,
1655 1013 1762 1066 quo

197 1077 297 1128 duo
318 1079 566 1130 contenti
621 1080 687 1131 ad
735 1081 946 1149 plenum
981 1099 1100 1138 esse
1142 1084 1398 1140 valerent.
1443 1086 1568 1140 HtPC
1593 1101 1772 1140 coram

198 1165 277 1219 hic
309 1169 509 1230 relata,
541 1184 608 1220 an
640 1171 910 1237 prohiberi
945 1173 1116 1238 veliis,
1145 1175 1395 1230 indicate.
1421 1177 1622 1229 Cmtera
1646 1191 1772 1230 vero

193 1257 385 1309 nostris
425 1259 671 1311 conciliis
696 1259 745 1311 in
783 1262 992 1328 privato
1021 1264 1337 1334 corrigenda
1383 1273 1525 1318 sunt.
1566 1283 1584 1315 ι
1623 1264 1774 1318 Sino-

193 1344 285 1396 dus
323 1345 466 1397 dixit
503 1363 516 1398 :
555 1364 572 1395 ι
614 1346 679 1399 Et
717 1349 1120 1415 prohibeantur.
1160 1371 1180 1403 ι

252 1433 345 1486 42,
388 1433 682 1502 Responsio‘
746 1440 1128 1506 metropolitani
1189 1441 1256 1494 ad
1286 1444 1557 1511 primatem
1582 1442 1671 1496 "".
1700 1471 1770 1483 —-

188 1528 264 1581 Ad
291 1529 406 1581 hzcc
426 1544 644 1598 quoque
671 1532 1113 1600 metropolitanus
1151 1533 1422 1601 subjunxit
1443 1552 1456 1588 :
1479 1552 1498 1585 ι
1521 1534 1768 1589 Gravita-

191 1619 258 1671 tis
283 1620 504 1687 quidem
546 1631 742 1674 vestra:
781 1621 882 1675 fuit
909 1638 1079 1692 pauca
1109 1625 1338 1678 dicendo
1376 1625 1618 1693 pluribus
1640 1641 1765 1695 par-

1884 543 2018 596 sime
2040 545 2370 614 impertiunt.

1951 634 2038 688 41.
2071 635 2221 700 Quod
2251 638 2370 693 Atto
2397 640 2466 678 ⁸⁸⁸
2492 648 2671 698 domm
2700 658 2929 702 moratus
2943 650 3012 681 ’δ’
3043 653 3258 709 decessit
3284 658 3444 710 δι’.-

1879 722 1989 779 Nec
2019 725 2173 779 latuit
2217 744 2406 797 papam
2456 732 2812 791 adolescentis
2850 739 3130 809 industria,
3181 746 3444 816 simulque

1878 825 1932 869 et
1964 817 2202 872 discendi
2229 821 2493 877 voluntas.
2525 825 2590 878 Et
2632 829 2756 896 quia
2794 832 2992 886 musica
3021 843 3075 886 et
3115 842 3439 893 astronomia

1877 905 1930 960 in
1957 905 2103 961 Italia
2132 917 2256 962 tunc
2273 912 2487 978 penitus
2510 914 2916 984 ignorabantur,
2951 937 3071 976 mox
3099 939 3237 992 papa
3261 926 3439 982 Ottoni

1875 996 1986 1064 regi
2011 993 2316 1050 Germaniae
2343 1008 2396 1051 et
2427 999 2587 1057 Italiae
2612 1019 2707 1071 per
2733 1006 2965 1075 legatum
2998 1010 3274 1075 indicavit,
3316 1014 3440 1068 illuc

1874 1081 2179 1150 hujusmodi
2209 1087 2780 1158 advertissejuvenem,
2809 1096 2898 1164 qui
2937 1099 3218 1154 mathesim
3241 1106 3440 1172 optime

1873 1184 2073 1234 nosset,
2123 1190 2357 1247 suosque
2388 1188 2606 1236 strenue
2653 1184 2844 1239 docere
2873 1187 3091 1242 valeret.
3127 1190 3245 1245 Mox
3273 1196 3435 1248 etiam

1872 1265 1938 1318 ab
1967 1280 2090 1335 rege
2117 1281 2265 1337 papa:
2309 1280 2612 1338 suggestum
2649 1283 2750 1336 est,
2784 1284 2840 1328 ut
2864 1275 3113 1345 juvenem
3158 1283 3432 1348 retineret,

1871 1355 2185 1424 nullumque
2207 1361 2539 1426 regrediendi
2569 1364 2772 1417 aditum
2819 1367 2866 1419 ei
2907 1367 3011 1421 ullo
3045 1371 3200 1424 modo
3226 1374 3403 1440 praebe

1871 1453 1970 1500 ret.
2008 1445 2114 1502 Sed
2154 1457 2210 1502 et
2237 1450 2359 1503 duci
2415 1460 2576 1521 atque
2605 1456 2855 1525 episcopo
2905 1459 2995 1526 qui
3050 1459 3116 1512 ab
3166 1459 3434 1530 III-patriis

1868 1548 2254 1605 convenerant,
2284 1555 2313 1592 a
2345 1555 2479 1610 papa
2513 1545 2908 1600 modestissime
2955 1547 3228 1613 indicitur,
3255 1567 3430 1622 regem

1865 1627 2002 1682 velle
2027 1629 2127 1683 sibi
2150 1628 2402 1698 juvenem
2428 1632 2494 1685 ad
2519 1642 2728 1703 tempus
2753 1637 3007 1704 retinere,
3038 1655 3100 1693 ac
3130 1655 3235 1694 non
3267 1644 3432 1696 multo

189 1722 338 1772 cere;
366 1709 461 1762 sed
489 1710 744 1778 quoniam
770 1711 881 1766 hmc
899 1728 1017 1782 qum
1039 1715 1474 1783 reprcheusimus
1505 1714 1556 1768 in
1584 1725 1764 1771 vestro
1789 1789 1832 1800 __
1864 1726 1989 1785 post
2035 1733 2156 1772 eum
2209 1734 2328 1773 sese
2379 1735 2498 1774 cum
2548 1723 2755 1778 honore
2797 1729 3182 1795 remissurum;
3217 1731 3434 1800 insuper

187 1799 373 1852 ordine
402 1800 718 1868 subjacent,
746 1801 849 1854 alia
885 1804 1057 1866 nobis,
1097 1804 1200 1858 alia
1227 1819 1354 1859 vero
1377 1805 1598 1875 privatis
1623 1822 1755 1865 con-
1782 1789 1834 1851 Β
1861 1807 2023 1860 etiam
2054 1806 2259 1876 gratias
2285 1807 2409 1862 inde
2438 1821 2995 1880 recompensaturum.
3020 1814 3204 1885 Itaque
3227 1817 3346 1872 duci
3369 1833 3432 1874 ac

188 1892 319 1946 ciliis
345 1895 666 1964 corrigenda
689 1895 967 1964 judicatis,
995 1897 1134 1951 idem
1171 1898 1365 1960 sentio,
1405 1898 1544 1952 idem
1575 1898 1753 1956 laudo.

187 1982 334 2038 Unde
366 1985 534 2038 etiam
576 2001 696 2054 qua:
735 1987 823 2041 hic
853 1987 1083 2043 inhiberi
1126 1999 1306 2043 vestra
1341 1990 1574 2057 gravitas
1600 1993 1752 2061 petit,

184 2080 360 2126 nostra
380 2075 686 2127 auctoritas
730 2074 1019 2130 interdiCit.
1064 2077 1192 2143 Quae
1222 2077 1371 2132 vobis
1418 2077 1624 2133 silendo
1671 2096 1754 2135 re-

186 2164 457 2227 servastis,
495 2165 694 2218 vestris
730 2165 1078 2235 relinquimus
1112 2169 1420 2223 inmutanda
1455 2168 1687 2237 juditiis.
1727 2189 1746 2222 ι

87 2259 90 2266 ’
187 2251 278 2306 llis
306 2267 518 2322 quoque
544 2255 723 2318 dictis,
753 2256 974 2310 sinodus
1021 2257 1192 2311 soluta
1222 2267 1323 2310 est.
1349 2259 1464 2324 Quo
1489 2269 1750 2329 tempore,

186 2345 569 2398 monachorum
621 2345 810 2413 religio
845 2347 1132 2401 admodum
1162 2347 1359 2415 ﬂoruit,
1396 2365 1518 2404 cum
1561 2366 1750 2404 eorum

189 2430 449 2503 religionis
484 2433 859 2503 peritissimus
918 2437 1401 2506 metropolitanus,
1450 2437 1610 2507 hujus
1671 2439 1748 2493 rei

190 2523 426 2578 hortator
452 2534 599 2578 esset
620 2534 676 2579 et
700 2541 909 2580 suasor.
947 2529 1013 2581 Et
1041 2537 1100 2582 ut
1127 2529 1388 2584 nobilitati
1415 2544 1526 2584 sua:
1557 2531 1606 2583 in
1632 2543 1750 2584 om-

194 2615 329 2669 nibus
384 2617 759 2684 reSponderet,
805 2617 1060 2672 accelesiai
1113 2634 1222 2674 suae
1279 2619 1418 2674 ﬁlios
1466 2619 1658 2674 studiis
1675 2618 1746 2652 ⁸³⁸

196 2701 477 2759 liberalibus
502 2706 772 2759 instruere
799 2706 1002 2762 utiliter
1037 2711 1330 2778 qurerebat.

177 2791 190 2794 ’
259 2793 334 2846 4⁵5.
366 2796 632 2848 Adventus
660 2792 894 2848 Gerberti
916 2798 970 2848 in
999 2793 1226 2850 Galliam
1258 2798 1345 2849 m.
1369 2828 1440 2838 —
1459 2798 1556 2854 Cui
1579 2799 1742 2853 etiam

216 2896 312 2935 cui
334 2884 449 2952 apud
482 2898 610 2938 sese
640 2898 800 2952 super
824 2885 927 2939 hoc
953 2885 1129 2954 aliqua
1164 2887 1505 2953 deliberaret,
1531 2889 1598 2942 ab
1629 2888 1743 2957 ipsa

202 2971 454 3026 Dirinitate
480 2974 724 3027 directus
756 2981 840 3027 est
864 2973 1158 3031 Gerbertus
1185 2977 1278 3042 “°,
1309 2978 1486 3048 magni
1542 2977 1740 3046 ingenii

191 3075 244 3114 ac
260 3062 371 3115 miri
399 3062 604 3130 eloquii
640 3063 739 3124 vir,
763 3079 869 3132 qtto
897 3068 1235 3134 postmodum
1266 3077 1373 3123 tota
1401 3068 1574 3143 Gallia
1627 3069 1734 3124 acsi

1855 1895 2106 1964 episcopo
2159 1895 2215 1950 id
2262 1909 2578 1965 persuasum
2625 1908 2726 1964 est,
2785 1909 2843 1954 ut
2891 1901 2997 1956 hoc
3037 1912 3196 1970 pacto
3233 1905 3431 1974 juvene

1857 1984 2100 2049 dimisso,
2131 1984 2230 2053 ipsi
2259 1985 2310 2038 in
2335 1983 2617 2054 Hispanias
2661 1987 2764 2044 iter
2794 1998 3184 2060 retorquerent.
3211 1993 3429 2049 Juvcuis

1856 2075 2024 2144 igitur
2051 2076 2188 2144 apud
2218 2091 2408 2145 papam
2443 2077 2682 2144 relictus,
2731 2079 2798 2134 ab
2838 2095 2903 2135 eo
2937 2083 3046 2152 regi
3087 2084 3298 2139 oblatus
3323 2096 3422 2140 est.

1853 2163 1955 2230 Qui
1980 2163 2047 2217 de
2065 2173 2184 2218 arte
2210 2181 2305 2219 sua
2329 2165 2398 2198 “‘
2429 2166 2813 2240 interrogatus,
2845 2171 2899 2224 in
2950 2174 3177 2227 mathesi
3209 2190 3266 2229 se
3296 2178 3427 2231 satis

1852 2270 2028 2325 posse,
2043 2255 2229 2326 logica:
2241 2272 2372 2312 vero
2384 2259 2662 2314 scientiam
2685 2276 2744 2317 se
2759 2263 3034 2318 addiscere
3057 2265 3190 2320 velle
3209 2282 3428 2336 resper-

1851 2346 1947 2400 dit.
1983 2348 2062 2401 Ad
2084 2362 2244 2416 quam
2267 2349 2391 2417 quia
2423 2353 2702 2419 pervenire
2752 2353 3096 2421 moliebatur,
3145 2371 3250 2411 non
3293 2359 3426 2413 adeo

1852 2435 1906 2490 in
1937 2437 2178 2491 docendo
2209 2437 2279 2491 ibi
2307 2449 2547 2492 moratus
2567 2448 2668 2493 est.

1917 2525 2007 2579 45.
2050 2525 2201 2590 Quod
2243 2526 2307 2579 ab
2357 2526 2426 2558 W‘
2456 2525 2646 2581 Ottone
2668 2543 2791 2598 rege
2825 2529 2989 2600 logico
3023 2537 3326 2587 commissus
3356 2536 3424 2567 διδ

1847 2616 2151 2682 sit.—Quo
2176 2625 2414 2685 tempore
2437 2616 2502 2671 G.
2534 2617 2878 2673 llctneusium
2925 2621 3335 2677 archidiaconus
3367 2623 3420 2677 in

1846 2711 2019 2782 logica
2049 2711 2385 2764 clarissimus
2431 2711 2748 2766 habebatur.
2794 2711 2892 2778 Qui
2922 2714 3083 2768 etiam
3107 2730 3136 2768 a
3167 2714 3420 2770 Lothario

1843 2800 2180 2856 Francorum
2207 2813 2336 2869 rege
2361 2801 2550 2854 eadem
2581 2811 2900 2870 tempestate
2917 2803 3094 2857 Ottoni
3124 2806 3232 2875 regi
3259 2806 3418 2861 Italiae

1842 2891 2049 2962 legatus
2076 2891 2312 2966 directus
2353 2900 2456 2945 est.
2489 2890 2654 2958 Cujus
2703 2894 2935 2946 adventu
2969 2891 3185 2961 juvenis
3213 2895 3419 2949 exhila-

1839 2990 2008 3043 ratus,
2057 2994 2233 3050 regem
2263 2979 2418 3044 adiit,
2463 2989 2627 3049 atque
2665 2979 2943 3035 utG.....o
2989 2984 3417 3039 committeretur

1839 3069 2088 3139 optinuit.
2123 3069 2163 3123 E
2188 3067 2387 3124 G.....o
2413 3084 2508 3138 per
2533 3068 2736 3137 aliquot
2783 3076 3022 3137 tempora
3079 3071 3253 3134 haesit,
3298 3072 3415 3124 Ile-

187 3147 379 3203 lucerna
404 3129 655 3216 ardente,
679 3129 1010 3208 vibrabu'nda
1041 3154 1267 3210 refulsit.
1305 3155 1406 3224 Qui
1435 3129 1736 3226 Aqtlitanus
1763 3129 1810 3194 δ
1845 3129 2069 3228 mosque
2099 3158 2167 3212 ab
2214 3171 2278 3212 eo
2309 3129 2570 3212 deductus
2601 3129 2702 3212 est.
2756 3158 2803 3213 Α
2861 3129 2968 3227 quo
3019 3160 3182 3214 etiam
3229 3129 3413 3230 logica:

183 3253 380 3306 genere,
406 3239 463 3292 in
495 3239 743 3294 cmuobio
773 3241 916 3313 (107)
960 3244 1131 3299 sancti
1175 3245 1500 3301 confessoris
1521 3246 1738 3302 Geroldi

178 3339 206 3378 a
229 3340 388 3394 puero
439 3327 610 3392 altus,
641 3336 696 3382 et
725 3332 1075 3397 grammatica
1127 3334 1347 3389 edoctus
1388 3345 1488 3390 est.
1538 3336 1594 3390 In
1632 3353 1738 3407 quo

176 3427 348 3486 utpote
367 3419 686 3475 adolescens
715 3436 836 3475 cum
891 3424 1064 3478 adhuc
1128 3425 1368 3481 intentus
1412 3440 1734 3496 moraretur,

173 3501 469 3559 Borrellum
501 3508 766 3562 citerioris
797 3507 1062 3579 IliSpauize
1107 3513 1298 3569 ducem
1344 3518 1532 3571 orandi
1561 3521 1736 3588 gratia

170 3593 234 3646 ad
259 3594 401 3648 idem
426 3596 732 3650 coenobium
763 3601 986 3669 contigit
1038 3601 1341 3657 devenisse.
1385 3604 1486 3671 Qui
1541 3623 1570 3661 a
1625 3610 1736 3674 locl

169 3682 355 3738 abbate
388 3685 776 3743 humanissime
805 3699 1085 3760 exceptus,
1109 3703 1230 3762 post
1265 3708 1546 3752 sermones
1575 3701 1740 3768 quot:

171 3771 292 3826 libet
317 3771 413 3833 ⁸³⁸.
437 3790 505 3826 an
534 3775 586 3827 in
626 3775 829 3832 artibus
855 3780 1078 3847 perfecti
1110 3783 1163 3835 in
1195 3782 1467 3853 Hispaniis
1499 3787 1736 3844 habean-

171 3869 271 3925 tur,
303 3863 635 3918 sciscitatur.
669 3865 818 3931 Quod
848 3884 968 3923 cum
1013 3867 1408 3943 promptissime
1445 3891 1730 3946 assereret,

167 3949 216 4001 ei
243 3966 364 4005 mox
392 3953 464 4006 ab
487 3955 681 4009 abbate
708 3972 1019 4025 persuasum
1047 3970 1148 4026 est,
1174 3973 1230 4017 ut
1255 3979 1477 4020 suorum
1501 3968 1732 4038 aliquem

168 4042 483 4109 susciperet,
513 4059 802 4114 secumque
845 4047 898 4102 in
922 4051 1130 4106 artibus
1171 4054 1466 4110 docendum
1493 4058 1728 4114 duceret.

170 4128 277 4183 Dux
300 4132 484 4201 itaque
507 4149 613 4189 non
638 4137 899 4202 abnuens,
925 4143 1129 4209 petenti
1172 4143 1464 4201 liberaliter
1488 4148 1640 4215 favit,
1669 4167 1732 4207 ac

167 4217 392 4273 fratrum
443 4238 713 4278 consensu
780 4226 1102 4285 Gerbertum
1167 4245 1499 4306 assumptum
1555 4241 1728 4308 duxit,

166 4317 323 4376 atque
353 4309 573 4367 ﬂattoni
599 4315 850 4385 episcopo
879 4319 1022 4389 (108)
1052 4321 1418 4380 instruendum
1440 4331 1731 4386 commisitt

165 4399 314 4466 Apud
349 4417 508 4470 quem
535 4406 698 4458 etiam
721 4407 771 4460 in
797 4411 1021 4465 mathesi
1052 4413 1340 4480 plurimum
1362 4425 1417 4470 et
1443 4417 1730 4475 eﬂicaciter

164 4491 386 4545 studuit.
419 4493 525 4547 Sed
549 4509 670 4548 cum
695 4497 1000 4556 Divinitatis
1024 4501 1250 4558 Galliam
1267 4505 1378 4573 jam
1397 4510 1723 4579 caligantem

169 4594 354 4648 magno
405 4583 628 4652 lumine}
661 4587 899 4644 relucerc
940 4593 1124 4660 voluit,
1175 4597 1446 4665 praedictis
1493 4603 1610 4657 duci
1673 4615 1729 4660 et

164 4669 412 4739 episcopo
443 4683 676 4728 mentem
699 4679 866 4743 dedit,
890 4691 950 4734 ut
972 4682 1198 4739 Romam
1230 4692 1433 4744 oraturi
1459 4703 1724 4761 peterent.

166 4757 480 4830 Paratisque
504 4769 845 4835 necessariis,
879 4772 981 4826 iter
1025 4785 1270 4845 carpunt,
1313 4794 1377 4832 ac
1421 4757 1729 4838 adolescen-

169 4861 268 4902 tem
301 4854 645 4909 commissum
681 4874 871 4914 secum
911 4864 1196 4919 deducunt.
1257 4866 1383 4923 Inde
1419 4870 1614 4927 Urbem
1651 4875 1732 4929 in-

165 4943 352 5008 gressi,
405 4957 526 5012 post
566 4963 773 5017 praeces
803 4961 927 5007 ante
964 4968 1180 5010 sanctos
1212 4961 1480 5028 apostolos
1509 4963 1725 5032 ellusas,

165 5027 319 5084 beate
349 5036 738 5092 recordationis
794 5056 984 5110 papam
1043 5045 1187 5116 (109)
1312 5087 1328 5102 .
1352 5087 1369 5102 .
1394 5051 1607 5117 adeunt,
1665 5027 1730 5108 ac

1842 3252 2122 3307 scientiam
2173 3251 2467 3320 accipiens,
2517 3251 2568 3304 in
2618 3249 2766 3304 brevi
2825 3249 3110 3305 admodum
3159 3251 3406 3321 profecit,

1840 3339 2032 3395 G.....s
2059 3354 2188 3394 vero
2219 3355 2340 3394 cum
2372 3339 2603 3394 mathesi
2649 3353 2868 3408 operam
2915 3341 3087 3405 daret,
3121 3343 3252 3395 artis
3275 3341 3411 3394 diﬂi-

1841 3429 2039 3485 cultate
2091 3431 2295 3492 victus,
2352 3444 2380 3484 a
2433 3431 2637 3484 musica
2687 3427 2918 3497 rcjectus
2963 3439 3064 3484 est.
3117 3430 3409 3486 Gerbertus

1842 3523 2050 3577 interea
2071 3521 2372 3576 studiorum
2400 3521 2681 3576 nobilitate
2709 3522 2967 3592 przedicto
2997 3523 3406 3592 metmpolitano

1837 3614 2262 3674 commendatus,
2292 3611 2407 3678 ejus
2431 3613 2657 3681 gratiam
2680 3626 2789 3680 pra:
2810 3613 3059 3666 omnibus
3078 3615 3402 3682 prazmeruit.

1838 3701 2002 3756 Unde'
2015 3701 2162 3756 etab
2190 3716 2256 3755 eo
2285 3710 2522 3772 rogatus,
2551 3702 2937 3772 discipulorum
2973 3714 3176 3759 turmas
3201 3705 3408 3760 artibus

1835 3790 2177 3846 instruendas
2195 3791 2243 3843 ei
2273 3791 2536 3845 adhibuit.

1905 3882 1992 3936 46.
2019 3881 2183 3947 Quem
2223 3883 2456 3935 ordinem
2487 3882 2556 3915 ⁸⁸⁸
2585 3883 2837 3937 librorum
2887 3884 2956 3917 “5
2995 3886 3048 3938 in
3077 3886 3306 3939 docendo
3335 3888 3403 3926 “4’

1833 3975 2051 4028 servavit
2102 3971 2194 4026 ⁸³⁸.
2224 3973 2665 4028 —-Dialecticam
2719 3988 2849 4042 ergo
2903 3974 3092 4027 ordine
3144 3974 3402 4028 librorum

1832 4079 2174 4134 percurrens,
2205 4063 2456 4118 dilucidis
2505 4065 2894 4118 sententiarum
2923 4064 3103 4119 verbis
3131 4065 3398 4119 enodavit.

1831 4156 2084 4226 Inprimis
2103 4155 2246 4209 enim
2273 4154 2551 4226 Porphyrii
2579 4170 2842 4226 ysagogas
2869 4156 2921 4209 id
2947 4164 3027 4209 est
3051 4156 3403 4209 introductio-

1832 4262 1932 4301 nes
1982 4246 2274 4300 secundum
2330 4245 2592 4301 Victorini
2643 4246 2916 4300 rhethoris
2970 4245 3400 4308 translationem,

1832 4335 1956 4389 inde
1987 4334 2149 4388 etiam
2199 4332 2415 4389 easdem
2445 4335 2739 4388 secundum
2789 4333 3045 4388 Manlium
3073 4336 3398 4402 explanavit.

1831 4423 2295 4493 Cathegoriarum,
2358 4423 2410 4476 id
2465 4431 2548 4476 est
2607 4423 3146 4492 przedicameutorum
3205 4423 3399 4477 librum

1831 4513 2136 4567 Aristotelis
2162 4512 2231 4544 “°
2249 4521 2638 4581 consequenter
2668 4511 2976 4566 enucleans.
3009 4513 3405 4566 Periermenias

1832 4619 1984 4668 vero,
2019 4603 2071 4657 id
2102 4611 2188 4658 est
2213 4603 2278 4657 de
2310 4603 2752 4672 interpretatione
2778 4603 2994 4664 librum,
3024 4601 3177 4668 cujus
3198 4602 3402 4656 laboris

1835 4696 1924 4758 sit,
1973 4694 2250 4763 aptissime
2290 4694 2626 4747 monstravit.
2664 4691 2793 4745 Inde
2821 4693 2981 4745 etiam
3004 4692 3216 4762 ,t0pica,
3244 4692 3295 4746 id
3321 4700 3405 4746 est

1837 4794 2275 4855 argumentorum
2308 4785 2485 4848 sedes,
2515 4800 2544 4836 a
2572 4781 2746 4836 Tullio
2768 4781 2834 4836 de
2865 4781 3038 4836 Greco
3071 4782 3402 4836 inLatinutu

1835 4877 2115 4941 translata,
2140 4885 2194 4930 et
2214 4891 2242 4928 a
2271 4874 2467 4929 Manlio
2506 4873 2724 4928 consule
2770 4888 2862 4926 sex
2891 4873 3404 4928 commentariorum

1823 4968 1993 5023 libris
2013 4968 2323 5031 dilucidata,
2352 4966 2463 5020 suis
2489 4963 2824 5018 auditoribus
2853 4964 3134 5018 intimavit.

1901 5060 1989 5114 47.
2020 5059 2159 5124 Quid
2184 5058 2523 5129 prove/tendis
2577 5055 2645 5089 W’
2692 5056 3002 5110 rhethoricis
3045 5056 3111 5087 “7
3159 5054 3403 5126 provide-

1467 5185 1699 5245 ΥΑΒΙᾸΞ
1740 5189 2146 5248 LECTIONES.

227 5279 302 5314 ⁵⁸⁸
333 5284 427 5347 De.
460 5285 498 5348 Γ,
540 5289 593 5342 in
621 5287 842 5366 abgfiaa.
918 5287 1126 5366 "'_"__rim
1145 5294 1421 5350 abscisum.
1497 5299 1567 5332 ⁸⁸⁸
1605 5304 1830 5359 studuis.
1857 5319 1990 5356 corr.
2022 5299 2230 5354 studiis.
2305 5299 2372 5331 ⁸³⁸
2399 5297 2624 5352 Galliam
2656 5299 2932 5354 abscisum.
3007 5299 3074 5331 “°
3109 5308 3195 5366 ειη
3237 5295 3403 5348 (θόρε

164 5351 224 5433 ⁸⁸⁸⁸
269 5364 483 5433 mutuos
502 5359 893 5433 cornﬁ‘thbct.
927 5360 1040 5433 [δ’
1065 5372 1158 5420 tto.
1193 5381 1362 5429 mora,
1403 5384 1429 5423 s
1454 5351 2257 5427 αὺεεὶξᾷῖψῖίῖὖᾶὧέιιῖέὲίλδδ
2281 5369 2370 5432 ab,
2399 5351 2500 5422 mis
2542 5370 2682 5424 absc.
2759 5368 2827 5400 “5
2851 5385 2930 5433 or,
2986 5351 3138 5431 libr,”
3159 5367 3245 5430 do,
3286 5380 3399 5418 scr-

159 5423 296 5476 οὑκ.
370 5425 440 5456 ⁸⁸⁸
459 5423 710 5484 aristelis'
730 5432 844 5486 cod.
922 5430 993 5464 “7
1033 5447 1116 5498 ve,
1143 5435 1241 5490 icis
1266 5423 1407 5492 abte.

1665 5555 1894 5615 ΝΟΤᾸΤ.

226 5632 367 5709 (φῖ)
408 5635 664 5709 ᾼιινὶιιαε,
696 5639 748 5691 in
778 5639 1092 5709 prtcfcctura
1117 5642 1324 5700 Cantal.

226 5700 369 5775 nos)
406 5705 727 5762 Ausonensi.

1898 5642 2373 5716 (l09).lohanncm
2443 5641 2558 5698 XIII
2613 5644 2701 5713 qui
2759 5642 2916 5698 annis
2971 5641 3076 5698 965
3141 5640 3398 5698 0ct.-973

1826 5714 1971 5784 Sept.
2008 5715 2039 5792 5
2067 5714 2222 5791 sedit.
