3988 5362
591 252 716 336 ωδ

1701 244 1983 304 RlCHERl
2019 245 2077 300 S.
2122 246 2379 304 BEMIGII
2418 247 2725 306 MONAClll

3755 251 3859 310 104

611 363 682 414 rit
720 360 831 416 “".
858 385 922 406 -
958 357 1175 416 Necnon
1212 367 1269 418 et
1303 367 1535 430 quatuor
1573 359 1640 415 de
1669 358 1859 427 topicis
1886 355 2198 412 diﬁ‘erentiis
2224 364 2273 424 Α
2300 369 2542 414 scuntur.
2577 358 2765 415 Eﬁ‘ecit
2792 359 3190 414 semicircutum
3230 368 3374 415 recta
3423 359 3690 416 diametro
3723 362 3865 417 divi-

611 450 801 514 libros,
835 449 901 505 de
926 448 1237 521 sillogismis
1275 447 1631 520 cathegoricis
1671 447 1827 512 duos,
1852 446 1918 500 de
1961 445 2186 514 ypothe-

611 542 736 597 ticis
765 549 897 606 tres,
915 538 1402 611 diﬂinitionumque
1429 540 1626 595 librum
1648 553 1837 603 unum,
1867 537 2188 592 divisionum

610 619 762 701 atque
789 646 976 697 unum,
1004 631 1208 685 utiliter
1237 631 1364 702 legit
1396 638 1451 685 et
1471 630 1762 700 expressit.
1793 627 1924 682 Post
1956 643 2187 698 quorum

611 722 850 794 laborem
871 763 886 786 ,
915 737 1037 776 cum
1065 721 1132 776 ad
1162 722 1524 776 rhethoricam
1587 735 1714 776 suos
1755 717 2192 794 proveherervel-

610 809 705 877 let,
755 793 808 865 id
838 811 941 866 sibi
983 821 1288 880 suspectum
1337 820 1476 875 erat,
1504 809 1647 879 quod
1702 808 1820 863 sine
1864 793 2188 861 locutionum

617 903 817 967 modis,
844 903 934 972 qui
965 901 1020 957 in
1067 903 1240 972 poetis
1294 901 1536 957 discendi
1579 908 1729 964 sunt,
1783 899 1852 952 ad
1898 898 2188 952 oratoriam

615 1002 788 1047 artem
813 1003 938 1048 ante
963 993 1230 1064 perveniri
1261 1009 1366 1048 non
1403 1001 1586 1063 queat.
1623 991 1821 1045 Poetas
1846 991 2010 1060 igitur
2039 989 2190 1044 adhi-

612 1084 752 1148 buit,
776 1083 972 1153 quibus
992 1083 1379 1140 assuescendos
1410 1082 1794 1137 arbitrabatur.
1830 1081 1982 1150 Legit
2007 1081 2189 1150 itaque

613 1191 677 1230 ac
704 1176 884 1230 docuit
906 1174 1178 1228 Maronem
1203 1184 1257 1229 et
1279 1173 1511 1228 Statium
1536 1173 1956 1241 Terentiumque
1977 1180 2184 1241 poetas,

611 1263 921 1318 Iuvenalem
945 1277 1158 1332 quoque
1203 1278 1268 1316 ac
1312 1262 1552 1316 Persium
1591 1261 1978 1330 Horatiumque
2011 1261 2188 1316 satiri~

613 1369 729 1419 cos,
755 1355 1030 1409 Lucanum
1056 1354 1218 1409 etiam
1243 1354 1758 1423 historiographum.
1775 1354 1981 1419 Quibus
2008 1367 2191 1408 assue-

613 1441 806 1508 factos,
839 1443 1274 1514 locutionumque
1301 1445 1474 1501 modis
1497 1445 1842 1504 compositos.
1873 1443 1940 1498 ad
1971 1443 2192 1500 rhetho-

615 1531 786 1584 ricam
815 1532 1138 1586 transduxit.

683 1621 773 1677 48.
811 1620 922 1676 Cur
950 1623 1023 1676 eis
1051 1623 1120 1654 “°
1149 1625 1434 1694 sapitistam
1459 1623 1527 1665 ’⁸⁵⁸
1559 1623 1853 1678 adhibuerit
1879 1623 1970 1677 “‘.
1988 1653 2055 1663 —
2076 1624 2192 1691 Qua

2291 465 2430 505 sum.
2467 450 2572 506 Sed
2617 451 2759 506 hanc
2796 451 3122 506 diametrum
3179 450 3411 505 ﬁstulam
3462 453 3764 516 constituit,
3809 453 3864 506 in

2291 538 2444 608 cujus
2470 538 2838 595 cacuminibus
2869 541 3000 595 duos
3030 540 3180 610 polos
3225 540 3446 594 boreum
3495 548 3551 594 et
3575 549 3865 595 austrono—

2291 631 2440 685 thum
2473 629 2739 685 notandos
2767 645 2888 685 esse
2932 630 3180 684 instituit.
3238 628 3648 684 Semicirculum
3676 644 3809 683 vero
3833 643 3866 684 a

2289 719 2414 792 polo
2437 719 2503 774 ad
2533 719 2712 790 polum
2735 719 2805 775 30
2842 721 3084 790 partibus
3105 719 3302 773 divisit.
3320 719 3557 785 Quarum
3579 733 3674 774 sex
3699 734 3729 772 a
3745 719 3870 790 polo

2291 815 2581 878 distinctis,
2641 813 2878 870 ﬁstulam
2931 813 3196 877 adhibuit,
3251 827 3347 882 per
3391 827 3552 882 quam
3583 812 3870 868 circularis

2289 903 2433 958 linea
2464 903 2649 958 arctici
2689 903 3012 974 signaretur.
3067 901 3197 956 Post
3235 917 3369 971 quas
3405 901 3570 956 etiam
3627 902 3871 970 quinque

2291 992 2546 1056 diductis,
2602 990 2834 1045 ﬁstulam
2889 1006 3104 1060 quoque
3151 989 3366 1058 adjecit,
3412 1005 3532 1058 quae
3569 990 3870 1044 :estivalem

2289 1082 2694 1137 circulationem
2749 1082 3032 1137 indicaret.
3091 1080 3300 1136 Abinde
3359 1095 3572 1150 quoque
3629 1089 3873 1149 quatuor

2288 1173 2495 1238 divisis,
2522 1171 2756 1226 ﬁstulam
2786 1172 3077 1227 identidem
3100 1172 3327 1236 addidit,
3351 1173 3491 1226 unde
3513 1171 3870 1239 aequinoctia-

2289 1267 2354 1321 lis
2383 1267 2686 1322 rotunditas
2732 1266 3220 1321 commendaretur.
3276 1265 3560 1336 Reliquum
3584 1280 3719 1320 vero
3746 1281 3871 1334 spa~

2287 1357 2422 1411 tium
2451 1372 2619 1426 usque
2647 1358 2713 1412 ad
2741 1357 2944 1411 notium
2961 1357 3162 1425 polum,
3191 1356 3394 1411 eisdem
3439 1355 3875 1411 dimensionibus

2292 1449 2557 1504 distinxit.
2585 1447 2752 1518 anus
2792 1447 3138 1502 instrumenti
3173 1447 3313 1501 ratio
3352 1446 3406 1500 in
3438 1455 3648 1500 tantum
3681 1444 3874 1510 valuit,

2293 1551 2356 1596 ut
2404 1541 2470 1593 ad
2499 1539 2680 1609 polum
2715 1553 2812 1593 sua
2857 1537 3121 1592 diametro
3176 1537 3399 1599 directa,
3448 1551 3513 1591 ac
3539 1535 3875 1591 semicirculi

2291 1631 2645 1703 productione
2667 1630 2914 1699 superius
2932 1641 3111 1694 versa,
3137 1627 3370 1682 circulos
3390 1627 3596 1683 visibus
3619 1628 3878 1696 inexper-

615 1710 900 1766 instructis
931 1712 1227 1782 sophistam
1257 1714 1534 1784 adhibuit;
1577 1715 1718 1785 apud
1776 1729 1935 1782 quem
1984 1715 2038 1768 in
2065 1730 2191 1770 con-
2219 1722 2266 1784 Β
2293 1729 2402 1787 tos,
2429 1719 2669 1775 scientia:
2707 1718 2884 1784 daret,
2937 1727 3099 1787 atque
3145 1716 3256 1772 alta
3302 1717 3565 1772 memoria
3606 1717 3874 1772 reconde-

616 1802 903 1857 troversiis
932 1814 1333 1869 exercerentur,
1385 1819 1449 1860 ac
1479 1804 1559 1860 sic
1596 1819 1663 1859 ex
1697 1812 1813 1858 arte
1857 1813 2096 1874 agerent,
2133 1815 2193 1861 ut

617 1899 818 1960 praeter
846 1901 1016 1946 artem
1043 1908 1205 1964 agere
1232 1893 1570 1961 viderentur,
1599 1893 1741 1964 quod
1761 1896 1993 1950 oratoris
2022 1896 2194 1950 maxi-

615 1981 1018 2035 mumxidetur.
1065 1980 1172 2037 Sed
1221 1983 1336 2037 haec
1385 1983 1451 2038 de
1498 1983 1690 2054 logica.
1719 1984 1775 2037 ln
1805 1985 2035 2039 mathesi
2067 2000 2194 2041 vero

615 2079 851 2139 quantus
877 2073 1038 2128 sudor
1061 2088 1330 2142 expensus
1379 2074 1469 2140 sit,
1505 2089 1612 2130 non
1638 2075 2194 2144 incongruum'dicere

613 2160 846 2216 videtur.
872 2162 1281 2217 Arithmeticam
1303 2163 1446 2219 enim
1470 2179 1592 2235 quze
1616 2171 1700 2218 est
1746 2164 2053 2221 matheseos
2089 2166 2196 2237 pri-

615 2263 726 2316 ma,
754 2251 999 2319 inprimis
1022 2253 1294 2322 dispositis
1324 2255 1771 2311 accommodavit.

684 2339 776 2396 49.
816 2339 920 2405 Qui
943 2341 1094 2394 labor
1139 2341 1208 2419 "‘f
1238 2352 1284 2397 et
1317 2344 1372 2396 in
1407 2345 1782 2400 mathematicis
1810 2343 1877 2378 “’
1931 2346 2194 2417 impensus

615 2428 682 2482 sit
711 2427 1032 2484 “’.—lnde
1086 2431 1250 2484 etiam
1299 2431 1581 2498 musicam,
1637 2433 1809 2488 multo
1839 2443 1965 2490 ante
2008 2434 2196 2491 Galiis

615 2515 877 2587 ignotam,
906 2517 1245 2573 notissimam
1276 2518 1474 2575 eﬁ‘eeit.
1499 2520 1664 2591 Cujus
1684 2538 1882 2593 genera
1929 2524 1984 2577 in
2009 2539 2198 2580 mono-

617 2607 783 2662 cordo
815 2608 1127 2676 diSponens,
1160 2623 1347 2664 eorum
1377 2613 1757 2668 consonantias
1811 2614 1923 2669 sive
1961 2615 2198 2685 simpbo—

625 2695 750 2751 nias
779 2697 831 2750 in
864 2697 1004 2753 tonis
1040 2713 1102 2754 ac
1132 2699 1454 2767 semitoniis,
1484 2701 1682 2758 ditonis
1701 2717 1914 2773 quoque
1943 2719 2008 2759 ae
2039 2705 2199 2760 diesi-

625 2777 731 2847 bus
777 2792 1135 2865 distinguens,
1187 2803 1448 2865 tonosque
1499 2794 1554 2849 in
1608 2794 1756 2850 sonis
1807 2795 2200 2853 rationabiliter

623 2882 974 2948 distribuens,
1001 2885 1053 2938 in
1078 2883 1448 2953 plenissimam
1484 2883 1730 2939 notitiam
1759 2884 1984 2954 redegit.

623 2959 626 2966 l
690 2973 779 3028 50.
814 2973 992 3042 Spera:
1035 2973 1104 3006 “°
1151 2975 1332 3029 solida:
1389 2974 1460 3006 “°
1487 2974 1789 3044 compositio
1831 2973 1924 3027 “°.
1952 2975 2201 3030 —Ratio

2295 1818 2377 1864 ret
2413 1807 2504 1862 “I.

2363 1899 2450 1954 52.
2482 1897 2655 1968 Spera:
2677 1899 2992 1969 compositio.
3000 1898 3222 1969 planetis
3237 1899 3602 1970 cognoscendis
3628 1897 3702 1931 ⁸⁸³
3716 1901 3880 1970 aptis-

2293 1990 2428 2043 sima
2454 1987 2547 2041 ⁸⁸³.
2567 2017 2636 2028 ——
2656 1987 3076 2058 Errantiumque
3102 1989 3340 2044 siderum
3363 1987 3549 2044 circuli
3581 2004 3711 2044 cum
3736 1991 3873 2044 intra

2293 2077 2552 2132 mundum
2586 2075 2854 2143 terantur,
2883 2086 2939 2131 et
2965 2088 3153 2134 contra
3174 2078 3519 2142 contendant,
3553 2094 3665 2148 quo
3693 2089 3872 2134 tanien

2293 2167 2526 2224 artiﬁcio
2567 2165 2882 2223 viderentur
2909 2168 3174 2223 scrutanti
3227 2183 3332 2222 non
3377 2167 3568 2223 defuit.
3623 2168 3876 2239 Inprimis

2293 2260 2438 2315 enim
2463 2273 2676 2328 speram
2705 2257 3023 2314 circularem
3053 2257 3260 2324 eﬁ‘ecit;
3294 2259 3396 2313 hoc
3417 2267 3498 2313 est
3523 2274 3590 2314 ex
3611 2259 3750 2314 solis
3776 2261 3881 2313 eir-

2295 2352 2434 2408 culis
2460 2359 2822 2406 constantem.
2853 2350 2910 2404 In
2934 2365 3040 2420 qua
3071 2349 3301 2405 circulos
3335 2349 3469 2404 duos
3489 2351 3581 2420 qui
3614 2367 3646 2404 a
3673 2349 3881 2405 Graecis

2295 2441 2490 2506 coluri,
2537 2457 2566 2494 a
2621 2440 2830 2494 Latinis
2875 2439 3178 2494 incidentes
3205 2439 3494 2505 .dicuntur,
3534 2453 3600 2492 eo
3652 2439 3880 2507 quodin

2297 2547 2416 2588 sese
2443 2531 2686 2587 incidant
2710 2529 3083 2600 complicavit;
3113 2529 3166 2583 in
3189 2544 3416 2598 quorum
3440 2528 3882 2584 extremitatibus

2297 2623 2452 2693 pol‘os
2477 2621 2611 2676 ﬁxit.
2641 2621 2791 2675 Alios
2815 2634 2944 2675 vero
2994 2621 3230 2690 quinque
3255 2619 3507 2684 circulos,
3555 2619 3649 2688 qui
3697 2616 3882 2688 paral-

2298 2714 2388 2770 leli
2411 2713 2485 2746 ⁴⁸⁸
2509 2714 2783 2776 dicuntur,
2805 2711 3004 2766 coluris
3032 2712 3386 2780 transposuit,
3420 2711 3491 2764 ita
3516 2720 3627 2764 uta
3661 2709 3787 2779 polo
3811 2709 3881 2763 ad

2297 2805 2480 2877 polum
2533 2804 2602 2859 30
2657 2811 2862 2872 partes,
2912 2817 3082 2872 sperae
3137 2803 3479 2858 medietatem
3538 2802 3879 2866 dividerent;

2306 2894 2467 2961 idque
2495 2907 2602 2946 non
2625 2891 2785 2960 vulgo
2807 2906 2983 2960 neque
3013 2889 3257 2946 confuse.
3289 2889 3423 2945 Nam
3454 2890 3519 2944 de
3545 2889 3615 2943 30
3638 2890 3883 2944 dimidia:

2301 2983 2738 3070 spernapartibus
2764 2998 2795 3037 a
2828 2983 2949 3052 polo
2971 2983 3038 3036 ad
3065 2982 3296 3052 primum
3325 2981 3606 3045 circulum,
3629 2995 3726 3035 sex
3751 2995 3882 3034 con-

619 3079 752 3119 vero
775 3065 1121 3120 astronomia:
1150 3074 1356 3135 quanto
1387 3067 1583 3120 sudore
1620 3065 1846 3120 collecta
1875 3066 1968 3130 sit,
2020 3066 2198 3121 dicere
2225 3077 2270 3140 (ς
2302 3065 2504 3138 stituit;
2543 3088 2572 3126 a
2601 3073 2774 3141 primo
2801 3072 2868 3126 ad
2917 3071 3210 3126 secundum
3257 3070 3523 3139 quinque;
3557 3084 3587 3122 a
3635 3069 3882 3123 secundo

623 3157 816 3214 inutile
840 3173 946 3212 non
980 3167 1084 3224 est,
1111 3167 1246 3212 utet
1272 3159 1404 3212 tanti
1435 3158 1534 3212 viri
1573 3159 1838 3229 sagacitas
1868 3158 2196 3223 advertatur,

622 3258 679 3304 et
703 3250 837 3304 artis
862 3247 1098 3304 etﬁcacia
1119 3248 1289 3304 lector
1319 3249 1754 3306 commodissime
1787 3249 2048 3319 capiatur.
2073 3247 2200 3315 Quae

622 3354 743 3392 eum
775 3353 909 3409 pene
937 3337 1322 3394 intellectibilis
1350 3339 1440 3404 sit,
1473 3348 1652 3394 tamen
1705 3354 1810 3394 non
1852 3340 1969 3412 sine
2029 3339 2201 3392 admi-

622 3433 832 3489 ratione
858 3433 1178 3502 quibusdam
1203 3432 1578 3487 instrumentis
1618 3433 1684 3486 ad
1709 3432 2073 3501 cognitionem
2101 3430 2198 3485 ad-

623 3524 797 3578 duxit.
853 3521 1105 3595 Inprimis
1148 3523 1294 3578 enim
1325 3524 1514 3579 mundi
1567 3538 1779 3593 speram
1821 3539 1884 3576 ex
1937 3521 2108 3577 solido
2136 3536 2201 3576 ac

623 3614 857 3668 rotundo
903 3613 1052 3684 ligno
1083 3623 1510 3683 argumentatus,
1560 3612 1785 3668 minoris
1823 3611 2196 3676 similitudine,

625 3704 886 3773 majorem
915 3707 1199 3777 expressit.
1222 3706 1393 3774 Quam
1442 3721 1566 3762 cum
1613 3706 1818 3760 duobus
1851 3704 1984 3774 polis
2012 3704 2066 3758 in
2090 3703 2200 3758 ori-

627 3806 786 3852 zonte
801 3797 1129 3866 obliquaret,
1145 3799 1298 3868 signa
1325 3798 1788 3868 septemtrionalia
1802 3797 1927 3866 polo
1947 3796 2198 3851 erectiori

624 3889 792 3952 dedit,
820 3888 1078 3943 australia
1108 3904 1239 3944 vero
1266 3889 1543 3958 dejectiori
1576 3888 1839 3941 adhibuit.
1869 3885 2031 3953 Cujus
2058 3887 2199 3955 posi-

627 3979 831 4034 tionem
849 3994 913 4032 eo
936 3980 1139 4032 circulo
1157 3979 1315 4043 rexit,
1331 3979 1422 4046 qui
1445 3994 1473 4030 a
1497 3976 1700 4032 Graecis
1718 3977 1926 4041 orizon,
1945 3992 1973 4028 a
1992 3975 2198 4030 Latinis

630 4069 869 4122 limitans
894 4070 1007 4122 sive
1026 4069 1391 4122 determinans
1423 4067 1740 4136 appellatur,
1771 4081 1835 4120 eo
1860 4067 2001 4134 quod
2037 4068 2088 4121 in
2131 4081 2197 4121 eo

625 4159 779 4228 signa
809 4174 928 4227 qua:
951 4159 1200 4212 videntur
1224 4159 1292 4214 ab
1317 4157 1402 4212 his
1445 4172 1566 4226 qua:
1595 4171 1699 4210 non
1731 4157 1980 4210 videntur
2005 4157 2196 4210 distin-

627 4258 757 4319 guat
783 4264 847 4302 ac
875 4249 1087 4302 hmitet.
1118 4248 1235 4315 Qua
1277 4249 1329 4301 in
1353 4248 1706 4318 orizontewsic
1732 4247 2014 4312 collocata,
2057 4256 2118 4300 ut
2142 4257 2197 4302 et

627 4349 804 4392 ortum
829 4347 883 4391 et
907 4353 1161 4392 occasum
1202 4337 1478 4408 signorum
1508 4335 1712 4389 utiliter
1753 4349 1818 4389 ac
1845 4335 2196 4404 probabiliter

2301 3164 2370 3218 ad
2403 3163 2636 3228 tertium,
2670 3169 2932 3230 quatuor;
2979 3175 3009 3214 a
3055 3160 3214 3214 tertio
3263 3158 3328 3212 ad
3369 3167 3644 3228 quartum,
3684 3157 3883 3213 itidem

2302 3265 2565 3326 quatuor;
2608 3269 2636 3307 a
2675 3261 2868 3321 quarto
2900 3252 2969 3306 ad
3012 3251 3278 3319 quintum,
3311 3249 3580 3318 q‘uinqne;
3627 3264 3658 3302 a
3684 3249 3884 3317 quinto

2302 3363 2472 3417 usque
2499 3347 2566 3401 ad
2594 3346 2797 3416 polum,
2829 3359 2946 3399 sex.
2978 3343 3084 3399 Per
3114 3343 3212 3398 hos
3242 3357 3453 3412 quoque
3488 3343 3721 3398 circulos
3752 3359 3882 3396 eum

2302 3437 2568 3492 circulum
2613 3436 2924 3506 obliquavit,
2957 3433 3102 3504 quia
3129 3432 3331 3488 Graecis
3358 3433 3526 3497 loxos,
3570 3432 3656 3486 vel
3687 3448 3810 3499 zoe,
3852 3449 3885 3487 τι

2301 3528 2513 3583 Latinis
2539 3527 2784 3598 obliquus
2811 3527 2894 3581 vel
2922 3526 3101 3581 vitalis
3131 3525 3351 3589 dicitur,
3386 3539 3450 3579 eo
3477 3526 3621 3594 quod
3659 3527 3885 3579 anima-

2301 3619 2431 3674 lium
2481 3617 2680 3687 ﬁguras
2733 3618 2786 3671 in
2828 3616 2999 3671 stellis
3025 3615 3320 3672 contineat.
3359 3615 3502 3669 intra
3551 3615 3695 3669 hunc
3738 3615 3885 3669 obli-

2301 3727 2488 3780 quum,
2522 3708 2823 3764 errantium
2847 3706 3080 3761 circulos
3121 3706 3260 3760 miro
3307 3704 3539 3759 artiﬁcio
3572 3705 3883 3774 suspendit.

2300 3801 2536 3868 Quorum
2559 3799 2794 3862 ahsidas,
2847 3806 2903 3852 et
2937 3787 3252 3851 allitudines
3275 3811 3303 3848 a
3331 3810 3450 3850 sese
3475 3795 3640 3849 etiam
3665 3797 3886 3850 distan-

2301 3891 2424 3954 tias,
2455 3888 2826 3942 elﬁcaeissime
2877 3887 2988 3941 suis
3039 3885 3452 3940 demonstravit.
3486 3883 3638 3950 Quod
3688 3900 3890 3952 quem-

2297 3981 2586 4036 admodum
2619 3978 2801 4042 l‘uerit,
2843 3978 2912 4032 ob
2955 3977 3314 4047 prolixitatem
3342 3977 3428 4030 hic
3474 3990 3677 4046 ponere
3727 3992 3889 4031 com-

2299 4072 2516 4124 modum
2566 4084 2670 4122 non
2714 4077 2818 4134 est,
2870 4081 2938 4121 ne
2989 4066 3152 4120 nimis
3203 4081 3232 4118 a
3276 4066 3548 4135 pr0posito
3597 4065 3888 4122 discedere

2299 4162 2596 4216 videamur.

2368 4251 2456 4307 53.
2493 4251 2626 4304 Atia:
2658 4250 2726 4282 ⁸⁸⁸
2753 4265 2915 4319 spera:
2941 4249 3241 4318 compositio
3275 4247 3346 4280 “'
3375 4248 3534 4318 signis
3561 4265 3887 4320 cognoscem-

2299 4346 2380 4398 dis
2403 4343 2473 4381 ⁸⁸⁸
2505 4343 2712 4396 idonea.
2737 4338 2979 4395 -—Fecit
3004 4347 3200 4408 praeter
3247 4338 3361 4392 haec
3405 4353 3616 4407 sperant
3649 4339 3888 4394 alteram

628 4426 1044 4490 demonstraret,
1070 4439 1251 4478 rerum
1280 4431 1504 4477 naturas
1553 4422 1827 4492 dispositis
1871 4423 2190 4490 insinuavit,
2219 4439 2271 4498 ι)
2298 4432 2638 4494 circularem,
2664 4427 2804 4484 intra
2833 4444 2993 4496 quam
3027 4426 3257 4481 circulos
3285 4427 3501 4495 quidem
3550 4442 3658 4480 ηοη
3701 4427 3879 4482 cono-

629 4519 966 4589 instituitque
996 4521 1048 4574 in
1070 4520 1344 4590 signorum
1367 4519 1872 4588 comprehensione.
1901 4518 2035 4574 Nam
2063 4529 2200 4576 tem-

627 4625 759 4681 pore
788 4619 1050 4667 nocturno
1075 4610 1390 4666 ardentibus
1410 4611 1581 4666 stellis
1601 4625 1826 4680 operam
1850 4611 2044 4676 dabat;
2075 4626 2202 4681 age-

628 4700 829 4768 batque
855 4707 915 4754 ut
941 4715 1032 4754 eas
1056 4700 1109 4754 in
1142 4699 1323 4754 mundi
1355 4699 1664 4770 regionibus
1691 4699 1926 4755 diversis
1956 4700 2202 4770 obliqua-

631 4799 738 4856 tas,
773 4800 879 4845 tam
907 4792 960 4846 in
986 4802 1104 4846 ortu
1134 4807 1296 4860 quam
1323 4792 1375 4846 in
1400 4807 1596 4847 occasu
1624 4801 1894 4847 notarent.

703 4880 792 4935 5L
832 4879 1220 4936 Intellectilium
1245 4882 1315 4914 ⁸⁸⁸
1338 4881 1656 4935 circulorum
1697 4882 2080 4950 comprehensio
2107 4884 2199 4937 ⁸⁵³.

628 4972 912 5028 ——Circuli
942 4987 1157 5042 quoque
1198 4974 1348 5043 quia
1390 4972 1596 5027 Graecis
1628 4971 1894 5040 paralleli,
1929 4987 1960 5026 a
1996 4973 2204 5028 Latinis
2243 4975 2248 4978 ’

631 5063 980 5135 ταιυίειεηῑθε
1002 5061 1278 5127 dicuntur,
1309 5077 1445 5131 quos
1475 5061 1642 5115 etiam
1672 5061 2039 5132 incorporales
2085 5077 2205 5117 esse

632 5155 853 5210 dubium
884 5169 991 5210 non
1021 5160 1124 5218 est,
1170 5154 1271 5207 hac
1293 5152 1360 5207 ab
1397 5164 1462 5206 eo
1515 5160 1634 5205 arte
1683 5153 2058 5222 comprehensi
2108 5168 2206 5206 no-

2303 4521 2463 4584 cavit,
2494 4519 2589 4574 sed
2616 4519 2845 4586 desuper
2867 4516 3055 4570 ferreis
3084 4523 3244 4582 atque
3269 4516 3424 4570 aereis
3444 4515 3546 4570 ﬁlis
3597 4515 3886 4585 signorum

2303 4608 2502 4679 ﬁguras
2533 4606 2890 4676 eomplieavit.
2919 4604 3157 4672 Axisque
3196 4603 3334 4669 loco,
3372 4604 3608 4660 ﬁstulam
3641 4607 3886 4676 trajecit,

2301 4715 2398 4772 per
2423 4714 2584 4769 quam
2613 4696 2765 4767 polus
2793 4693 3028 4749 cmlestis
3056 4703 3358 4759 notaretur,
3389 4704 3448 4749 ut
3473 4710 3538 4750 eo
3566 4708 3886 4766 perspecto,

2305 4790 2553 4846 machina
2581 4787 2718 4844 cmlo
2747 4795 3040 4856 aptaretur.
3071 4783 3220 4840 Unde
3243 4795 3296 4839 et
3325 4785 3524 4840 factum
3554 4797 3660 4853 est,
3687 4797 3749 4842 ut
3770 4791 3892 4844 sin-

2307 4882 2552 4952 gulorum
2581 4880 2858 4950 signorum
2881 4875 3309 4946 stellze,singulis
3329 4875 3486 4945 hujus
3515 4894 3690 4948 spera:
3712 4882 3892 4952 signis

2305 4971 2698 5026 clauderentur.
2721 4966 2852 5022 Illud
2875 4981 3090 5037 quoque
3117 4968 3170 5023 in
3192 4967 3294 5022 hac
3314 4967 3554 5022 divinum
3584 4967 3707 5033 fuit,
3733 4973 3891 5039 quod

2306 5075 2427 5117 cum
2458 5059 2649 5129 aliquis
2701 5069 2872 5113 artem
2918 5058 3215 5130 ignoraret,
3246 5057 3290 5112 si
3342 5072 3507 5111 unum
3560 5059 3612 5112 ei
3662 5059 3889 5130 signum

2307 5151 2734 5206 demonstratum
2783 5147 2941 5213 foret,
2994 5147 3196 5216 absque
3247 5146 3504 5215 magistro
3549 5156 3734 5202 cetera
3782 5165 3893 5219 per

1939 5263 2173 5320 VARUS
2211 5259 2618 5321 LECTIONES.
