4026 6312
124 3928 129 3947 τ
199 3898 322 3956 dine
345 3901 555 3958 abusus
583 3917 687 3959 est.

200 367 305 434 £05

918 363 1401 426 HISTORIARUM
1437 362 1619 424 LIBRI
1654 359 2018 451 QUATUOR.
2053 392 2127 408 —
2159 361 2288 423 LIB.
2327 365 2418 424 III.

3366 362 3498 433 106'

200 501 412 560 speram
459 491 835 559 cognosceret.
896 483 1027 543 Inde
1073 486 1240 543 etiam
1266 534 1273 540 .
1301 500 1432 543 suos
1489 483 1787 542 liberaliter
1811 484 1864 546 Α
1888 480 2001 545 bat,
2023 481 2077 538 in
2097 498 2204 554 quo
2228 483 2411 539 divina
2438 489 2495 539 et
2519 481 2755 539 humana
2779 482 3106 553 consistunt,
3138 486 3256 544 sine
3279 465 3479 561 quibus

201 580 481 639 instruxit.
504 581 686 652 Atque
716 581 832 638 haec
855 590 1083 638 actenus
1109 583 1178 638 de
1202 581 1555 638 astronomia.

264 674 351 730 54.
373 671 652 745 Confectio
674 671 750 709 “'
777 674 929 730 abaci
947 673 1039 728 δι’.
1066 704 1136 717 -—-
1156 673 1213 729 In
1240 674 1539 746 geometria
1566 689 1698 731 vero
1718 673 1789 710 δ”

197 780 302 823 non
335 765 523 822 minor
569 767 626 823 in
675 767 921 824 ducendo
962 762 1126 824 labor
1156 782 1426 839 expensus
1479 776 1584 823 est.
1624 766 1792 839 Cujus

196 855 609 923 introductioni,
639 857 868 915 abacum
898 858 950 914 id
981 867 1065 916 est
1088 858 1326 915 tabulam
1355 859 1791 915 dimensionibus

197 960 374 1023 aptam
402 964 578 1021 opere
602 951 831 1007 scutarii
858 949 1055 1008 eﬁ‘ecit.
1082 953 1248 1025 cujus
1273 951 1620 1025 longitudini,
1646 953 1700 1008 in
1719 951 1790 1007 27

196 1033 445 1114 partih'us
477 1042 732 1109 diductas,
759 1059 953 1100 novem
971 1031 1645 1102 numero’notas‘omnem
1690 1060 1786 1100 nu-

195 1147 406 1191 merum
458 1135 835 1208 signiﬁcantes
875 1137 1161 1209 disposuit.
1211 1136 1296 1193 Ad
1343 1155 1572 1211 quarum
1621 1139 1789 1195 etiam

200 1225 633 1295 similitudinem,
666 1230 816 1287 mille
843 1246 1074 1288 corneos
1121 1231 1303 1289 eﬁ‘ecit
1326 1242 1663 1299 caracteres,
1693 1232 1787 1306 qui

197 1332 292 1390 per
311 1318 384 1374 27
414 1320 574 1376 abaci
595 1332 784 1392 partes
804 1324 1058 1390 mutuati,
1090 1322 1355 1395 cujusque
1405 1325 1619 1381 numeri
1652 1325 1791 1382 ntul-

199 1407 592 1480 tiplicationem
649 1413 765 1470 sive
811 1412 1135 1473 divisionem
1187 1412 1572 1490 designarent;
1640 1427 1791 1476 tanto

199 1504 521 1574 compendio
542 1492 894 1564 numerorum
937 1508 1341 1587 multitudinem
1368 1511 1674 1569 dividentes
1703 1511 1791 1570 vel

198 1596 643 1668 multiplicantes,
674 1609 734 1655 ut
779 1615 894 1671 pra:
942 1602 1111 1658 nimia
1165 1605 1558 1662 numerositate
1607 1608 1791 1677 potius

199 1684 419 1758 intelligi
447 1703 611 1758 quam
632 1691 818 1747 verbis
833 1692 1324 1750 valerentostendi.
1343 1696 1585 1764 Quorum
1612 1699 1791 1755 scien-

197 1779 330 1835 tiam
352 1780 449 1850 qui
467 1780 536 1835 ad
553 1781 772 1852 plenum
789 1784 934 1839 scire
963 1784 1261 1851 desiderat,
1285 1785 1431 1858 legat
1451 1787 1571 1857 ejus
1590 1788 1788 1845 librum

1895 573 2062 630 etiam
2090 574 2222 630 nulli
2266 575 2338 630 sit
2368 575 2877 647 philosOphandum.
2908 575 3049 633 Tulit
3081 578 3262 652 itaque
3289 581 3353 636 ad
3384 594 3484 654 pa-

1895 667 2083 723 latium
2119 667 2345 740 ﬁguram
2375 670 2625 734 eandem,
2668 678 2724 727 et
2766 684 2952 726 coram
3002 669 3206 727 Ottone
3254 682 3486 741 augusto

1896 756 1965 815 iis
1999 758 2089 829 qui
2120 759 2482 830 sapientiores
2506 758 2832 815 videbantur
2864 774 2984 816 eam
3015 761 3327 833 explicavit.
3371 762 3487 820 Au-

1896 860 2087 923 gustus
2107 844 2387 907 vero'cum
2412 861 2470 907 et
2495 852 2609 922 ipse
2637 852 2824 908 talium
2854 853 3285 911 studiosissimus
3310 854 3483 912 habe-

1898 952 2073 1011 retur,
2101 959 2169 1000 an
2208 937 2506 1001 Gerbertus
2534 945 2800 1002 erraverit
2829 947 3227 1003 admirabatur.
3260 947 3488 1006 Viderat

1895 1035 2097 1091 etenim
2141 1034 2314 1101 illum,
2342 1044 2399 1091 et
2446 1052 2555 1091 non
2589 1037 2773 1093 semel
2802 1038 3170 1109 diSputantem
3215 1040 3483 1098 audierat.

1899 1125 2054 1183 Unde
2107 1135 2163 1184 et
2205 1126 2274 1183 ab
2315 1142 2382 1185 eo
2434 1126 2704 1199 praedictae
2764 1129 2934 1201 ﬁgure
2987 1132 3311 1189 solutionem
3365 1130 3490 1191 ﬁeri

1896 1221 2124 1276 nimium
2150 1222 2398 1292 optabat.
2429 1220 2541 1279 Nec
2564 1222 2737 1278 defuit
2757 1222 2837 1279 rei
2867 1226 3105 1282 occasio.

1967 1314 2057 1369 57.
2085 1314 2257 1387 (970.)
2288 1314 2422 1371 Nam
2461 1317 2805 1373 venerandus
2835 1316 3129 1374 Remorum
3166 1318 3486 1391 metropoli-

1898 1416 2060 1465 tanus
2102 1408 2397 1475 Adalhero,
2443 1419 2567 1481 post
2593 1411 2826 1468 eundem
2857 1427 3056 1467 annum
3102 1412 3332 1469 Romam
3360 1428 3487 1471 cum

1897 1499 2166 1557 Gerberto
2209 1501 2447 1573 petebat,
2500 1518 2566 1559 ac
2592 1503 2766 1559 Ticini
2819 1503 2969 1576 (111)
3021 1513 3310 1576 augustum
3361 1518 3489 1561 cum

1898 1592 2083 1649 Otrico
2114 1594 2369 1665 repperit.
2394 1595 2439 1649 A
2468 1610 2576 1666 quo
2604 1595 2771 1651 etiam
2801 1596 3086 1667 magniﬁce
3105 1606 3363 1667 exceptus
3382 1603 3485 1663 est,
3530 1650 3531 1653 η

1898 1684 2200 1757 ductusque
2238 1700 2335 1756 per
2359 1685 2563 1741 Padum
2588 1687 2762 1743 classe
2786 1687 3124 1742 Ravennam.
3151 1688 3218 1742 Et
3246 1696 3493 1759 tempore

1900 1783 2192 1845 Oportuno,
2242 1775 2589 1845 imperatoris
2628 1775 2807 1844 jussu,
2847 1791 3037 1832 omnes
3076 1777 3350 1846 sapientes
3394 1774 3491 1849 qui

197 1885 355 1942 quem
384 1872 586 1928 scribit
612 1873 681 1928 ad
722 1872 785 1929 C.
833 1878 1251 1947 grammaticum
1289 1877 1469 1951 (“0);
1517 1880 1590 1935 ibi
1640 1881 1787 1938 enim
1818 1870 1867 1932 B
1894 1876 2285 1933 convenerant,
2343 1868 2485 1922 intra
2522 1868 2783 1939 palatium
2845 1867 3056 1923 collecti
3112 1876 3257 1923 sunt.
3320 1866 3492 1924 All‘uit

194 1962 310 2027 haec
332 1967 471 2021 satis
502 1966 990 2040 habundanterque
1022 1979 1256 2027 tractata
1285 1972 1544 2029 inventet.

188 2133 201 2141 δ
261 2054 351 2111 55.
384 2055 563 2129 (969.)
612 2054 784 2112 Fama
826 2059 1064 2115 Gerbe'rti
1097 2078 1190 2132 per
1228 2060 1433 2118 Gallias
1473 2073 1522 2119 et
1569 2063 1790 2121 Italiam

198 2148 511 2220 diluam—
554 2150 827 2208 Fervebat
879 2153 1094 2222 studiis,
1145 2167 1515 2227 numerusque
1543 2156 1787 2227 discipu-

197 2241 366 2301 lorum
398 2244 456 2300 in
485 2245 606 2301 dies
626 2248 995 2304 accrescebat.
1021 2248 1227 2305 Nomen
1250 2251 1415 2305 etiam
1441 2251 1579 2305 tanti
1602 2251 1790 2307 docto-

199 2336 273 2392 ris
294 2335 578 2393 ferebatur
615 2354 723 2395 non
761 2339 934 2395 solum
970 2356 1069 2412 per
1102 2326 1343 2407 Gallias,’
1372 2341 1467 2397 sed
1497 2342 1660 2397 etiam
1691 2357 1791 2413 per

198 2428 502 2488 Germaniae
569 2431 822 2503 populos‘
867 2432 1216 2489 dilatabatur.
1282 2433 1629 2505 Transiitque
1690 2449 1791 2505 per

204 2522 376 2596 Alpes,
421 2539 489 2581 ac
525 2522 849 2581 diﬂ‘unditur
876 2526 931 2581 in
966 2525 1202 2592 Italiam,
1232 2540 1405 2597 usque
1434 2526 1787 2595 Thirrenum,

207 2614 631 2672 «Adriaticum.
661 2615 781 2684 Quo
807 2625 1070 2687 tempore,
1101 2616 1320 2673 Otricus
1344 2618 1399 2673 in
1445 2618 1681 2674 Saxonia
1709 2619 1791 2674 in-

213 2705 361 2779 ling
381 2706 719 2763 habebatur.
761 2706 862 2763 llic
888 2723 1012 2763 cum
1044 2707 1359 2779 philosophi
1374 2707 1576 2764 famam
1607 2710 1791 2766 audis-

221 2805 306 2862 let,
327 2799 749 2869 adverteretquc
774 2799 920 2870 quod
950 2800 1004 2854 in
1043 2800 1191 2855 omni
1235 2800 1627 2872 disputatione,
1670 2810 1790 2857 rata

229 2902 382 2947 rerum
403 2893 681 2950 divisione
707 2902 975 2963 uteretur,
1008 2896 1201 2968 agebat
1228 2896 1368 2968 apud
1399 2912 1548 2964 suos,
1588 2905 1647 2952 ut
1689 2898 1789 2955 ali-

225 2995 324 3053 qua
354 2994 538 3041 rerum
568 2985 867 3042 divisarum
912 2987 1118 3059 ﬁgurae,
1164 2988 1234 3044 ab
1278 2988 1440 3045 scolis
1486 2989 1792 3062 philosophi

212 3073 694 3146 sibidel’errentur,
717 3086 773 3135 et
797 3078 1033 3135 maxime
1060 3078 1439 3151 philosophiae,
1468 3068 1536 3137 eo
1566 3082 1710 3151 quod
1733 3082 1790 3137 in

211 3179 314 3226 rata
350 3170 470 3241 ejus
498 3164 807 3239 divisione,
829 3174 1168 3246 perpendere
1195 3176 1310 3246 ipse
1341 3174 1555 3233 facilius
1585 3185 1787 3247 posset,

206 3275 271 3318 an
316 3274 470 3321 recte
520 3265 570 3322 is
619 3274 854 3337 saperet,
903 3267 996 3338 qui
1053 3267 1421 3339 philosophari
1482 3268 1788 3339 videbatur,

202 3360 383 3426 utpote
425 3356 487 3411 in
515 3371 584 3413 eo
612 3358 756 3429 quod
794 3358 1098 3415 divinarum
1128 3367 1185 3415 et
1230 3361 1590 3417 humanarum
1616 3362 1793 3418 scien-

200 3444 327 3502 tiam
374 3446 691 3518 proﬁtetur.
739 3449 990 3508 Directus
1037 3452 1221 3524 itaque
1259 3460 1345 3509 est
1390 3453 1613 3521 Remos,
1644 3455 1792 3512 Saxo

197 3537 451 3608 quidam,
473 3538 567 3609 qui
594 3539 661 3594 ad
690 3540 807 3596 haec
826 3541 1113 3598 videbatur
1132 3543 1375 3599 idoneus.
1405 3543 1455 3599 is
1477 3560 1599 3600 cum
1629 3544 1791 3601 scolis

197 3626 515 3697 interesset,
555 3639 615 3686 et
639 3641 798 3688 caute
836 3630 1097 3704 generum
1136 3635 1431 3701 divisiones
1460 3652 1491 3690 a
1522 3636 1791 3694 Gerberto

197 3718 494 3791 dispositas
513 3721 810 3795 colligeret,
845 3724 898 3781 in
927 3740 991 3782 ea
1031 3736 1212 3783 tamen
1243 3726 1480 3784 maxime
1501 3728 1789 3798 divisione,

197 3824 316 3881 qua:
341 3811 747 3884 philosophiam
783 3815 852 3871 ad
878 3816 1097 3888 plenum
1123 3818 1339 3887 dividit,
1371 3818 1666 3890 plurimum
1701 3836 1793 3877 or-

148 4006 163 4011 “
262 3989 362 4046 56.
417 3989 628 4064 Figura
681 3991 917 4051 Gerberti
965 3995 1325 4068 philosophica
1381 4016 1474 4073 per
1518 4001 1791 4060 malivolos

197 4082 506 4154 deprauata,
537 4085 604 4139 ab
639 4084 818 4142 Otrico
853 4089 1268 4160 reprehenditur.
1307 4121 1381 4133 —
1422 4092 1634 4150 Etenim
1665 4111 1790 4152 cum

198 4174 603 4233 mathematica:
650 4177 864 4248 pbisica
897 4195 997 4251 par
1030 4189 1196 4252 atque
1239 4197 1419 4239 coaava
1457 4200 1488 4240 a
1528 4185 1794 4243 Gerberto

196 4267 378 4338 posita
411 4266 627 4334 fuisset,
671 4270 740 4326 ab
781 4271 887 4328 hoc
911 4272 1313 4332 mathematicae
1349 4276 1539 4333 eadem
1584 4280 1792 4351 phisica

196 4366 255 4414 ut
290 4360 487 4432 generi
529 4360 742 4432 species
786 4364 1002 4421 subdita
1029 4375 1146 4433 est;
1186 4367 1564 4441 incertumque
1609 4380 1793 4427 utrum

194 4448 466 4508 industria
487 4468 558 4508 an
581 4469 771 4513 errore
803 4456 857 4512 id
882 4455 1085 4514 factum
1112 4458 1205 4515 sit.
1235 4458 1435 4533 Sicque
1459 4477 1582 4518 cum
1610 4463 1794 4520 multi-

192 4547 332 4620 plici
360 4549 702 4607 diversarum
751 4568 934 4610 rerum
961 4553 1363 4623 distributione,
1400 4556 1589 4615 Otrico
1617 4559 1790 4629 ﬁgura

1817 3229 1865 3295 C

1890 1960 2183 2032 praedictus
2212 1961 2544 2016 reverendus
2571 1961 3051 2032 metropolitanus;
3086 1959 3242 2016 aﬂuit
3262 1969 3317 2017 ct
3341 1962 3489 2019 Adso

1892 2052 2061 2107 abbas
2090 2044 2401 2118 Dervensis,
2431 2053 2524 2123 qui
2553 2069 2676 2109 cum
2709 2054 2824 2124 ipso
2869 2053 3291 2123 metropolitano
3315 2054 3487 2112 adve-

1890 2152 2077 2211 nerat;
2109 2145 2204 2199 sed
2245 2155 2300 2200 et
2327 2142 2548 2201 Otricus
2587 2161 2828 2215 praesens
2855 2153 2996 2209 erat,
3028 2144 3121 2213 qui
3150 2159 3296 2200 anno
3326 2159 3492 2217 supe-

1890 2236 2038 2292 riore
2085 2236 2338 2292 Gerberti
2381 2240 2832 2308 reprehensorem
2887 2252 3007 2294 sese
3056 2246 3484 2311 monstraverat.

1890 2327 2161 2384 Numerus
2183 2344 2399 2400 quoque
2427 2330 2839 2387 scolasticorum
2863 2344 2970 2384 non
2993 2343 3193 2400 parvus
3213 2329 3491 2388 conﬂuxe-

1892 2428 1996 2486 rat,
2030 2421 2123 2492 qui
2145 2418 2217 2453 ⁸³⁸
2249 2421 2623 2478 imminentem
2661 2421 3047 2492 disputationis
3071 2418 3222 2476 litem
3245 2436 3489 2480 summo-

1890 2525 2022 2583 pere
2046 2504 2518 2583 praestolabantur.
2537 2514 2827 2571 Haerebant
2851 2513 3074 2578 etenim,
3100 2527 3169 2568 an
3182 2511 3370 2570 Otrico
3390 2514 3489 2585 Ψ,

1891 2604 2159 2675 quispiam
2215 2605 2473 2662 resistere
2540 2608 2783 2662 auderet.
2834 2605 3056 2663 Necnon
3109 2614 3166 2663 et
3221 2615 3492 2679 angustus

1891 2697 2199 2766 hujusmodi
2222 2707 2497 2753 certamen
2527 2700 2836 2755 habendum
2866 2702 3062 2759 callide
3090 2702 3490 2782 pertractabat.

1891 2789 2177 2847 Nitehatur
2203 2800 2386 2847 autem
2421 2791 2744 2848 Gerbertum
2785 2793 3064 2851 incautum
3100 2795 3286 2853 Otrico
3323 2809 3496 2866 oppo-

1892 2898 2043 2950 nere,
2072 2892 2135 2939 ut
2171 2883 2217 2940 si
2250 2883 2502 2940 incautus
2539 2893 2908 2955 appeteretur,
2960 2887 3224 2958 majorem
3270 2894 3493 2943 contro-

1891 2977 2146 3034 versandi
2192 2977 2434 3033 animum
2482 2979 2539 3034 in
2581 2973 2915 3035 contrarium
2948 2988 3217 3037 moveret.
3245 2978 3496 3038 Otricum

1892 3086 2041 3139 vero,
2077 3072 2245 3127 multa
2292 3087 2618 3144 proponere,
2648 3072 2855 3130 nihilve
2885 3073 3097 3132 solvere
3146 3074 3491 3141 hortabatur.

1893 3160 2072 3235 Atque
2099 3163 2186 3220 his
2215 3165 2467 3221 omnibus
2492 3181 2561 3221 ex
2590 3165 2784 3222 ordine
2806 3166 2878 3200 “°
2918 3167 3347 3233 considentibus,
3392 3181 3493 3223 διι-

1895 3266 2087 3329 gustus
2112 3272 2301 3314 eorum
2331 3258 2561 3323 medius,
2585 3258 2668 3314 sic
2693 3273 2725 3314 c
2749 3258 2965 3315 sublimi
2996 3262 3202 3331 coepit:

1966 3350 2059 3407 58.
2088 3349 2351 3407 Allocutio
2398 3352 2611 3423 augusti
2652 3351 2862 3408 Ottonis
2906 3353 2962 3407 in
3006 3361 3259 3408 conventu
3288 3351 3496 3423 sapien-

1893 3445 2025 3500 tium
2045 3461 2142 3516 pro
2162 3444 2521 3501 emendatione
2539 3444 2847 3518 figuram—4
2867 3443 3195 3512 Humanam,
3211 3443 3489 3516 inquiens,

1894 3550 1955 3596 ut
1999 3542 2239 3597 arbitror
2280 3541 2589 3607 scientiam,
2615 3541 2810 3599 crebra
2842 3540 3126 3598 meditatio
3163 3539 3249 3596 vel
3273 3539 3485 3597 exerci-

1896 3635 2031 3691 tatio
2094 3634 2274 3691 reddit
2332 3634 2639 3702 meliorem,
2690 3634 2946 3705 quotiens
3013 3648 3197 3690 rerum
3262 3631 3494 3689 materia

1894 3734 2269 3796 competenter
2315 3726 2586 3789 ordinata,
2639 3726 2984 3782 sermonibus
3038 3723 3348 3796 exquisitis,
3394 3738 3495 3796 per

1894 3819 2165 3890 quoslibet
2193 3818 2471 3888 sapientes
2498 3817 2741 3873 ell'ertur.
2766 3817 2901 3873 Nam
2925 3834 3047 3875 cum
3076 3833 3175 3888 per
3202 3818 3371 3873 otium
3405 3830 3494 3873 se-

1780 3942 1783 3947 -
1892 3910 2119 3983 pissime
2146 3917 2441 3979 torpemus,
2476 3908 2523 3963 si
2561 3907 2865 3978 aliquorqu
2895 3907 3172 3979 pulsemnr
3192 3904 3495 3977 questioni-

1892 4003 2017 4059 bus.
2039 4002 2105 4057 ad
2128 3999 2416 4056 utillimam
2438 4015 2564 4055 mox
2584 3998 2992 4055 meditationem
3017 3997 3327 4053 incitamur.
3355 3995 3495 4052 Hinc

1894 4094 2126 4151 scientia
2176 4108 2357 4149 rerum
2406 4107 2437 4147 a
2488 4090 2817 4147 doctissimis
2861 4090 3039 4146 elicita
3084 4098 3186 4146 est.
3236 4088 3373 4145 Hinc
3406 4093 3495 4144 est

1894 4186 2039 4260 quod
2082 4186 2152 4242 ab
2191 4185 2273 4241 eis
2311 4184 2543 4257 prolata,
2590 4183 2745 4241 libris
2786 4183 2988 4240 tradita
3040 4191 3188 4250 sunt,
3226 4182 3496 4254 nobisque

1896 4278 1963 4333 ad
1989 4277 2118 4335 boni
2147 4276 2404 4335 exercicii
2445 4275 2694 4349 gloriam,
2722 4275 3003 4333 derelicta.
3040 4275 3357 4332 Alliciamur
3383 4273 3492 4347 igi-

1896 4379 1987 4427 tur
2007 4379 2064 4428 et
2087 4385 2188 4427 nos
2221 4370 2494 4442 aliquibus
2531 4369 2781 4442 objectis,
2808 4369 3007 4441 quibus
3047 4375 3105 4424 et
3143 4367 3358 4423 animus
3389 4380 3492 4423 ex-

1896 4462 2179 4519 cellentior
2204 4461 2272 4517 ad
2315 4460 2959 4533 intelligentiteicertiora
3005 4459 3255 4516 ducatur.
3292 4457 3360 4514 Et
3401 4458 3494 4515 eia

1898 4554 2141 4625 inquam,
2186 4553 2301 4625 jam
2352 4568 2499 4608 nunc
2551 4543 2916 4617 revolvamus,
2962 4551 3192 4622 ﬁguram
3229 4550 3377 4607 illam
3421 4549 3494 4607 de

192 4639 382 4697 delata
408 4651 513 4699 est.
543 4642 716 4711 Quam
746 4643 862 4714 ipse
889 4644 1303 4718 diligentissime
1328 4648 1631 4716 revolvens,
1656 4625 1792 4708 δεῖ·
1821 4625 1869 4688 D
1900 4644 2257 4720 philosOphia:
2304 4643 2574 4716 partibus,
2634 4659 2757 4717 quae
2805 4643 2965 4700 nobis
3016 4659 3160 4700 anno
3211 4642 3494 4716 superiore

190 4731 418 4789 bet-tum
461 4734 604 4791 male
644 4735 894 4794 divisisse
923 4739 1063 4810 apud
1090 4755 1220 4797 suos
1242 4742 1697 4810 calumniabatur,
1729 4760 1797 4804 eo
1902 4747 2208 4799 monstrata
2255 4746 2361 4794 est.
2408 4736 2611 4796 Omnes
2661 4737 3073 4809 diligentissime
3119 4752 3241 4796 eam
3299 4738 3495 4793 adver-

191 4822 345 4894 quod
373 4824 608 4881 duarum
649 4827 939 4899 aequalium
985 4831 1312 4901 specierum,
1359 4833 1519 4890 alteri
1566 4834 1795 4893 alteram

192 4918 557 4975 substitutam
587 4928 647 4976 ut
678 4922 867 4992 generi
918 4925 1153 4994 speciem
1205 4926 1377 5000 ﬁgura
1407 4930 1793 4989 mentiebatur.

194 5009 275 5068 Ac
304 5026 412 5084 per
435 5012 539 5070 hoc
566 5013 704 5069 nihil
728 5030 851 5071 eum
881 5017 1237 5090 philosophiae
1276 5021 1587 5093 percepisse
1619 5024 1791 5081 auda-

1906 4841 2054 4901 tant;
2096 4830 2388 4903 dicantque
2425 4828 2623 4901 singuli
2653 4829 2784 4915 quid
2808 4829 2863 4885 in
2884 4844 2970 4896 ea,
3003 4840 3098 4885 aut
3148 4837 3337 4886 contra
3367 4844 3491 4885 eam

1905 4927 2169 4987 sentiant.
2227 4924 2284 4983 Si
2353 4924 2551 4982 nullius
2617 4925 2958 4983 extrinsecus
3022 4925 3246 4999 indiget,
3312 4933 3493 4982 vestra

1901 5018 2146 5078 omnium
2167 5017 2455 5091 roboratur
2487 5016 2898 5089 approbatione.
2927 5017 2983 5073 Si
3011 5031 3142 5073 vero
3170 5016 3493 5088 corrigenda

197 5109 320 5160 cter
356 5104 665 5162 astruebat.
696 5103 1087 5186 Illudqueeum
1115 5110 1332 5182 penitus
1362 5112 1616 5184 ignorare
1641 5114 1797 5173 dice-
1900 5115 2197 5181 videbttur,
2247 5102 2577 5184 sapientium
2626 5111 2933 5179 sententiis,
2989 5121 3084 5167 aut
3134 5110 3493 5183 improbetur,

1287 5316 1293 5323 n
1358 5248 1365 5251 ·
1463 5242 1700 5304 VARIAE
1733 5244 2139 5333 LECTIONES.

278 5352 355 5390 ⁸³⁸
391 5353 591 5432 conte,
634 5356 684 5414 ci
725 5357 953 5432 abscisa.
1028 5356 1100 5393 "7
1138 5371 1283 5432 vero
1323 5358 1410 5432 cui
1471 5359 1606 5432 nihil
1659 5370 1786 5432 ante
1834 5360 2025 5418 Galliae
2079 5360 2343 5432 scriptum
2379 5359 2674 5427 habebant,
2724 5368 2960 5431 quantus
3012 5359 3163 5432 labor
3219 5371 3496 5432 expensus

204 5423 303 5494 sit,
346 5441 531 5505 sermo
572 5429 751 5505 impar
789 5430 999 5505 dice_re_
1020 5445 1127 5485 non
1146 5428 1365 5505 _s_ttllicit_
1405 5430 1595 5487 deleta.
1672 5430 1867 5505 “arqui
1898 5433 1954 5490 id
1975 5423 2251 5505 negotiuin
2280 5423 2697 5504 perpenderant.
2725 5423 2782 5488 et
2808 5434 2877 5489 ob
2908 5434 3014 5488 hoc
3041 5430 3232 5487 deleta.
3291 5423 3376 5469 ’⁸⁸⁸
3402 5443 3498 5487 eo-

206 5510 338 5555 rum
366 5498 683 5556 doctissimo
711 5516 850 5556 corr.
882 5499 1070 5559 Otrico
1142 5499 1212 5534 “°
1230 5500 1368 5574 jussi
1390 5518 1530 5557 corr.
1558 5516 1627 5559 ex
1658 5498 1872 5560 ordine.

1719 5614 1955 5675 NOTAE.

266 5727 438 5803 '(HO)
489 5729 576 5787 Ad
620 5728 1060 5800 Constantinum,
1104 5711 1183 5788 ide
1239 5730 1507 5790 divisione
1558 5745 1813 5790 numero-

215 5807 349 5855 mm

466 5969 739 6034 Ρηιιοι..
772 5967 1189 6036 CXXXVIII.

298 5839 447 5945 ait)
484 5872 610 5931 Otto
639 5889 730 5945 an.
752 5872 865 5945 970
908 5872 1032 5930 inde
1059 5888 1091 5929 a
1121 5889 1309 5932 mense
1351 5872 1595 5932 Januarii
1628 5875 1806 5933 Ticini

1918 5741 2181 5803 moratus,
2230 5732 2425 5791 Martio
2472 5733 2597 5791 inde
2645 5733 2958 5790 Ravennam
2998 5732 3189 5799 movit,
3232 5738 3396 5803 atque
3429 5730 3494 5803 _d.

1913 5804 1986 5876 22
2015 5802 2302 5869 Ferrarim,
2343 5805 2398 5860 d.
2442 5805 2533 5871 50,
2566 5805 2809 5876 ejusdem
2860 5805 3066 5862 mensis
3112 5800 3387 5860 Ravennae
3412 5800 3494 5858 di-

1913 5875 2148 5945 plontata
2176 5876 2362 5932 edidit.

3046 5972 3117 6032 Α
