3988 5362
524 423 630 487 107

1638 406 1916 483 nionem
1964 424 2025 483 s.
2066 426 2329 485 REMIGII
2368 423 2689 487 uomunt.

3694 430 3815 491 108

520 550 620 605 aut
643 539 713 599 ad
750 555 1000 598 normam
1037 539 1341 613 redigatur.
1371 538 1681 609 Coramque
1702 539 1979 594 deferatur
1994 539 2111 611 jam
2137 525 2188 585 Α
2214 556 2344 597 nere
2370 540 2697 608 habeantur,
2724 539 2929 611 majore
2952 539 3172 612 inquam
3192 541 3552 601 admiratione
3577 544 3818 618 dignum,

520 650 672 694 nunc
702 633 950 691 videnda.
998 652 1017 685 ι
1051 632 1206 689 Tunc
1238 630 1456 687 Otricus
1482 646 1605 686 eam
1636 630 1689 684 in
1721 639 1910 701 aperto
1936 628 2113 702 profe-

521 743 672 795 rens,
701 743 735 784 a
763 725 1028 784 Gerberto
1060 726 1141 782 sic
1168 725 1494 790 ordinatam,
1542 732 1597 780 et
1634 738 1667 778 a
1707 723 1820 780 suis
1845 722 2110 779 auditori-

520 821 628 882 bus
664 829 949 895 exceptam
974 821 1339 891 scriptamque
1369 817 1677 889 respondit;
1710 826 1766 874 et
1792 817 1874 873 sic
1911 816 2111 873 domno

440 980 450 991 ,
522 926 756 988 augusto
823 914 1104 987 legendam
1174 911 1437 984 porrexit.
1505 909 1636 978 Qua:
1707 908 1971 981 perlecta,
2044 908 2113 966 ad

523 1007 849 1064 Gerbertum
906 1006 1085 1062 delata
1133 1012 1234 1060 est.
1308 1003 1412 1072 Qui
1462 1002 1748 1074 diligenter
1802 1015 1922 1056 eam
1988 1015 2112 1071 per.

522 1116 794 1167 currens,
864 1100 920 1154 in
986 1107 1142 1170 parte
1198 1097 1484 1168 approbat,
1538 1103 1594 1151 et
1643 1095 1698 1150 in
1754 1103 1911 1166 parte
1970 1094 2112 1149 vitu-

516 1203 695 1266 perat,
726 1191 994 1264 simrulque
1036 1206 1147 1254 non
1188 1190 1268 1245 sic
1313 1204 1435 1244 eam
1478 1203 1600 1245 sese
1628 1186 1916 1244 ordinasse
1960 1200 2112 1242 asse-

516 1288 646 1345 ruit.
1120 1336 1125 1339 .

590 1379 680 1437 59.
719 1378 919 1435 Divisio
949 1377 1241 1433 theoretiee:
1266 1374 1334 1407 ⁶⁶¹
1363 1373 1706 1446 philosophia:
1725 1372 1782 1429 in
1806 1374 2109 1445 species.—

514 1474 762 1549 Bogatus
792 1484 973 1530 autem
1005 1474 1074 1529 ab
1120 1479 1350 1543 angusto
1381 1471 1673 1542 corrigere,
1707 1469 1784 1524 ait
1828 1483 1843 1523 :
1902 1487 1923 1520 ‹
1969 1468 2109 1536 Quo-

513 1569 689 1637 niam,
714 1584 748 1624 o
789 1581 986 1638 magne
1027 1580 1199 1621 caesar
1243 1573 1495 1634 auguste,
1532 1571 1584 1618 te
1614 1562 1700 1617 his
1727 1560 1979 1617 omnibus
2008 1576 2106 1631 po-

516 1661 712 1720 tiorem
752 1659 929 1725 video,
962 1657 1069 1713 tuis
1097 1668 1155 1713 ut
1179 1671 1276 1727 par
1306 1665 1390 1711 est
1409 1652 1577 1725 jussis
1606 1653 1829 1726 parebo.
1860 1653 1971 1709 Nec
1997 1667 2108 1707 mo—

514 1760 670 1818 vehit
721 1774 809 1814 me
855 1755 1233 1812 malivolorum
1280 1754 1440 1818 livor,
1478 1766 1709 1823 quorum
1754 1748 2015 1804 instinctu
2053 1746 2105 1802 id

511 1852 718 1911 factum
746 1859 849 1916 εει,
882 1858 943 1905 ut
991 1848 1293 1905 rectissima
1339 1842 1695 1917 philosophiae
1727 1839 1925 1902 divisio
1979 1854 2107 1908 pro~

512 1910 770 2004 babiliter
797 1910 1140 2012 dilucideque
1191 1956 1223 1995 a
1267 1910 1357 1994 me
1405 1950 1574 2007 nuper
1621 1932 1893 1995 ordinata,
1943 1930 2104 1984 unius
2135 1910 2183 1970 Β

514 2038 722 2110 speciei
759 2034 1129 2107 suppositione
1155 2031 1346 2087 vitiata
1377 2030 1448 2085 sit
1476 2028 1566 2082 ⁸⁸³.
1616 2027 1748 2081 Dico
1779 2024 1963 2094 itaque
1993 2038 2108 2077 ma-

514 2129 893 2194 thematicam,
950 2126 1238 2198 phisicam,
1292 2131 1349 2179 et
1406 2119 1791 2188 theologicam,
1841 2129 2108 2185 aequaevas

511 2222 689 2279 eidem
738 2219 923 2292 generi
972 2218 1216 2273 subesse.
1282 2214 1484 2269 Earum
1552 2221 1732 2266 autem
1782 2222 1973 2280 genus,
2026 2205 2107 2261 eis

514 2311 796 2384 aqualiter
817 2310 1166 2383 participare.
1190 2305 1301 2362 Nec
1324 2306 1440 2361 lieri
1465 2319 1646 2375 posse,
1671 2318 1834 2357 unam
1860 2300 2108 2357 eandem-

513 2421 624 2478 que
665 2406 924 2476 speciem,
955 2420 1061 2459 una
1087 2402 1388 2473 eademque
1437 2399 1668 2465 ratione,
1705 2398 1879 2453 eidem
1906 2392 2108 2467 speciei

514 2506 572 2558 et
592 2514 779 2571 parem
806 2511 947 2564 esse,
984 2505 1125 2552 etut
1151 2495 1468 2550 inferiorem
1500 2492 1610 2549 acsi
1656 2490 1838 2562 generi
1868 2486 2107 2559 speciem

509 2588 814 2660 subiacere.
841 2588 908 2643 Et
929 2603 1033 2658 ego
1060 2586 1280 2658 quidem
1310 2586 1377 2641 de
1400 2585 1483 2640 his
1506 2584 1585 2639 ita
1615 2583 1812 2640 sentio.
1837 2580 2109 2636 Caeterum

510 2684 559 2743 si
623 2683 747 2754 quis
812 2690 1004 2740 contra
1076 2681 1194 2737 haec
1264 2678 1577 2742 contendat,
1643 2676 1912 2731 rationem
1982 2672 2110 2727 inde

512 2774 753 2843 aﬁ'ectet,
806 2774 1081 2845 faciatque
1118 2788 1219 2830 nos
1274 2770 1603 2842 intelligere,
1656 2770 1800 2840 quod
1860 2766 2108 2823 fortassis

509 2873 726 2924 natura:
764 2865 935 2937 ipsius
962 2864 1124 2931 ratio,
1158 2863 1366 2921 nemini
1412 2863 1591 2918 adhuc
1620 2859 1916 2917 contulisse
1958 2857 2109 2914 vide-

509 2963 621 3019 tur.
668 2976 690 3012 ι

579 3050 672 3108 60.
733 3048 1087 3121 Philosophia:
1151 3049 1473 3104 divisio.‘-—
1536 3048 1617 3104 Ad
1688 3047 1805 3103 haec
1867 3045 2155 3127 Otricusp

510 3141 774 3200 innuente
815 3151 1063 3213 augusto,
1087 3141 1165 3196 sic
1193 3141 1308 3196 ait:
1360 3161 1379 3194 ‹
1428 3140 1694 3209 Quoniam
1753 3138 2108 3210 philosophiae

506 3240 697 3306 partes
719 3231 926 3302 aliquot
954 3231 1194 3287 breviter
1236 3231 1490 3303 attigisti,
1534 3229 1601 3284 ad
1633 3229 1851 3300 plenum
1887 3237 2108 3299 oportet

2212 634 2448 701 videtur,
2477 633 2521 689 si
2550 632 2707 689 alteri
2733 633 2906 688 altera
2933 634 3219 691 subdatur.
3260 632 3367 691 Sed
3393 636 3513 692 dico
3539 638 3811 708 phisiolo-

2213 725 2356 798 giam
2387 724 2606 796 pbisicae
2651 740 2823 796 genus
2869 741 2975 781 non
3022 741 3142 783 esse
3173 728 3626 798 quemadmodum
3673 745 3814 800 pro.

2212 820 2389 892 ponis,
2429 820 2741 892 nullamque
2766 835 2953 876 earum
2995 821 3355 883 dill‘erentiam
3384 822 3547 880 aliam
3590 839 3814 895 assero,

2213 914 2317 970 nisi
2359 929 2481 970 eam
2515 930 2677 986 quam
2713 914 2856 972 inter
2903 914 3303 987 philosophiam
3351 924 3406 974 et
3455 917 3815 991 philologiam

2213 1022 2501 1079 cognosco.
2563 1007 2819 1078 Alioquin
2865 1009 3156 1080 philologia
3209 1009 3568 1082 philosophiae
3633 1025 3815 1083 genus

2214 1099 2545 1153 conceditur.
2590 1116 2609 1151 ι
2647 1098 2733 1154 Ad
2765 1100 2880 1155 lucc
2908 1100 3320 1158 scolasticorum
3366 1102 3656 1160 multitudo
3682 1104 3817 1174 pbiq

2211 1187 2472 1264 losophiae
2494 1189 2814 1246 divisionem
2842 1192 3200 1264 interruptam
3223 1195 3631 1267 indignabatur,
3654 1210 3817 1252 eam.-

2211 1297 2319 1353 que
2354 1286 2523 1355 repeti
2578 1285 2719 1354 apud
2763 1295 3055 1359 augustum
3104 1290 3342 1359 petebat.
3400 1288 3617 1348 Otricus
3670 1303 3824 1345 vero

2209 1386 2334 1448 post
2400 1376 2678 1447 paululum
2736 1378 2879 1434 idem
2955 1379 3304 1450 repetendum
3358 1379 3596 1447 dicebat,
3650 1380 3815 1450 prius

2212 1475 2396 1523 tamen
2426 1467 2612 1524 habita
2661 1470 2872 1526 ratione
2909 1470 2976 1526 de
3004 1485 3169 1526 causa
3212 1470 3383 1540 ipsius
3413 1470 3811 1541 philosophiae;
3886 1504 3895 1510 ς

2210 1557 2608 1630 intendensque
2644 1559 2698 1614 in
2725 1558 3071 1629 Gerbertum,
3102 1575 3224 1633 quae
3248 1569 3394 1617 esset
3430 1576 3595 1618 causa
3625 1560 3809 1634 philo-

2210 1651 2417 1721 s0phiae
2450 1651 2851 1709 sciscitabatur.
3256 1674 3261 1679 ο

2281 1746 2372 1802 62.
2416 1746 2546 1813 Qum
2583 1748 2649 1802 sit
2684 1764 2846 1802 causa
2878 1747 3077 1803 conditi
3121 1748 3324 1803 mundi.
3353 1778 3426 1790 -—
3459 1746 3563 1815 Qui
3605 1762 3733 1804 cum
3776 1762 3817 1805 a

2211 1840 2499 1907 Gerberto,
2524 1851 2584 1896 ut
2607 1842 2850 1911 apertius
2876 1841 3004 1912 quid
3025 1841 3186 1897 vellet
3211 1843 3469 1907 ediceret,
3498 1850 3810 1912 rogaretur,

2212 1945 2391 1989 utrum
2420 1934 2671 1990 videlicet
2697 1951 2918 1990 causam
2946 1952 3050 2006 qua
3081 1937 3302 1993 inventa
3331 1945 3437 2002 est,
3467 1952 3537 1991 an
3578 1950 3815 1992 causam

2212 2027 2299 2081 cui
2331 2026 2549 2082 iuventa
2581 2027 2826 2091 debetur,
2855 2029 2944 2084 ille
2977 2045 3100 2085 mox
3127 2048 3142 2085 :
3175 2048 3194 2081 ‹
3224 2030 3420 2101 Ipsam,
3452 2030 3642 2101 inquit,
3675 2044 3814 2085 cau-

2210 2131 2327 2172 sam
2354 2117 2500 2186 dice,
2518 2128 2741 2189 preptcr
2759 2136 2924 2190 quam
2948 2121 3165 2176 inventa
3190 2122 3420 2177 videtur.
3454 2140 3473 2173 ι
3503 2120 3656 2177 Tunc
3676 2135 3819 2177 vero

2210 2208 2507 2281 Gerbertus
2538 2229 2551 2265 :
2582 2232 2601 2264 ι
2632 2212 2923 2281 Quoniam,
2958 2214 3157 2284 inquit,
3187 2230 3331 2270 nunc
3358 2225 3503 2284 patet
3526 2215 3652 2284 quid
3682 2230 3818 2284 pro-

2210 2319 2400 2375 ponas,
2431 2304 2550 2361 ideo
2578 2304 2799 2375 inquam
2826 2306 3047 2362 inventa
3077 2315 3185 2372 est,
3216 2315 3276 2361 ut
3302 2322 3368 2362 ex
3406 2322 3469 2361 ea
3506 2321 3818 2376 cognosca-

2211 2418 2334 2458 mus
2359 2402 2540 2458 divina
2570 2413 2624 2458 et
2647 2403 2903 2458 humana.
2939 2403 3008 2458 Et
3038 2402 3254 2459 Otricus
3277 2420 3289 2457 :
3316 2402 3425 2458 Cur
3450 2401 3625 2473 inquit
3645 2400 3823 2459 unius

2211 2495 2291 2551 rei
2319 2511 2560 2561 causam,
2605 2504 2687 2551 tot
2715 2497 3044 2553 dictionibus
3071 2496 3401 2552 non‘dnasti?
3440 2510 3562 2551 cum
3602 2511 3672 2552 ex
3698 2508 3823 2552 una

2211 2586 2459 2643 fortassis
2492 2586 2762 2643 nominari
2793 2588 2989 2659 potuit,
3020 2598 3076 2644 et
3103 2588 3550 2659 philosophorum
3576 2590 3648 2643 sit
3672 2587 3821 2643 bres

2210 2680 2371 2737 vitati
2395 2681 2653 2736 studere?
2684 2701 2705 2734 ι
3807 2697 3815 2701 ’

2283 2772 2374 2827 65.
2423 2770 2577 2838 Quod
2626 2789 2732 2829 non
2774 2773 2951 2828 omnia
2993 2773 3208 2829 nomina
3251 2789 3536 2828 causarum
3580 2772 3817 2843 singulis

2211 2864 2524 2920 dictionibus
2564 2866 2877 2936 emat-untur.
2902 2896 2974 2907 ο-
2996 2866 3294 2922 Gerbertus
3319 2880 3532 2936 quoque
3559 2881 3572 2920 :
3622 2881 3643 2917 ι
3684 2861 3815 2920 Non

2212 2972 2422 3023 omnes,
2454 2956 2650 3027 inquit,
2690 2973 2888 3023 causae,
2921 2972 3032 3013 uno
3060 2957 3241 3013 valent
3286 2958 3505 3013 nomine
3548 2955 3814 3027 proferri.

2212 3045 2426 3102 Etenim
2454 3062 2576 3103 cum
2604 3063 2634 3101 a
2662 3046 2890 3103 Platone
2933 3064 3097 3103 causa
3137 3048 3306 3103 creati
3334 3048 3520 3104 mundi
3563 3062 3672 3102 non
3698 3060 3817 3102 una

2212 3138 2308 3195 sed
2336 3139 2509 3196 tribus
2537 3139 2880 3203 dictionibus,
2926 3140 3068 3196 bona
3107 3140 3204 3197 Dei
3242 3140 3492 3197 voluntas
3529 3137 3815 3195 declarata

2214 3230 2304 3297 sit,
2337 3239 2550 3286 constat
2578 3230 2718 3286 hanc
2765 3231 2939 3287 creati
2985 3232 3171 3287 mundi
3212 3247 3455 3297 causam,
3501 3244 3610 3286 non
3647 3228 3816 3288 aliter

509 3304 575 3384 ut
601 3334 658 3384 et
683 3325 910 3391 dividas,
939 3332 993 3379 et
1019 3324 1339 3380 divisionem
1383 3321 1603 3378 euodes.
1639 3322 1836 3391 Sicque
1866 3320 1982 3377 ﬁeri
2010 3336 2107 3391 ρο·
2132 3304 2179 3366 C
2209 3325 2452 3395 potuisse
2476 3324 2731 3395 proferri.
2763 3324 2897 3380 Nam
2913 3326 2959 3381 si
2974 3324 3555 3381 dixissetvoluntatem
3580 3337 3814 3378 causam

510 3418 664 3489 terit,
697 3424 758 3473 ut
776 3431 842 3472 ex
865 3415 1131 3487 probabili
1151 3415 1439 3480 divisione,
1467 3413 1677 3469 vitiosae
1709 3412 1894 3485 figura:
1923 3412 2106 3483 suspi-

509 3510 617 3568 ciO‘
642 3525 674 3565 a
732 3516 787 3564 te
829 3516 1194 3564 removeatur.
1236 3527 1254 3560 ι
1309 3506 1464 3563 Τυηε
1506 3505 1722 3577 qudque
1758 3504 2102 3561 Gerbertus:

523 3620 544 3654 ι
575 3600 710 3659 Cum
735 3602 842 3657 hoc
873 3600 1048 3672 inquit
1075 3600 1256 3672 magni
1287 3607 1522 3665 constet,
1554 3606 1614 3653 ut
1646 3606 1771 3668 pote
1799 3598 2105 3653 divinarum

416 3756 423 3762 ,
509 3701 568 3752 et
592 3694 955 3753 humanarum
984 3707 1164 3750 rerum
1187 3692 1599 3764 comprehensio
1625 3691 1893 3758 veritatis,
1926 3700 2107 3748 tamen

510 3794 577 3844 ut
612 3802 716 3843 nec
764 3802 864 3844 nos
907 3787 1137 3858 ignaviae
1166 3802 1478 3859 arguamur,
1509 3794 1567 3842 et
1600 3785 1909 3842 auditorum
1940 3784 2107 3856 aliqui

506 3878 775 3951 proficere
816 3879 1045 3948 possint,
1098 3879 1395 3936 secundum
1440 3877 1673 3934 Vitruvii
1722 3888 1886 3948 atque
1930 3876 2108 3933 Boetii

509 3971 836 4030 divisionem
869 3972 1054 4029 dicere
1081 3989 1189 4029 non
1213 3974 1435 4046 pigebit.
1460 3972 1558 4029 Est
1586 3974 1733 4029 enim
1764 3972 2109 4044 philosophia

510 4078 717 4135 genus;
762 4063 919 4134 cujus
949 4064 1161 4134 species
1200 4072 1351 4131 sunt,
1382 4064 1646 4134 practice,
1680 4071 1739 4119 et
1776 4063 2107 4130 theoretiee;

507 4154 785 4228 practices
815 4170 946 4210 vero
973 4155 1184 4226 species
1233 4155 1376 4220 dico,
1430 4156 1878 4226 dispensativam,
1922 4156 2109 4213 distri-

507 4247 777 4315 butivam,
818 4247 1051 4303 civilem.
1104 4247 1217 4304 Sub
1256 4249 1554 4306 theoretiee
1599 4265 1729 4308 vero
1768 4267 1872 4308 non
1920 4252 2110 4307 incon-

511 4356 650 4413 grue
687 4338 1059 4411 intelliguntur
1104 4340 1314 4411 phisica
1387 4343 1669 4409 naturalis,
1724 4345 2109 4401 mathematica

513 4431 892 4503 intelligibilis,
943 4447 1006 4489 ac
1048 4432 1321 4505 theologia
1351 4434 1761 4492 intellectibilis.
1793 4436 2111 4508 Rursusque

512 4522 958 4580 mathematicam
979 4522 1079 4579 sub
1101 4523 1309 4594 phisica
1339 4540 1447 4582 non
1472 4536 1673 4598 praeter
1700 4528 1965 4585 rationem
1993 4529 2108 4587 col-

509 4609 774 4670 locamus.
810 4630 831 4666 ι

2211 3432 2332 3474 εεεε
2352 3417 2560 3483 mundi,
2592 3434 2699 3473 nou
2725 3418 2779 3473 id
2806 3427 2953 3475 esset
2971 3434 3345 3488 consequens;
3377 3416 3631 3489 quaelibet
3658 3414 3812 3472 enim

2211 3510 2478 3575 voluntas,
2526 3510 2580 3567 id
2614 3526 2736 3567 esse
2781 3512 3080 3578 videretur,
3125 3512 3268 3582 quod
3310 3508 3433 3566 non'
3460 3508 3730 3580 procedit.
3782 3525 3811 3562 ι

2208 3606 2388 3675 Atque
2433 3605 2523 3661 hic
2570 3606 2787 3685 Otricus
2832 3624 2847 3660 :
2901 3624 2920 3659 ι
2980 3605 3060 3671 Si,
3095 3605 3298 3676 inquit,
3326 3603 3420 3660 Dei
3467 3602 3815 3658 voluntatem

2212 3714 2433 3761 causam
2476 3699 2681 3755 condi'i
2728 3699 2915 3754 mundi
2952 3698 3203 3765 dixisset,
3242 3697 3462 3780 brevius
3489 3694 3713 3766 quidem
3752 3701 3816 3748 et

2213 3791 2543 3849 sufﬁcienter
2575 3792 2778 3848 dictum
2809 3790 2966 3855 foret,
3001 3807 3126 3848 cum
3163 3806 3457 3861 numquam
3502 3787 3611 3844 nisi
3662 3786 3815 3842 bona

2212 3884 2379 3939 fuerit
2404 3883 2501 3938 Dei
2524 3883 2789 3939 voluntas.
2822 3882 2939 3938 Non
2970 3885 3115 3940 enim
3138 3884 3340 3955 estqui
3368 3884 3574 3939 abnuat
3601 3881 3812 3937 bonam

2214 3992 2337 4033 esse
2350 3977 2444 4032 Dei
2459 3975 2811 4033 voluntatem.
2835 3996 2856 4030 ι
2884 3976 3261 4034 EtGerbertus
3287 3994 3300 4031 :
3331 3994 3351 4028 ι
3379 3976 3438 4031 Ιιι
3458 3977 3587 4041 hoc,
3606 3972 3812 4044 inquit,

2214 4071 2431 4142 penitus
2486 4086 2594 4127 non
2645 4071 2979 4128 contradico.
3041 4070 3149 4127 Sed
3196 4071 3348 4138 vide;
3403 4070 3530 4141 quia
3589 4073 3819 4124 constat

2212 4160 2385 4217 Deum
2416 4164 2720 4219 substantia
2746 4163 3084 4219 solummodo
3106 4164 3332 4228 bonum,
3354 4158 3655 4231 quamlibet
3674 4170 3815 4211 vero

2214 4263 2526 4311 creaturam
2573 4256 2987 4326 participatione
3033 4257 3250 4320 bonam,
3302 4254 3369 4309 ad
3426 4250 3542 4322 ejus
3593 4260 3815 4306 natura

2214 4350 2536 4421 qualitatem
2569 4350 3000 4421 exprimendam,
3051 4350 3191 4404 bona
3239 4346 3481 4402 additum
3514 4351 3622 4409 est,
3659 4341 3817 4414 quod

2213 4441 2271 4497 id
2295 4441 2413 4510 ejus
2439 4443 2716 4514 proprium
2746 4442 2837 4509 sit,
2868 4456 2975 4497 non
3000 4441 3164 4496 etiam
3187 4438 3475 4507 cujuslibet
3515 4443 3813 4491 creaturae.

2215 4532 2458 4590 Tandem
2506 4534 2769 4606 quidquid
2820 4534 2949 4590 illud
2995 4536 3087 4601 sit,
3130 4533 3184 4589 id
3213 4533 3331 4588 sine
3366 4529 3528 4586 dubio
3565 4536 3812 4593 censtat,

2214 4641 2327 4682 non
2355 4626 2539 4682 omnia
2568 4642 2855 4683 causarum
2901 4627 3122 4682 nomina
3154 4641 3262 4681 una
3292 4625 3528 4681 dictione
3571 4620 3817 4693 proferri

585 4703 675 4761 Gl.
718 4702 1069 4775 Reprehensio
1114 4705 1390 4765 divisionis
1432 4710 1498 4765 ab
1544 4709 1725 4769 Olrico
1764 4713 1986 4780 inutilis,
2043 4732 2109 4773 ac
2130 4684 2188 4747 Β
2212 4735 2393 4792 posse.
2424 4719 2557 4788 Quae
2588 4721 2732 4776 enim
2758 4721 2855 4776 tibi
2886 4721 3092 4776 umbrae
3111 4734 3274 4776 causa
3306 4717 3555 4774 videtur?
3574 4684 3656 4772 Ian
3688 4715 3817 4772 haec

512 4794 751 4867 ϐαι-θενιὶ
779 4799 1066 4869 responsio.
1105 4830 1178 4841 —
1211 4799 1487 4874 Nisusque
1512 4805 1658 4876 quod
1684 4806 1954 4878 reliquttm
1988 4818 2108 4865 erat

507 4889 793 4962 prosequi,
824 4890 1039 4947 Otricus
1077 4893 1407 4951 subintulit:
1465 4913 1486 4948 ‹
1529 4895 1695 4954 Miror
1733 4899 1985 4969 inquiens
2013 4916 2107 4959 ve-

508 4979 942 5051 hementissime,
988 4984 1132 5052 quod
1174 4986 1398 5055 phisica:
1443 4989 1886 5047 mathematicam
1933 4994 2013 5049 sic
2040 4994 2108 5050 de

508 5070 816 5145 propinquo
855 5072 1163 5140 subdidisti,
1192 5090 1314 5131 cum
1347 5078 1492 5133 inter
1514 5084 1800 5152 utramque
1838 5083 2108 5140 subalter-

512 5177 647 5218 num
682 5177 853 5235 genus
882 5154 1110 5235 intelligi
1138 5168 1310 5236 possit
1334 5168 1676 5241 phisiologia.
1712 5174 1982 5233 Vitiosum
2027 5187 2111 5232 et-

515 5258 660 5298 nnim
708 5258 867 5298 \vglrln
906 5260 1123 5298 viﬂalnr
1194 5262 1237 5298 ei

1286 5264 1447 5298 τιῖηὶῖι-
1481 5266 1635 5298 ιΛηηη
1673 5272 1839 5298 κΛιῙΙΛ
1872 5288 1996 5298 an..."
2043 5272 2108 5298 AI.

2211 4826 2321 4867 una
2347 4811 2587 4867 dictione
2608 4811 2832 4868 indicari
2868 4810 3048 4867 valet?
3076 4829 3096 4863 ι

2284 4900 2373 4956 64.
2395 4900 2530 4966 Qua:
2564 4900 2635 4934 ’⁵⁵³
2678 4902 2745 4956 sit
2789 4900 2861 4935 ⁴⁶⁸
2890 4917 3054 4956 causa
3078 4899 3148 4932 ⁸⁸³
3173 4901 3371 4956 umbra:
3417 4899 3507 4953 “'.
3541 4928 3615 4940 -—
3649 4916 3670 4951 ι
3702 4896 3821 4954 Sed

2212 4990 2335 5048 dico
2352 4991 2559 5049 umbra:
2573 5006 2791 5048 causam
2815 5006 2937 5049 esse
2977 5007 3176 5064 corpus
3192 4992 3297 5049 luci
3319 4991 3611 5063 objectum.
3627 4988 3824 5060 Atque

2216 5085 2337 5141 haec
2364 5084 2588 5142 brevius
2633 5084 2777 5141 nullo
2800 5086 2961 5143 modo
2992 5086 3101 5143 dici
3140 5087 3302 5143 valet.
3329 5087 3387 5142 Si
3417 5086 3564 5141 enim
3609 5097 3827 5155 corpus

2216 5177 2425 5233 umbra:
2454 5192 2674 5234 causam
2705 5178 2909 5236 dixeris
2929 5220 2945 5246 ,
2998 5180 3162 5236 nimis
3193 5194 3479 5236 commune
3509 5176 3818 5249 protulisti.

2221 5267 2374 5298 nun.‘
2401 5268 2443 5298 n:
2479 5283 2673 5298 Anan-Io
2710 5267 2979 5298 ΛιιῖΛηΙ-ιω
3030 5269 3266 5298 -νΑΙηΑ-ἷη
3328 5269 3379 5298 :1.
3431 5281 3649 5298 anAn-Ia
3684 5276 3784 5298 In“
