  <div class='ocr_page' id='page_1' title='image "/cluster/home/n/w/nwhite01/storage/ocr_20150623/138/hvd.32044015471774/060.png"; bbox 0 0 4026 6312; ppageno 0'>
   <div class='ocr_carea' id='block_1_1' title="bbox 154 473 256 534">
    <p class='ocr_par' dir='ltr' id='par_1_1' title="bbox 154 473 256 534">
     <span class='ocr_line' id='line_1_1' title="bbox 154 473 256 534; baseline 0.01 -1"><span class='ocrx_word' id='word_1_1' title='bbox 154 473 256 534; x_wconf 80' lang='lat' dir='ltr'><strong>I09</strong></span> 
     </span>
    </p>
   </div>
   <div class='ocr_carea' id='block_1_2' title="bbox 1118 472 2593 544">
    <p class='ocr_par' dir='ltr' id='par_1_2' title="bbox 1118 472 2593 544">
     <span class='ocr_line' id='line_1_2' title="bbox 1118 472 2593 544; baseline -0.002 -10"><span class='ocrx_word' id='word_1_2' title='bbox 1118 474 1592 536; x_wconf 79' lang='lat' dir='ltr'><strong>IIISTORIARUM</strong></span> <span class='ocrx_word' id='word_1_3' title='bbox 1629 474 1811 533; x_wconf 79' lang='lat' dir='ltr'><strong>LIBRI</strong></span> <span class='ocrx_word' id='word_1_4' title='bbox 1848 472 2203 544; x_wconf 74' lang='lat' dir='ltr'><strong>QUATUOB.</strong></span> <span class='ocrx_word' id='word_1_5' title='bbox 2227 504 2300 517; x_wconf 87' lang='lat'><strong>--</strong></span> <span class='ocrx_word' id='word_1_6' title='bbox 2335 475 2466 531; x_wconf 92' lang='lat' dir='ltr'><strong>LIB.</strong></span> <span class='ocrx_word' id='word_1_7' title='bbox 2506 474 2593 531; x_wconf 92' lang='lat' dir='ltr'><strong>III.</strong></span> 
     </span>
    </p>
   </div>
   <div class='ocr_carea' id='block_1_3' title="bbox 3321 475 3424 531">
    <p class='ocr_par' dir='ltr' id='par_1_3' title="bbox 3321 475 3424 531">
     <span class='ocr_line' id='line_1_3' title="bbox 3321 475 3424 531; baseline 0 0"><span class='ocrx_word' id='word_1_8' title='bbox 3321 475 3424 531; x_wconf 84' lang='lat' dir='ltr'><strong>IIO</strong></span> 
     </span>
    </p>
   </div>
   <div class='ocr_carea' id='block_1_4' title="bbox 152 571 3433 662">
    <p class='ocr_par' dir='ltr' id='par_1_4' title="bbox 152 571 3433 662">
     <span class='ocr_line' id='line_1_4' title="bbox 152 571 3433 662; baseline 0.002 -21"><span class='ocrx_word' id='word_1_9' title='bbox 152 587 252 642; x_wconf 86' lang='lat' dir='ltr'><strong>bus</strong></span> <span class='ocrx_word' id='word_1_10' title='bbox 285 583 677 652; x_wconf 77' lang='lat' dir='ltr'><strong>eﬂ’erri,vcluti</strong></span> <span class='ocrx_word' id='word_1_11' title='bbox 703 595 830 643; x_wconf 89' lang='lat' dir='ltr'><strong>sunt</strong></span> <span class='ocrx_word' id='word_1_12' title='bbox 852 601 1048 658; x_wconf 88' lang='lat' dir='ltr'><strong>genera</strong></span> <span class='ocrx_word' id='word_1_13' title='bbox 1071 604 1191 658; x_wconf 77' lang='lat' dir='ltr'><strong>qua:</strong></span> <span class='ocrx_word' id='word_1_14' title='bbox 1217 589 1520 660; x_wconf 86' lang='lat' dir='ltr'><strong>specierum</strong></span> <span class='ocrx_word' id='word_1_15' title='bbox 1546 603 1739 645; x_wconf 84' lang='lat' dir='ltr'><strong>causas</strong></span> <span class='ocrx_word' id='word_1_16' title='bbox 1766 571 1817 631; x_wconf 77' lang='grc' dir='ltr'>Α</span> <span class='ocrx_word' id='word_1_17' title='bbox 1843 599 2005 662; x_wconf 91' lang='lat' dir='ltr'><strong>atque</strong></span> <span class='ocrx_word' id='word_1_18' title='bbox 2029 589 2234 645; x_wconf 88' lang='lat' dir='ltr'><strong>utiliter</strong></span> <span class='ocrx_word' id='word_1_19' title='bbox 2269 589 2724 656; x_wconf 87' lang='lat' dir='ltr'><strong>amministravit;</strong></span> <span class='ocrx_word' id='word_1_20' title='bbox 2758 589 2842 645; x_wconf 91' lang='lat' dir='ltr'><strong>vir</strong></span> <span class='ocrx_word' id='word_1_21' title='bbox 2879 589 3061 660; x_wconf 82' lang='lat' dir='ltr'><strong>magni</strong></span> <span class='ocrx_word' id='word_1_22' title='bbox 3089 590 3312 661; x_wconf 76' lang='lat' dir='ltr'><strong>ingenii,</strong></span> <span class='ocrx_word' id='word_1_23' title='bbox 3349 601 3433 647; x_wconf 89' lang='lat' dir='ltr'><strong>to-</strong></span> 
     </span>
    </p>
   </div>
   <div class='ocr_carea' id='block_1_5' title="bbox 147 680 1736 754">
    <p class='ocr_par' dir='ltr' id='par_1_5' title="bbox 147 680 1736 754">
     <span class='ocr_line' id='line_1_5' title="bbox 147 680 1736 754; baseline -0.001 -18"><span class='ocrx_word' id='word_1_24' title='bbox 147 695 303 736; x_wconf 87' lang='lat' dir='ltr'><strong>nemo</strong></span> <span class='ocrx_word' id='word_1_25' title='bbox 340 680 594 751; x_wconf 88' lang='lat' dir='ltr'><strong>ignorat,</strong></span> <span class='ocrx_word' id='word_1_26' title='bbox 633 680 783 735; x_wconf 87' lang='lat' dir='ltr'><strong>velut</strong></span> <span class='ocrx_word' id='word_1_27' title='bbox 804 689 886 736; x_wconf 90' lang='lat' dir='ltr'><strong>est</strong></span> <span class='ocrx_word' id='word_1_28' title='bbox 911 682 1241 748; x_wconf 81' lang='lat' dir='ltr'><strong>substantia,</strong></span> <span class='ocrx_word' id='word_1_29' title='bbox 1269 682 1569 753; x_wconf 80' lang='lat' dir='ltr'><strong>quantitas,</strong></span> <span class='ocrx_word' id='word_1_30' title='bbox 1596 697 1736 754; x_wconf 89' lang='lat' dir='ltr'><strong>qua-</strong></span> 
     </span>
    </p>
   </div>
   <div class='ocr_carea' id='block_1_6' title="bbox 146 771 1741 848">
    <p class='ocr_par' dir='ltr' id='par_1_6' title="bbox 146 771 1741 848">
     <span class='ocr_line' id='line_1_6' title="bbox 146 771 1741 848; baseline 0.003 -22"><span class='ocrx_word' id='word_1_31' title='bbox 146 773 282 828; x_wconf 85' lang='lat' dir='ltr'><strong>litas.</strong></span> <span class='ocrx_word' id='word_1_32' title='bbox 321 771 442 827; x_wconf 82' lang='lat' dir='ltr'><strong>Alia</strong></span> <span class='ocrx_word' id='word_1_33' title='bbox 479 788 614 829; x_wconf 86' lang='lat' dir='ltr'><strong>vero</strong></span> <span class='ocrx_word' id='word_1_34' title='bbox 639 790 748 829; x_wconf 90' lang='lat' dir='ltr'><strong>non</strong></span> <span class='ocrx_word' id='word_1_35' title='bbox 788 775 1108 848; x_wconf 84' lang='lat' dir='ltr'><strong>simpliciter</strong></span> <span class='ocrx_word' id='word_1_36' title='bbox 1133 775 1504 847; x_wconf 88' lang='lat' dir='ltr'><strong>proferuntur,</strong></span> <span class='ocrx_word' id='word_1_37' title='bbox 1550 784 1611 832; x_wconf 91' lang='lat' dir='ltr'><strong>ut</strong></span> <span class='ocrx_word' id='word_1_38' title='bbox 1651 791 1741 831; x_wconf 88' lang='lat' dir='ltr'><strong>ra-</strong></span> 
     </span>
    </p>
   </div>
   <div class='ocr_carea' id='block_1_7' title="bbox 144 862 819 927">
    <p class='ocr_par' dir='ltr' id='par_1_7' title="bbox 144 862 819 927">
     <span class='ocr_line' id='line_1_7' title="bbox 144 862 819 927; baseline 0 -7"><span class='ocrx_word' id='word_1_39' title='bbox 144 862 338 920; x_wconf 86' lang='lat' dir='ltr'><strong>tionale</strong></span> <span class='ocrx_word' id='word_1_40' title='bbox 358 907 372 927; x_wconf 89' lang='lat'><strong>,</strong></span> <span class='ocrx_word' id='word_1_41' title='bbox 406 865 478 920; x_wconf 87' lang='lat' dir='ltr'><strong>ad</strong></span> <span class='ocrx_word' id='word_1_42' title='bbox 507 866 760 922; x_wconf 85' lang='lat' dir='ltr'><strong>mortale.</strong></span> <span class='ocrx_word' id='word_1_43' title='bbox 799 885 819 920; x_wconf 72' lang='grc' dir='ltr'><strong><em>ι</em></strong></span> 
     </span>
    </p>
   </div>
   <div class='ocr_carea' id='block_1_8' title="bbox 213 955 1735 1022">
    <p class='ocr_par' dir='ltr' id='par_1_8' title="bbox 213 955 1735 1022">
     <span class='ocr_line' id='line_1_8' title="bbox 213 955 1735 1022; baseline 0.006 -13"><span class='ocrx_word' id='word_1_44' title='bbox 213 956 296 1010; x_wconf 86' lang='grc'><strong>65.</strong></span> <span class='ocrx_word' id='word_1_45' title='bbox 327 955 472 1022; x_wconf 74' lang='lat' dir='ltr'><strong>Quid</strong></span> <span class='ocrx_word' id='word_1_46' title='bbox 519 960 872 1015; x_wconf 67' lang='lat' dir='ltr'><strong>continentia:</strong></span> <span class='ocrx_word' id='word_1_47' title='bbox 893 960 964 993; x_wconf 78' lang='grc'><strong>⁸⁸⁸</strong></span> <span class='ocrx_word' id='word_1_48' title='bbox 987 961 1057 1016; x_wconf 76' lang='lat' dir='ltr'><strong>sit</strong></span> <span class='ocrx_word' id='word_1_49' title='bbox 1084 962 1345 1018; x_wconf 78' lang='lat' dir='ltr'><strong>rationale</strong></span> <span class='ocrx_word' id='word_1_50' title='bbox 1370 980 1440 1018; x_wconf 88' lang='lat' dir='ltr'><strong>an</strong></span> <span class='ocrx_word' id='word_1_51' title='bbox 1479 961 1551 995; x_wconf 79' lang='grc'><strong>⁸⁸⁸</strong></span> <span class='ocrx_word' id='word_1_52' title='bbox 1591 979 1735 1018; x_wconf 86' lang='lat' dir='ltr'><strong>mor-</strong></span> 
     </span>
    </p>
   </div>
   <div class='ocr_carea' id='block_1_9' title="bbox 142 1050 1733 1113">
    <p class='ocr_par' dir='ltr' id='par_1_9' title="bbox 142 1050 1733 1113">
     <span class='ocr_line' id='line_1_9' title="bbox 142 1050 1733 1113; baseline 0.006 -10"><span class='ocrx_word' id='word_1_53' title='bbox 142 1050 242 1106; x_wconf 74' lang='lat' dir='ltr'><strong>tale</strong></span> <span class='ocrx_word' id='word_1_54' title='bbox 263 1050 356 1103; x_wconf 72' lang='grc'>⁸⁵⁸.</span> <span class='ocrx_word' id='word_1_55' title='bbox 381 1081 460 1092; x_wconf 91' lang='grc'><strong><em>-</em></strong></span> <span class='ocrx_word' id='word_1_56' title='bbox 493 1051 644 1108; x_wconf 84' lang='lat' dir='ltr'><strong>Tunc</strong></span> <span class='ocrx_word' id='word_1_57' title='bbox 671 1054 1045 1111; x_wconf 79' lang='lat' dir='ltr'><strong>vehementius</strong></span> <span class='ocrx_word' id='word_1_58' title='bbox 1072 1055 1290 1112; x_wconf 89' lang='lat' dir='ltr'><strong>Otricus</strong></span> <span class='ocrx_word' id='word_1_59' title='bbox 1317 1057 1592 1113; x_wconf 89' lang='lat' dir='ltr'><strong>admirans</strong></span> <span class='ocrx_word' id='word_1_60' title='bbox 1618 1058 1733 1113; x_wconf 85' lang='lat' dir='ltr'><strong>ait:</strong></span> 
     </span>
    </p>
   </div>
   <div class='ocr_carea' id='block_1_10' title="bbox 148 1143 1737 1219">
    <p class='ocr_par' dir='ltr' id='par_1_10' title="bbox 148 1143 1737 1219">
     <span class='ocr_line' id='line_1_10' title="bbox 148 1143 1737 1219; baseline 0.007 -24"><span class='ocrx_word' id='word_1_61' title='bbox 148 1161 168 1194; x_wconf 73' lang='grc' dir='ltr'><strong>α</strong></span> <span class='ocrx_word' id='word_1_62' title='bbox 197 1143 276 1197; x_wconf 66' lang='lat' dir='ltr'><strong>An</strong></span> <span class='ocrx_word' id='word_1_63' title='bbox 310 1143 543 1200; x_wconf 80' lang='lat' dir='ltr'><strong>mortale</strong></span> <span class='ocrx_word' id='word_1_64' title='bbox 568 1145 824 1202; x_wconf 81' lang='lat' dir='ltr'><strong>rationali</strong></span> <span class='ocrx_word' id='word_1_65' title='bbox 855 1149 1153 1219; x_wconf 87' lang='lat' dir='ltr'><strong>supponis?</strong></span> <span class='ocrx_word' id='word_1_66' title='bbox 1175 1149 1308 1216; x_wconf 83' lang='lat' dir='ltr'><strong>Quis</strong></span> <span class='ocrx_word' id='word_1_67' title='bbox 1355 1149 1566 1205; x_wconf 92' lang='lat' dir='ltr'><strong>nesciat</strong></span> <span class='ocrx_word' id='word_1_68' title='bbox 1593 1149 1737 1219; x_wconf 90' lang='lat' dir='ltr'><strong>quod</strong></span> 
     </span>
    </p>
   </div>
   <div class='ocr_carea' id='block_1_11' title="bbox 140 1237 1733 1314">
    <p class='ocr_par' dir='ltr' id='par_1_11' title="bbox 140 1237 1733 1314">
     <span class='ocr_line' id='line_1_11' title="bbox 140 1237 1733 1314; baseline 0.003 -23"><span class='ocrx_word' id='word_1_69' title='bbox 140 1237 398 1293; x_wconf 82' lang='lat' dir='ltr'><strong>rationale</strong></span> <span class='ocrx_word' id='word_1_70' title='bbox 427 1239 600 1294; x_wconf 89' lang='lat' dir='ltr'><strong>Deum</strong></span> <span class='ocrx_word' id='word_1_71' title='bbox 621 1249 679 1296; x_wconf 89' lang='lat' dir='ltr'><strong>et</strong></span> <span class='ocrx_word' id='word_1_72' title='bbox 706 1241 956 1312; x_wconf 75' lang='lat' dir='ltr'><strong>angelum</strong></span> <span class='ocrx_word' id='word_1_73' title='bbox 992 1243 1374 1314; x_wconf 84' lang='lat' dir='ltr'><strong>hominemque</strong></span> <span class='ocrx_word' id='word_1_74' title='bbox 1425 1242 1733 1309; x_wconf 84' lang='lat' dir='ltr'><strong>concludat,</strong></span> 
     </span>
    </p>
   </div>
   <div class='ocr_carea' id='block_1_12' title="bbox 145 1330 1735 1403">
    <p class='ocr_par' dir='ltr' id='par_1_12' title="bbox 145 1330 1735 1403">
     <span class='ocr_line' id='line_1_12' title="bbox 145 1330 1735 1403; baseline 0.003 -20"><span class='ocrx_word' id='word_1_75' title='bbox 145 1330 368 1384; x_wconf 83' lang='lat' dir='ltr'><strong>mortale</strong></span> <span class='ocrx_word' id='word_1_76' title='bbox 406 1345 538 1388; x_wconf 81' lang='lat' dir='ltr'><strong>vero</strong></span> <span class='ocrx_word' id='word_1_77' title='bbox 581 1341 767 1403; x_wconf 91' lang='lat' dir='ltr'><strong>utpote</strong></span> <span class='ocrx_word' id='word_1_78' title='bbox 810 1332 984 1402; x_wconf 87' lang='lat' dir='ltr'><strong>majus</strong></span> <span class='ocrx_word' id='word_1_79' title='bbox 1023 1343 1078 1390; x_wconf 87' lang='lat' dir='ltr'><strong>et</strong></span> <span class='ocrx_word' id='word_1_80' title='bbox 1125 1334 1497 1390; x_wconf 90' lang='lat' dir='ltr'><strong>continentius</strong></span> <span class='ocrx_word' id='word_1_81' title='bbox 1550 1333 1735 1389; x_wconf 88' lang='lat' dir='ltr'><strong>omnia</strong></span> 
     </span>
    </p>
   </div>
   <div class='ocr_carea' id='block_1_13' title="bbox 143 1421 1736 1496">
    <p class='ocr_par' dir='ltr' id='par_1_13' title="bbox 143 1421 1736 1496">
     <span class='ocr_line' id='line_1_13' title="bbox 143 1421 1736 1496; baseline 0.003 -21"><span class='ocrx_word' id='word_1_82' title='bbox 143 1421 385 1476; x_wconf 81' lang='lat' dir='ltr'><strong>mortalia</strong></span> <span class='ocrx_word' id='word_1_83' title='bbox 435 1432 493 1476; x_wconf 89' lang='lat' dir='ltr'><strong>et</strong></span> <span class='ocrx_word' id='word_1_84' title='bbox 543 1439 640 1493; x_wconf 86' lang='lat' dir='ltr'><strong>per</strong></span> <span class='ocrx_word' id='word_1_85' title='bbox 697 1424 802 1479; x_wconf 90' lang='lat' dir='ltr'><strong>hoc</strong></span> <span class='ocrx_word' id='word_1_86' title='bbox 849 1424 1059 1480; x_wconf 82' lang='lat' dir='ltr'><strong>inﬁnita</strong></span> <span class='ocrx_word' id='word_1_87' title='bbox 1115 1425 1372 1496; x_wconf 74' lang='lat' dir='ltr'><strong>colligat?</strong></span> <span class='ocrx_word' id='word_1_88' title='bbox 1414 1443 1434 1476; x_wconf 72' lang='grc' dir='ltr'><strong><em>ι</em></strong></span> <span class='ocrx_word' id='word_1_89' title='bbox 1484 1424 1569 1480; x_wconf 81' lang='lat' dir='ltr'><strong>Ad</strong></span> <span class='ocrx_word' id='word_1_90' title='bbox 1621 1423 1736 1479; x_wconf 64' lang='lat' dir='ltr'><strong>haec</strong></span> 
     </span>
    </p>
   </div>
   <div class='ocr_carea' id='block_1_14' title="bbox 142 1509 1734 1584">
    <p class='ocr_par' dir='ltr' id='par_1_14' title="bbox 142 1509 1734 1584">
     <span class='ocr_line' id='line_1_14' title="bbox 142 1509 1734 1584; baseline 0.001 -18"><span class='ocrx_word' id='word_1_91' title='bbox 142 1509 432 1567; x_wconf 86' lang='lat' dir='ltr'><strong>Gerbertus</strong></span> <span class='ocrx_word' id='word_1_92' title='bbox 467 1529 480 1565; x_wconf 91' lang='lat'><strong>:</strong></span> <span class='ocrx_word' id='word_1_93' title='bbox 510 1529 531 1564; x_wconf 77' lang='grc' dir='ltr'>ι</span> <span class='ocrx_word' id='word_1_94' title='bbox 559 1511 640 1578; x_wconf 90' lang='lat' dir='ltr'><strong>Si,</strong></span> <span class='ocrx_word' id='word_1_95' title='bbox 671 1513 864 1583; x_wconf 90' lang='lat' dir='ltr'><strong>inquit,</strong></span> <span class='ocrx_word' id='word_1_96' title='bbox 884 1514 1181 1569; x_wconf 89' lang='lat' dir='ltr'><strong>secundum</strong></span> <span class='ocrx_word' id='word_1_97' title='bbox 1203 1513 1548 1584; x_wconf 87' lang='lat' dir='ltr'><strong>Porphirium</strong></span> <span class='ocrx_word' id='word_1_98' title='bbox 1574 1523 1734 1582; x_wconf 89' lang='lat' dir='ltr'><strong>atque</strong></span> 
     </span>
    </p>
   </div>
   <div class='ocr_carea' id='block_1_15' title="bbox 141 1603 1730 1677">
    <p class='ocr_par' dir='ltr' id='par_1_15' title="bbox 141 1603 1730 1677">
     <span class='ocr_line' id='line_1_15' title="bbox 141 1603 1730 1677; baseline 0.001 -19"><span class='ocrx_word' id='word_1_99' title='bbox 141 1603 404 1672; x_wconf 88' lang='lat' dir='ltr'><strong>Boetium,</strong></span> <span class='ocrx_word' id='word_1_100' title='bbox 429 1605 751 1662; x_wconf 74' lang='lat' dir='ltr'><strong>substantiae</strong></span> <span class='ocrx_word' id='word_1_101' title='bbox 785 1607 1132 1673; x_wconf 76' lang='lat' dir='ltr'><strong>divisionem,</strong></span> <span class='ocrx_word' id='word_1_102' title='bbox 1160 1623 1330 1677; x_wconf 88' lang='lat' dir='ltr'><strong>usque</strong></span> <span class='ocrx_word' id='word_1_103' title='bbox 1357 1608 1424 1662; x_wconf 91' lang='lat' dir='ltr'><strong>ad</strong></span> <span class='ocrx_word' id='word_1_104' title='bbox 1454 1606 1730 1662; x_wconf 85' lang='lat' dir='ltr'><strong>individua</strong></span> 
     </span>
    </p>
   </div>
   <div class='ocr_carea' id='block_1_16' title="bbox 147 1697 1731 1771">
    <p class='ocr_par' dir='ltr' id='par_1_16' title="bbox 147 1697 1731 1771">
     <span class='ocr_line' id='line_1_16' title="bbox 147 1697 1731 1771; baseline -0.001 -17"><span class='ocrx_word' id='word_1_105' title='bbox 147 1699 335 1754; x_wconf 85' lang='lat' dir='ltr'><strong>idonea</strong></span> <span class='ocrx_word' id='word_1_106' title='bbox 365 1699 663 1770; x_wconf 86' lang='lat' dir='ltr'><strong>partitione</strong></span> <span class='ocrx_word' id='word_1_107' title='bbox 691 1700 1088 1771; x_wconf 87' lang='lat' dir='ltr'><strong>perpenderes,</strong></span> <span class='ocrx_word' id='word_1_108' title='bbox 1129 1699 1399 1755; x_wconf 87' lang='lat' dir='ltr'><strong>rationale</strong></span> <span class='ocrx_word' id='word_1_109' title='bbox 1443 1697 1731 1754; x_wconf 85' lang='lat' dir='ltr'><strong>continen-</strong></span> 
     </span>
    </p>
   </div>
   <div class='ocr_carea' id='block_1_17' title="bbox 143 1789 1733 1863">
    <p class='ocr_par' dir='ltr' id='par_1_17' title="bbox 143 1789 1733 1863">
     <span class='ocr_line' id='line_1_17' title="bbox 143 1789 1733 1863; baseline -0.002 -17"><span class='ocrx_word' id='word_1_110' title='bbox 143 1793 240 1846; x_wconf 86' lang='lat' dir='ltr'><strong>tius</strong></span> <span class='ocrx_word' id='word_1_111' title='bbox 268 1807 434 1861; x_wconf 84' lang='lat' dir='ltr'><strong>quam</strong></span> <span class='ocrx_word' id='word_1_112' title='bbox 467 1792 698 1847; x_wconf 90' lang='lat' dir='ltr'><strong>mortale</strong></span> <span class='ocrx_word' id='word_1_113' title='bbox 746 1793 865 1848; x_wconf 88' lang='lat' dir='ltr'><strong>sine</strong></span> <span class='ocrx_word' id='word_1_114' title='bbox 895 1792 1057 1848; x_wconf 90' lang='lat' dir='ltr'><strong>dubio</strong></span> <span class='ocrx_word' id='word_1_115' title='bbox 1083 1793 1314 1848; x_wconf 85' lang='lat' dir='ltr'><strong>haberes</strong></span> <span class='ocrx_word' id='word_1_116' title='bbox 1339 1833 1353 1855; x_wconf 96' lang='lat'><strong>,</strong></span> <span class='ocrx_word' id='word_1_117' title='bbox 1410 1789 1570 1863; x_wconf 86' lang='lat' dir='ltr'><strong>idque</strong></span> <span class='ocrx_word' id='word_1_118' title='bbox 1602 1805 1733 1848; x_wconf 86' lang='lat' dir='ltr'><strong>con-</strong></span> 
     </span>
    </p>
   </div>
   <div class='ocr_carea' id='block_1_18' title="bbox 141 1884 1727 1956">
    <p class='ocr_par' dir='ltr' id='par_1_18' title="bbox 141 1884 1727 1956">
     <span class='ocr_line' id='line_1_18' title="bbox 141 1884 1727 1956; baseline 0.002 -19"><span class='ocrx_word' id='word_1_119' title='bbox 141 1885 284 1955; x_wconf 85' lang='lat' dir='ltr'><strong>gmis</strong></span> <span class='ocrx_word' id='word_1_120' title='bbox 329 1884 638 1939; x_wconf 80' lang='lat' dir='ltr'><strong>rationibus</strong></span> <span class='ocrx_word' id='word_1_121' title='bbox 668 1885 966 1951; x_wconf 74' lang='lat' dir='ltr'><strong>enucleari,</strong></span> <span class='ocrx_word' id='word_1_122' title='bbox 1012 1885 1066 1939; x_wconf 92' lang='lat' dir='ltr'><strong>in</strong></span> <span class='ocrx_word' id='word_1_123' title='bbox 1098 1894 1348 1956; x_wconf 89' lang='lat' dir='ltr'><strong>promptu</strong></span> <span class='ocrx_word' id='word_1_124' title='bbox 1380 1895 1485 1940; x_wconf 92' lang='lat' dir='ltr'><strong>est.</strong></span> <span class='ocrx_word' id='word_1_125' title='bbox 1515 1884 1727 1940; x_wconf 87' lang='lat' dir='ltr'><strong>Etenim</strong></span> 
     </span>
    </p>
   </div>
   <div class='ocr_carea' id='block_1_19' title="bbox 1843 681 3430 752">
    <p class='ocr_par' dir='ltr' id='par_1_19' title="bbox 1843 681 3430 752">
     <span class='ocr_line' id='line_1_19' title="bbox 1843 681 3430 752; baseline 0.001 -15"><span class='ocrx_word' id='word_1_126' title='bbox 1843 681 2061 752; x_wconf 90' lang='lat' dir='ltr'><strong>tiusque</strong></span> <span class='ocrx_word' id='word_1_127' title='bbox 2088 681 2326 747; x_wconf 91' lang='lat' dir='ltr'><strong>virtutis,</strong></span> <span class='ocrx_word' id='word_1_128' title='bbox 2358 681 2662 736; x_wconf 88' lang='lat' dir='ltr'><strong>liberalium</strong></span> <span class='ocrx_word' id='word_1_129' title='bbox 2693 681 2998 737; x_wconf 89' lang='lat' dir='ltr'><strong>litterarum</strong></span> <span class='ocrx_word' id='word_1_130' title='bbox 3045 683 3272 738; x_wconf 92' lang='lat' dir='ltr'><strong>scientia</strong></span> <span class='ocrx_word' id='word_1_131' title='bbox 3317 684 3430 739; x_wconf 83' lang='lat' dir='ltr'><strong>cla-</strong></span> 
     </span>
    </p>
   </div>
   <div class='ocr_carea' id='block_1_20' title="bbox 1841 772 3428 847">
    <p class='ocr_par' dir='ltr' id='par_1_20' title="bbox 1841 772 3428 847">
     <span class='ocr_line' id='line_1_20' title="bbox 1841 772 3428 847; baseline 0.002 -18"><span class='ocrx_word' id='word_1_132' title='bbox 1841 788 1955 840; x_wconf 86' lang='lat' dir='ltr'><strong>rus,</strong></span> <span class='ocrx_word' id='word_1_133' title='bbox 1986 773 2121 828; x_wconf 89' lang='lat' dir='ltr'><strong>adeo</strong></span> <span class='ocrx_word' id='word_1_134' title='bbox 2167 779 2226 826; x_wconf 93' lang='lat' dir='ltr'><strong>ut</strong></span> <span class='ocrx_word' id='word_1_135' title='bbox 2269 773 2323 826; x_wconf 94' lang='lat' dir='ltr'><strong>in</strong></span> <span class='ocrx_word' id='word_1_136' title='bbox 2364 772 2690 844; x_wconf 90' lang='lat' dir='ltr'><strong>disputando</strong></span> <span class='ocrx_word' id='word_1_137' title='bbox 2719 790 2786 830; x_wconf 85' lang='lat' dir='ltr'><strong>ex</strong></span> <span class='ocrx_word' id='word_1_138' title='bbox 2829 784 2947 830; x_wconf 90' lang='lat' dir='ltr'><strong>arte</strong></span> <span class='ocrx_word' id='word_1_139' title='bbox 2996 787 3049 831; x_wconf 89' lang='lat' dir='ltr'><strong>ct</strong></span> <span class='ocrx_word' id='word_1_140' title='bbox 3081 786 3428 847; x_wconf 88' lang='lat' dir='ltr'><strong>proponeret,</strong></span> 
     </span>
    </p>
   </div>
   <div class='ocr_carea' id='block_1_21' title="bbox 1840 867 3431 940">
    <p class='ocr_par' dir='ltr' id='par_1_21' title="bbox 1840 867 3431 940">
     <span class='ocr_line' id='line_1_21' title="bbox 1840 867 3431 940; baseline 0.001 -17"><span class='ocrx_word' id='word_1_141' title='bbox 1840 876 1896 924; x_wconf 92' lang='lat' dir='ltr'><strong>et</strong></span> <span class='ocrx_word' id='word_1_142' title='bbox 1946 867 2299 939; x_wconf 89' lang='lat' dir='ltr'><strong>probabiliter</strong></span> <span class='ocrx_word' id='word_1_143' title='bbox 2346 867 2718 924; x_wconf 89' lang='lat' dir='ltr'><strong>concluderet.</strong></span> <span class='ocrx_word' id='word_1_144' title='bbox 2771 867 2946 924; x_wconf 87' lang='lat' dir='ltr'><strong>Penes</strong></span> <span class='ocrx_word' id='word_1_145' title='bbox 2989 887 3151 940; x_wconf 89' lang='lat' dir='ltr'><strong>quem</strong></span> <span class='ocrx_word' id='word_1_146' title='bbox 3205 885 3431 939; x_wconf 83' lang='lat' dir='ltr'><strong>regnum</strong></span> 
     </span>
    </p>
   </div>
   <div class='ocr_carea' id='block_1_22' title="bbox 1841 959 3425 1036">
    <p class='ocr_par' dir='ltr' id='par_1_22' title="bbox 1841 959 3425 1036">
     <span class='ocr_line' id='line_1_22' title="bbox 1841 959 3425 1036; baseline 0.003 -20"><span class='ocrx_word' id='word_1_147' title='bbox 1841 959 2148 1016; x_wconf 74' lang='lat' dir='ltr'><strong>Germania:</strong></span> <span class='ocrx_word' id='word_1_148' title='bbox 2207 977 2330 1017; x_wconf 92' lang='lat' dir='ltr'><strong>cum</strong></span> <span class='ocrx_word' id='word_1_149' title='bbox 2376 959 2670 1017; x_wconf 87' lang='lat' dir='ltr'><strong>Galliarum</strong></span> <span class='ocrx_word' id='word_1_150' title='bbox 2713 961 2891 1032; x_wconf 90' lang='lat' dir='ltr'><strong>aliqua</strong></span> <span class='ocrx_word' id='word_1_151' title='bbox 2936 974 3116 1034; x_wconf 90' lang='lat' dir='ltr'><strong>parte,</strong></span> <span class='ocrx_word' id='word_1_152' title='bbox 3158 980 3328 1036; x_wconf 91' lang='lat' dir='ltr'><strong>usque</strong></span> <span class='ocrx_word' id='word_1_153' title='bbox 3359 967 3425 1022; x_wconf 90' lang='lat' dir='ltr'><strong>ad</strong></span> 
     </span>
    </p>
   </div>
   <div class='ocr_carea' id='block_1_23' title="bbox 1839 1037 3465 1127">
    <p class='ocr_par' dir='ltr' id='par_1_23' title="bbox 1839 1037 3465 1127">
     <span class='ocr_line' id='line_1_23' title="bbox 1839 1037 3465 1127; baseline 0.001 -16"><span class='ocrx_word' id='word_1_154' title='bbox 1839 1055 1981 1111; x_wconf 91' lang='lat' dir='ltr'><strong>diem</strong></span> <span class='ocrx_word' id='word_1_155' title='bbox 2033 1056 2159 1111; x_wconf 79' lang='lat' dir='ltr'><strong>vita:</strong></span> <span class='ocrx_word' id='word_1_156' title='bbox 2188 1053 2306 1125; x_wconf 85' lang='lat' dir='ltr'><strong>ejus</strong></span> <span class='ocrx_word' id='word_1_157' title='bbox 2358 1071 2694 1126; x_wconf 91' lang='lat' dir='ltr'><strong>supremum,</strong></span> <span class='ocrx_word' id='word_1_158' title='bbox 2726 1056 2946 1122; x_wconf 89' lang='lat' dir='ltr'><strong>mansit,</strong></span> <span class='ocrx_word' id='word_1_159' title='bbox 2999 1058 3094 1112; x_wconf 91' lang='lat' dir='ltr'><strong>sed</strong></span> <span class='ocrx_word' id='word_1_160' title='bbox 3140 1037 3465 1127; x_wconf 30' lang='lat' dir='ltr'><strong>aliquando.</strong></span> 
     </span>
    </p>
   </div>
   <div class='ocr_carea' id='block_1_24' title="bbox 1839 1131 3466 1221">
    <p class='ocr_par' dir='ltr' id='par_1_24' title="bbox 1839 1131 3466 1221">
     <span class='ocr_line' id='line_1_24' title="bbox 1839 1131 3466 1221; baseline -0.002 -15"><span class='ocrx_word' id='word_1_161' title='bbox 1839 1150 2002 1206; x_wconf 90' lang='lat' dir='ltr'><strong>dubio</strong></span> <span class='ocrx_word' id='word_1_162' title='bbox 2031 1159 2196 1206; x_wconf 89' lang='lat' dir='ltr'><strong>statu.</strong></span> <span class='ocrx_word' id='word_1_163' title='bbox 2229 1150 2364 1206; x_wconf 88' lang='lat' dir='ltr'><strong>Nam</strong></span> <span class='ocrx_word' id='word_1_164' title='bbox 2392 1151 2533 1206; x_wconf 89' lang='lat' dir='ltr'><strong>inter</strong></span> <span class='ocrx_word' id='word_1_165' title='bbox 2556 1150 2732 1221; x_wconf 90' lang='lat' dir='ltr'><strong>ipsum</strong></span> <span class='ocrx_word' id='word_1_166' title='bbox 2781 1158 2837 1205; x_wconf 93' lang='lat' dir='ltr'><strong>et</strong></span> <span class='ocrx_word' id='word_1_167' title='bbox 2881 1149 3198 1204; x_wconf 91' lang='lat' dir='ltr'><strong>Lotbarium</strong></span> <span class='ocrx_word' id='word_1_168' title='bbox 3247 1147 3429 1204; x_wconf 86' lang='lat' dir='ltr'><strong>Gallo-</strong></span> <span class='ocrx_word' id='word_1_169' title='bbox 3462 1131 3466 1136; x_wconf 61' lang='grc'><strong>’</strong></span> 
     </span>
    </p>
   </div>
   <div class='ocr_carea' id='block_1_25' title="bbox 1838 1241 3433 1316">
    <p class='ocr_par' dir='ltr' id='par_1_25' title="bbox 1838 1241 3433 1316">
     <span class='ocr_line' id='line_1_25' title="bbox 1838 1241 3433 1316; baseline -0.003 -18"><span class='ocrx_word' id='word_1_170' title='bbox 1838 1259 1957 1298; x_wconf 92' lang='lat' dir='ltr'><strong>rum</strong></span> <span class='ocrx_word' id='word_1_171' title='bbox 2013 1259 2217 1316; x_wconf 91' lang='lat' dir='ltr'><strong>regem,</strong></span> <span class='ocrx_word' id='word_1_172' title='bbox 2274 1244 2597 1315; x_wconf 88' lang='lat' dir='ltr'><strong>quandoque</strong></span> <span class='ocrx_word' id='word_1_173' title='bbox 2633 1243 2701 1275; x_wconf 67' lang='grc'><strong>⁸⁷⁸</strong></span> <span class='ocrx_word' id='word_1_174' title='bbox 2742 1252 2797 1298; x_wconf 91' lang='lat' dir='ltr'><strong>et</strong></span> <span class='ocrx_word' id='word_1_175' title='bbox 2845 1242 3026 1298; x_wconf 90' lang='lat' dir='ltr'><strong>odium</strong></span> <span class='ocrx_word' id='word_1_176' title='bbox 3078 1241 3334 1305; x_wconf 89' lang='lat' dir='ltr'><strong>immane,</strong></span> <span class='ocrx_word' id='word_1_177' title='bbox 3376 1249 3433 1295; x_wconf 89' lang='lat' dir='ltr'><strong>et</strong></span> 
     </span>
    </p>
   </div>
   <div class='ocr_carea' id='block_1_26' title="bbox 1839 1331 3430 1406">
    <p class='ocr_par' dir='ltr' id='par_1_26' title="bbox 1839 1331 3430 1406">
     <span class='ocr_line' id='line_1_26' title="bbox 1839 1331 3430 1406; baseline -0.003 -16"><span class='ocrx_word' id='word_1_178' title='bbox 1839 1349 2038 1406; x_wconf 87' lang='lat' dir='ltr'><strong>anceps</strong></span> <span class='ocrx_word' id='word_1_179' title='bbox 2069 1335 2295 1392; x_wconf 86' lang='lat' dir='ltr'><strong>victoria</strong></span> <span class='ocrx_word' id='word_1_180' title='bbox 2343 1334 2464 1390; x_wconf 89' lang='lat' dir='ltr'><strong>fuit.</strong></span> <span class='ocrx_word' id='word_1_181' title='bbox 2498 1334 2712 1390; x_wconf 87' lang='lat' dir='ltr'><strong>Etenim</strong></span> <span class='ocrx_word' id='word_1_182' title='bbox 2741 1350 2866 1390; x_wconf 91' lang='lat' dir='ltr'><strong>cum</strong></span> <span class='ocrx_word' id='word_1_183' title='bbox 2896 1335 2964 1388; x_wconf 93' lang='lat' dir='ltr'><strong>ab</strong></span> <span class='ocrx_word' id='word_1_184' title='bbox 2991 1333 3186 1388; x_wconf 86' lang='lat' dir='ltr'><strong>Ottone</strong></span> <span class='ocrx_word' id='word_1_185' title='bbox 3213 1331 3430 1402; x_wconf 86' lang='lat' dir='ltr'><strong>Belgica</strong></span> 
     </span>
    </p>
   </div>
   <div class='ocr_carea' id='block_1_27' title="bbox 1837 1427 3430 1498">
    <p class='ocr_par' dir='ltr' id='par_1_27' title="bbox 1837 1427 3430 1498">
     <span class='ocr_line' id='line_1_27' title="bbox 1837 1427 3430 1498; baseline -0.004 -14"><span class='ocrx_word' id='word_1_186' title='bbox 1837 1437 2142 1494; x_wconf 88' lang='lat' dir='ltr'><strong>teneretur,</strong></span> <span class='ocrx_word' id='word_1_187' title='bbox 2185 1437 2240 1484; x_wconf 92' lang='lat' dir='ltr'><strong>et</strong></span> <span class='ocrx_word' id='word_1_188' title='bbox 2294 1444 2324 1483; x_wconf 91' lang='lat' dir='ltr'><strong>a</strong></span> <span class='ocrx_word' id='word_1_189' title='bbox 2376 1427 2635 1484; x_wconf 87' lang='lat' dir='ltr'><strong>Lotbario</strong></span> <span class='ocrx_word' id='word_1_190' title='bbox 2690 1427 3087 1498; x_wconf 87' lang='lat' dir='ltr'><strong>impeteretur,</strong></span> <span class='ocrx_word' id='word_1_191' title='bbox 3134 1433 3320 1479; x_wconf 89' lang='lat' dir='ltr'><strong>contra</strong></span> <span class='ocrx_word' id='word_1_192' title='bbox 3371 1439 3430 1477; x_wconf 91' lang='lat' dir='ltr'><strong>se</strong></span> 
     </span>
    </p>
   </div>
   <div class='ocr_carea' id='block_1_28' title="bbox 1837 1518 3432 1587">
    <p class='ocr_par' dir='ltr' id='par_1_28' title="bbox 1837 1518 3432 1587">
     <span class='ocr_line' id='line_1_28' title="bbox 1837 1518 3432 1587; baseline -0.004 -12"><span class='ocrx_word' id='word_1_193' title='bbox 1837 1519 1990 1575; x_wconf 91' lang='lat' dir='ltr'><strong>dolos</strong></span> <span class='ocrx_word' id='word_1_194' title='bbox 2041 1529 2134 1575; x_wconf 90' lang='lat' dir='ltr'><strong>aut</strong></span> <span class='ocrx_word' id='word_1_195' title='bbox 2166 1521 2311 1574; x_wconf 84' lang='lat' dir='ltr'><strong>vires</strong></span> <span class='ocrx_word' id='word_1_196' title='bbox 2362 1519 2755 1585; x_wconf 87' lang='lat' dir='ltr'><strong>moliebantur,</strong></span> <span class='ocrx_word' id='word_1_197' title='bbox 2808 1534 2874 1574; x_wconf 93' lang='lat' dir='ltr'><strong>eo</strong></span> <span class='ocrx_word' id='word_1_198' title='bbox 2913 1518 3056 1587; x_wconf 88' lang='lat' dir='ltr'><strong>quod</strong></span> <span class='ocrx_word' id='word_1_199' title='bbox 3105 1525 3330 1586; x_wconf 89' lang='lat' dir='ltr'><strong>uterque</strong></span> <span class='ocrx_word' id='word_1_200' title='bbox 3377 1525 3432 1569; x_wconf 93' lang='lat' dir='ltr'><strong>ct</strong></span> 
     </span>
    </p>
   </div>
   <div class='ocr_carea' id='block_1_29' title="bbox 1836 1608 3430 1680">
    <p class='ocr_par' dir='ltr' id='par_1_29' title="bbox 1836 1608 3430 1680">
     <span class='ocr_line' id='line_1_29' title="bbox 1836 1608 3430 1680; baseline -0.003 -16"><span class='ocrx_word' id='word_1_201' title='bbox 1836 1625 1994 1664; x_wconf 88' lang='lat' dir='ltr'><strong>suum</strong></span> <span class='ocrx_word' id='word_1_202' title='bbox 2025 1620 2234 1680; x_wconf 86' lang='lat' dir='ltr'><strong>patrem</strong></span> <span class='ocrx_word' id='word_1_203' title='bbox 2261 1626 2381 1666; x_wconf 90' lang='lat' dir='ltr'><strong>eam</strong></span> <span class='ocrx_word' id='word_1_204' title='bbox 2412 1610 2656 1666; x_wconf 88' lang='lat' dir='ltr'><strong>tenuisse</strong></span> <span class='ocrx_word' id='word_1_205' title='bbox 2693 1609 3086 1674; x_wconf 91' lang='lat' dir='ltr'><strong>contenderet,</strong></span> <span class='ocrx_word' id='word_1_206' title='bbox 3123 1617 3176 1664; x_wconf 90' lang='lat' dir='ltr'><strong>et</strong></span> <span class='ocrx_word' id='word_1_207' title='bbox 3219 1608 3430 1663; x_wconf 80' lang='lat' dir='ltr'><strong>exerci-</strong></span> 
     </span>
    </p>
   </div>
   <div class='ocr_carea' id='block_1_30' title="bbox 1836 1702 3428 1773">
    <p class='ocr_par' dir='ltr' id='par_1_30' title="bbox 1836 1702 3428 1773">
     <span class='ocr_line' id='line_1_30' title="bbox 1836 1702 3428 1773; baseline -0.001 -17"><span class='ocrx_word' id='word_1_208' title='bbox 1836 1710 1985 1758; x_wconf 88' lang='lat' dir='ltr'><strong>tuum</strong></span> <span class='ocrx_word' id='word_1_209' title='bbox 2018 1703 2362 1758; x_wconf 87' lang='lat' dir='ltr'><strong>multitudine</strong></span> <span class='ocrx_word' id='word_1_210' title='bbox 2386 1743 2401 1769; x_wconf 95' lang='lat'><strong>,</strong></span> <span class='ocrx_word' id='word_1_211' title='bbox 2446 1714 2678 1773; x_wconf 91' lang='lat' dir='ltr'><strong>uterque</strong></span> <span class='ocrx_word' id='word_1_212' title='bbox 2706 1719 2824 1758; x_wconf 89' lang='lat' dir='ltr'><strong>eam</strong></span> <span class='ocrx_word' id='word_1_213' title='bbox 2855 1718 2914 1757; x_wconf 90' lang='lat' dir='ltr'><strong>se</strong></span> <span class='ocrx_word' id='word_1_214' title='bbox 2943 1702 3292 1758; x_wconf 83' lang='lat' dir='ltr'><strong>defensurum</strong></span> <span class='ocrx_word' id='word_1_215' title='bbox 3321 1716 3428 1754; x_wconf 90' lang='lat' dir='ltr'><strong>nou</strong></span> 
     </span>
    </p>
   </div>
   <div class='ocr_carea' id='block_1_31' title="bbox 1834 1791 3426 1866">
    <p class='ocr_par' dir='ltr' id='par_1_31' title="bbox 1834 1791 3426 1866">
     <span class='ocr_line' id='line_1_31' title="bbox 1834 1791 3426 1866; baseline -0.004 -16"><span class='ocrx_word' id='word_1_216' title='bbox 1834 1794 2116 1851; x_wconf 71' lang='lat' dir='ltr'><strong>diuideret.</strong></span> <span class='ocrx_word' id='word_1_217' title='bbox 2143 1795 2276 1850; x_wconf 81' lang='lat' dir='ltr'><strong>Nam</strong></span> <span class='ocrx_word' id='word_1_218' title='bbox 2306 1794 2453 1866; x_wconf 73' lang='grc' dir='ltr'>(ΜΞ)</span> <span class='ocrx_word' id='word_1_219' title='bbox 2476 1804 2531 1849; x_wconf 92' lang='lat' dir='ltr'><strong>et</strong></span> <span class='ocrx_word' id='word_1_220' title='bbox 2557 1795 2812 1851; x_wconf 77' lang='lat' dir='ltr'><strong>Ludovici</strong></span> <span class='ocrx_word' id='word_1_221' title='bbox 2837 1794 3011 1865; x_wconf 88' lang='lat' dir='ltr'><strong>patris</strong></span> <span class='ocrx_word' id='word_1_222' title='bbox 3045 1791 3280 1847; x_wconf 88' lang='lat' dir='ltr'><strong>Lotharii</strong></span> <span class='ocrx_word' id='word_1_223' title='bbox 3302 1791 3426 1857; x_wconf 90' lang='lat' dir='ltr'><strong>fuit,</strong></span> 
     </span>
    </p>
   </div>
   <div class='ocr_carea' id='block_1_32' title="bbox 1832 1880 3422 1958">
    <p class='ocr_par' dir='ltr' id='par_1_32' title="bbox 1832 1880 3422 1958">
     <span class='ocr_line' id='line_1_32' title="bbox 1832 1880 3422 1958; baseline -0.003 -19"><span class='ocrx_word' id='word_1_224' title='bbox 1832 1893 1887 1940; x_wconf 93' lang='lat' dir='ltr'><strong>ct</strong></span> <span class='ocrx_word' id='word_1_225' title='bbox 1915 1885 2031 1954; x_wconf 87' lang='lat' dir='ltr'><strong>ejus</strong></span> <span class='ocrx_word' id='word_1_226' title='bbox 2065 1895 2186 1958; x_wconf 88' lang='lat' dir='ltr'><strong>post</strong></span> <span class='ocrx_word' id='word_1_227' title='bbox 2209 1885 2372 1953; x_wconf 92' lang='lat' dir='ltr'><strong>dono,</strong></span> <span class='ocrx_word' id='word_1_228' title='bbox 2397 1883 2558 1955; x_wconf 90' lang='lat' dir='ltr'><strong>hujus</strong></span> <span class='ocrx_word' id='word_1_229' title='bbox 2583 1884 2795 1940; x_wconf 88' lang='lat' dir='ltr'><strong>Ottonis</strong></span> <span class='ocrx_word' id='word_1_230' title='bbox 2825 1882 3141 1956; x_wconf 89' lang='lat' dir='ltr'><strong>pater,Otto</strong></span> <span class='ocrx_word' id='word_1_231' title='bbox 3165 1880 3422 1937; x_wconf 92' lang='lat' dir='ltr'><strong>obtinuit.</strong></span> 
     </span>
    </p>
   </div>
   <div class='ocr_carea' id='block_1_33' title="bbox 140 1959 3425 2048">
    <p class='ocr_par' dir='ltr' id='par_1_33' title="bbox 140 1959 3425 2048">
     <span class='ocr_line' id='line_1_33' title="bbox 140 1959 3425 2048; baseline -0.002 -17"><span class='ocrx_word' id='word_1_232' title='bbox 140 1991 257 2031; x_wconf 85' lang='lat' dir='ltr'><strong>cum</strong></span> <span class='ocrx_word' id='word_1_233' title='bbox 303 1985 520 2031; x_wconf 88' lang='lat' dir='ltr'><strong>constet</strong></span> <span class='ocrx_word' id='word_1_234' title='bbox 573 1977 932 2031; x_wconf 85' lang='lat' dir='ltr'><strong>substantiam</strong></span> <span class='ocrx_word' id='word_1_235' title='bbox 987 1992 1159 2046; x_wconf 84' lang='lat' dir='ltr'><strong>genus</strong></span> <span class='ocrx_word' id='word_1_236' title='bbox 1209 1976 1680 2048; x_wconf 89' lang='lat' dir='ltr'><strong>generalissimum</strong></span> <span class='ocrx_word' id='word_1_237' title='bbox 1707 2017 1723 2043; x_wconf 95' lang='lat'><strong>,</strong></span> <span class='ocrx_word' id='word_1_238' title='bbox 1756 1959 1803 2022; x_wconf 79' lang='grc' dir='ltr'>Β</span> <span class='ocrx_word' id='word_1_239' title='bbox 1833 1976 2037 2032; x_wconf 83' lang='lat' dir='ltr'><strong>Horum</strong></span> <span class='ocrx_word' id='word_1_240' title='bbox 2057 1992 2188 2048; x_wconf 88' lang='lat' dir='ltr'><strong>ergo</strong></span> <span class='ocrx_word' id='word_1_241' title='bbox 2205 1976 2488 2033; x_wconf 69' lang='lat' dir='ltr'><strong>discordia:</strong></span> <span class='ocrx_word' id='word_1_242' title='bbox 2512 1970 3425 2046; x_wconf 86' lang='lat' dir='ltr'><strong>incentivumprincipiquBelgica</strong></span> 
     </span>
    </p>
   </div>
   <div class='ocr_carea' id='block_1_34' title="bbox 140 2067 1724 2139">
    <p class='ocr_par' dir='ltr' id='par_1_34' title="bbox 140 2067 1724 2139">
     <span class='ocr_line' id='line_1_34' title="bbox 140 2067 1724 2139; baseline 0.001 -18"><span class='ocrx_word' id='word_1_243' title='bbox 140 2083 231 2138; x_wconf 89' lang='lat' dir='ltr'><strong>per</strong></span> <span class='ocrx_word' id='word_1_244' title='bbox 281 2067 601 2124; x_wconf 86' lang='lat' dir='ltr'><strong>subalterna</strong></span> <span class='ocrx_word' id='word_1_245' title='bbox 655 2083 817 2138; x_wconf 87' lang='lat' dir='ltr'><strong>posse</strong></span> <span class='ocrx_word' id='word_1_246' title='bbox 869 2068 1058 2135; x_wconf 84' lang='lat' dir='ltr'><strong>dividi,</strong></span> <span class='ocrx_word' id='word_1_247' title='bbox 1089 2084 1260 2139; x_wconf 90' lang='lat' dir='ltr'><strong>usque</strong></span> <span class='ocrx_word' id='word_1_248' title='bbox 1298 2069 1365 2123; x_wconf 89' lang='lat' dir='ltr'><strong>ad</strong></span> <span class='ocrx_word' id='word_1_249' title='bbox 1408 2067 1724 2134; x_wconf 90' lang='lat' dir='ltr'><strong>individua,</strong></span> 
     </span>
    </p>
   </div>
   <div class='ocr_carea' id='block_1_35' title="bbox 140 2159 1726 2232">
    <p class='ocr_par' dir='ltr' id='par_1_35' title="bbox 140 2159 1726 2232">
     <span class='ocr_line' id='line_1_35' title="bbox 140 2159 1726 2232; baseline 0.001 -18"><span class='ocrx_word' id='word_1_250' title='bbox 140 2159 424 2215; x_wconf 74' lang='lat' dir='ltr'><strong>videndum</strong></span> <span class='ocrx_word' id='word_1_251' title='bbox 467 2170 555 2216; x_wconf 89' lang='lat' dir='ltr'><strong>est</strong></span> <span class='ocrx_word' id='word_1_252' title='bbox 593 2176 664 2215; x_wconf 85' lang='lat' dir='ltr'><strong>an</strong></span> <span class='ocrx_word' id='word_1_253' title='bbox 695 2160 877 2215; x_wconf 91' lang='lat' dir='ltr'><strong>omnia</strong></span> <span class='ocrx_word' id='word_1_254' title='bbox 907 2159 1220 2216; x_wconf 90' lang='lat' dir='ltr'><strong>subalterna</strong></span> <span class='ocrx_word' id='word_1_255' title='bbox 1260 2159 1492 2232; x_wconf 86' lang='lat' dir='ltr'><strong>singulis</strong></span> <span class='ocrx_word' id='word_1_256' title='bbox 1529 2160 1726 2216; x_wconf 85' lang='lat' dir='ltr'><strong>dictio-</strong></span> 
     </span>
    </p>
   </div>
   <div class='ocr_carea' id='block_1_36' title="bbox 142 2251 1726 2324">
    <p class='ocr_par' dir='ltr' id='par_1_36' title="bbox 142 2251 1726 2324">
     <span class='ocr_line' id='line_1_36' title="bbox 142 2251 1726 2324; baseline 0.001 -18"><span class='ocrx_word' id='word_1_257' title='bbox 142 2253 293 2308; x_wconf 88' lang='lat' dir='ltr'><strong>nibus</strong></span> <span class='ocrx_word' id='word_1_258' title='bbox 319 2252 689 2323; x_wconf 82' lang='lat' dir='ltr'><strong>proferantur.</strong></span> <span class='ocrx_word' id='word_1_259' title='bbox 718 2251 822 2308; x_wconf 91' lang='lat' dir='ltr'><strong>Sed</strong></span> <span class='ocrx_word' id='word_1_260' title='bbox 840 2253 1044 2323; x_wconf 88' lang='lat' dir='ltr'><strong>liquido</strong></span> <span class='ocrx_word' id='word_1_261' title='bbox 1072 2261 1222 2324; x_wconf 86' lang='lat' dir='ltr'><strong>patet</strong></span> <span class='ocrx_word' id='word_1_262' title='bbox 1261 2252 1365 2307; x_wconf 91' lang='lat' dir='ltr'><strong>alia</strong></span> <span class='ocrx_word' id='word_1_263' title='bbox 1393 2252 1458 2308; x_wconf 91' lang='lat' dir='ltr'><strong>de</strong></span> <span class='ocrx_word' id='word_1_264' title='bbox 1479 2251 1726 2324; x_wconf 83' lang='lat' dir='ltr'><strong>singulis,</strong></span> 
     </span>
    </p>
   </div>
   <div class='ocr_carea' id='block_1_37' title="bbox 146 2345 1726 2416">
    <p class='ocr_par' dir='ltr' id='par_1_37' title="bbox 146 2345 1726 2416">
     <span class='ocr_line' id='line_1_37' title="bbox 146 2345 1726 2416; baseline 0.001 -18"><span class='ocrx_word' id='word_1_265' title='bbox 146 2345 240 2399; x_wconf 81' lang='lat' dir='ltr'><strong>alia</strong></span> <span class='ocrx_word' id='word_1_266' title='bbox 268 2345 333 2400; x_wconf 90' lang='lat' dir='ltr'><strong>de</strong></span> <span class='ocrx_word' id='word_1_267' title='bbox 361 2346 615 2416; x_wconf 90' lang='lat' dir='ltr'><strong>pluribus</strong></span> <span class='ocrx_word' id='word_1_268' title='bbox 645 2363 838 2402; x_wconf 91' lang='lat' dir='ltr'><strong>nomen</strong></span> <span class='ocrx_word' id='word_1_269' title='bbox 869 2345 1075 2403; x_wconf 90' lang='lat' dir='ltr'><strong>factum</strong></span> <span class='ocrx_word' id='word_1_270' title='bbox 1107 2347 1327 2402; x_wconf 91' lang='lat' dir='ltr'><strong>habere.</strong></span> <span class='ocrx_word' id='word_1_271' title='bbox 1361 2345 1437 2402; x_wconf 91' lang='lat' dir='ltr'><strong>De</strong></span> <span class='ocrx_word' id='word_1_272' title='bbox 1475 2346 1726 2416; x_wconf 88' lang='lat' dir='ltr'><strong>singulis,</strong></span> 
     </span>
    </p>
   </div>
   <div class='ocr_carea' id='block_1_38' title="bbox 148 2439 1731 2511">
    <p class='ocr_par' dir='ltr' id='par_1_38' title="bbox 148 2439 1731 2511">
     <span class='ocr_line' id='line_1_38' title="bbox 148 2439 1731 2511; baseline 0.004 -19"><span class='ocrx_word' id='word_1_273' title='bbox 148 2448 200 2492; x_wconf 88' lang='lat' dir='ltr'><strong>ut</strong></span> <span class='ocrx_word' id='word_1_274' title='bbox 219 2455 436 2510; x_wconf 89' lang='lat' dir='ltr'><strong>corpus,</strong></span> <span class='ocrx_word' id='word_1_275' title='bbox 467 2440 538 2495; x_wconf 91' lang='lat' dir='ltr'><strong>de</strong></span> <span class='ocrx_word' id='word_1_276' title='bbox 584 2439 832 2511; x_wconf 88' lang='lat' dir='ltr'><strong>pluribus</strong></span> <span class='ocrx_word' id='word_1_277' title='bbox 865 2449 925 2495; x_wconf 93' lang='lat' dir='ltr'><strong>ut</strong></span> <span class='ocrx_word' id='word_1_278' title='bbox 967 2441 1268 2496; x_wconf 90' lang='lat' dir='ltr'><strong>animatum</strong></span> <span class='ocrx_word' id='word_1_279' title='bbox 1315 2439 1591 2497; x_wconf 87' lang='lat' dir='ltr'><strong>sensibile.</strong></span> <span class='ocrx_word' id='word_1_280' title='bbox 1625 2441 1731 2498; x_wconf 86' lang='lat' dir='ltr'><strong>Ea-</strong></span> 
     </span>
    </p>
   </div>
   <div class='ocr_carea' id='block_1_39' title="bbox 155 2531 1729 2604">
    <p class='ocr_par' dir='ltr' id='par_1_39' title="bbox 155 2531 1729 2604">
     <span class='ocr_line' id='line_1_39' title="bbox 155 2531 1729 2604; baseline 0.001 -17"><span class='ocrx_word' id='word_1_281' title='bbox 155 2531 258 2587; x_wconf 88' lang='lat' dir='ltr'><strong>dem</strong></span> <span class='ocrx_word' id='word_1_282' title='bbox 286 2549 506 2604; x_wconf 89' lang='lat' dir='ltr'><strong>quoque</strong></span> <span class='ocrx_word' id='word_1_283' title='bbox 536 2533 751 2589; x_wconf 89' lang='lat' dir='ltr'><strong>ratione</strong></span> <span class='ocrx_word' id='word_1_284' title='bbox 793 2533 1190 2601; x_wconf 89' lang='lat' dir='ltr'><strong>subalternum,</strong></span> <span class='ocrx_word' id='word_1_285' title='bbox 1233 2533 1378 2604; x_wconf 91' lang='lat' dir='ltr'><strong>quod</strong></span> <span class='ocrx_word' id='word_1_286' title='bbox 1402 2541 1488 2588; x_wconf 90' lang='lat' dir='ltr'><strong>est</strong></span> <span class='ocrx_word' id='word_1_287' title='bbox 1528 2533 1729 2590; x_wconf 89' lang='lat' dir='ltr'><strong>animal</strong></span> 
     </span>
    </p>
   </div>
   <div class='ocr_carea' id='block_1_40' title="bbox 158 2625 1724 2696">
    <p class='ocr_par' dir='ltr' id='par_1_40' title="bbox 158 2625 1724 2696">
     <span class='ocr_line' id='line_1_40' title="bbox 158 2625 1724 2696; baseline 0.001 -17"><span class='ocrx_word' id='word_1_288' title='bbox 158 2625 421 2691; x_wconf 77' lang='lat' dir='ltr'><strong>rationale,</strong></span> <span class='ocrx_word' id='word_1_289' title='bbox 454 2625 786 2696; x_wconf 67' lang='lat' dir='ltr'><strong>praedicatur</strong></span> <span class='ocrx_word' id='word_1_290' title='bbox 815 2627 880 2682; x_wconf 93' lang='lat' dir='ltr'><strong>de</strong></span> <span class='ocrx_word' id='word_1_291' title='bbox 907 2625 1174 2694; x_wconf 90' lang='lat' dir='ltr'><strong>subjecto,</strong></span> <span class='ocrx_word' id='word_1_292' title='bbox 1215 2627 1358 2696; x_wconf 92' lang='lat' dir='ltr'><strong>quod</strong></span> <span class='ocrx_word' id='word_1_293' title='bbox 1393 2635 1479 2682; x_wconf 92' lang='lat' dir='ltr'><strong>est</strong></span> <span class='ocrx_word' id='word_1_294' title='bbox 1521 2625 1724 2682; x_wconf 89' lang='lat' dir='ltr'><strong>animal</strong></span> 
     </span>
    </p>
   </div>
   <div class='ocr_carea' id='block_1_41' title="bbox 163 2716 1727 2791">
    <p class='ocr_par' dir='ltr' id='par_1_41' title="bbox 163 2716 1727 2791">
     <span class='ocr_line' id='line_1_41' title="bbox 163 2716 1727 2791; baseline 0.003 -21"><span class='ocrx_word' id='word_1_295' title='bbox 163 2717 402 2771; x_wconf 82' lang='lat' dir='ltr'><strong>rationale</strong></span> <span class='ocrx_word' id='word_1_296' title='bbox 425 2716 682 2772; x_wconf 86' lang='lat' dir='ltr'><strong>mortale.</strong></span> <span class='ocrx_word' id='word_1_297' title='bbox 716 2717 825 2773; x_wconf 68' lang='lat' dir='ltr'><strong>Nec</strong></span> <span class='ocrx_word' id='word_1_298' title='bbox 849 2719 989 2785; x_wconf 82' lang='lat' dir='ltr'><strong>dico,</strong></span> <span class='ocrx_word' id='word_1_299' title='bbox 1007 2717 1151 2789; x_wconf 92' lang='lat' dir='ltr'><strong>quod</strong></span> <span class='ocrx_word' id='word_1_300' title='bbox 1183 2718 1447 2774; x_wconf 87' lang='lat' dir='ltr'><strong>rationale</strong></span> <span class='ocrx_word' id='word_1_301' title='bbox 1475 2719 1727 2791; x_wconf 81' lang='lat' dir='ltr'><strong>simplex,</strong></span> 
     </span>
    </p>
   </div>
   <div class='ocr_carea' id='block_1_42' title="bbox 174 2807 1732 2881">
    <p class='ocr_par' dir='ltr' id='par_1_42' title="bbox 174 2807 1732 2881">
     <span class='ocr_line' id='line_1_42' title="bbox 174 2807 1732 2881; baseline 0.003 -21"><span class='ocrx_word' id='word_1_302' title='bbox 174 2808 459 2874; x_wconf 62' lang='lat' dir='ltr'><strong>praedicetur</strong></span> <span class='ocrx_word' id='word_1_303' title='bbox 492 2807 565 2863; x_wconf 91' lang='lat' dir='ltr'><strong>de</strong></span> <span class='ocrx_word' id='word_1_304' title='bbox 593 2808 830 2878; x_wconf 85' lang='lat' dir='ltr'><strong>simplici</strong></span> <span class='ocrx_word' id='word_1_305' title='bbox 859 2809 1110 2874; x_wconf 86' lang='lat' dir='ltr'><strong>mortali;</strong></span> <span class='ocrx_word' id='word_1_306' title='bbox 1160 2809 1213 2863; x_wconf 89' lang='lat' dir='ltr'><strong>id</strong></span> <span class='ocrx_word' id='word_1_307' title='bbox 1265 2809 1411 2864; x_wconf 89' lang='lat' dir='ltr'><strong>enim</strong></span> <span class='ocrx_word' id='word_1_308' title='bbox 1447 2826 1552 2865; x_wconf 90' lang='lat' dir='ltr'><strong>non</strong></span> <span class='ocrx_word' id='word_1_309' title='bbox 1603 2826 1732 2881; x_wconf 81' lang='lat' dir='ltr'><strong>pro-</strong></span> 
     </span>
    </p>
   </div>
   <div class='ocr_carea' id='block_1_43' title="bbox 181 2900 1727 2974">
    <p class='ocr_par' dir='ltr' id='par_1_43' title="bbox 181 2900 1727 2974">
     <span class='ocr_line' id='line_1_43' title="bbox 181 2900 1727 2974; baseline 0.002 -21"><span class='ocrx_word' id='word_1_310' title='bbox 181 2900 324 2964; x_wconf 81' lang='lat' dir='ltr'><strong>cedit;</strong></span> <span class='ocrx_word' id='word_1_311' title='bbox 362 2901 445 2956; x_wconf 83' lang='lat' dir='ltr'><strong>sed</strong></span> <span class='ocrx_word' id='word_1_312' title='bbox 498 2901 770 2957; x_wconf 87' lang='lat' dir='ltr'><strong>rationale</strong></span> <span class='ocrx_word' id='word_1_313' title='bbox 820 2902 1040 2971; x_wconf 89' lang='lat' dir='ltr'><strong>inquam</strong></span> <span class='ocrx_word' id='word_1_314' title='bbox 1080 2900 1302 2956; x_wconf 89' lang='lat' dir='ltr'><strong>animali</strong></span> <span class='ocrx_word' id='word_1_315' title='bbox 1355 2902 1727 2974; x_wconf 87' lang='lat' dir='ltr'><strong>conjunctum,</strong></span> 
     </span>
    </p>
   </div>
   <div class='ocr_carea' id='block_1_44' title="bbox 168 2993 1724 3064">
    <p class='ocr_par' dir='ltr' id='par_1_44' title="bbox 168 2993 1724 3064">
     <span class='ocr_line' id='line_1_44' title="bbox 168 2993 1724 3064; baseline 0.003 -20"><span class='ocrx_word' id='word_1_316' title='bbox 168 2993 453 3058; x_wconf 63' lang='lat' dir='ltr'><strong>pta-dicatur</strong></span> <span class='ocrx_word' id='word_1_317' title='bbox 481 2993 553 3048; x_wconf 86' lang='lat' dir='ltr'><strong>de</strong></span> <span class='ocrx_word' id='word_1_318' title='bbox 576 2993 816 3060; x_wconf 87' lang='lat' dir='ltr'><strong>mortali,</strong></span> <span class='ocrx_word' id='word_1_319' title='bbox 844 2993 1135 3064; x_wconf 89' lang='lat' dir='ltr'><strong>conjuncto</strong></span> <span class='ocrx_word' id='word_1_320' title='bbox 1159 2993 1377 3048; x_wconf 90' lang='lat' dir='ltr'><strong>animali</strong></span> <span class='ocrx_word' id='word_1_321' title='bbox 1407 2995 1678 3050; x_wconf 87' lang='lat' dir='ltr'><strong>rationali.</strong></span> <span class='ocrx_word' id='word_1_322' title='bbox 1704 3013 1724 3048; x_wconf 68' lang='grc' dir='ltr'><strong>ι</strong></span> 
     </span>
    </p>
   </div>
   <div class='ocr_carea' id='block_1_45' title="bbox 159 3078 1733 3154">
    <p class='ocr_par' dir='ltr' id='par_1_45' title="bbox 159 3078 1733 3154">
     <span class='ocr_line' id='line_1_45' title="bbox 159 3078 1733 3154; baseline 0.004 -18"><span class='ocrx_word' id='word_1_323' title='bbox 159 3078 374 3154; x_wconf 71' lang='lat' dir='ltr'><strong>Canaque</strong></span> <span class='ocrx_word' id='word_1_324' title='bbox 427 3084 618 3140; x_wconf 80' lang='lat' dir='ltr'><strong>verbis</strong></span> <span class='ocrx_word' id='word_1_325' title='bbox 669 3093 724 3141; x_wconf 88' lang='lat' dir='ltr'><strong>et</strong></span> <span class='ocrx_word' id='word_1_326' title='bbox 771 3085 1057 3142; x_wconf 88' lang='lat' dir='ltr'><strong>sententiis</strong></span> <span class='ocrx_word' id='word_1_327' title='bbox 1103 3085 1330 3140; x_wconf 90' lang='lat' dir='ltr'><strong>nimium</strong></span> <span class='ocrx_word' id='word_1_328' title='bbox 1385 3084 1621 3154; x_wconf 85' lang='lat' dir='ltr'><strong>ﬂueret,</strong></span> <span class='ocrx_word' id='word_1_329' title='bbox 1675 3095 1733 3142; x_wconf 89' lang='lat' dir='ltr'><strong>et</strong></span> 
     </span>
    </p>
   </div>
   <div class='ocr_carea' id='block_1_46' title="bbox 153 3175 1732 3250">
    <p class='ocr_par' dir='ltr' id='par_1_46' title="bbox 153 3175 1732 3250">
     <span class='ocr_line' id='line_1_46' title="bbox 153 3175 1732 3250; baseline 0.006 -23"><span class='ocrx_word' id='word_1_330' title='bbox 153 3175 307 3231; x_wconf 83' lang='lat' dir='ltr'><strong>adhuc</strong></span> <span class='ocrx_word' id='word_1_331' title='bbox 348 3176 455 3232; x_wconf 90' lang='lat' dir='ltr'><strong>alia</strong></span> <span class='ocrx_word' id='word_1_332' title='bbox 492 3177 563 3209; x_wconf 71' lang='grc'><strong>⁸⁸⁸</strong></span> <span class='ocrx_word' id='word_1_333' title='bbox 610 3177 792 3235; x_wconf 75' lang='lat' dir='ltr'><strong>dicere</strong></span> <span class='ocrx_word' id='word_1_334' title='bbox 819 3188 1038 3250; x_wconf 87' lang='lat' dir='ltr'><strong>pararet</strong></span> <span class='ocrx_word' id='word_1_335' title='bbox 1074 3180 1164 3246; x_wconf 76' lang='grc'>⁸⁸⁸,</span> <span class='ocrx_word' id='word_1_336' title='bbox 1194 3180 1405 3249; x_wconf 84' lang='lat' dir='ltr'><strong>augusti</strong></span> <span class='ocrx_word' id='word_1_337' title='bbox 1449 3190 1583 3236; x_wconf 90' lang='lat' dir='ltr'><strong>nutu</strong></span> <span class='ocrx_word' id='word_1_338' title='bbox 1622 3181 1732 3236; x_wconf 85' lang='lat' dir='ltr'><strong>dis-</strong></span> 
     </span>
    </p>
   </div>
   <div class='ocr_carea' id='block_1_47' title="bbox 150 3269 1730 3344">
    <p class='ocr_par' dir='ltr' id='par_1_47' title="bbox 150 3269 1730 3344">
     <span class='ocr_line' id='line_1_47' title="bbox 150 3269 1730 3344; baseline 0.006 -23"><span class='ocrx_word' id='word_1_339' title='bbox 150 3269 394 3336; x_wconf 85' lang='lat' dir='ltr'><strong>putationi</strong></span> <span class='ocrx_word' id='word_1_340' title='bbox 423 3270 553 3326; x_wconf 84' lang='lat' dir='ltr'><strong>ﬁnis</strong></span> <span class='ocrx_word' id='word_1_341' title='bbox 603 3269 831 3339; x_wconf 88' lang='lat' dir='ltr'><strong>injectus</strong></span> <span class='ocrx_word' id='word_1_342' title='bbox 880 3281 962 3327; x_wconf 92' lang='lat' dir='ltr'><strong>est</strong></span> <span class='ocrx_word' id='word_1_343' title='bbox 986 3311 1002 3338; x_wconf 95' lang='lat'><strong>,</strong></span> <span class='ocrx_word' id='word_1_344' title='bbox 1045 3288 1110 3328; x_wconf 95' lang='lat' dir='ltr'><strong>eo</strong></span> <span class='ocrx_word' id='word_1_345' title='bbox 1145 3274 1290 3343; x_wconf 88' lang='lat' dir='ltr'><strong>quod</strong></span> <span class='ocrx_word' id='word_1_346' title='bbox 1327 3283 1384 3330; x_wconf 93' lang='lat' dir='ltr'><strong>et</strong></span> <span class='ocrx_word' id='word_1_347' title='bbox 1421 3273 1562 3330; x_wconf 89' lang='lat' dir='ltr'><strong>diem</strong></span> <span class='ocrx_word' id='word_1_348' title='bbox 1593 3288 1730 3344; x_wconf 90' lang='lat' dir='ltr'><strong>pene</strong></span> 
     </span>
    </p>
   </div>
   <div class='ocr_carea' id='block_1_48' title="bbox 147 3362 1727 3440">
    <p class='ocr_par' dir='ltr' id='par_1_48' title="bbox 147 3362 1727 3440">
     <span class='ocr_line' id='line_1_48' title="bbox 147 3362 1727 3440; baseline 0.003 -22"><span class='ocrx_word' id='word_1_349' title='bbox 147 3362 194 3418; x_wconf 89' lang='lat' dir='ltr'><strong>in</strong></span> <span class='ocrx_word' id='word_1_350' title='bbox 224 3365 306 3420; x_wconf 88' lang='lat' dir='ltr'><strong>bis</strong></span> <span class='ocrx_word' id='word_1_351' title='bbox 349 3375 530 3422; x_wconf 89' lang='lat' dir='ltr'><strong>totum</strong></span> <span class='ocrx_word' id='word_1_352' title='bbox 572 3377 1025 3434; x_wconf 88' lang='lat' dir='ltr'><strong>consumserant,</strong></span> <span class='ocrx_word' id='word_1_353' title='bbox 1077 3377 1132 3423; x_wconf 93' lang='lat' dir='ltr'><strong>et</strong></span> <span class='ocrx_word' id='word_1_354' title='bbox 1181 3368 1463 3424; x_wconf 88' lang='lat' dir='ltr'><strong>audientes</strong></span> <span class='ocrx_word' id='word_1_355' title='bbox 1517 3367 1727 3440; x_wconf 80' lang='lat' dir='ltr'><strong>prolixa</strong></span> 
     </span>
    </p>
   </div>
   <div class='ocr_carea' id='block_1_49' title="bbox 146 3454 1726 3534">
    <p class='ocr_par' dir='ltr' id='par_1_49' title="bbox 146 3454 1726 3534">
     <span class='ocr_line' id='line_1_49' title="bbox 146 3454 1726 3534; baseline 0.003 -23"><span class='ocrx_word' id='word_1_356' title='bbox 146 3466 292 3529; x_wconf 85' lang='lat' dir='ltr'><strong>atque</strong></span> <span class='ocrx_word' id='word_1_357' title='bbox 321 3461 586 3516; x_wconf 88' lang='lat' dir='ltr'><strong>continua</strong></span> <span class='ocrx_word' id='word_1_358' title='bbox 613 3461 909 3532; x_wconf 89' lang='lat' dir='ltr'><strong>disputatio</strong></span> <span class='ocrx_word' id='word_1_359' title='bbox 929 3459 1044 3530; x_wconf 85' lang='lat' dir='ltr'><strong>jam</strong></span> <span class='ocrx_word' id='word_1_360' title='bbox 1073 3454 1357 3532; x_wconf 79' lang='lat' dir='ltr'><strong>fatigabat.</strong></span> <span class='ocrx_word' id='word_1_361' title='bbox 1387 3462 1472 3518; x_wconf 83' lang='lat' dir='ltr'><strong>Ab</strong></span> <span class='ocrx_word' id='word_1_362' title='bbox 1496 3470 1726 3534; x_wconf 85' lang='lat' dir='ltr'><strong>augusto</strong></span> 
     </span>
    </p>
   </div>
   <div class='ocr_carea' id='block_1_50' title="bbox 146 3551 1726 3628">
    <p class='ocr_par' dir='ltr' id='par_1_50' title="bbox 146 3551 1726 3628">
     <span class='ocr_line' id='line_1_50' title="bbox 146 3551 1726 3628; baseline 0.006 -23"><span class='ocrx_word' id='word_1_363' title='bbox 146 3551 314 3622; x_wconf 87' lang='lat' dir='ltr'><strong>itaque</strong></span> <span class='ocrx_word' id='word_1_364' title='bbox 344 3553 657 3609; x_wconf 87' lang='lat' dir='ltr'><strong>Gerbertus</strong></span> <span class='ocrx_word' id='word_1_365' title='bbox 683 3556 904 3628; x_wconf 77' lang='lat' dir='ltr'><strong>egregie</strong></span> <span class='ocrx_word' id='word_1_366' title='bbox 952 3555 1206 3622; x_wconf 90' lang='lat' dir='ltr'><strong>donatus,</strong></span> <span class='ocrx_word' id='word_1_367' title='bbox 1240 3572 1362 3613; x_wconf 90' lang='lat' dir='ltr'><strong>eum</strong></span> <span class='ocrx_word' id='word_1_368' title='bbox 1394 3572 1492 3613; x_wconf 91' lang='lat' dir='ltr'><strong>suo</strong></span> <span class='ocrx_word' id='word_1_369' title='bbox 1517 3565 1726 3614; x_wconf 83' lang='lat' dir='ltr'><strong>metro-</strong></span> 
     </span>
    </p>
   </div>
   <div class='ocr_carea' id='block_1_51' title="bbox 143 3643 1219 3713">
    <p class='ocr_par' dir='ltr' id='par_1_51' title="bbox 143 3643 1219 3713">
     <span class='ocr_line' id='line_1_51' title="bbox 143 3643 1219 3713; baseline 0.005 -15"><span class='ocrx_word' id='word_1_370' title='bbox 143 3643 374 3713; x_wconf 81' lang='lat' dir='ltr'><strong>politano</strong></span> <span class='ocrx_word' id='word_1_371' title='bbox 397 3646 454 3699; x_wconf 88' lang='lat' dir='ltr'><strong>in</strong></span> <span class='ocrx_word' id='word_1_372' title='bbox 483 3645 690 3701; x_wconf 85' lang='lat' dir='ltr'><strong>Gallias</strong></span> <span class='ocrx_word' id='word_1_373' title='bbox 720 3647 905 3703; x_wconf 90' lang='lat' dir='ltr'><strong>clarus</strong></span> <span class='ocrx_word' id='word_1_374' title='bbox 937 3649 1219 3704; x_wconf 81' lang='lat' dir='ltr'><strong>remeavit.</strong></span> 
     </span>
    </p>
   </div>
   <div class='ocr_carea' id='block_1_52' title="bbox 204 3735 1728 3813">
    <p class='ocr_par' dir='ltr' id='par_1_52' title="bbox 204 3735 1728 3813">
     <span class='ocr_line' id='line_1_52' title="bbox 204 3735 1728 3813; baseline 0.003 -23"><span class='ocrx_word' id='word_1_375' title='bbox 204 3737 290 3792; x_wconf 81' lang='grc'><strong>66.</strong></span> <span class='ocrx_word' id='word_1_376' title='bbox 337 3735 580 3793; x_wconf 73' lang='grc' dir='ltr'><strong>δὶηοάυε</strong></span> <span class='ocrx_word' id='word_1_377' title='bbox 630 3740 772 3807; x_wconf 85' lang='lat' dir='ltr'><strong>apud</strong></span> <span class='ocrx_word' id='word_1_378' title='bbox 825 3750 1064 3794; x_wconf 82' lang='lat' dir='ltr'><strong>sanctam</strong></span> <span class='ocrx_word' id='word_1_379' title='bbox 1119 3740 1362 3813; x_wconf 81' lang='lat' dir='ltr'><strong>Magram</strong></span> <span class='ocrx_word' id='word_1_380' title='bbox 1411 3739 1615 3795; x_wconf 83' lang='lat' dir='ltr'><strong>habita.</strong></span> <span class='ocrx_word' id='word_1_381' title='bbox 1657 3770 1728 3781; x_wconf 90' lang='lat'><strong>—-</strong></span> 
     </span>
    </p>
   </div>
   <div class='ocr_carea' id='block_1_53' title="bbox 142 3825 1727 3905">
    <p class='ocr_par' dir='ltr' id='par_1_53' title="bbox 142 3825 1727 3905">
     <span class='ocr_line' id='line_1_53' title="bbox 142 3825 1727 3905; baseline 0.003 -21"><span class='ocrx_word' id='word_1_382' title='bbox 142 3825 332 3884; x_wconf 79' lang='lat' dir='ltr'><strong>Eodem</strong></span> <span class='ocrx_word' id='word_1_383' title='bbox 360 3838 610 3900; x_wconf 91' lang='lat' dir='ltr'><strong>tempore</strong></span> <span class='ocrx_word' id='word_1_384' title='bbox 637 3831 828 3887; x_wconf 82' lang='lat' dir='ltr'><strong>Emma</strong></span> <span class='ocrx_word' id='word_1_385' title='bbox 858 3831 926 3864; x_wconf 74' lang='grc'><strong>⁸⁸⁷</strong></span> <span class='ocrx_word' id='word_1_386' title='bbox 969 3834 1155 3905; x_wconf 88' lang='lat' dir='ltr'><strong>regina</strong></span> <span class='ocrx_word' id='word_1_387' title='bbox 1182 3843 1238 3889; x_wconf 92' lang='lat' dir='ltr'><strong>et</strong></span> <span class='ocrx_word' id='word_1_388' title='bbox 1282 3831 1553 3889; x_wconf 88' lang='lat' dir='ltr'><strong>Adalbero</strong></span> <span class='ocrx_word' id='word_1_389' title='bbox 1581 3832 1727 3888; x_wconf 89' lang='lat' dir='ltr'><strong>Lau-</strong></span> 
     </span>
    </p>
   </div>
   <div class='ocr_carea' id='block_1_54' title="bbox 144 3920 1724 3999">
    <p class='ocr_par' dir='ltr' id='par_1_54' title="bbox 144 3920 1724 3999">
     <span class='ocr_line' id='line_1_54' title="bbox 144 3920 1724 3999; baseline 0.004 -23"><span class='ocrx_word' id='word_1_390' title='bbox 144 3920 393 3979; x_wconf 87' lang='lat' dir='ltr'><strong>dunensis</strong></span> <span class='ocrx_word' id='word_1_391' title='bbox 418 3925 710 3996; x_wconf 88' lang='lat' dir='ltr'><strong>episcopus</strong></span> <span class='ocrx_word' id='word_1_392' title='bbox 753 3927 988 3983; x_wconf 82' lang='lat' dir='ltr'><strong>infames</strong></span> <span class='ocrx_word' id='word_1_393' title='bbox 1031 3921 1202 3999; x_wconf 83' lang='lat' dir='ltr'><strong>stupri</strong></span> <span class='ocrx_word' id='word_1_394' title='bbox 1257 3928 1724 3995; x_wconf 87' lang='lat' dir='ltr'><strong>criminabantur;</strong></span> 
     </span>
    </p>
   </div>
   <div class='ocr_carea' id='block_1_55' title="bbox 144 4010 1727 4084">
    <p class='ocr_par' dir='ltr' id='par_1_55' title="bbox 144 4010 1727 4084">
     <span class='ocr_line' id='line_1_55' title="bbox 144 4010 1727 4084; baseline 0.006 -18"><span class='ocrx_word' id='word_1_395' title='bbox 144 4010 194 4066; x_wconf 91' lang='lat' dir='ltr'><strong>id</strong></span> <span class='ocrx_word' id='word_1_396' title='bbox 242 4023 422 4069; x_wconf 87' lang='lat' dir='ltr'><strong>tamen</strong></span> <span class='ocrx_word' id='word_1_397' title='bbox 461 4014 695 4072; x_wconf 90' lang='lat' dir='ltr'><strong>latenter</strong></span> <span class='ocrx_word' id='word_1_398' title='bbox 742 4017 1143 4084; x_wconf 88' lang='lat' dir='ltr'><strong>intendebatur,</strong></span> <span class='ocrx_word' id='word_1_399' title='bbox 1193 4018 1391 4074; x_wconf 88' lang='lat' dir='ltr'><strong>nullius</strong></span> <span class='ocrx_word' id='word_1_400' title='bbox 1440 4017 1727 4075; x_wconf 82' lang='lat' dir='ltr'><strong>manifesto</strong></span> 
     </span>
    </p>
   </div>
   <div class='ocr_carea' id='block_1_56' title="bbox 143 4101 1726 4181">
    <p class='ocr_par' dir='ltr' id='par_1_56' title="bbox 143 4101 1726 4181">
     <span class='ocr_line' id='line_1_56' title="bbox 143 4101 1726 4181; baseline 0.006 -25"><span class='ocrx_word' id='word_1_401' title='bbox 143 4101 454 4162; x_wconf 89' lang='lat' dir='ltr'><strong>intentionis</strong></span> <span class='ocrx_word' id='word_1_402' title='bbox 506 4115 660 4163; x_wconf 90' lang='lat' dir='ltr'><strong>teste.</strong></span> <span class='ocrx_word' id='word_1_403' title='bbox 713 4108 821 4164; x_wconf 89' lang='lat' dir='ltr'><strong>Sed</strong></span> <span class='ocrx_word' id='word_1_404' title='bbox 865 4109 994 4180; x_wconf 90' lang='lat' dir='ltr'><strong>quia</strong></span> <span class='ocrx_word' id='word_1_405' title='bbox 1045 4125 1333 4181; x_wconf 86' lang='lat' dir='ltr'><strong>suppresse</strong></span> <span class='ocrx_word' id='word_1_406' title='bbox 1381 4111 1624 4177; x_wconf 86' lang='lat' dir='ltr'><strong>dictum,</strong></span> <span class='ocrx_word' id='word_1_407' title='bbox 1659 4111 1726 4166; x_wconf 91' lang='lat' dir='ltr'><strong>ad</strong></span> 
     </span>
    </p>
   </div>
   <div class='ocr_carea' id='block_1_57' title="bbox 142 4194 1726 4273">
    <p class='ocr_par' dir='ltr' id='par_1_57' title="bbox 142 4194 1726 4273">
     <span class='ocr_line' id='line_1_57' title="bbox 142 4194 1726 4273; baseline 0.008 -27"><span class='ocrx_word' id='word_1_408' title='bbox 142 4196 378 4250; x_wconf 90' lang='lat' dir='ltr'><strong>omnium</strong></span> <span class='ocrx_word' id='word_1_409' title='bbox 427 4212 590 4255; x_wconf 88' lang='lat' dir='ltr'><strong>aures</strong></span> <span class='ocrx_word' id='word_1_410' title='bbox 635 4200 972 4268; x_wconf 87' lang='lat' dir='ltr'><strong>devenerat,</strong></span> <span class='ocrx_word' id='word_1_411' title='bbox 1021 4194 1287 4273; x_wconf 82' lang='lat' dir='ltr'><strong>episc0pis</strong></span> <span class='ocrx_word' id='word_1_412' title='bbox 1325 4202 1500 4258; x_wconf 89' lang='lat' dir='ltr'><strong>visum</strong></span> <span class='ocrx_word' id='word_1_413' title='bbox 1541 4210 1626 4258; x_wconf 87' lang='lat' dir='ltr'><strong>est</strong></span> <span class='ocrx_word' id='word_1_414' title='bbox 1672 4202 1726 4258; x_wconf 89' lang='lat' dir='ltr'><strong>id</strong></span> 
     </span>
    </p>
   </div>
   <div class='ocr_carea' id='block_1_58' title="bbox 142 4288 1725 4365">
    <p class='ocr_par' dir='ltr' id='par_1_58' title="bbox 142 4288 1725 4365">
     <span class='ocr_line' id='line_1_58' title="bbox 142 4288 1725 4365; baseline 0.004 -24"><span class='ocrx_word' id='word_1_415' title='bbox 142 4301 256 4343; x_wconf 83' lang='lat' dir='ltr'><strong>esse</strong></span> <span class='ocrx_word' id='word_1_416' title='bbox 284 4288 710 4358; x_wconf 87' lang='lat' dir='ltr'><strong>discutiendum,</strong></span> <span class='ocrx_word' id='word_1_417' title='bbox 746 4309 813 4349; x_wconf 91' lang='lat' dir='ltr'><strong>uc</strong></span> <span class='ocrx_word' id='word_1_418' title='bbox 845 4293 1020 4349; x_wconf 86' lang='lat' dir='ltr'><strong>frater</strong></span> <span class='ocrx_word' id='word_1_419' title='bbox 1048 4302 1105 4348; x_wconf 86' lang='lat' dir='ltr'><strong>et</strong></span> <span class='ocrx_word' id='word_1_420' title='bbox 1152 4294 1507 4365; x_wconf 89' lang='lat' dir='ltr'><strong>cocpiscopus</strong></span> <span class='ocrx_word' id='word_1_421' title='bbox 1537 4309 1725 4349; x_wconf 92' lang='lat' dir='ltr'><strong>eorum</strong></span> 
     </span>
    </p>
   </div>
   <div class='ocr_carea' id='block_1_59' title="bbox 143 4377 1727 4458">
    <p class='ocr_par' dir='ltr' id='par_1_59' title="bbox 143 4377 1727 4458">
     <span class='ocr_line' id='line_1_59' title="bbox 143 4377 1727 4458; baseline 0.006 -26"><span class='ocrx_word' id='word_1_422' title='bbox 143 4377 374 4436; x_wconf 70' lang='lat' dir='ltr'><strong>infantiae</strong></span> <span class='ocrx_word' id='word_1_423' title='bbox 411 4391 576 4439; x_wconf 56' lang='lat' dir='ltr'><strong>tanta;</strong></span> <span class='ocrx_word' id='word_1_424' title='bbox 622 4383 972 4441; x_wconf 89' lang='lat' dir='ltr'><strong>subderetur.</strong></span> <span class='ocrx_word' id='word_1_425' title='bbox 1001 4386 1047 4440; x_wconf 88' lang='lat' dir='ltr'><strong>A</strong></span> <span class='ocrx_word' id='word_1_426' title='bbox 1093 4387 1407 4458; x_wconf 86' lang='lat' dir='ltr'><strong>supradicto</strong></span> <span class='ocrx_word' id='word_1_427' title='bbox 1439 4401 1570 4457; x_wconf 90' lang='lat' dir='ltr'><strong>ergo</strong></span> <span class='ocrx_word' id='word_1_428' title='bbox 1615 4400 1727 4441; x_wconf 83' lang='lat' dir='ltr'><strong>me-</strong></span> 
     </span>
    </p>
   </div>
   <div class='ocr_carea' id='block_1_60' title="bbox 143 4479 1726 4557">
    <p class='ocr_par' dir='ltr' id='par_1_60' title="bbox 143 4479 1726 4557">
     <span class='ocr_line' id='line_1_60' title="bbox 143 4479 1726 4557; baseline 0.003 -23"><span class='ocrx_word' id='word_1_429' title='bbox 143 4479 465 4550; x_wconf 73' lang='lat' dir='ltr'><strong>ttopolitano</strong></span> <span class='ocrx_word' id='word_1_430' title='bbox 510 4482 737 4540; x_wconf 89' lang='lat' dir='ltr'><strong>collecta</strong></span> <span class='ocrx_word' id='word_1_431' title='bbox 766 4494 851 4540; x_wconf 91' lang='lat' dir='ltr'><strong>est</strong></span> <span class='ocrx_word' id='word_1_432' title='bbox 890 4485 1269 4557; x_wconf 90' lang='lat' dir='ltr'><strong>episcoporum</strong></span> <span class='ocrx_word' id='word_1_433' title='bbox 1315 4485 1539 4541; x_wconf 90' lang='lat' dir='ltr'><strong>sinodus</strong></span> <span class='ocrx_word' id='word_1_434' title='bbox 1585 4482 1726 4554; x_wconf 89' lang='lat' dir='ltr'><strong>apud</strong></span> 
     </span>
    </p>
   </div>
   <div class='ocr_carea' id='block_1_61' title="bbox 145 4576 1723 4650">
    <p class='ocr_par' dir='ltr' id='par_1_61' title="bbox 145 4576 1723 4650">
     <span class='ocr_line' id='line_1_61' title="bbox 145 4576 1723 4650; baseline 0.003 -23"><span class='ocrx_word' id='word_1_435' title='bbox 145 4583 378 4630; x_wconf 83' lang='lat' dir='ltr'><strong>sanctam</strong></span> <span class='ocrx_word' id='word_1_436' title='bbox 431 4576 671 4650; x_wconf 81' lang='lat' dir='ltr'><strong>Magram</strong></span> <span class='ocrx_word' id='word_1_437' title='bbox 737 4578 916 4635; x_wconf 90' lang='lat' dir='ltr'><strong>locum</strong></span> <span class='ocrx_word' id='word_1_438' title='bbox 967 4579 1264 4635; x_wconf 76' lang='lat' dir='ltr'><strong>Remorum</strong></span> <span class='ocrx_word' id='word_1_439' title='bbox 1317 4579 1723 4634; x_wconf 91' lang='lat' dir='ltr'><strong>diocesaneum.</strong></span> 
     </span>
    </p>
   </div>
   <div class='ocr_carea' id='block_1_62' title="bbox 144 4665 1802 4770">
    <p class='ocr_par' dir='ltr' id='par_1_62' title="bbox 144 4665 1802 4770">
     <span class='ocr_line' id='line_1_62' title="bbox 144 4665 1802 4770; baseline 0.002 -48"><span class='ocrx_word' id='word_1_440' title='bbox 144 4665 595 4742; x_wconf 68' lang='lat' dir='ltr'><strong>Consideratesque</strong></span> <span class='ocrx_word' id='word_1_441' title='bbox 622 4679 675 4727; x_wconf 91' lang='lat' dir='ltr'><strong>et</strong></span> <span class='ocrx_word' id='word_1_442' title='bbox 701 4688 930 4744; x_wconf 69' lang='lat' dir='ltr'><strong>qumque</strong></span> <span class='ocrx_word' id='word_1_443' title='bbox 959 4673 1112 4728; x_wconf 88' lang='lat' dir='ltr'><strong>utilia</strong></span> <span class='ocrx_word' id='word_1_444' title='bbox 1136 4681 1555 4745; x_wconf 90' lang='lat' dir='ltr'><strong>pertractantes,</strong></span> <span class='ocrx_word' id='word_1_445' title='bbox 1576 4681 1724 4743; x_wconf 86' lang='lat' dir='ltr'><strong>post-</strong></span> <span class='ocrx_word' id='word_1_446' title='bbox 1748 4709 1802 4770; x_wconf 69' lang='grc' dir='ltr'><strong>Β</strong></span> 
     </span>
    </p>
   </div>
   <div class='ocr_carea' id='block_1_63' title="bbox 145 4762 1720 4833">
    <p class='ocr_par' dir='ltr' id='par_1_63' title="bbox 145 4762 1720 4833">
     <span class='ocr_line' id='line_1_63' title="bbox 145 4762 1720 4833; baseline 0.005 -22"><span class='ocrx_word' id='word_1_447' title='bbox 145 4771 296 4828; x_wconf 89' lang='lat' dir='ltr'><strong>quam</strong></span> <span class='ocrx_word' id='word_1_448' title='bbox 327 4762 782 4833; x_wconf 86' lang='lat' dir='ltr'><strong>metropolitanus</strong></span> <span class='ocrx_word' id='word_1_449' title='bbox 806 4763 898 4818; x_wconf 76' lang='grc'>⁸⁸⁸.</span> <span class='ocrx_word' id='word_1_450' title='bbox 944 4803 959 4819; x_wconf 93' lang='grc'><strong>.</strong></span> <span class='ocrx_word' id='word_1_451' title='bbox 1004 4804 1018 4820; x_wconf 92' lang='grc'><strong>.</strong></span> <span class='ocrx_word' id='word_1_452' title='bbox 1063 4804 1077 4819; x_wconf 95' lang='grc'><strong>.</strong></span> <span class='ocrx_word' id='word_1_453' title='bbox 1121 4803 1136 4821; x_wconf 94' lang='grc'><strong>.</strong></span> <span class='ocrx_word' id='word_1_454' title='bbox 1181 4805 1196 4820; x_wconf 94' lang='grc'><strong>.</strong></span> <span class='ocrx_word' id='word_1_455' title='bbox 1239 4805 1254 4820; x_wconf 95' lang='grc'><strong>.</strong></span> <span class='ocrx_word' id='word_1_456' title='bbox 1295 4801 1310 4818; x_wconf 92' lang='grc'><strong>.</strong></span> <span class='ocrx_word' id='word_1_457' title='bbox 1353 4805 1368 4819; x_wconf 93' lang='grc'><strong>.</strong></span> <span class='ocrx_word' id='word_1_458' title='bbox 1413 4803 1428 4818; x_wconf 94' lang='grc'><strong>.</strong></span> <span class='ocrx_word' id='word_1_459' title='bbox 1473 4803 1489 4818; x_wconf 92' lang='grc'><strong>.</strong></span> <span class='ocrx_word' id='word_1_460' title='bbox 1529 4803 1544 4819; x_wconf 95' lang='grc'><strong>.</strong></span> <span class='ocrx_word' id='word_1_461' title='bbox 1590 4803 1604 4819; x_wconf 94' lang='grc'><strong>.</strong></span> <span class='ocrx_word' id='word_1_462' title='bbox 1648 4805 1660 4818; x_wconf 93' lang='grc'><strong>.</strong></span> <span class='ocrx_word' id='word_1_463' title='bbox 1705 4802 1720 4819; x_wconf 92' lang='grc'><strong>.</strong></span> 
     </span>
    </p>
   </div>
   <div class='ocr_carea' id='block_1_64' title="bbox 207 4850 1724 4930">
    <p class='ocr_par' dir='ltr' id='par_1_64' title="bbox 207 4850 1724 4930">
     <span class='ocr_line' id='line_1_64' title="bbox 207 4850 1724 4930; baseline 0.005 -25"><span class='ocrx_word' id='word_1_464' title='bbox 207 4850 294 4906; x_wconf 79' lang='lat'><strong>67.</strong></span> <span class='ocrx_word' id='word_1_465' title='bbox 321 4851 527 4910; x_wconf 76' lang='lat' dir='ltr'><strong>Ottonis</strong></span> <span class='ocrx_word' id='word_1_466' title='bbox 550 4858 808 4926; x_wconf 85' lang='lat' dir='ltr'><strong>promotio</strong></span> <span class='ocrx_word' id='word_1_467' title='bbox 844 4859 900 4913; x_wconf 86' lang='lat' dir='ltr'><strong>in</strong></span> <span class='ocrx_word' id='word_1_468' title='bbox 940 4875 1110 4930; x_wconf 80' lang='lat' dir='ltr'><strong>regem</strong></span> <span class='ocrx_word' id='word_1_469' title='bbox 1156 4858 1225 4891; x_wconf 70' lang='grc'><strong>⁸⁸³</strong></span> <span class='ocrx_word' id='word_1_470' title='bbox 1253 4876 1346 4930; x_wconf 82' lang='lat' dir='ltr'><strong>per</strong></span> <span class='ocrx_word' id='word_1_471' title='bbox 1385 4859 1455 4891; x_wconf 79' lang='grc'><strong>⁸⁶⁹</strong></span> <span class='ocrx_word' id='word_1_472' title='bbox 1500 4859 1724 4914; x_wconf 79' lang='lat' dir='ltr'><strong>Germa-</strong></span> 
     </span>
    </p>
   </div>
   <div class='ocr_carea' id='block_1_65' title="bbox 142 4944 1728 5021">
    <p class='ocr_par' dir='ltr' id='par_1_65' title="bbox 142 4944 1728 5021">
     <span class='ocr_line' id='line_1_65' title="bbox 142 4944 1728 5021; baseline 0.006 -23"><span class='ocrx_word' id='word_1_473' title='bbox 142 4959 229 4998; x_wconf 72' lang='lat' dir='ltr'><strong>nas</strong></span> <span class='ocrx_word' id='word_1_474' title='bbox 255 4944 325 4978; x_wconf 77' lang='lat'><strong>“’</strong></span> <span class='ocrx_word' id='word_1_475' title='bbox 375 4957 424 5002; x_wconf 82' lang='lat' dir='ltr'><strong>et</strong></span> <span class='ocrx_word' id='word_1_476' title='bbox 467 4947 655 5021; x_wconf 70' lang='lat' dir='ltr'><strong>Belgas</strong></span> <span class='ocrx_word' id='word_1_477' title='bbox 686 4951 778 5005; x_wconf 68' lang='grc'>⁸⁸³.</span> <span class='ocrx_word' id='word_1_478' title='bbox 804 4982 874 4992; x_wconf 86' lang='lat'><strong>-—</strong></span> <span class='ocrx_word' id='word_1_479' title='bbox 902 4951 1033 5008; x_wconf 89' lang='lat' dir='ltr'><strong>Post</strong></span> <span class='ocrx_word' id='word_1_480' title='bbox 1061 4952 1269 5020; x_wconf 84' lang='lat' dir='ltr'><strong>obitum</strong></span> <span class='ocrx_word' id='word_1_481' title='bbox 1301 4952 1484 5009; x_wconf 91' lang='lat' dir='ltr'><strong>domni</strong></span> <span class='ocrx_word' id='word_1_482' title='bbox 1514 4951 1728 5008; x_wconf 92' lang='lat' dir='ltr'><strong>Ottonis</strong></span> 
     </span>
    </p>
   </div>
   <div class='ocr_carea' id='block_1_66' title="bbox 145 5033 1728 5115">
    <p class='ocr_par' dir='ltr' id='par_1_66' title="bbox 145 5033 1728 5115">
     <span class='ocr_line' id='line_1_66' title="bbox 145 5033 1728 5115; baseline 0.007 -24"><span class='ocrx_word' id='word_1_483' title='bbox 145 5033 529 5098; x_wconf 80' lang='lat' dir='ltr'><strong>Germanorum</strong></span> <span class='ocrx_word' id='word_1_484' title='bbox 571 5045 746 5115; x_wconf 87' lang='lat' dir='ltr'><strong>regis,</strong></span> <span class='ocrx_word' id='word_1_485' title='bbox 791 5043 908 5115; x_wconf 88' lang='lat' dir='ltr'><strong>ejus</strong></span> <span class='ocrx_word' id='word_1_486' title='bbox 948 5047 1092 5103; x_wconf 85' lang='lat' dir='ltr'><strong>filius</strong></span> <span class='ocrx_word' id='word_1_487' title='bbox 1135 5047 1298 5115; x_wconf 90' lang='lat' dir='ltr'><strong>Otto,</strong></span> <span class='ocrx_word' id='word_1_488' title='bbox 1343 5063 1374 5102; x_wconf 86' lang='lat' dir='ltr'><strong>a</strong></span> <span class='ocrx_word' id='word_1_489' title='bbox 1438 5045 1728 5102; x_wconf 84' lang='lat' dir='ltr'><strong>Germanis</strong></span> 
     </span>
    </p>
   </div>
   <div class='ocr_carea' id='block_1_67' title="bbox 142 5126 1729 5214">
    <p class='ocr_par' dir='ltr' id='par_1_67' title="bbox 142 5126 1729 5214">
     <span class='ocr_line' id='line_1_67' title="bbox 142 5126 1729 5214; baseline 0.003 -21"><span class='ocrx_word' id='word_1_490' title='bbox 142 5126 414 5206; x_wconf 71' lang='lat' dir='ltr'><strong>Belgisque</strong></span> <span class='ocrx_word' id='word_1_491' title='bbox 454 5153 550 5194; x_wconf 77' lang='lat' dir='ltr'><strong>rex</strong></span> <span class='ocrx_word' id='word_1_492' title='bbox 575 5147 824 5213; x_wconf 42' lang='lat' dir='ltr'><strong>-creatus</strong></span> <span class='ocrx_word' id='word_1_493' title='bbox 862 5139 932 5174; x_wconf 84' lang='grc'><strong>⁸⁷⁰</strong></span> <span class='ocrx_word' id='word_1_494' title='bbox 957 5181 974 5208; x_wconf 90' lang='grc'><strong><em>,</em></strong></span> <span class='ocrx_word' id='word_1_495' title='bbox 1022 5158 1138 5200; x_wconf 88' lang='lat' dir='ltr'><strong>rem</strong></span> <span class='ocrx_word' id='word_1_496' title='bbox 1184 5142 1456 5214; x_wconf 90' lang='lat' dir='ltr'><strong>publicam</strong></span> <span class='ocrx_word' id='word_1_497' title='bbox 1507 5150 1729 5199; x_wconf 89' lang='lat' dir='ltr'><strong>strenue</strong></span> 
     </span>
    </p>
   </div>
   <div class='ocr_carea' id='block_1_68' title="bbox 1827 2068 1949 2124">
    <p class='ocr_par' dir='ltr' id='par_1_68' title="bbox 1827 2068 1949 2124">
     <span class='ocr_line' id='line_1_68' title="bbox 1827 2068 1949 2124; baseline -0.008 0"><span class='ocrx_word' id='word_1_498' title='bbox 1827 2068 1949 2124; x_wconf 84' lang='lat' dir='ltr'><strong>fuit.</strong></span> 
     </span>
    </p>
   </div>
   <div class='ocr_carea' id='block_1_69' title="bbox 1900 2155 3428 2235">
    <p class='ocr_par' dir='ltr' id='par_1_69' title="bbox 1900 2155 3428 2235">
     <span class='ocr_line' id='line_1_69' title="bbox 1900 2155 3428 2235; baseline -0.006 -17"><span class='ocrx_word' id='word_1_499' title='bbox 1900 2161 1987 2218; x_wconf 84' lang='lat'><strong>68.</strong></span> <span class='ocrx_word' id='word_1_500' title='bbox 2014 2161 2316 2235; x_wconf 80' lang='lat' dir='ltr'><strong>Indignatio</strong></span> <span class='ocrx_word' id='word_1_501' title='bbox 2343 2163 2416 2196; x_wconf 82' lang='grc'><strong>⁸⁷³</strong></span> <span class='ocrx_word' id='word_1_502' title='bbox 2459 2160 2700 2216; x_wconf 83' lang='lat' dir='ltr'><strong>Lotharii</strong></span> <span class='ocrx_word' id='word_1_503' title='bbox 2749 2161 2806 2216; x_wconf 84' lang='lat' dir='ltr'><strong>in</strong></span> <span class='ocrx_word' id='word_1_504' title='bbox 2858 2159 3120 2216; x_wconf 80' lang='lat' dir='ltr'><strong>Ottonem.</strong></span> <span class='ocrx_word' id='word_1_505' title='bbox 3146 2188 3217 2198; x_wconf 89' lang='lat'><strong><em>—</em></strong></span> <span class='ocrx_word' id='word_1_506' title='bbox 3258 2155 3428 2228; x_wconf 90' lang='lat' dir='ltr'><strong>Igitur</strong></span> 
     </span>
    </p>
   </div>
   <div class='ocr_carea' id='block_1_70' title="bbox 1830 2249 3428 2324">
    <p class='ocr_par' dir='ltr' id='par_1_70' title="bbox 1830 2249 3428 2324">
     <span class='ocr_line' id='line_1_70' title="bbox 1830 2249 3428 2324; baseline -0.004 -15"><span class='ocrx_word' id='word_1_507' title='bbox 1830 2253 1884 2309; x_wconf 92' lang='lat' dir='ltr'><strong>in</strong></span> <span class='ocrx_word' id='word_1_508' title='bbox 1919 2253 2158 2324; x_wconf 82' lang='lat' dir='ltr'><strong>Aquensi</strong></span> <span class='ocrx_word' id='word_1_509' title='bbox 2186 2253 2389 2324; x_wconf 88' lang='lat' dir='ltr'><strong>palatio</strong></span> <span class='ocrx_word' id='word_1_510' title='bbox 2417 2252 2618 2310; x_wconf 90' lang='lat' dir='ltr'><strong>Ottone</strong></span> <span class='ocrx_word' id='word_1_511' title='bbox 2641 2260 3019 2309; x_wconf 90' lang='lat' dir='ltr'><strong>commorante</strong></span> <span class='ocrx_word' id='word_1_512' title='bbox 3044 2266 3168 2306; x_wconf 90' lang='lat' dir='ltr'><strong>cum</strong></span> <span class='ocrx_word' id='word_1_513' title='bbox 3196 2249 3428 2320; x_wconf 87' lang='lat' dir='ltr'><strong>conjuge</strong></span> 
     </span>
    </p>
   </div>
   <div class='ocr_carea' id='block_1_71' title="bbox 1831 2343 3430 2420">
    <p class='ocr_par' dir='ltr' id='par_1_71' title="bbox 1831 2343 3430 2420">
     <span class='ocr_line' id='line_1_71' title="bbox 1831 2343 3430 2420; baseline -0.003 -20"><span class='ocrx_word' id='word_1_514' title='bbox 1831 2343 2162 2416; x_wconf 90' lang='lat' dir='ltr'><strong>Theupbauu</strong></span> <span class='ocrx_word' id='word_1_515' title='bbox 2196 2348 2452 2420; x_wconf 88' lang='lat' dir='ltr'><strong>gravida,</strong></span> <span class='ocrx_word' id='word_1_516' title='bbox 2506 2346 2797 2403; x_wconf 87' lang='lat' dir='ltr'><strong>Lotharius</strong></span> <span class='ocrx_word' id='word_1_517' title='bbox 2854 2345 3004 2400; x_wconf 91' lang='lat' dir='ltr'><strong>illum</strong></span> <span class='ocrx_word' id='word_1_518' title='bbox 3062 2343 3286 2415; x_wconf 90' lang='lat' dir='ltr'><strong>propius</strong></span> <span class='ocrx_word' id='word_1_519' title='bbox 3339 2357 3430 2397; x_wconf 88' lang='lat' dir='ltr'><strong>ac-</strong></span> 
     </span>
    </p>
   </div>
   <div class='ocr_carea' id='block_1_72' title="bbox 1830 2435 3424 2510">
    <p class='ocr_par' dir='ltr' id='par_1_72' title="bbox 1830 2435 3424 2510">
     <span class='ocr_line' id='line_1_72' title="bbox 1830 2435 3424 2510; baseline -0.004 -14"><span class='ocrx_word' id='word_1_520' title='bbox 1830 2441 2059 2496; x_wconf 85' lang='lat' dir='ltr'><strong>cessisse</strong></span> <span class='ocrx_word' id='word_1_521' title='bbox 2097 2441 2368 2497; x_wconf 87' lang='lat' dir='ltr'><strong>acerrime</strong></span> <span class='ocrx_word' id='word_1_522' title='bbox 2401 2450 2578 2498; x_wconf 90' lang='lat' dir='ltr'><strong>motus</strong></span> <span class='ocrx_word' id='word_1_523' title='bbox 2609 2439 3014 2510; x_wconf 87' lang='lat' dir='ltr'><strong>indignabatur.</strong></span> <span class='ocrx_word' id='word_1_524' title='bbox 3060 2438 3204 2510; x_wconf 83' lang='lat' dir='ltr'><strong>Ergo</strong></span> <span class='ocrx_word' id='word_1_525' title='bbox 3250 2435 3424 2492; x_wconf 77' lang='lat' dir='ltr'><strong>Fran-</strong></span> 
     </span>
    </p>
   </div>
   <div class='ocr_carea' id='block_1_73' title="bbox 1831 2529 3426 2605">
    <p class='ocr_par' dir='ltr' id='par_1_73' title="bbox 1831 2529 3426 2605">
     <span class='ocr_line' id='line_1_73' title="bbox 1831 2529 3426 2605; baseline -0.004 -17"><span class='ocrx_word' id='word_1_526' title='bbox 1831 2545 2022 2588; x_wconf 89' lang='lat' dir='ltr'><strong>corum</strong></span> <span class='ocrx_word' id='word_1_527' title='bbox 2059 2533 2250 2588; x_wconf 92' lang='lat' dir='ltr'><strong>ducem</strong></span> <span class='ocrx_word' id='word_1_528' title='bbox 2281 2532 2586 2605; x_wconf 84' lang='lat' dir='ltr'><strong>IIugonem,</strong></span> <span class='ocrx_word' id='word_1_529' title='bbox 2612 2531 2957 2602; x_wconf 89' lang='lat' dir='ltr'><strong>reliquosque</strong></span> <span class='ocrx_word' id='word_1_530' title='bbox 2985 2529 3135 2600; x_wconf 86' lang='lat' dir='ltr'><strong>regni</strong></span> <span class='ocrx_word' id='word_1_531' title='bbox 3166 2529 3426 2600; x_wconf 91' lang='lat' dir='ltr'><strong>primates</strong></span> 
     </span>
    </p>
   </div>
   <div class='ocr_carea' id='block_1_74' title="bbox 1831 2620 3427 2694">
    <p class='ocr_par' dir='ltr' id='par_1_74' title="bbox 1831 2620 3427 2694">
     <span class='ocr_line' id='line_1_74' title="bbox 1831 2620 3427 2694; baseline -0.004 -15"><span class='ocrx_word' id='word_1_532' title='bbox 1831 2622 2119 2679; x_wconf 86' lang='lat' dir='ltr'><strong>consilium</strong></span> <span class='ocrx_word' id='word_1_533' title='bbox 2176 2624 2446 2694; x_wconf 91' lang='lat' dir='ltr'><strong>petiturus</strong></span> <span class='ocrx_word' id='word_1_534' title='bbox 2489 2623 2735 2678; x_wconf 88' lang='lat' dir='ltr'><strong>Lauduni</strong></span> <span class='ocrx_word' id='word_1_535' title='bbox 2783 2621 3020 2694; x_wconf 82' lang='lat' dir='ltr'><strong>collegit.</strong></span> <span class='ocrx_word' id='word_1_536' title='bbox 3073 2620 3189 2675; x_wconf 77' lang='lat' dir='ltr'><strong>Dux</strong></span> <span class='ocrx_word' id='word_1_537' title='bbox 3244 2620 3427 2690; x_wconf 89' lang='lat' dir='ltr'><strong>itaque</strong></span> 
     </span>
    </p>
   </div>
   <div class='ocr_carea' id='block_1_75' title="bbox 1830 2711 3427 2786">
    <p class='ocr_par' dir='ltr' id='par_1_75' title="bbox 1830 2711 3427 2786">
     <span class='ocr_line' id='line_1_75' title="bbox 1830 2711 3427 2786; baseline -0.002 -18"><span class='ocrx_word' id='word_1_538' title='bbox 1830 2715 2117 2786; x_wconf 90' lang='lat' dir='ltr'><strong>processit.</strong></span> <span class='ocrx_word' id='word_1_539' title='bbox 2144 2714 2357 2785; x_wconf 80' lang='lat' dir='ltr'><strong>Reliqui</strong></span> <span class='ocrx_word' id='word_1_540' title='bbox 2387 2716 2553 2771; x_wconf 90' lang='lat' dir='ltr'><strong>etiam</strong></span> <span class='ocrx_word' id='word_1_541' title='bbox 2581 2715 2775 2786; x_wconf 89' lang='lat' dir='ltr'><strong>quibus</strong></span> <span class='ocrx_word' id='word_1_542' title='bbox 2795 2727 3011 2784; x_wconf 90' lang='lat' dir='ltr'><strong>quoque</strong></span> <span class='ocrx_word' id='word_1_543' title='bbox 3035 2711 3427 2769; x_wconf 86' lang='lat' dir='ltr'><strong>consulendum</strong></span> 
     </span>
    </p>
   </div>
   <div class='ocr_carea' id='block_1_76' title="bbox 1831 2804 3427 2878">
    <p class='ocr_par' dir='ltr' id='par_1_76' title="bbox 1831 2804 3427 2878">
     <span class='ocr_line' id='line_1_76' title="bbox 1831 2804 3427 2878; baseline -0.001 -16"><span class='ocrx_word' id='word_1_544' title='bbox 1831 2814 1978 2873; x_wconf 88' lang='lat' dir='ltr'><strong>erat,</strong></span> <span class='ocrx_word' id='word_1_545' title='bbox 2008 2815 2135 2862; x_wconf 90' lang='lat' dir='ltr'><strong>ante</strong></span> <span class='ocrx_word' id='word_1_546' title='bbox 2166 2823 2348 2878; x_wconf 87' lang='lat' dir='ltr'><strong>regem</strong></span> <span class='ocrx_word' id='word_1_547' title='bbox 2379 2815 2776 2877; x_wconf 88' lang='lat' dir='ltr'><strong>consequenter</strong></span> <span class='ocrx_word' id='word_1_548' title='bbox 2800 2807 3022 2862; x_wconf 88' lang='lat' dir='ltr'><strong>admissi</strong></span> <span class='ocrx_word' id='word_1_549' title='bbox 3043 2815 3188 2861; x_wconf 89' lang='lat' dir='ltr'><strong>sunt.</strong></span> <span class='ocrx_word' id='word_1_550' title='bbox 3218 2804 3427 2872; x_wconf 84' lang='lat' dir='ltr'><strong>Quibus</strong></span> 
     </span>
    </p>
   </div>
   <div class='ocr_carea' id='block_1_77' title="bbox 1832 2895 3424 2969">
    <p class='ocr_par' dir='ltr' id='par_1_77' title="bbox 1832 2895 3424 2969">
     <span class='ocr_line' id='line_1_77' title="bbox 1832 2895 3424 2969; baseline -0.003 -14"><span class='ocrx_word' id='word_1_551' title='bbox 1832 2897 2206 2955; x_wconf 89' lang='lat' dir='ltr'><strong>residentibus</strong></span> <span class='ocrx_word' id='word_1_552' title='bbox 2263 2914 2361 2953; x_wconf 81' lang='lat' dir='ltr'><strong>rex</strong></span> <span class='ocrx_word' id='word_1_553' title='bbox 2419 2897 2683 2969; x_wconf 91' lang='lat' dir='ltr'><strong>duplicem</strong></span> <span class='ocrx_word' id='word_1_554' title='bbox 2742 2895 2994 2966; x_wconf 89' lang='lat' dir='ltr'><strong>injuriam</strong></span> <span class='ocrx_word' id='word_1_555' title='bbox 3048 2896 3148 2952; x_wconf 92' lang='lat' dir='ltr'><strong>sibi</strong></span> <span class='ocrx_word' id='word_1_556' title='bbox 3214 2895 3424 2951; x_wconf 88' lang='lat' dir='ltr'><strong>illatam</strong></span> 
     </span>
    </p>
   </div>
   <div class='ocr_carea' id='block_1_78' title="bbox 1831 2987 3424 3061">
    <p class='ocr_par' dir='ltr' id='par_1_78' title="bbox 1831 2987 3424 3061">
     <span class='ocr_line' id='line_1_78' title="bbox 1831 2987 3424 3061; baseline -0.001 -15"><span class='ocrx_word' id='word_1_557' title='bbox 1831 3005 1955 3047; x_wconf 89' lang='lat' dir='ltr'><strong>esse</strong></span> <span class='ocrx_word' id='word_1_558' title='bbox 2005 2998 2431 3056; x_wconf 89' lang='lat' dir='ltr'><strong>commemorat,</strong></span> <span class='ocrx_word' id='word_1_559' title='bbox 2474 3006 2597 3045; x_wconf 79' lang='lat' dir='ltr'><strong>cum</strong></span> <span class='ocrx_word' id='word_1_560' title='bbox 2645 2989 2797 3061; x_wconf 84' lang='lat' dir='ltr'><strong>regni</strong></span> <span class='ocrx_word' id='word_1_561' title='bbox 2855 2987 2938 3045; x_wconf 90' lang='lat' dir='ltr'><strong>sui</strong></span> <span class='ocrx_word' id='word_1_562' title='bbox 2976 3005 3106 3060; x_wconf 88' lang='lat' dir='ltr'><strong>pars</strong></span> <span class='ocrx_word' id='word_1_563' title='bbox 3161 2989 3228 3042; x_wconf 88' lang='lat' dir='ltr'><strong>ab</strong></span> <span class='ocrx_word' id='word_1_564' title='bbox 3269 2988 3424 3044; x_wconf 91' lang='lat' dir='ltr'><strong>hoste</strong></span> 
     </span>
    </p>
   </div>
   <div class='ocr_carea' id='block_1_79' title="bbox 1834 3081 3429 3154">
    <p class='ocr_par' dir='ltr' id='par_1_79' title="bbox 1834 3081 3429 3154">
     <span class='ocr_line' id='line_1_79' title="bbox 1834 3081 3429 3154; baseline -0.004 -14"><span class='ocrx_word' id='word_1_565' title='bbox 1834 3093 2094 3154; x_wconf 75' lang='lat' dir='ltr'><strong>usurpata</strong></span> <span class='ocrx_word' id='word_1_566' title='bbox 2140 3082 2326 3147; x_wconf 90' lang='lat' dir='ltr'><strong>fuerit,</strong></span> <span class='ocrx_word' id='word_1_567' title='bbox 2353 3091 2407 3138; x_wconf 91' lang='lat' dir='ltr'><strong>ct</strong></span> <span class='ocrx_word' id='word_1_568' title='bbox 2454 3083 2570 3154; x_wconf 90' lang='lat' dir='ltr'><strong>ipse</strong></span> <span class='ocrx_word' id='word_1_569' title='bbox 2622 3081 2793 3137; x_wconf 87' lang='lat' dir='ltr'><strong>hostis</strong></span> <span class='ocrx_word' id='word_1_570' title='bbox 2838 3081 2903 3136; x_wconf 88' lang='lat' dir='ltr'><strong>ad</strong></span> <span class='ocrx_word' id='word_1_571' title='bbox 2934 3081 3069 3136; x_wconf 85' lang='lat' dir='ltr'><strong>lines</strong></span> <span class='ocrx_word' id='word_1_572' title='bbox 3109 3095 3236 3135; x_wconf 92' lang='lat' dir='ltr'><strong>suos</strong></span> <span class='ocrx_word' id='word_1_573' title='bbox 3261 3087 3429 3134; x_wconf 86' lang='lat' dir='ltr'><strong>teme-</strong></span> 
     </span>
    </p>
   </div>
   <div class='ocr_carea' id='block_1_80' title="bbox 1831 3170 3429 3244">
    <p class='ocr_par' dir='ltr' id='par_1_80' title="bbox 1831 3170 3429 3244">
     <span class='ocr_line' id='line_1_80' title="bbox 1831 3170 3429 3244; baseline -0.003 -14"><span class='ocrx_word' id='word_1_574' title='bbox 1831 3175 2013 3231; x_wconf 87' lang='lat' dir='ltr'><strong>rarius</strong></span> <span class='ocrx_word' id='word_1_575' title='bbox 2041 3174 2357 3230; x_wconf 90' lang='lat' dir='ltr'><strong>accesserit.</strong></span> <span class='ocrx_word' id='word_1_576' title='bbox 2405 3170 2515 3228; x_wconf 83' lang='lat' dir='ltr'><strong>Nec</strong></span> <span class='ocrx_word' id='word_1_577' title='bbox 2541 3170 2734 3241; x_wconf 88' lang='lat' dir='ltr'><strong>majori</strong></span> <span class='ocrx_word' id='word_1_578' title='bbox 2763 3171 2976 3244; x_wconf 73' lang='lat' dir='ltr'><strong>injuriae</strong></span> <span class='ocrx_word' id='word_1_579' title='bbox 3022 3186 3143 3226; x_wconf 87' lang='lat' dir='ltr'><strong>esse</strong></span> <span class='ocrx_word' id='word_1_580' title='bbox 3173 3170 3317 3240; x_wconf 88' lang='lat' dir='ltr'><strong>quod</strong></span> <span class='ocrx_word' id='word_1_581' title='bbox 3350 3179 3429 3225; x_wconf 86' lang='lat' dir='ltr'><strong>te-</strong></span> 
     </span>
    </p>
   </div>
   <div class='ocr_carea' id='block_1_81' title="bbox 1835 3262 3428 3339">
    <p class='ocr_par' dir='ltr' id='par_1_81' title="bbox 1835 3262 3428 3339">
     <span class='ocr_line' id='line_1_81' title="bbox 1835 3262 3428 3339; baseline -0.004 -15"><span class='ocrx_word' id='word_1_582' title='bbox 1835 3268 2038 3334; x_wconf 91' lang='lat' dir='ltr'><strong>nuerit,</strong></span> <span class='ocrx_word' id='word_1_583' title='bbox 2081 3283 2243 3339; x_wconf 90' lang='lat' dir='ltr'><strong>quam</strong></span> <span class='ocrx_word' id='word_1_584' title='bbox 2288 3266 2416 3337; x_wconf 89' lang='lat' dir='ltr'><strong>quia</strong></span> <span class='ocrx_word' id='word_1_585' title='bbox 2463 3275 2655 3321; x_wconf 91' lang='lat' dir='ltr'><strong>tenens</strong></span> <span class='ocrx_word' id='word_1_586' title='bbox 2693 3265 2763 3320; x_wconf 91' lang='lat' dir='ltr'><strong>ad</strong></span> <span class='ocrx_word' id='word_1_587' title='bbox 2818 3265 2954 3320; x_wconf 87' lang='lat' dir='ltr'><strong>lines</strong></span> <span class='ocrx_word' id='word_1_588' title='bbox 2999 3278 3128 3318; x_wconf 90' lang='lat' dir='ltr'><strong>suos</strong></span> <span class='ocrx_word' id='word_1_589' title='bbox 3167 3262 3428 3318; x_wconf 87' lang='lat' dir='ltr'><strong>accedere</strong></span> 
     </span>
    </p>
   </div>
   <div class='ocr_carea' id='block_1_82' title="bbox 1835 3353 3430 3416">
    <p class='ocr_par' dir='ltr' id='par_1_82' title="bbox 1835 3353 3430 3416">
     <span class='ocr_line' id='line_1_82' title="bbox 1835 3353 3430 3416; baseline -0.006 0"><span class='ocrx_word' id='word_1_590' title='bbox 1835 3376 1944 3416; x_wconf 88' lang='lat' dir='ltr'><strong>non</strong></span> <span class='ocrx_word' id='word_1_591' title='bbox 1981 3359 2380 3415; x_wconf 85' lang='lat' dir='ltr'><strong>I&#39;ormidaverit.</strong></span> <span class='ocrx_word' id='word_1_592' title='bbox 2417 3356 2488 3413; x_wconf 93' lang='lat' dir='ltr'><strong>Se</strong></span> <span class='ocrx_word' id='word_1_593' title='bbox 2529 3357 2696 3413; x_wconf 88' lang='lat' dir='ltr'><strong>etiam</strong></span> <span class='ocrx_word' id='word_1_594' title='bbox 2745 3357 2798 3411; x_wconf 92' lang='lat' dir='ltr'><strong>id</strong></span> <span class='ocrx_word' id='word_1_595' title='bbox 2831 3357 3000 3411; x_wconf 89' lang='lat' dir='ltr'><strong>multa</strong></span> <span class='ocrx_word' id='word_1_596' title='bbox 3043 3354 3300 3410; x_wconf 86' lang='lat' dir='ltr'><strong>aviditate</strong></span> <span class='ocrx_word' id='word_1_597' title='bbox 3346 3353 3430 3406; x_wconf 86' lang='lat' dir='ltr'><strong>ul-</strong></span> 
     </span>
    </p>
   </div>
   <div class='ocr_carea' id='block_1_83' title="bbox 1830 3443 3428 3517">
    <p class='ocr_par' dir='ltr' id='par_1_83' title="bbox 1830 3443 3428 3517">
     <span class='ocr_line' id='line_1_83' title="bbox 1830 3443 3428 3517; baseline -0.008 -6"><span class='ocrx_word' id='word_1_598' title='bbox 1830 3453 1962 3511; x_wconf 89' lang='lat' dir='ltr'><strong>cisci</strong></span> <span class='ocrx_word' id='word_1_599' title='bbox 2007 3451 2168 3517; x_wconf 90' lang='lat' dir='ltr'><strong>velle,</strong></span> <span class='ocrx_word' id='word_1_600' title='bbox 2200 3450 2246 3506; x_wconf 92' lang='lat' dir='ltr'><strong>si</strong></span> <span class='ocrx_word' id='word_1_601' title='bbox 2274 3449 2506 3506; x_wconf 89' lang='lat' dir='ltr'><strong>consilio</strong></span> <span class='ocrx_word' id='word_1_602' title='bbox 2545 3463 2644 3504; x_wconf 90' lang='lat' dir='ltr'><strong>suo</strong></span> <span class='ocrx_word' id='word_1_603' title='bbox 2673 3447 2840 3503; x_wconf 88' lang='lat' dir='ltr'><strong>velint</strong></span> <span class='ocrx_word' id='word_1_604' title='bbox 2868 3447 3085 3502; x_wconf 92' lang='lat' dir='ltr'><strong>cedere.</strong></span> <span class='ocrx_word' id='word_1_605' title='bbox 3130 3443 3240 3499; x_wconf 87' lang='lat' dir='ltr'><strong>Nec</strong></span> <span class='ocrx_word' id='word_1_606' title='bbox 3269 3458 3428 3515; x_wconf 88' lang='lat' dir='ltr'><strong>posse</strong></span> 
     </span>
    </p>
   </div>
   <div class='ocr_carea' id='block_1_84' title="bbox 1830 3534 3425 3613">
    <p class='ocr_par' dir='ltr' id='par_1_84' title="bbox 1830 3534 3425 3613">
     <span class='ocr_line' id='line_1_84' title="bbox 1830 3534 3425 3613; baseline -0.009 -11"><span class='ocrx_word' id='word_1_607' title='bbox 1830 3561 1890 3603; x_wconf 86' lang='lat' dir='ltr'><strong>se</strong></span> <span class='ocrx_word' id='word_1_608' title='bbox 1915 3543 1984 3599; x_wconf 88' lang='lat' dir='ltr'><strong>ab</strong></span> <span class='ocrx_word' id='word_1_609' title='bbox 2009 3545 2114 3599; x_wconf 90' lang='lat' dir='ltr'><strong>hoc</strong></span> <span class='ocrx_word' id='word_1_610' title='bbox 2143 3543 2326 3597; x_wconf 90' lang='lat' dir='ltr'><strong>animo</strong></span> <span class='ocrx_word' id='word_1_611' title='bbox 2353 3540 2667 3613; x_wconf 80' lang='lat' dir='ltr'><strong>temperari,</strong></span> <span class='ocrx_word' id='word_1_612' title='bbox 2698 3539 2742 3594; x_wconf 89' lang='lat' dir='ltr'><strong>si</strong></span> <span class='ocrx_word' id='word_1_613' title='bbox 2775 3537 2841 3592; x_wconf 91' lang='lat' dir='ltr'><strong>ad</strong></span> <span class='ocrx_word' id='word_1_614' title='bbox 2887 3537 2940 3594; x_wconf 92' lang='lat' dir='ltr'><strong>id</strong></span> <span class='ocrx_word' id='word_1_615' title='bbox 2972 3537 3238 3609; x_wconf 88' lang='lat' dir='ltr'><strong>agendum</strong></span> <span class='ocrx_word' id='word_1_616' title='bbox 3267 3534 3425 3604; x_wconf 89' lang='lat' dir='ltr'><strong>copia</strong></span> 
     </span>
    </p>
   </div>
   <div class='ocr_carea' id='block_1_85' title="bbox 1829 3621 3428 3698">
    <p class='ocr_par' dir='ltr' id='par_1_85' title="bbox 1829 3621 3428 3698">
     <span class='ocr_line' id='line_1_85' title="bbox 1829 3621 3428 3698; baseline -0.009 -4"><span class='ocrx_word' id='word_1_617' title='bbox 1829 3637 2060 3694; x_wconf 89' lang='lat' dir='ltr'><strong>militum</strong></span> <span class='ocrx_word' id='word_1_618' title='bbox 2108 3621 2216 3692; x_wconf 87' lang='lat' dir='ltr'><strong>non</strong></span> <span class='ocrx_word' id='word_1_619' title='bbox 2255 3633 2534 3690; x_wconf 88' lang='lat' dir='ltr'><strong>defecerit.</strong></span> <span class='ocrx_word' id='word_1_620' title='bbox 2576 3631 2795 3687; x_wconf 88' lang='lat' dir='ltr'><strong>Gratias</strong></span> <span class='ocrx_word' id='word_1_621' title='bbox 2821 3631 2984 3687; x_wconf 88' lang='lat' dir='ltr'><strong>etiam</strong></span> <span class='ocrx_word' id='word_1_622' title='bbox 3026 3644 3146 3684; x_wconf 90' lang='lat' dir='ltr'><strong>sese</strong></span> <span class='ocrx_word' id='word_1_623' title='bbox 3183 3626 3428 3698; x_wconf 88' lang='lat' dir='ltr'><strong>quando-</strong></span> 
     </span>
    </p>
   </div>
   <div class='ocr_carea' id='block_1_86' title="bbox 1829 3716 3427 3800">
    <p class='ocr_par' dir='ltr' id='par_1_86' title="bbox 1829 3716 3427 3800">
     <span class='ocr_line' id='line_1_86' title="bbox 1829 3716 3427 3800; baseline -0.009 -16"><span class='ocrx_word' id='word_1_624' title='bbox 1829 3744 1934 3800; x_wconf 88' lang='lat' dir='ltr'><strong>que</strong></span> <span class='ocrx_word' id='word_1_625' title='bbox 1973 3725 2332 3791; x_wconf 89' lang='lat' dir='ltr'><strong>redditurum,</strong></span> <span class='ocrx_word' id='word_1_626' title='bbox 2357 3725 2403 3781; x_wconf 89' lang='lat' dir='ltr'><strong>si</strong></span> <span class='ocrx_word' id='word_1_627' title='bbox 2436 3724 2490 3779; x_wconf 89' lang='lat' dir='ltr'><strong>id</strong></span> <span class='ocrx_word' id='word_1_628' title='bbox 2517 3722 2661 3794; x_wconf 87' lang='lat' dir='ltr'><strong>quod</strong></span> <span class='ocrx_word' id='word_1_629' title='bbox 2701 3721 2851 3793; x_wconf 88' lang='lat' dir='ltr'><strong>cupit</strong></span> <span class='ocrx_word' id='word_1_630' title='bbox 2905 3736 3064 3790; x_wconf 59' lang='lat' dir='ltr'><strong>aequo</strong></span> <span class='ocrx_word' id='word_1_631' title='bbox 3105 3719 3294 3774; x_wconf 89' lang='lat' dir='ltr'><strong>animo</strong></span> <span class='ocrx_word' id='word_1_632' title='bbox 3331 3716 3427 3771; x_wconf 90' lang='lat' dir='ltr'><strong>ad-</strong></span> 
     </span>
    </p>
   </div>
   <div class='ocr_carea' id='block_1_87' title="bbox 1828 3822 2096 3880">
    <p class='ocr_par' dir='ltr' id='par_1_87' title="bbox 1828 3822 2096 3880">
     <span class='ocr_line' id='line_1_87' title="bbox 1828 3822 2096 3880; baseline -0.015 0"><span class='ocrx_word' id='word_1_633' title='bbox 1828 3822 2096 3880; x_wconf 85' lang='lat' dir='ltr'><strong>oriantur.</strong></span> 
     </span>
    </p>
   </div>
   <div class='ocr_carea' id='block_1_88' title="bbox 1901 3900 3420 3984">
    <p class='ocr_par' dir='ltr' id='par_1_88' title="bbox 1901 3900 3420 3984">
     <span class='ocr_line' id='line_1_88' title="bbox 1901 3900 3420 3984; baseline -0.008 -16"><span class='ocrx_word' id='word_1_634' title='bbox 1901 3912 1990 3969; x_wconf 88' lang='lat'><strong>69.</strong></span> <span class='ocrx_word' id='word_1_635' title='bbox 2047 3911 2281 3984; x_wconf 78' lang='lat' dir='ltr'><strong>lmpetus</strong></span> <span class='ocrx_word' id='word_1_636' title='bbox 2342 3907 2619 3966; x_wconf 85' lang='lat' dir='ltr'><strong>Gallorum</strong></span> <span class='ocrx_word' id='word_1_637' title='bbox 2678 3915 2998 3976; x_wconf 76' lang='lat' dir='ltr'><strong>spontaneus</strong></span> <span class='ocrx_word' id='word_1_638' title='bbox 3037 3901 3107 3935; x_wconf 85' lang='grc'><strong>⁸⁷⁸</strong></span> <span class='ocrx_word' id='word_1_639' title='bbox 3151 3903 3206 3957; x_wconf 86' lang='lat' dir='ltr'><strong>in</strong></span> <span class='ocrx_word' id='word_1_640' title='bbox 3263 3900 3420 3958; x_wconf 87' lang='lat' dir='ltr'><strong>Otto-</strong></span> 
     </span>
    </p>
   </div>
   <div class='ocr_carea' id='block_1_89' title="bbox 1830 3992 3412 4071">
    <p class='ocr_par' dir='ltr' id='par_1_89' title="bbox 1830 3992 3412 4071">
     <span class='ocr_line' id='line_1_89' title="bbox 1830 3992 3412 4071; baseline -0.01 -10"><span class='ocrx_word' id='word_1_641' title='bbox 1830 4023 1948 4061; x_wconf 83' lang='lat' dir='ltr'><strong>nem</strong></span> <span class='ocrx_word' id='word_1_642' title='bbox 1973 4004 2062 4059; x_wconf 87' lang='grc'>⁸⁷³.</span> <span class='ocrx_word' id='word_1_643' title='bbox 2079 4003 2282 4058; x_wconf 73' lang='grc' dir='ltr'><strong>-Μοχ</strong></span> <span class='ocrx_word' id='word_1_644' title='bbox 2299 4002 2406 4057; x_wconf 84' lang='lat' dir='ltr'><strong>dux</strong></span> <span class='ocrx_word' id='word_1_645' title='bbox 2427 4011 2479 4056; x_wconf 91' lang='lat' dir='ltr'><strong>et</strong></span> <span class='ocrx_word' id='word_1_646' title='bbox 2501 3999 2593 4055; x_wconf 90' lang='lat' dir='ltr'><strong>alii</strong></span> <span class='ocrx_word' id='word_1_647' title='bbox 2635 3998 2895 4071; x_wconf 89' lang='lat' dir='ltr'><strong>primates</strong></span> <span class='ocrx_word' id='word_1_648' title='bbox 2920 3997 3040 4051; x_wconf 90' lang='lat' dir='ltr'><strong>sine</strong></span> <span class='ocrx_word' id='word_1_649' title='bbox 3077 3992 3412 4050; x_wconf 86' lang='lat' dir='ltr'><strong>deliberandi</strong></span> 
     </span>
    </p>
   </div>
   <div class='ocr_carea' id='block_1_90' title="bbox 1828 4085 3420 4163">
    <p class='ocr_par' dir='ltr' id='par_1_90' title="bbox 1828 4085 3420 4163">
     <span class='ocr_line' id='line_1_90' title="bbox 1828 4085 3420 4163; baseline -0.013 -3"><span class='ocrx_word' id='word_1_650' title='bbox 1828 4099 2227 4160; x_wconf 84' lang='lat' dir='ltr'><strong>consultatione</strong></span> <span class='ocrx_word' id='word_1_651' title='bbox 2303 4094 2632 4153; x_wconf 86' lang='lat' dir='ltr'><strong>sententiam</strong></span> <span class='ocrx_word' id='word_1_652' title='bbox 2701 4091 2904 4163; x_wconf 88' lang='lat' dir='ltr'><strong>regiam</strong></span> <span class='ocrx_word' id='word_1_653' title='bbox 2943 4087 3218 4144; x_wconf 85' lang='lat' dir='ltr'><strong>attollunt.</strong></span> <span class='ocrx_word' id='word_1_654' title='bbox 3285 4085 3420 4141; x_wconf 89' lang='lat' dir='ltr'><strong>Sese</strong></span> 
     </span>
    </p>
   </div>
   <div class='ocr_carea' id='block_1_91' title="bbox 1829 4186 3422 4271">
    <p class='ocr_par' dir='ltr' id='par_1_91' title="bbox 1829 4186 3422 4271">
     <span class='ocr_line' id='line_1_91' title="bbox 1829 4186 3422 4271; baseline -0.013 -14"><span class='ocrx_word' id='word_1_655' title='bbox 1829 4209 2024 4271; x_wconf 83' lang='lat' dir='ltr'><strong>sponte</strong></span> <span class='ocrx_word' id='word_1_656' title='bbox 2049 4199 2222 4254; x_wconf 88' lang='lat' dir='ltr'><strong>ituros</strong></span> <span class='ocrx_word' id='word_1_657' title='bbox 2245 4212 2365 4252; x_wconf 91' lang='lat' dir='ltr'><strong>cum</strong></span> <span class='ocrx_word' id='word_1_658' title='bbox 2394 4209 2541 4266; x_wconf 89' lang='lat' dir='ltr'><strong>rege,</strong></span> <span class='ocrx_word' id='word_1_659' title='bbox 2565 4202 2620 4248; x_wconf 91' lang='lat' dir='ltr'><strong>et</strong></span> <span class='ocrx_word' id='word_1_660' title='bbox 2641 4190 2896 4248; x_wconf 90' lang='lat' dir='ltr'><strong>Ottonem</strong></span> <span class='ocrx_word' id='word_1_661' title='bbox 2941 4198 3034 4242; x_wconf 90' lang='lat' dir='ltr'><strong>aut</strong></span> <span class='ocrx_word' id='word_1_662' title='bbox 3068 4186 3422 4259; x_wconf 76' lang='lat' dir='ltr'><strong>comprehen-</strong></span> 
     </span>
    </p>
   </div>
   <div class='ocr_carea' id='block_1_92' title="bbox 1829 4279 3416 4360">
    <p class='ocr_par' dir='ltr' id='par_1_92' title="bbox 1829 4279 3416 4360">
     <span class='ocr_line' id='line_1_92' title="bbox 1829 4279 3416 4360; baseline -0.013 -9"><span class='ocrx_word' id='word_1_663' title='bbox 1829 4311 2007 4360; x_wconf 88' lang='lat' dir='ltr'><strong>suros,</strong></span> <span class='ocrx_word' id='word_1_664' title='bbox 2036 4301 2128 4348; x_wconf 91' lang='lat' dir='ltr'><strong>aut</strong></span> <span class='ocrx_word' id='word_1_665' title='bbox 2174 4288 2580 4353; x_wconf 87' lang='lat' dir='ltr'><strong>interfecturos,</strong></span> <span class='ocrx_word' id='word_1_666' title='bbox 2614 4295 2708 4340; x_wconf 90' lang='lat' dir='ltr'><strong>aut</strong></span> <span class='ocrx_word' id='word_1_667' title='bbox 2746 4283 3028 4355; x_wconf 84' lang='lat' dir='ltr'><strong>fugaturos</strong></span> <span class='ocrx_word' id='word_1_668' title='bbox 3076 4279 3416 4350; x_wconf 73' lang='lat' dir='ltr'><strong>pollicentur.</strong></span> 
     </span>
    </p>
   </div>
   <div class='ocr_carea' id='block_1_93' title="bbox 1829 4375 3422 4462">
    <p class='ocr_par' dir='ltr' id='par_1_93' title="bbox 1829 4375 3422 4462">
     <span class='ocr_line' id='line_1_93' title="bbox 1829 4375 3422 4462; baseline -0.013 -16"><span class='ocrx_word' id='word_1_669' title='bbox 1829 4391 2002 4462; x_wconf 34' lang='lat' dir='ltr'><strong>I‘Iujus</strong></span> <span class='ocrx_word' id='word_1_670' title='bbox 2049 4387 2334 4445; x_wconf 87' lang='lat' dir='ltr'><strong>consilium</strong></span> <span class='ocrx_word' id='word_1_671' title='bbox 2379 4382 2584 4456; x_wconf 86' lang='lat' dir='ltr'><strong>negotii</strong></span> <span class='ocrx_word' id='word_1_672' title='bbox 2615 4380 2687 4412; x_wconf 84' lang='grc'><strong>⁸⁷⁸</strong></span> <span class='ocrx_word' id='word_1_673' title='bbox 2734 4376 3131 4435; x_wconf 89' lang='lat' dir='ltr'><strong>dissimulatum</strong></span> <span class='ocrx_word' id='word_1_674' title='bbox 3187 4375 3253 4429; x_wconf 88' lang='lat' dir='ltr'><strong>ad</strong></span> <span class='ocrx_word' id='word_1_675' title='bbox 3293 4389 3422 4443; x_wconf 83' lang='lat' dir='ltr'><strong>pau-</strong></span> 
     </span>
    </p>
   </div>
   <div class='ocr_carea' id='block_1_94' title="bbox 1829 4467 3422 4545">
    <p class='ocr_par' dir='ltr' id='par_1_94' title="bbox 1829 4467 3422 4545">
     <span class='ocr_line' id='line_1_94' title="bbox 1829 4467 3422 4545; baseline -0.014 -6"><span class='ocrx_word' id='word_1_676' title='bbox 1829 4497 2018 4540; x_wconf 89' lang='lat' dir='ltr'><strong>corum</strong></span> <span class='ocrx_word' id='word_1_677' title='bbox 2051 4489 2177 4535; x_wconf 89' lang='lat' dir='ltr'><strong>tunc</strong></span> <span class='ocrx_word' id='word_1_678' title='bbox 2204 4477 2451 4532; x_wconf 88' lang='lat' dir='ltr'><strong>notitiam</strong></span> <span class='ocrx_word' id='word_1_679' title='bbox 2490 4472 2774 4545; x_wconf 88' lang='lat' dir='ltr'><strong>pervenire</strong></span> <span class='ocrx_word' id='word_1_680' title='bbox 2801 4469 2997 4540; x_wconf 88' lang='lat' dir='ltr'><strong>potuit,</strong></span> <span class='ocrx_word' id='word_1_681' title='bbox 3025 4467 3159 4521; x_wconf 85' lang='lat' dir='ltr'><strong>adeo</strong></span> <span class='ocrx_word' id='word_1_682' title='bbox 3189 4473 3249 4519; x_wconf 91' lang='lat' dir='ltr'><strong>ut</strong></span> <span class='ocrx_word' id='word_1_683' title='bbox 3288 4479 3422 4519; x_wconf 84' lang='lat' dir='ltr'><strong>eun-</strong></span> 
     </span>
    </p>
   </div>
   <div class='ocr_carea' id='block_1_95' title="bbox 1832 4558 3419 4645">
    <p class='ocr_par' dir='ltr' id='par_1_95' title="bbox 1832 4558 3419 4645">
     <span class='ocr_line' id='line_1_95' title="bbox 1832 4558 3419 4645; baseline -0.013 -13"><span class='ocrx_word' id='word_1_684' title='bbox 1832 4586 1933 4642; x_wconf 90' lang='lat' dir='ltr'><strong>tes,</strong></span> <span class='ocrx_word' id='word_1_685' title='bbox 1966 4587 2226 4645; x_wconf 90' lang='lat' dir='ltr'><strong>quorsum</strong></span> <span class='ocrx_word' id='word_1_686' title='bbox 2253 4569 2547 4626; x_wconf 89' lang='lat' dir='ltr'><strong>nescirent.</strong></span> <span class='ocrx_word' id='word_1_687' title='bbox 2580 4565 2822 4621; x_wconf 89' lang='lat' dir='ltr'><strong>Tandem</strong></span> <span class='ocrx_word' id='word_1_688' title='bbox 2849 4561 3106 4618; x_wconf 92' lang='lat' dir='ltr'><strong>collectus</strong></span> <span class='ocrx_word' id='word_1_689' title='bbox 3143 4558 3419 4614; x_wconf 81' lang='lat' dir='ltr'><strong>exercitus</strong></span> 
     </span>
    </p>
   </div>
   <div class='ocr_carea' id='block_1_96' title="bbox 1829 4648 3420 4728">
    <p class='ocr_par' dir='ltr' id='par_1_96' title="bbox 1829 4648 3420 4728">
     <span class='ocr_line' id='line_1_96' title="bbox 1829 4648 3420 4728; baseline -0.014 -3"><span class='ocrx_word' id='word_1_690' title='bbox 1829 4669 1911 4726; x_wconf 85' lang='lat' dir='ltr'><strong>sic</strong></span> <span class='ocrx_word' id='word_1_691' title='bbox 1941 4668 2138 4724; x_wconf 85' lang='lat' dir='ltr'><strong>densus</strong></span> <span class='ocrx_word' id='word_1_692' title='bbox 2162 4661 2466 4728; x_wconf 82' lang='lat' dir='ltr'><strong>incedebat,</strong></span> <span class='ocrx_word' id='word_1_693' title='bbox 2496 4670 2554 4714; x_wconf 90' lang='lat' dir='ltr'><strong>ut</strong></span> <span class='ocrx_word' id='word_1_694' title='bbox 2582 4666 2765 4713; x_wconf 89' lang='lat' dir='ltr'><strong>erecta</strong></span> <span class='ocrx_word' id='word_1_695' title='bbox 2802 4653 3019 4710; x_wconf 88' lang='lat' dir='ltr'><strong>hastilia</strong></span> <span class='ocrx_word' id='word_1_696' title='bbox 3043 4651 3221 4706; x_wconf 89' lang='lat' dir='ltr'><strong>lucum</strong></span> <span class='ocrx_word' id='word_1_697' title='bbox 3243 4648 3420 4720; x_wconf 77' lang='lat' dir='ltr'><strong>potius</strong></span> 
     </span>
    </p>
   </div>
   <div class='ocr_carea' id='block_1_97' title="bbox 1827 4742 3421 4834">
    <p class='ocr_par' dir='ltr' id='par_1_97' title="bbox 1827 4742 3421 4834">
     <span class='ocr_line' id='line_1_97' title="bbox 1827 4742 3421 4834; baseline -0.016 -16"><span class='ocrx_word' id='word_1_698' title='bbox 1827 4779 1991 4834; x_wconf 90' lang='lat' dir='ltr'><strong>quam</strong></span> <span class='ocrx_word' id='word_1_699' title='bbox 2022 4774 2172 4814; x_wconf 88' lang='lat' dir='ltr'><strong>arma</strong></span> <span class='ocrx_word' id='word_1_700' title='bbox 2201 4754 2606 4828; x_wconf 89' lang='lat' dir='ltr'><strong>portenderent.</strong></span> <span class='ocrx_word' id='word_1_701' title='bbox 2631 4751 2746 4806; x_wconf 87' lang='lat' dir='ltr'><strong>Ibat</strong></span> <span class='ocrx_word' id='word_1_702' title='bbox 2773 4763 2903 4816; x_wconf 83' lang='lat' dir='ltr'><strong>ergo</strong></span> <span class='ocrx_word' id='word_1_703' title='bbox 2932 4761 3028 4818; x_wconf 90' lang='lat' dir='ltr'><strong>per</strong></span> <span class='ocrx_word' id='word_1_704' title='bbox 3065 4758 3266 4799; x_wconf 87' lang='lat' dir='ltr'><strong>cuneos</strong></span> <span class='ocrx_word' id='word_1_705' title='bbox 3293 4742 3421 4796; x_wconf 86' lang='lat' dir='ltr'><strong>sim-</strong></span> 
     </span>
    </p>
   </div>
   <div class='ocr_carea' id='block_1_98' title="bbox 1828 4836 3420 4927">
    <p class='ocr_par' dir='ltr' id='par_1_98' title="bbox 1828 4836 3420 4927">
     <span class='ocr_line' id='line_1_98' title="bbox 1828 4836 3420 4927; baseline -0.016 -14"><span class='ocrx_word' id='word_1_706' title='bbox 1828 4856 1953 4914; x_wconf 88' lang='lat' dir='ltr'><strong>bolo</strong></span> <span class='ocrx_word' id='word_1_707' title='bbox 1990 4852 2140 4927; x_wconf 79' lang='lat' dir='ltr'><strong>(II5)</strong></span> <span class='ocrx_word' id='word_1_708' title='bbox 2179 4850 2483 4905; x_wconf 88' lang='lat' dir='ltr'><strong>distinetos.</strong></span> <span class='ocrx_word' id='word_1_709' title='bbox 2529 4845 2665 4901; x_wconf 86' lang='lat' dir='ltr'><strong>Cum</strong></span> <span class='ocrx_word' id='word_1_710' title='bbox 2703 4858 2832 4897; x_wconf 87' lang='lat' dir='ltr'><strong>vero</strong></span> <span class='ocrx_word' id='word_1_711' title='bbox 2869 4841 3006 4894; x_wconf 86' lang='lat' dir='ltr'><strong>vada</strong></span> <span class='ocrx_word' id='word_1_712' title='bbox 3052 4836 3212 4892; x_wconf 71' lang='lat' dir='ltr'><strong>Mosa:</strong></span> <span class='ocrx_word' id='word_1_713' title='bbox 3242 4845 3420 4890; x_wconf 87' lang='lat' dir='ltr'><strong>trans-</strong></span> 
     </span>
    </p>
   </div>
   <div class='ocr_carea' id='block_1_99' title="bbox 1829 4931 3422 5012">
    <p class='ocr_par' dir='ltr' id='par_1_99' title="bbox 1829 4931 3422 5012">
     <span class='ocr_line' id='line_1_99' title="bbox 1829 4931 3422 5012; baseline -0.015 -7"><span class='ocrx_word' id='word_1_714' title='bbox 1829 4948 2130 5012; x_wconf 87' lang='lat' dir='ltr'><strong>misisseut,</strong></span> <span class='ocrx_word' id='word_1_715' title='bbox 2155 4943 2500 4999; x_wconf 91' lang='lat' dir='ltr'><strong>centuriones</strong></span> <span class='ocrx_word' id='word_1_716' title='bbox 2530 4935 2810 4993; x_wconf 78' lang='lat' dir='ltr'><strong>constituti</strong></span> <span class='ocrx_word' id='word_1_717' title='bbox 2833 4945 2890 4991; x_wconf 87' lang='lat' dir='ltr'><strong>et</strong></span> <span class='ocrx_word' id='word_1_718' title='bbox 2912 4931 3153 5002; x_wconf 89' lang='lat' dir='ltr'><strong>dispositi</strong></span> <span class='ocrx_word' id='word_1_719' title='bbox 3171 4945 3267 5002; x_wconf 88' lang='lat' dir='ltr'><strong>per</strong></span> <span class='ocrx_word' id='word_1_720' title='bbox 3293 4945 3422 4983; x_wconf 79' lang='lat' dir='ltr'><strong>cen-</strong></span> 
     </span>
    </p>
   </div>
   <div class='ocr_carea' id='block_1_100' title="bbox 1830 5025 3418 5108">
    <p class='ocr_par' dir='ltr' id='par_1_100' title="bbox 1830 5025 3418 5108">
     <span class='ocr_line' id='line_1_100' title="bbox 1830 5025 3418 5108; baseline -0.017 -7"><span class='ocrx_word' id='word_1_721' title='bbox 1830 5044 2025 5108; x_wconf 88' lang='lat' dir='ltr'><strong>turias,</strong></span> <span class='ocrx_word' id='word_1_722' title='bbox 2051 5040 2307 5098; x_wconf 89' lang='lat' dir='ltr'><strong>Ottonem</strong></span> <span class='ocrx_word' id='word_1_723' title='bbox 2351 5052 2459 5092; x_wconf 92' lang='lat' dir='ltr'><strong>non</strong></span> <span class='ocrx_word' id='word_1_724' title='bbox 2495 5032 2847 5090; x_wconf 89' lang='lat' dir='ltr'><strong>sullicientem</strong></span> <span class='ocrx_word' id='word_1_725' title='bbox 2884 5028 3086 5084; x_wconf 89' lang='lat' dir='ltr'><strong>habere</strong></span> <span class='ocrx_word' id='word_1_726' title='bbox 3116 5025 3418 5080; x_wconf 73' lang='lat' dir='ltr'><strong>exercitum</strong></span> 
     </span>
    </p>
   </div>
   <div class='ocr_carea' id='block_1_101' title="bbox 1831 5120 3420 5208">
    <p class='ocr_par' dir='ltr' id='par_1_101' title="bbox 1831 5120 3420 5208">
     <span class='ocr_line' id='line_1_101' title="bbox 1831 5120 3420 5208; baseline -0.017 -13"><span class='ocrx_word' id='word_1_727' title='bbox 1831 5137 2122 5208; x_wconf 87' lang='lat' dir='ltr'><strong>diligenter</strong></span> <span class='ocrx_word' id='word_1_728' title='bbox 2151 5129 2503 5202; x_wconf 89' lang='lat' dir='ltr'><strong>contemplati</strong></span> <span class='ocrx_word' id='word_1_729' title='bbox 2548 5137 2676 5185; x_wconf 89' lang='lat' dir='ltr'><strong>sunt</strong></span> <span class='ocrx_word' id='word_1_730' title='bbox 2702 5124 2795 5180; x_wconf 77' lang='grc'>⁸⁷⁶.</span> <span class='ocrx_word' id='word_1_731' title='bbox 2832 5122 3019 5194; x_wconf 90' lang='lat' dir='ltr'><strong>Itaque</strong></span> <span class='ocrx_word' id='word_1_732' title='bbox 3066 5120 3420 5183; x_wconf 87' lang='lat' dir='ltr'><strong>accedebant,</strong></span> 
     </span>
    </p>
   </div>
   <div class='ocr_carea' id='block_1_102' title="bbox 1381 5291 2057 5356">
    <p class='ocr_par' dir='ltr' id='par_1_102' title="bbox 1381 5291 2057 5356">
     <span class='ocr_line' id='line_1_102' title="bbox 1381 5291 2057 5356; baseline -0.012 -1"><span class='ocrx_word' id='word_1_733' title='bbox 1381 5296 1617 5356; x_wconf 73' lang='lat' dir='ltr'><strong>VARIAE</strong></span> <span class='ocrx_word' id='word_1_734' title='bbox 1650 5291 2057 5354; x_wconf 85' lang='lat' dir='ltr'><strong>LECTIONES.</strong></span> 
     </span>
    </p>
   </div>
   <div class='ocr_carea' id='block_1_103' title="bbox 207 5415 3418 5502">
    <p class='ocr_par' dir='ltr' id='par_1_103' title="bbox 207 5415 3418 5502">
     <span class='ocr_line' id='line_1_103' title="bbox 207 5415 3418 5502; baseline -0.008 -13"><span class='ocrx_word' id='word_1_735' title='bbox 207 5429 272 5464; x_wconf 77' lang='grc'><strong>⁸⁸⁸</strong></span> <span class='ocrx_word' id='word_1_736' title='bbox 297 5435 465 5500; x_wconf 89' lang='lat' dir='ltr'><strong>conti,</strong></span> <span class='ocrx_word' id='word_1_737' title='bbox 489 5437 618 5501; x_wconf 91' lang='lat' dir='ltr'><strong>tius,</strong></span> <span class='ocrx_word' id='word_1_738' title='bbox 649 5437 760 5493; x_wconf 91' lang='lat' dir='ltr'><strong>atio</strong></span> <span class='ocrx_word' id='word_1_739' title='bbox 801 5453 890 5502; x_wconf 88' lang='lat' dir='ltr'><strong>an,</strong></span> <span class='ocrx_word' id='word_1_740' title='bbox 931 5435 1040 5493; x_wconf 89' lang='lat' dir='ltr'><strong>tale</strong></span> <span class='ocrx_word' id='word_1_741' title='bbox 1063 5435 1206 5490; x_wconf 80' lang='lat' dir='ltr'><strong>absc.</strong></span> <span class='ocrx_word' id='word_1_742' title='bbox 1282 5433 1353 5473; x_wconf 77' lang='grc'>⁸⁸⁵</span> <span class='ocrx_word' id='word_1_743' title='bbox 1388 5447 1524 5489; x_wconf 90' lang='lat' dir='ltr'><strong>nova</strong></span> <span class='ocrx_word' id='word_1_744' title='bbox 1585 5447 1721 5486; x_wconf 88' lang='lat' dir='ltr'><strong>corr.</strong></span> <span class='ocrx_word' id='word_1_745' title='bbox 1778 5428 1904 5502; x_wconf 82' lang='lat' dir='ltr'><strong>alia.</strong></span> <span class='ocrx_word' id='word_1_746' title='bbox 1983 5424 2068 5502; x_wconf 32' lang='grc'>⁸⁸⁸,</span> <span class='ocrx_word' id='word_1_747' title='bbox 2109 5438 2300 5480; x_wconf 92' lang='lat' dir='ltr'><strong>omnes</strong></span> <span class='ocrx_word' id='word_1_748' title='bbox 2326 5423 2744 5502; x_wconf 54' lang='lat' dir='ltr'><strong>“exspectarent</strong></span> <span class='ocrx_word' id='word_1_749' title='bbox 2781 5431 2919 5502; x_wconf 71' lang='lat' dir='ltr'><strong>corr.</strong></span> <span class='ocrx_word' id='word_1_750' title='bbox 2954 5415 3134 5502; x_wconf 51' lang='lat' dir='ltr'><strong>digere</strong></span> <span class='ocrx_word' id='word_1_751' title='bbox 3169 5421 3418 5502; x_wconf 75' lang='lat' dir='ltr'><strong>pararet.</strong></span> 
     </span>
    </p>
   </div>
   <div class='ocr_carea' id='block_1_104' title="bbox 145 5497 950 5564">
    <p class='ocr_par' dir='ltr' id='par_1_104' title="bbox 145 5497 950 5564">
     <span class='ocr_line' id='line_1_104' title="bbox 145 5497 950 5564; baseline 0.005 -6"><span class='ocrx_word' id='word_1_752' title='bbox 145 5497 207 5533; x_wconf 75' lang='grc'><strong>⁸⁸⁷</strong></span> <span class='ocrx_word' id='word_1_753' title='bbox 237 5504 301 5559; x_wconf 86' lang='grc' dir='ltr'><strong>Ε.</strong></span> <span class='ocrx_word' id='word_1_754' title='bbox 345 5505 414 5561; x_wconf 81' lang='lat' dir='ltr'><strong>R.</strong></span> <span class='ocrx_word' id='word_1_755' title='bbox 444 5497 499 5562; x_wconf 83' lang='lat' dir='ltr'><strong>et</strong></span> <span class='ocrx_word' id='word_1_756' title='bbox 537 5497 639 5564; x_wconf 81' lang='lat' dir='ltr'><strong>Ad.</strong></span> <span class='ocrx_word' id='word_1_757' title='bbox 669 5509 732 5564; x_wconf 89' lang='lat' dir='ltr'><strong>L.</strong></span> <span class='ocrx_word' id='word_1_758' title='bbox 771 5497 950 5564; x_wconf 70' lang='lat' dir='ltr'><strong>codex.</strong></span> 
     </span>
    </p>
   </div>
   <div class='ocr_carea' id='block_1_105' title="bbox 145 5573 2278 5645">
    <p class='ocr_par' dir='ltr' id='par_1_105' title="bbox 145 5573 2278 5645">
     <span class='ocr_line' id='line_1_105' title="bbox 145 5573 2278 5645; baseline -0.007 -11"><span class='ocrx_word' id='word_1_759' title='bbox 145 5584 250 5641; x_wconf 77' lang='lat' dir='ltr'><strong>Per,</strong></span> <span class='ocrx_word' id='word_1_760' title='bbox 279 5593 366 5643; x_wconf 82' lang='lat' dir='ltr'><strong>os,</strong></span> <span class='ocrx_word' id='word_1_761' title='bbox 397 5593 459 5633; x_wconf 88' lang='lat' dir='ltr'><strong>as</strong></span> <span class='ocrx_word' id='word_1_762' title='bbox 487 5580 628 5635; x_wconf 84' lang='lat' dir='ltr'><strong>absc.</strong></span> <span class='ocrx_word' id='word_1_763' title='bbox 705 5579 776 5613; x_wconf 81' lang='grc'><strong>⁸⁷⁸</strong></span> <span class='ocrx_word' id='word_1_764' title='bbox 814 5581 1056 5638; x_wconf 89' lang='lat' dir='ltr'><strong>elevatus</strong></span> <span class='ocrx_word' id='word_1_765' title='bbox 1085 5594 1220 5635; x_wconf 86' lang='lat' dir='ltr'><strong>corr.</strong></span> <span class='ocrx_word' id='word_1_766' title='bbox 1263 5573 1495 5631; x_wconf 82' lang='lat' dir='ltr'><strong>creatus.</strong></span> <span class='ocrx_word' id='word_1_767' title='bbox 1570 5573 1640 5605; x_wconf 68' lang='grc'><strong>⁸⁷⁸</strong></span> <span class='ocrx_word' id='word_1_768' title='bbox 1677 5573 1996 5645; x_wconf 85' lang='lat' dir='ltr'><strong>plerumque</strong></span> <span class='ocrx_word' id='word_1_769' title='bbox 2027 5584 2197 5645; x_wconf 41' lang='grc' dir='ltr'><strong>ξονον..</strong></span> <span class='ocrx_word' id='word_1_770' title='bbox 2245 5582 2278 5636; x_wconf 85' lang='grc' dir='ltr'><strong>(ι</strong></span> 
     </span>
    </p>
   </div>
   <div class='ocr_carea' id='block_1_106' title="bbox 931 5629 2720 5722">
    <p class='ocr_par' dir='ltr' id='par_1_106' title="bbox 931 5629 2720 5722">
     <span class='ocr_line' id='line_1_106' title="bbox 931 5629 2720 5722; baseline -0.012 -16"><span class='ocrx_word' id='word_1_771' title='bbox 931 5629 1411 5706; x_wconf 56' lang='grc' dir='ltr'><strong>έπ⁷ηῖ⁷⁷ιιηειὸὶείιίὶ</strong></span> <span class='ocrx_word' id='word_1_772' title='bbox 1457 5629 1620 5718; x_wconf 84' lang='lat' dir='ltr'><strong>atque</strong></span> <span class='ocrx_word' id='word_1_773' title='bbox 1669 5629 1925 5702; x_wconf 75' lang='lat' dir='ltr'><strong>ordinant</strong></span> <span class='ocrx_word' id='word_1_774' title='bbox 1957 5639 2083 5713; x_wconf 88' lang='lat' dir='ltr'><strong>galli</strong></span> <span class='ocrx_word' id='word_1_775' title='bbox 2117 5629 2291 5722; x_wconf 73' lang='lat' dir='ltr'><strong>celtce.</strong></span> <span class='ocrx_word' id='word_1_776' title='bbox 2349 5629 2504 5704; x_wconf 81' lang='lat' dir='ltr'><strong>Quod</strong></span> <span class='ocrx_word' id='word_1_777' title='bbox 2532 5629 2720 5687; x_wconf 83' lang='lat' dir='ltr'><strong>deleta.</strong></span> 
     </span>
    </p>
   </div>
   <div class='ocr_carea' id='block_1_107' title="bbox 145 5648 836 5714">
    <p class='ocr_par' dir='ltr' id='par_1_107' title="bbox 145 5648 836 5714">
     <span class='ocr_line' id='line_1_107' title="bbox 145 5648 836 5714; baseline 0.007 -13"><span class='ocrx_word' id='word_1_778' title='bbox 145 5658 288 5714; x_wconf 76' lang='lat' dir='ltr'><strong>nens,</strong></span> <span class='ocrx_word' id='word_1_779' title='bbox 316 5648 572 5707; x_wconf 87' lang='lat' dir='ltr'><strong>Ottonem</strong></span> <span class='ocrx_word' id='word_1_780' title='bbox 611 5652 836 5708; x_wconf 74' lang='lat' dir='ltr'><strong>abscisa.</strong></span> 
     </span>
    </p>
   </div>
   <div class='ocr_carea' id='block_1_108' title="bbox 137 5713 320 5777">
    <p class='ocr_par' dir='ltr' id='par_1_108' title="bbox 137 5713 320 5777">
     <span class='ocr_line' id='line_1_108' title="bbox 137 5713 320 5777; baseline -0.011 0"><span class='ocrx_word' id='word_1_781' title='bbox 137 5713 320 5777; x_wconf 54' lang='lat' dir='ltr'><strong>deleta.</strong></span> 
     </span>
    </p>
   </div>
   <div class='ocr_carea' id='block_1_109' title="bbox 1042 5485 3420 5576">
    <p class='ocr_par' dir='ltr' id='par_1_109' title="bbox 1042 5485 3420 5576">
     <span class='ocr_line' id='line_1_109' title="bbox 1042 5485 3420 5576; baseline -0.011 -16"><span class='ocrx_word' id='word_1_782' title='bbox 1042 5485 1225 5560; x_wconf 30' lang='lat' dir='ltr'><strong>div/ilo</strong></span> <span class='ocrx_word' id='word_1_783' title='bbox 1269 5485 1530 5576; x_wconf 58' lang='grc' dir='ltr'><strong>ρεηίῶιό</strong></span> <span class='ocrx_word' id='word_1_784' title='bbox 1575 5485 1632 5556; x_wconf 69' lang='lat' dir='ltr'><strong>et</strong></span> <span class='ocrx_word' id='word_1_785' title='bbox 1669 5503 1788 5556; x_wconf 73' lang='lat' dir='ltr'><strong>alia:</strong></span> <span class='ocrx_word' id='word_1_786' title='bbox 1821 5500 1996 5572; x_wconf 81' lang='lat' dir='ltr'><strong>plures</strong></span> <span class='ocrx_word' id='word_1_787' title='bbox 2039 5496 2262 5568; x_wconf 76' lang='lat' dir='ltr'><strong>fortasse</strong></span> <span class='ocrx_word' id='word_1_788' title='bbox 2320 5485 2476 5576; x_wconf 64' lang='lat' dir='ltr'><strong>linea?</strong></span> <span class='ocrx_word' id='word_1_789' title='bbox 2521 5490 2724 5576; x_wconf 53' lang='lat' dir='ltr'><strong>exciam.</strong></span> <span class='ocrx_word' id='word_1_790' title='bbox 2756 5496 2904 5570; x_wconf 61' lang='lat' dir='ltr'><strong>sunt.</strong></span> <span class='ocrx_word' id='word_1_791' title='bbox 2959 5485 3049 5576; x_wconf 55' lang='lat' dir='ltr'><strong>Lm</strong></span> <span class='ocrx_word' id='word_1_792' title='bbox 3102 5485 3420 5576; x_wconf 40' lang='lat' dir='ltr'><strong>inuregc‘m,</strong></span> 
     </span>
    </p>
   </div>
   <div class='ocr_carea' id='block_1_110' title="bbox 2650 5553 3424 5622">
    <p class='ocr_par' dir='ltr' id='par_1_110' title="bbox 2650 5553 3424 5622">
     <span class='ocr_line' id='line_1_110' title="bbox 2650 5553 3424 5622; baseline -0.008 -8"><span class='ocrx_word' id='word_1_793' title='bbox 2650 5559 2724 5596; x_wconf 77' lang='grc'><strong>⁸⁷³</strong></span> <span class='ocrx_word' id='word_1_794' title='bbox 2755 5559 2827 5622; x_wconf 87' lang='lat' dir='ltr'><strong>i0,</strong></span> <span class='ocrx_word' id='word_1_795' title='bbox 2861 5573 2895 5610; x_wconf 80' lang='grc' dir='ltr'><strong>η</strong></span> <span class='ocrx_word' id='word_1_796' title='bbox 2919 5556 3061 5612; x_wconf 72' lang='lat' dir='ltr'><strong>abst.</strong></span> <span class='ocrx_word' id='word_1_797' title='bbox 3158 5553 3228 5588; x_wconf 84' lang='grc'><strong>⁸⁷⁸</strong></span> <span class='ocrx_word' id='word_1_798' title='bbox 3258 5553 3389 5608; x_wconf 65' lang='lat' dir='ltr'><strong>o‘nta</strong></span> <span class='ocrx_word' id='word_1_799' title='bbox 3412 5583 3424 5591; x_wconf 88' lang='lat'><strong>-</strong></span> 
     </span>
    </p>
   </div>
   <div class='ocr_carea' id='block_1_111' title="bbox 2285 5564 2568 5632">
    <p class='ocr_par' dir='ltr' id='par_1_111' title="bbox 2285 5564 2568 5632">
     <span class='ocr_line' id='line_1_111' title="bbox 2285 5564 2568 5632; baseline -0.021 -12"><span class='ocrx_word' id='word_1_800' title='bbox 2285 5564 2568 5632; x_wconf 84' lang='lat' dir='ltr'><strong>nandoque</strong></span> 
     </span>
    </p>
   </div>
   <div class='ocr_carea' id='block_1_112' title="bbox 2825 5627 3423 5684">
    <p class='ocr_par' dir='ltr' id='par_1_112' title="bbox 2825 5627 3423 5684">
     <span class='ocr_line' id='line_1_112' title="bbox 2825 5627 3423 5684; baseline -0.005 0"><span class='ocrx_word' id='word_1_801' title='bbox 2825 5627 2894 5662; x_wconf 81' lang='grc'><strong>⁸⁷⁸</strong></span> <span class='ocrx_word' id='word_1_802' title='bbox 2925 5643 2970 5684; x_wconf 88' lang='lat' dir='ltr'><strong>s.</strong></span> <span class='ocrx_word' id='word_1_803' title='bbox 3021 5627 3323 5684; x_wconf 77' lang='lat' dir='ltr'><strong>Centuria‘ti</strong></span> <span class='ocrx_word' id='word_1_804' title='bbox 3384 5628 3423 5682; x_wconf 90' lang='lat' dir='ltr'><strong>i.</strong></span> 
     </span>
    </p>
   </div>
   <div class='ocr_carea' id='block_1_113' title="bbox 1640 5805 1872 5866">
    <p class='ocr_par' dir='ltr' id='par_1_113' title="bbox 1640 5805 1872 5866">
     <span class='ocr_line' id='line_1_113' title="bbox 1640 5805 1872 5866; baseline -0.017 0"><span class='ocrx_word' id='word_1_805' title='bbox 1640 5805 1872 5866; x_wconf 75' lang='grc' dir='ltr'><strong>ΝΟΤᾹΞ.</strong></span> 
     </span>
    </p>
   </div>
   <div class='ocr_carea' id='block_1_114' title="bbox 190 5926 947 6016">
    <p class='ocr_par' dir='ltr' id='par_1_114' title="bbox 190 5926 947 6016">
     <span class='ocr_line' id='line_1_114' title="bbox 190 5926 947 6016; baseline -0.003 -29"><span class='ocrx_word' id='word_1_806' title='bbox 190 5926 352 6016; x_wconf 70' lang='grc' dir='ltr'><strong>μη)</strong></span> <span class='ocrx_word' id='word_1_807' title='bbox 381 5927 627 6005; x_wconf 79' lang='lat' dir='ltr'><strong>Nugatur</strong></span> <span class='ocrx_word' id='word_1_808' title='bbox 657 5927 947 5988; x_wconf 81' lang='lat' dir='ltr'><strong>Richerus.</strong></span> 
     </span>
    </p>
   </div>
   <div class='ocr_carea' id='block_1_115' title="bbox 1908 5915 2502 5994">
    <p class='ocr_par' dir='ltr' id='par_1_115' title="bbox 1908 5915 2502 5994">
     <span class='ocr_line' id='line_1_115' title="bbox 1908 5915 2502 5994; baseline -0.012 -17"><span class='ocrx_word' id='word_1_809' title='bbox 1908 5919 2056 5994; x_wconf 68' lang='lat' dir='ltr'><strong>(IIS)</strong></span> <span class='ocrx_word' id='word_1_810' title='bbox 2086 5917 2141 5974; x_wconf 93' lang='lat' dir='ltr'><strong>Id</strong></span> <span class='ocrx_word' id='word_1_811' title='bbox 2167 5925 2252 5975; x_wconf 89' lang='lat' dir='ltr'><strong>est</strong></span> <span class='ocrx_word' id='word_1_812' title='bbox 2286 5915 2502 5973; x_wconf 75' lang='lat' dir='ltr'><strong>vexillo.</strong></span> 
     </span>
    </p>
   </div>
  </div>
