3988 5362
597 399 697 473 tu

1608 450 1611 453 λ
1669 448 1675 452 .
1733 397 2016 458 RICHERI
2051 397 2111 456 s.
2152 353 2417 457 Reman
2454 395 2763 458 MONACHI

3757 389 3870 450 112

599 513 937 584 multamque
960 511 1201 587 in0piam
1239 513 1320 573 rei
1345 511 1596 572 militaris
1622 515 1762 587 apud
1807 515 2018 572 hostem
2043 531 2183 587 prm-
2206 506 2257 558 Δ
2285 514 2563 570 nitendum
2604 522 2710 582 est,
2739 527 2809 569 ne
2832 509 2977 568 laudi
3005 507 3238 583 egregia:
3265 506 3438 580 turpis
3481 503 3709 565 infamia
3738 521 3872 564 suc-

598 604 871 660 dicabant.

671 694 762 749 70.
787 694 917 764 Quae
948 697 1074 752 dum
1119 699 1183 754 ad
1221 715 1382 755 aures
1416 697 1629 756 Ottonis
1685 698 1999 755 referuntur
2024 738 2040 765 ,
2094 696 2185 753 ille

599 794 789 855 utpote
814 798 931 842 erat
953 789 1143 845 audaci
1174 790 1373 853 animo,
1393 790 1713 846 Lotharium
1742 806 2036 861 numquam
2065 788 2183 845 haec

605 892 920 949 aggressum
949 880 1245 950 respondit.
1281 881 1393 938 Nec
1431 881 1643 937 veroin
1686 896 1813 938 suas
1859 888 2043 951 partes
2088 878 2183 934 ad-

600 978 825 1023 ventare
844 970 1107 1040 potuisse,
1141 988 1263 1027 cum
1294 972 1480 1026 nec'ei
1527 972 1679 1043 copia
1715 971 1942 1026 militum
1975 967 2185 1024 sufﬁce-

597 1070 704 1125 ret,
730 1078 833 1141 nec?
855 1064 920 1118 de
943 1064 1055 1118 suis
1080 1064 1218 1118 'satis
1247 1050 1360 1133 spei
1392 1063 1638 1118 haberet.
1664 1063 1733 1117 At
1755 1078 1878 1117 cum
1907 1060 1997 1115 alii
2019 1070 2183 1130 atque

597 1152 690 1208 alii
733 1151 1047 1209 Lotharium
1094 1155 1206 1226 jam
1247 1155 1440 1210 adesse
1484 1154 1748 1220 dicerent,
1796 1166 1851 1208 et
1884 1153 1937 1207 in
1967 1169 2033 1208 eo
2064 1166 2185 1223 pcr-

595 1255 930 1312 severarcnt,
970 1245 1098 1303 Otto
1146 1234 1350 1302 dixisse
1379 1246 1573 1312 fertur,
1611 1262 1669 1303 se
1719 1248 1787 1302 ad
1832 1246 1918 1301 his
1959 1246 2184 1301 creden-

594 1335 725 1392 dum
760 1337 905 1393 nullo
939 1326 1121 1393 modo,
1149 1352 1327 1408 posse
1355 1338 1518 1405 allici,
1562 1339 1670 1393 nisi
1704 1339 1818 1409 ipse
1857 1354 2075 1409 quoque
2102 1338 2187 1393 vi-

595 1429 776 1487 dendo
798 1447 896 1503 per
915 1418 1035 1487 sese
1064 1432 1391 1489 addisceret.
1423 1433 1592 1503 Equis
1616 1422 1748 1504 ergo
1790 1418 2102 1489 inclamatis
2128 1440 2185 1490 et

596 1522 866 1588 adductis,
890 1521 1017 1579 Otto
1049 1522 1114 1577 ad
1136 1510 1423 1579 videndum
1445 1524 1517 1557 ⁸⁷⁸
1544 1526 1829 1595 processit.
1864 1525 2183 1580 Lotbarium

595 1626 720 1669 cum
748 1612 937 1685 viginti
980 1613 1197 1670 milibus
1222 1614 1292 1649 "7
1346 1615 1552 1672 instare
1593 1616 1847 1672 advertit.
1897 1616 2184 1688 Cogitabat

592 1702 780 1774 itaque
810 1722 953 1763 nunc
990 1707 1173 1773 reniti,
1200 1694 1369 1763 tnunc
1407 1724 1623 1779 quoque
1667 1709 1737 1763 ad
1779 1718 1992 1779 tempus
2032 1725 2185 1765 rece-

594 1797 746 1865 dere,
780 1807 835 1855 et
869 1810 990 1870 post
1019 1816 1140 1856 cum
1184 1802 1426 1857 exercitu
1460 1803 1679 1872 copioso
1724 1803 1919 1856 reverti
1952 1803 2177 1857 medita-

590 1889 773 1947 batur.
801 1891 1042 1948 Tandem
1074 1894 1201 1965 quia
1243 1895 1532 1950 Lotharius
1569 1896 1816 1965 urgebat,
1862 1904 2007 1950 stare
2066 1912 2173 1951 non

589 1983 800 2053 potuit.
816 1983 1095 2041 Abscessit
1121 2000 1251 2056 ergo
1279 2001 1385 2041 non
1416 1970 1541 2041 sine
1560 1972 1840 2051 lacrimisf
1861 2002 1983 2041 cum
2009 2002 2181 2043 uxore

592 2073 892 2148 Teuphanu
921 2078 1181 2149 regnique
1206 2078 1564 2150 principibus,
1589 2078 1779 2134 relicto
1790 2078 1994 2149 palatio
2016 2087 2179 2149 atque

588 2167 740 2240 regio
771 2179 1056 2241 apparatu.
1152 2168 1155 2173 ’

662 2259 750 2316 71.
793 2259 1083 2319 Lotbarius
1138 2278 1262 2320 cum
1300 2265 1544 2320 exercitu
1595 2262 1772 2329 affuit,
1812 2263 2069 2320 Ottonem
2120 2275 2181 2319 se

590 2362 874 2424 capturum
923 2363 1095 2410 ratus.
1129 2351 1198 2410 Et
1242 2364 1390 2412 certe
1436 2356 1734 2427 coepisset,
1775 2354 1821 2411 si
1880 2355 1932 2409 in
1985 2354 2181 2431 itinere

589 2454 712 2499 sese
734 2443 1006 2500 exercitus
1028 2430 1287 2517 hangariis
1316 2461 1423 2501 non
1457 2446 1793 2516 impedisset.
1817 2443 1952 2499 Nam
1982 2445 2026 2500 si
2053 2452 2182 2499 ante

588 2533 708 2607 ejus
738 2535 1042 2592 discessum
1097 2537 1275 2609 pridie
1323 2537 1656 2603 advenisset,
1689 2552 1812 2593 eum
1854 2546 1949 2591 aut
1985 2549 2181 2606 capere

587 2635 686 2682 aut
711 2627 833 2684 neci
859 2628 992 2684 dare
1016 2629 1304 2701 potuisset.
1336 2628 1605 2685 Palatium
1637 2628 1804 2700 igitur
1840 2628 1908 2683 ab
1934 2627 2181 2685 hostibus

587 2729 911 2790 occupatur.
935 2718 1122 2789 Regia:
1142 2736 1345 2776 mensa:
1368 2728 1710 2776 evertuntur.
1735 2719 1991 2775 Ciborum
2018 2734 2182 2789 appa-

586 2818 741 2867 ratus
768 2827 867 2884 per
889 2811 1111 2869 calones
1141 2813 1414 2884 diripitur.
1443 2813 1609 2885 Regia
1638 2828 1854 2884 quoque
1884 2812 2115 2883 insignia
2146 2825 2179 2866 a

583 2901 958 2972 penetralibus
993 2913 1178 2974 erepta
1200 2944 1214 2968 ,
1266 2914 1637 2976 asportantur.
1670 2904 1898 2960 Aeream
1940 2903 2179 2974 aquilam

587 3007 713 3064 quae
747 2993 803 3049 in
843 2995 1048 3052 vertice
1088 2997 1281 3067 palatii
1323 2996 1594 3079 atKarolo
1623 3013 1818 3068 magno
1846 2998 1956 3052 acsi
1991 2997 2177 3054 volans

587 3085 697 3142 ﬁxa
725 3097 861 3156 erat,
895 3089 951 3144 in
989 3090 1301 3146 vulturnum
1326 3100 1728 3147 converterunt.
1760 3091 1895 3146 Nam
1918 3090 2176 3148 Germani

2284 607 2459 664 cedat.
2479 606 2758 663 Enitimini
2781 622 2911 679 ergo
2933 620 3032 676 pro
3046 603 3275 669 viribus,
3289 610 3345 658 et
3357 601 3403 658 si
3425 600 3553 673 quid
3577 597 3873 657 dedecoris

2285 698 2651 765 contraxistis,
2679 715 2711 755 a
2733 707 2882 755 tanta
2907 696 3230 754 claritudine
3257 692 3573 751 amoveatis.
3603 689 3727 748 Non
3770 706 3905 748 vos.

2284 787 2432 853 latet,
2459 789 2598 862 fuga:
2623 788 2973 860 ignominiam
3015 803 3046 842 a
3075 784 3338 842 Lotbario
3362 797 3533 855 nuper
3549 798 3650 839 nos
3671 790 3873 855 pertu-

2284 880 2431 937 lisse.
2468 880 2641 948 Quam
2667 870 2774 953 non
2819 878 2991 936 solum
3027 877 3166 934 bello
3191 917 3207 944 ,
3243 877 3338 933 sed
3367 876 3533 933 etiam
3573 880 3755 935 morte
3784 888 3877 929 re-

2282 972 2505 1045 pellere,
2536 981 2592 1028 et
2629 982 2867 1028 vestram
2909 970 3288 1027 claritudinem
3333 967 3508 1035 decet,
3553 975 3611 1023 et
3652 974 3878 1035 tempus

2282 1064 2546 1135 exposcit,
2585 1063 2813 1120 facultas
2850 1062 3011 1119 etiam
3059 1059 3368 1134 persuadet.
3393 1056 3453 1114 Si
3484 1056 3650 1130 igitur
3692 1055 3877 1127 magis

2284 1159 2553 1233 imperare
2573 1173 2735 1228 quam
2764 1158 2970 1214 servire
2998 1156 3178 1228 parati
3204 1155 3359 1222 estis,
3382 1153 3510 1210 dum
3537 1160 3670 1209 aetas
3698 1149 3873 1222 viget,

2284 1251 2603 1320 animusque
2641 1238 2805 1314 valet,
2839 1249 2945 1304 hoc
2987 1247 3195 1304 facinus
3234 1260 3305 1302 ne
3330 1240 3763 1318 parvipendatis.
3791 1239 3880 1296 ln-

2283 1343 2432 1415 genti
2459 1343 2661 1397 virtute
2698 1341 2893 1411 efﬁcite
2913 1350 2972 1397 ut
2998 1341 3117 1396 sitis
3151 1338 3449 1406 formidini,
3491 1337 3689 1409 quibus
3716 1334 3881 1404 igno-

2283 1436 2422 1492 biles
2450 1443 2506 1489 et
2531 1434 2723 1506 vulgus
2744 1433 2944 1490 fuistis.
2974 1451 2995 1488 ι
3022 1431 3135 1490 Hac
3154 1431 3445 1500 sententia,
3467 1429 3521 1487 id
3543 1427 3662 1486 fieri
3688 1424 3880 1484 omni-

2282 1528 2386 1585 bus
2415 1541 2734 1599 persuasum
2765 1532 2870 1581 est.

2355 1619 2443 1674 74.
2477 1617 2759 1691 Equitatus
2787 1618 2854 1651 ι⁸¹
2879 1619 2935 1674 in
2959 1615 3212 1673 Galliam.
3239 1645 3308 1658 -
3338 1613 3547 1671 Interea
3577 1611 3706 1671 Otto
3739 1620 3878 1673 ea)!

2285 1713 2504 1782 triginta
2533 1713 2748 1769 milibus
2777 1710 2848 1745 ⁸⁸⁸
2880 1710 3123 1782 equitum
3155 1709 3209 1763 in
3238 1706 3444 1764 Gallias
3490 1705 3572 1760 ire
3612 1700 3877 1774 parabat.

2282 1805 2395 1862 Nec
2420 1803 2985 1877 moratus'praamissis
3033 1800 3442 1859 centurionibus
3471 1797 3603 1853 ibat.
3632 1793 3878 1852 Galliam

2279 1897 2537 1955 Celticam
2562 1898 2803 1955 exercitu
2829 1895 3089 1967 implevit.
3119 1893 3289 1962 Quam
3315 1891 3510 1964 partim
3543 1886 3874 1952 combussit,

2242 1980 2476 2065 ‘partim
2524 1990 2877 2063 depopulatus
2910 1997 3011 2045 est.
3060 1986 3153 2043 Sic
3191 1986 3355 2041 etiam
3397 1996 3553 2067 versa
3601 1979 3724 2036 vice
3762 1976 3876 2034 Lo-

2280 2084 2518 2140 tharium
2561 2084 2858 2152 adurgens,
2913 2093 2979 2135 eo
3021 2077 3167 2150 quod
3213 2075 3444 2131 militum
3490 2071 3704 2142 copiam
3754 2083 3873 2125 non

2280 2175 2547 2243 haberet,
2585 2174 2806 2230 fluvium
2849 2172 3159 2244 Sequanam
3208 2166 3443 2223 transire
3465 2161 3763 2233 compulit,
3810 2166 3870 2217 et

2280 2267 2673 2339 gemebundum
2714 2267 2782 2322 ad
2828 2266 3019 2322 ducem
3060 2263 3140 2319 ire
3190 2260 3388 2333 coegit.
3446 2255 3672 2313 Turbati
3734 2269 3872 2327 ergo

2282 2358 2566 2428 repentino
2591 2356 2825 2413 hostium
2869 2356 3123 2421 adventu,
3141 2367 3236 2409 rex
3266 2351 3518 2421 Stampas
3543 2346 3690 2421 (114)
3708 2345 3872 2413 adiit,

2282 2447 2391 2502 dux
2432 2463 2561 2513 vero
2601 2448 2669 2502 ad
2705 2446 3067 2518 colligendum
3096 2442 3395 2501 exercitum
3422 2437 3614 2495 Parisii
3641 2436 3872 2494 resedit.

2281 2538 2420 2594 Dum
2456 2539 2573 2594 haec
2621 2547 2876 2610 aguntur,
2930 2535 3057 2593 Otto
3111 2550 3234 2592 cum
3280 2531 3522 2590 exercitu
3557 2537 3821 2601 properat
3852 2566 3875 2596 ,

2283 2630 2582 2702 ﬁscumque
2623 2632 2829 2703 regium
2898 2629 3206 2686 Atiuiacum
3257 2624 3444 2698 diripit
3494 2632 3658 2694 atque
3715 2635 3877 2676 com—

2280 2725 2463 2793 burit;
2490 2735 2546 2781 et
2568 2739 2666 2796 per
2694 2724 2830 2780 fines
2857 2722 3006 2779 urbis
3032 2722 3324 2779 Remorum
3356 2716 3647 2782 transiens,
3673 2722 3877 2770 sancto

2279 2817 2530 2892 Remigio
2563 2819 2792 2874 multum
2820 2817 3080 2872 honorem
3107 2812 3370 2871 exhibuit.
3411 2809 3611 2866 Urbem
3648 2820 3878 2879 quoque

2281 2911 2604 2967 Suessorum
2648 2919 3084 2981 praetergressus,
3141 2912 3197 2961 et
3245 2911 3493 2960 sanctum
3550 2898 3875 2955 Medardurn

2277 3018 2589 3069 venerans,
2644 3000 2904 3071 palatium
2955 2996 3385 3069 Compendiense
3429 2989 3874 3065 pene'diripuit.

2278 3094 2390 3151 Nec
2422 3095 2601 3149 minus
2628 3092 2977 3150 centuriones
3014 3088 3199 3162 prtevii
3230 3103 3295 3143 eo
3331 3087 3613 3158 ignorante
3661 3078 3880 3139 sancta:

588 3198 712 3240 eam
742 3183 795 3239 in
829 3182 1105 3241 favonium
1144 3186 1216 3219 νη
1246 3196 1648 3252 converterant,
1687 3186 1959 3243 subtiliter
2002 3187 2175 3258 sigui-
2206 3218 2252 3283 ο
2282 3187 2529 3244 Baltildis
2562 3186 2976 3251 monasterium,
3009 3185 3149 3256 apud
3172 3181 3367 3239 Chelas
3393 3179 3613 3252 penitus
3628 3177 3880 3283 subrue-

588 3275 818 3334 ficantes
852 3276 1037 3335 Gallos
1067 3294 1166 3335 suo
1209 3279 1457 3352 equitatu
1506 3280 1833 3351 quandoque
1874 3294 2034 3351 posse
2088 3281 2180 3335 de-

588 3366 754 3424 vinci.
801 3368 1095 3427 Lotbarius
1126 3369 1330 3427 frustra
1370 3373 1575 3442 impetu
1617 3370 1788 3439 facto,
1826 3371 1945 3429 sine
1993 3371 2182 3427 obside

598 3458 688 3516 vel
716 3474 848 3531 pace
880 3460 1180 3534 sequestra
1234 3464 1535 3522 exercitum
1586 3465 1847 3535 reduxit,
1898 3474 2086 3539 postea
2121 3477 2181 3522 se

589 3550 891 3610 rediturum
933 3554 1233 3614 conitidens.

661 3641 751 3701 72.
784 3642 913 3704 Otto
950 3638 1048 3703 cui
1104 3657 1277 3704 totum
1322 3644 1654 3706 calamitatis
1700 3650 1916 3723 pondus
1972 3649 2180 3707 illatum

588 3734 792 3806 fuerat,
813 3737 968 3794 donis
992 3738 1382 3811 multiplicibus
1412 3740 1705 3813 multisque
1735 3740 2012 3798 favoribus
2054 3756 2182 3800 suos

589 3829 695 3887 sibi
718 3830 1067 3888 assciscebat.
1100 3832 1168 3887 Et
1192 3842 1381 3903 utpote
1409 3833 1661 3888 vincendi
1691 3834 1945 3905 cupidus,
1966 3834 2013 3888 si
2044 3847 2182 3903 quos

588 3923 812 3993 leserat,
843 3926 1133 3983 revocabat
1167 3935 1261 3982 aut
1296 3927 1507 3982 reddito
1534 3925 1678 3997 quod
1725 3926 2055 3991 sustulerat,
2087 3934 2182 3982 aut

591 4021 717 4079 dato
739 4023 884 4094 quod
908 4024 1290 4094 spoponderat.
1308 4022 1524 4078 Pacatis
1540 4030 1720 4076 autem
1749 4021 1999 4076 omnibus
2018 4029 2182 4092 atque

589 4115 694 4171 sibi
744 4116 1012 4171 revocatis
1042 4117 1087 4171 si
1123 4116 1217 4186 qui
1252 4113 1392 4170 forte
1417 4114 1487 4148 ’⁸⁷³
1517 4115 1899 4170 abscesserant
1921 4154 1936 4181 ,
1987 4129 2179 4184 regno-

590 4222 716 4263 rum
742 4207 1075 4279 principibus
1122 4206 1177 4262 in
1226 4222 1391 4263 unum
1419 4206 1685 4275 collectis,
1713 4220 1897 4264 coram
1925 4206 2004 4262 sic
2031 4204 2182 4262 locu-

592 4303 684 4355 tus
712 4308 841 4355 est:
1336 4370 1343 4379 ‘
1442 4304 1449 4309 '
1509 4300 1516 4308 ’

661 4390 751 4446 75.
783 4388 967 4446 Oratio
996 4389 1067 4423 ⁸⁸⁰
1097 4387 1306 4446 Ottom‘s
1334 4390 1404 4447 ad
1431 4389 1501 4424 ⁵⁸⁸
1539 4405 1683 4447 suos.
1704 4407 1816 4443 -‹
1851 4387 1967 4445 Νοη
2001 4387 2070 4445 ab
2096 4400 2178 4457 re,

589 4479 696 4538 viri
730 4479 886 4550 clari,
918 4482 1023 4538 huc
1071 4497 1169 4538 vos
1206 4482 1542 4539 convenisse
1578 4482 1743 4538 volui.
1778 4482 1961 4537 Virtus
1997 4490 2180 4537 vestra

2284 3294 2413 3338 runt
2452 3291 2617 3352 atque
2676 3279 3111 3336 combusserunt.
3151 3273 3306 3344 Quod
3362 3287 3469 3329 non
3523 3268 3881 3326 mediocriter

2283 3375 2467 3433 dolens
2491 3375 2660 3430 multa
2684 3373 2737 3429 in
2763 3372 2881 3446 ejus
2900 3370 3351 3428 restaurationem
3399 3363 3686 3436 delegavit.
3719 3362 3880 3418 Tan-

2281 3466 2402 3523 dem
2424 3466 2491 3522 ad
2516 3465 2733 3522 fluvium
2764 3463 3070 3535 Sequanam
3101 3458 3349 3525 accessit,
3377 3457 3560 3533 ibique
3592 3453 3880 3512 exercitus

2285 3559 2515 3618 tentoria
2544 3558 2683 3626 fixit,
2712 3557 2978 3615 Parisium
3006 3556 3060 3612 in
3088 3561 3376 3628 prospectu
3405 3550 3633 3616 habens,
3666 3558 3881 3607 totam-

2282 3667 2387 3724 que
2411 3667 2549 3724 pene
2573 3652 2850 3725 regionem
2877 3665 2977 3722 per
2998 3648 3236 3704 triduum
3262 3642 3620 3716 depopulatus
3639 3651 3743 3699 est.

2354 3746 2442 3801 75.
2482 3745 2635 3802 Ibant
2680 3759 2813 3816 ergo
2851 3742 3061 3814 equites
3093 3757 3227 3811 cum
3279 3738 3409 3795 lixis
3447 3736 3758 3810 palantibus
3799 3735 3880 3791 ad

2281 3839 2485 3914 victum
2515 3837 2889 3901 deferendum,
2937 3834 3129 3891 stadiis
3164 3832 3267 3889 160
3316 3832 3762 3901 circumquaque.
3804 3827 3885 3884 Et

2282 3933 2412 4004 quia
2458 3930 2707 4001 Sequana
2755 3926 3122 3994 interfluebat,
3176 3936 3367 3982 neuter
3413 3924 3686 3981 exercitus
3713 3921 3783 3977 ad
3811 3936 3883 3979 se

2282 4020 2592 4076 accedebat.
2645 4020 2764 4074 Dux
2795 4019 2938 4073 enim
2981 4017 3034 4072 in
3066 4016 3237 4072 altera
3270 4015 3417 4072 fluvii
3466 4023 3619 4085 parte
3667 4013 3884 4070 milites

2283 4112 2601 4185 colligebat;
2634 4119 2688 4166 at
2717 4111 2822 4167 hoc
2854 4110 3089 4165 triduum
3125 4124 3231 4165 non
3259 4107 3561 4165 sufﬁciebat
3599 4106 3666 4163 ad
3712 4105 3887 4163 colli—'

2284 4206 2579 4278 geudorum
2605 4203 2983 4260 sufﬁcientiam
3006 4202 3261 4270 militum,
3287 4216 3388 4259 nec
3417 4199 3534 4258 fieri
3565 4199 3744 4272 potuit
3773 4214 3883 4257 co-

2281 4299 2372 4370 pia
2397 4297 2538 4353 unde
2563 4295 2984 4368 congrederetur
3014 4292 3108 4349 ⁵⁸⁸.
3888 4286 3889 4295 “

2355 4392 2445 4447 76.
2493 4390 2858 4447 Manomarhia
2906 4389 3248 4444 duorum.—
3277 4385 3413 4444 Cum
3460 4399 3590 4459 ergo
3640 4382 3889 4457 uterque

2253 4486 2560 4541 'exercitus
2599 4484 2763 4539 dubio
2791 4488 2935 4538 esset
2961 4489 3127 4545 statu,
3165 4489 3221 4535 et
3249 4480 3317 4536 de
3343 4479 3570 4535 victoria
3608 4477 3887 4535 altrinse-

593 4573 865 4647 suggessit
886 4589 920 4629 a
944 4573 1097 4631 vobis
1134 4574 1421 4631 consilium
1447 4577 1736 4645 expetere,
1778 4589 1915 4644 quos
1940 4583 1996 4628 et
2030 4572 2184 4644 inge-
2209 4607 2261 4669 ι)
2285 4591 2382 4635 cus
2406 4586 2518 4633 tota
2543 4584 2722 4631 mente
2744 4570 3418 4644 qumreretur,Germauus
3439 4570 3660 4640 quidam
3688 4569 3886 4628 animo

593 4666 743 4723 nium
794 4667 1053 4736 decorat,
1095 4678 1152 4724 et
1179 4667 1349 4723 animi
1387 4668 1564 4723 virtus
1619 4666 1894 4722 informat.
1927 4664 2039 4722 Nec
2083 4662 2183 4720 du-

580 4758 763 4827 bitavi
793 4775 880 4816 me
908 4769 1284 4832 suscepturum
1313 4776 1343 4815 a
1364 4759 1520 4816 vobis
1540 4759 1739 4830 'optimi
1772 4757 1984 4815 consilii
2018 4757 2184 4813 ratio-

590 4865 739 4918 nem,
770 4865 893 4907 cum
917 4852 987 4908 ab
1009 4851 1192 4907 animo
1221 4868 1330 4907 non
1361 4852 1696 4919 excesserit,
1739 4860 1945 4922 quanto
1975 4851 2178 4918 animo,

591 4951 796 5014 quanta
818 4945 1018 4999 virtute
1030 4944 1083 5001 iu
1102 4944 1234 5000 fides
1254 4943 1515 5000 hactenus
1532 4945 1866 5017 perstitistis.
1889 4944 2028 4999 Ante
2053 4945 2178 5012 hac,

589 5032 695 5088 viri
745 5032 1057 5101 clarissimi,
1104 5035 1306 5107 ingenti
1340 5035 1541 5091 virtute
1592 5051 1692 5107 pro
1735 5034 1968 5107 egregiae
2003 5034 2180 5090 laudis

2285 4668 2448 4725 simul
2484 4676 2541 4723 et
2574 4664 2780 4721 viribus
2824 4663 3014 4730 fidens,
3068 4661 3357 4735 singularis
3401 4662 3467 4717 ad
3494 4661 3885 4718 dimicandum

2285 4776 2408 4818 cum
2439 4760 2603 4817 armis
2633 4757 2916 4830 processit,
2953 4770 3182 4827 seseque
3219 4756 3286 4812 ad
3329 4763 3550 4827 pontem
3576 4754 3669 4811 ubi
3699 4763 3892 4826 porta

2286 4860 2447 4907 erant
2471 4847 2740 4920 repagulis
2767 4856 2823 4904 et
2848 4845 3012 4901 clavis
3034 4845 3228 4902 ferreis
3267 4844 3511 4911 munitae,
3537 4859 3895 4917 congressu-

2288 4959 2410 4999 rum
2441 4944 2611 5000 solum
2637 4946 2759 4998 cum
2782 4941 2908 4997 “solo
2933 4939 3146 4995 obtulit.
3182 4937 3400 4994 Hostem
3428 4945 3489 4993 ut
3509 4936 3730 4994 veniret
3759 4938 3892 4995 sin-

2288 5035 2491 5107 gularis
2520 5046 2891 5104 smpenumero
2916 5030 3242 5088 inclamavit.
3273 5029 3342 5086 Et
3368 5044 3490 5085 cum
3508 5027 3623 5100 jam
3657 5030 3717 5085 in
3749 5029 3900 5087 Gal-
