  <div class='ocr_page' id='page_1' title='image "/cluster/home/n/w/nwhite01/storage/ocr_20150623/138/hvd.32044015471774/062.png"; bbox 0 0 3988 5362; ppageno 0'>
   <div class='ocr_carea' id='block_1_1' title="bbox 110 260 1638 356">
    <p class='ocr_par' dir='ltr' id='par_1_1' title="bbox 110 281 1634 356">
     <span class='ocr_line' id='line_1_1' title="bbox 110 281 1634 356; baseline -0.009 -4"><span class='ocrx_word' id='word_1_1' title='bbox 110 292 186 356; x_wconf 83' lang='lat' dir='ltr'><strong>ll5</strong></span> <span class='ocrx_word' id='word_1_2' title='bbox 1011 281 1494 344; x_wconf 76' lang='lat' dir='ltr'><strong>HISTORIARUM</strong></span> <span class='ocrx_word' id='word_1_3' title='bbox 1528 281 1634 340; x_wconf 89' lang='lat' dir='ltr'><strong>LlB</strong></span> 
     </span>
    </p>
   </div>
   <div class='ocr_carea' id='block_1_2' title="bbox 1742 260 2509 356">
    <p class='ocr_par' dir='ltr' id='par_1_2' title="bbox 1747 260 2509 352">
     <span class='ocr_line' id='line_1_2' title="bbox 1747 260 2509 352; baseline 0.009 -15"><span class='ocrx_word' id='word_1_4' title='bbox 1747 278 2101 352; x_wconf 77' lang='lat' dir='ltr'><strong>QUATUOR.</strong></span> <span class='ocrx_word' id='word_1_5' title='bbox 2145 260 2216 324; x_wconf 58' lang='lat' dir='ltr'><strong>J—</strong></span> <span class='ocrx_word' id='word_1_6' title='bbox 2253 283 2384 342; x_wconf 85' lang='lat' dir='ltr'><strong>LIB.</strong></span> <span class='ocrx_word' id='word_1_7' title='bbox 2422 285 2509 345; x_wconf 93' lang='grc' dir='ltr'>ιιι.</span> 
     </span>
    </p>
   </div>
   <div class='ocr_carea' id='block_1_3' title="bbox 3195 286 3304 346">
    <p class='ocr_par' dir='ltr' id='par_1_3' title="bbox 3195 286 3304 346">
     <span class='ocr_line' id='line_1_3' title="bbox 3195 286 3304 346; baseline 0 0"><span class='ocrx_word' id='word_1_8' title='bbox 3195 286 3304 346; x_wconf 74' lang='grc' dir='ltr'><strong>ιιι</strong></span> 
     </span>
    </p>
   </div>
   <div class='ocr_carea' id='block_1_4' title="bbox 105 364 3322 482">
    <p class='ocr_par' dir='ltr' id='par_1_4' title="bbox 105 364 3322 482">
     <span class='ocr_line' id='line_1_4' title="bbox 105 364 3322 482; baseline -0.001 -21"><span class='ocrx_word' id='word_1_9' title='bbox 105 401 380 480; x_wconf 76' lang='lat' dir='ltr'><strong>principibus</strong></span> <span class='ocrx_word' id='word_1_10' title='bbox 400 399 492 472; x_wconf 85' lang='lat' dir='ltr'><strong>qui</strong></span> <span class='ocrx_word' id='word_1_11' title='bbox 531 399 648 472; x_wconf 87' lang='lat' dir='ltr'><strong>jam</strong></span> <span class='ocrx_word' id='word_1_12' title='bbox 689 400 848 474; x_wconf 82' lang='lat' dir='ltr'><strong>pauci</strong></span> <span class='ocrx_word' id='word_1_13' title='bbox 878 401 1228 466; x_wconf 86' lang='lat' dir='ltr'><strong>advenerant,</strong></span> <span class='ocrx_word' id='word_1_14' title='bbox 1257 400 1486 457; x_wconf 81' lang='lat' dir='ltr'><strong>relatum</strong></span> <span class='ocrx_word' id='word_1_15' title='bbox 1517 409 1618 466; x_wconf 88' lang='lat' dir='ltr'><strong>est,</strong></span> <span class='ocrx_word' id='word_1_16' title='bbox 1653 391 1696 448; x_wconf 78' lang='grc' dir='ltr'><strong>Α</strong></span> <span class='ocrx_word' id='word_1_17' title='bbox 1724 402 1861 482; x_wconf 88' lang='lat' dir='ltr'><strong>dolis</strong></span> <span class='ocrx_word' id='word_1_18' title='bbox 1888 401 2021 468; x_wconf 88' lang='lat' dir='ltr'><strong>falli,</strong></span> <span class='ocrx_word' id='word_1_19' title='bbox 2052 418 2224 474; x_wconf 87' lang='lat' dir='ltr'><strong>neque</strong></span> <span class='ocrx_word' id='word_1_20' title='bbox 2248 406 2451 462; x_wconf 88' lang='lat' dir='ltr'><strong>viribus</strong></span> <span class='ocrx_word' id='word_1_21' title='bbox 2479 421 2636 478; x_wconf 86' lang='lat' dir='ltr'><strong>posse</strong></span> <span class='ocrx_word' id='word_1_22' title='bbox 2660 403 2896 473; x_wconf 89' lang='lat' dir='ltr'><strong>devinci,</strong></span> <span class='ocrx_word' id='word_1_23' title='bbox 2927 417 3055 477; x_wconf 82' lang='lat' dir='ltr'><strong>sepe</strong></span> <span class='ocrx_word' id='word_1_24' title='bbox 3079 409 3136 460; x_wconf 91' lang='lat' dir='ltr'><strong>et</strong></span> <span class='ocrx_word' id='word_1_25' title='bbox 3161 364 3322 460; x_wconf 42' lang='lat' dir='ltr'><strong>mul»9</strong></span> 
     </span>
    </p>
   </div>
   <div class='ocr_carea' id='block_1_5' title="bbox 106 494 1625 567">
    <p class='ocr_par' dir='ltr' id='par_1_5' title="bbox 106 494 1625 567">
     <span class='ocr_line' id='line_1_5' title="bbox 106 494 1625 567; baseline -0.003 -15"><span class='ocrx_word' id='word_1_26' title='bbox 106 497 153 552; x_wconf 78' lang='lat' dir='ltr'><strong>ad</strong></span> <span class='ocrx_word' id='word_1_27' title='bbox 177 503 334 567; x_wconf 71' lang='lat' dir='ltr'><strong>portas</strong></span> <span class='ocrx_word' id='word_1_28' title='bbox 367 494 543 564; x_wconf 91' lang='lat' dir='ltr'><strong>pontis</strong></span> <span class='ocrx_word' id='word_1_29' title='bbox 582 494 893 565; x_wconf 88' lang='lat' dir='ltr'><strong>hujusmodi</strong></span> <span class='ocrx_word' id='word_1_30' title='bbox 923 509 1044 550; x_wconf 88' lang='lat' dir='ltr'><strong>esse</strong></span> <span class='ocrx_word' id='word_1_31' title='bbox 1069 494 1363 557; x_wconf 80' lang='lat' dir='ltr'><strong>hominem,</strong></span> <span class='ocrx_word' id='word_1_32' title='bbox 1391 494 1481 564; x_wconf 88' lang='lat' dir='ltr'><strong>qui</strong></span> <span class='ocrx_word' id='word_1_33' title='bbox 1505 509 1625 549; x_wconf 90' lang='lat' dir='ltr'><strong>sese</strong></span> 
     </span>
    </p>
   </div>
   <div class='ocr_carea' id='block_1_6' title="bbox 102 587 1626 659">
    <p class='ocr_par' dir='ltr' id='par_1_6' title="bbox 102 587 1626 659">
     <span class='ocr_line' id='line_1_6' title="bbox 102 587 1626 659; baseline -0.001 -13"><span class='ocrx_word' id='word_1_34' title='bbox 102 591 153 645; x_wconf 77' lang='lat' dir='ltr'><strong>ad</strong></span> <span class='ocrx_word' id='word_1_35' title='bbox 181 587 515 644; x_wconf 88' lang='lat' dir='ltr'><strong>dimicandum</strong></span> <span class='ocrx_word' id='word_1_36' title='bbox 547 587 902 657; x_wconf 72' lang='lat' dir='ltr'><strong>singulariter</strong></span> <span class='ocrx_word' id='word_1_37' title='bbox 924 588 1096 644; x_wconf 90' lang='lat' dir='ltr'><strong>solum</strong></span> <span class='ocrx_word' id='word_1_38' title='bbox 1129 603 1252 643; x_wconf 92' lang='lat' dir='ltr'><strong>cum</strong></span> <span class='ocrx_word' id='word_1_39' title='bbox 1281 588 1396 643; x_wconf 89' lang='lat' dir='ltr'><strong>solo</strong></span> <span class='ocrx_word' id='word_1_40' title='bbox 1431 603 1626 659; x_wconf 83' lang='lat' dir='ltr'><strong>propo-</strong></span> 
     </span>
    </p>
   </div>
   <div class='ocr_carea' id='block_1_7' title="bbox 1726 500 3312 572">
    <p class='ocr_par' dir='ltr' id='par_1_7' title="bbox 1726 500 3312 572">
     <span class='ocr_line' id='line_1_7' title="bbox 1726 500 3312 572; baseline 0.001 -19"><span class='ocrx_word' id='word_1_41' title='bbox 1726 509 1837 553; x_wconf 90' lang='lat' dir='ltr'><strong>tum</strong></span> <span class='ocrx_word' id='word_1_42' title='bbox 1869 500 2006 568; x_wconf 91' lang='lat' dir='ltr'><strong>apud</strong></span> <span class='ocrx_word' id='word_1_43' title='bbox 2029 515 2086 553; x_wconf 91' lang='lat' dir='ltr'><strong>se</strong></span> <span class='ocrx_word' id='word_1_44' title='bbox 2115 502 2410 569; x_wconf 66' lang='lat' dir='ltr'><strong>quaerebat,</strong></span> <span class='ocrx_word' id='word_1_45' title='bbox 2439 513 2617 557; x_wconf 93' lang='lat' dir='ltr'><strong>utrum</strong></span> <span class='ocrx_word' id='word_1_46' title='bbox 2645 503 2824 572; x_wconf 79' lang='lat' dir='ltr'><strong>potius</strong></span> <span class='ocrx_word' id='word_1_47' title='bbox 2847 501 2980 556; x_wconf 90' lang='lat' dir='ltr'><strong>foret</strong></span> <span class='ocrx_word' id='word_1_48' title='bbox 3004 510 3150 555; x_wconf 84' lang='lat' dir='ltr'><strong>stare</strong></span> <span class='ocrx_word' id='word_1_49' title='bbox 3177 512 3312 554; x_wconf 78' lang='lat' dir='ltr'><strong>con-</strong></span> 
     </span>
    </p>
   </div>
   <div class='ocr_carea' id='block_1_8' title="bbox 1728 591 3307 655">
    <p class='ocr_par' dir='ltr' id='par_1_8' title="bbox 1728 591 3307 655">
     <span class='ocr_line' id='line_1_8' title="bbox 1728 591 3307 655; baseline -0.001 -9"><span class='ocrx_word' id='word_1_50' title='bbox 1728 601 1808 646; x_wconf 88' lang='lat' dir='ltr'><strong>tra</strong></span> <span class='ocrx_word' id='word_1_51' title='bbox 1838 591 2044 646; x_wconf 83' lang='lat' dir='ltr'><strong>hostem</strong></span> <span class='ocrx_word' id='word_1_52' title='bbox 2095 608 2164 647; x_wconf 92' lang='lat' dir='ltr'><strong>an</strong></span> <span class='ocrx_word' id='word_1_53' title='bbox 2209 593 2545 649; x_wconf 91' lang='lat' dir='ltr'><strong>reconciliari</strong></span> <span class='ocrx_word' id='word_1_54' title='bbox 2593 594 2752 649; x_wconf 84' lang='lat' dir='ltr'><strong>hosti.</strong></span> <span class='ocrx_word' id='word_1_55' title='bbox 2799 591 2856 650; x_wconf 92' lang='lat' dir='ltr'><strong>Si</strong></span> <span class='ocrx_word' id='word_1_56' title='bbox 2887 601 3058 648; x_wconf 84' lang='lat' dir='ltr'><strong>staret</strong></span> <span class='ocrx_word' id='word_1_57' title='bbox 3093 599 3307 655; x_wconf 86' lang='lat' dir='ltr'><strong>contra,</strong></span> 
     </span>
    </p>
   </div>
   <div class='ocr_carea' id='block_1_9' title="bbox 101 677 3312 756">
    <p class='ocr_par' dir='ltr' id='par_1_9' title="bbox 101 677 3312 756">
     <span class='ocr_line' id='line_1_9' title="bbox 101 677 3312 756; baseline -0 -22"><span class='ocrx_word' id='word_1_58' title='bbox 101 686 234 742; x_wconf 74' lang='lat' dir='ltr'><strong>nerei,</strong></span> <span class='ocrx_word' id='word_1_59' title='bbox 273 677 520 748; x_wconf 87' lang='lat' dir='ltr'><strong>illumque</strong></span> <span class='ocrx_word' id='word_1_60' title='bbox 573 681 794 750; x_wconf 81' lang='lat' dir='ltr'><strong>probris</strong></span> <span class='ocrx_word' id='word_1_61' title='bbox 845 689 903 737; x_wconf 91' lang='lat' dir='ltr'><strong>et</strong></span> <span class='ocrx_word' id='word_1_62' title='bbox 947 680 1290 736; x_wconf 84' lang='lat' dir='ltr'><strong>contumeliis</strong></span> <span class='ocrx_word' id='word_1_63' title='bbox 1338 683 1626 738; x_wconf 78' lang='lat' dir='ltr'><strong>verborum</strong></span> <span class='ocrx_word' id='word_1_64' title='bbox 1725 683 1996 756; x_wconf 75' lang='lat' dir='ltr'><strong>cogitabat</strong></span> <span class='ocrx_word' id='word_1_65' title='bbox 2023 683 2276 753; x_wconf 85' lang='lat' dir='ltr'><strong>possibile</strong></span> <span class='ocrx_word' id='word_1_66' title='bbox 2299 699 2451 750; x_wconf 91' lang='lat' dir='ltr'><strong>esse,</strong></span> <span class='ocrx_word' id='word_1_67' title='bbox 2482 685 2672 740; x_wconf 92' lang='lat' dir='ltr'><strong>ducem</strong></span> <span class='ocrx_word' id='word_1_68' title='bbox 2702 683 2896 754; x_wconf 88' lang='lat' dir='ltr'><strong>opibus</strong></span> <span class='ocrx_word' id='word_1_69' title='bbox 2933 679 3230 752; x_wconf 87' lang='lat' dir='ltr'><strong>corrumpi,</strong></span> <span class='ocrx_word' id='word_1_70' title='bbox 3253 685 3312 733; x_wconf 81' lang='lat' dir='ltr'><strong>et</strong></span> 
     </span>
    </p>
   </div>
   <div class='ocr_carea' id='block_1_10' title="bbox 103 769 1625 850">
    <p class='ocr_par' dir='ltr' id='par_1_10' title="bbox 103 769 1625 850">
     <span class='ocr_line' id='line_1_10' title="bbox 103 769 1625 850; baseline 0.003 -26"><span class='ocrx_word' id='word_1_71' title='bbox 103 771 314 840; x_wconf 84' lang='lat' dir='ltr'><strong>principes</strong></span> <span class='ocrx_word' id='word_1_72' title='bbox 336 769 528 826; x_wconf 90' lang='lat' dir='ltr'><strong>lacessi</strong></span> <span class='ocrx_word' id='word_1_73' title='bbox 539 786 619 836; x_wconf 91' lang='lat' dir='ltr'><strong>re,</strong></span> <span class='ocrx_word' id='word_1_74' title='bbox 662 786 764 828; x_wconf 88' lang='lat' dir='ltr'><strong>nec</strong></span> <span class='ocrx_word' id='word_1_75' title='bbox 792 771 939 827; x_wconf 91' lang='lat' dir='ltr'><strong>illum</strong></span> <span class='ocrx_word' id='word_1_76' title='bbox 971 773 1096 829; x_wconf 88' lang='lat' dir='ltr'><strong>inde</strong></span> <span class='ocrx_word' id='word_1_77' title='bbox 1118 788 1456 850; x_wconf 85' lang='lat' dir='ltr'><strong>recessurum</strong></span> <span class='ocrx_word' id='word_1_78' title='bbox 1482 788 1625 840; x_wconf 89' lang='lat' dir='ltr'><strong>esse,</strong></span> 
     </span>
    </p>
   </div>
   <div class='ocr_carea' id='block_1_11' title="bbox 101 864 1629 938">
    <p class='ocr_par' dir='ltr' id='par_1_11' title="bbox 101 864 1629 938">
     <span class='ocr_line' id='line_1_11' title="bbox 101 864 1629 938; baseline 0.002 -19"><span class='ocrx_word' id='word_1_79' title='bbox 101 865 175 919; x_wconf 87' lang='lat' dir='ltr'><strong>nisi</strong></span> <span class='ocrx_word' id='word_1_80' title='bbox 199 872 280 918; x_wconf 89' lang='lat' dir='ltr'><strong>aut</strong></span> <span class='ocrx_word' id='word_1_81' title='bbox 309 864 662 934; x_wconf 74' lang='lat' dir='ltr'><strong>singulariter</strong></span> <span class='ocrx_word' id='word_1_82' title='bbox 685 867 1092 938; x_wconf 89' lang='lat' dir='ltr'><strong>congrediatur,</strong></span> <span class='ocrx_word' id='word_1_83' title='bbox 1122 875 1217 922; x_wconf 93' lang='lat' dir='ltr'><strong>aut</strong></span> <span class='ocrx_word' id='word_1_84' title='bbox 1243 866 1416 937; x_wconf 91' lang='lat' dir='ltr'><strong>portis</strong></span> <span class='ocrx_word' id='word_1_85' title='bbox 1441 867 1629 923; x_wconf 87' lang='lat' dir='ltr'><strong>incisis</strong></span> 
     </span>
    </p>
   </div>
   <div class='ocr_carea' id='block_1_12' title="bbox 101 954 1631 1027">
    <p class='ocr_par' dir='ltr' id='par_1_12' title="bbox 101 954 1631 1027">
     <span class='ocr_line' id='line_1_12' title="bbox 101 954 1631 1027; baseline 0.003 -19"><span class='ocrx_word' id='word_1_86' title='bbox 101 963 205 1009; x_wconf 87' lang='lat' dir='ltr'><strong>totus</strong></span> <span class='ocrx_word' id='word_1_87' title='bbox 237 954 500 1010; x_wconf 78' lang='lat' dir='ltr'><strong>exercitus</strong></span> <span class='ocrx_word' id='word_1_88' title='bbox 543 955 959 1012; x_wconf 88' lang='lat' dir='ltr'><strong>intromittatur.</strong></span> <span class='ocrx_word' id='word_1_89' title='bbox 989 957 1103 1011; x_wconf 79' lang='lat' dir='ltr'><strong>Dux</strong></span> <span class='ocrx_word' id='word_1_90' title='bbox 1138 972 1259 1011; x_wconf 90' lang='lat' dir='ltr'><strong>cum</strong></span> <span class='ocrx_word' id='word_1_91' title='bbox 1300 957 1631 1027; x_wconf 89' lang='lat' dir='ltr'><strong>principibus</strong></span> 
     </span>
    </p>
   </div>
   <div class='ocr_carea' id='block_1_13' title="bbox 99 1045 1631 1113">
    <p class='ocr_par' dir='ltr' id='par_1_13' title="bbox 99 1045 1631 1113">
     <span class='ocr_line' id='line_1_13' title="bbox 99 1045 1631 1113; baseline 0.002 -12"><span class='ocrx_word' id='word_1_92' title='bbox 99 1046 202 1101; x_wconf 83' lang='lat' dir='ltr'><strong>hanc</strong></span> <span class='ocrx_word' id='word_1_93' title='bbox 232 1045 614 1102; x_wconf 87' lang='lat' dir='ltr'><strong>contumeliam</strong></span> <span class='ocrx_word' id='word_1_94' title='bbox 658 1062 768 1103; x_wconf 90' lang='lat' dir='ltr'><strong>non</strong></span> <span class='ocrx_word' id='word_1_95' title='bbox 801 1047 980 1104; x_wconf 88' lang='lat' dir='ltr'><strong>ferens</strong></span> <span class='ocrx_word' id='word_1_96' title='bbox 1003 1087 1019 1113; x_wconf 96' lang='lat'><strong>,</strong></span> <span class='ocrx_word' id='word_1_97' title='bbox 1053 1049 1255 1104; x_wconf 90' lang='lat' dir='ltr'><strong>tirones</strong></span> <span class='ocrx_word' id='word_1_98' title='bbox 1281 1048 1353 1081; x_wconf 63' lang='lat' dir='ltr'><strong>m</strong></span> <span class='ocrx_word' id='word_1_99' title='bbox 1383 1049 1631 1104; x_wconf 88' lang='lat' dir='ltr'><strong>hortatur</strong></span> 
     </span>
    </p>
   </div>
   <div class='ocr_carea' id='block_1_14' title="bbox 101 1135 1632 1213">
    <p class='ocr_par' dir='ltr' id='par_1_14' title="bbox 101 1135 1632 1213">
     <span class='ocr_line' id='line_1_14' title="bbox 101 1135 1632 1213; baseline 0.003 -22"><span class='ocrx_word' id='word_1_100' title='bbox 101 1145 141 1191; x_wconf 87' lang='lat' dir='ltr'><strong>ut</strong></span> <span class='ocrx_word' id='word_1_101' title='bbox 163 1135 399 1193; x_wconf 86' lang='lat' dir='ltr'><strong>furentem</strong></span> <span class='ocrx_word' id='word_1_102' title='bbox 429 1137 507 1171; x_wconf 72' lang='grc'><strong>⁸⁸⁵</strong></span> <span class='ocrx_word' id='word_1_103' title='bbox 539 1138 826 1211; x_wconf 87' lang='lat' dir='ltr'><strong>repellant,</strong></span> <span class='ocrx_word' id='word_1_104' title='bbox 854 1149 911 1196; x_wconf 88' lang='lat' dir='ltr'><strong>et</strong></span> <span class='ocrx_word' id='word_1_105' title='bbox 941 1156 972 1196; x_wconf 91' lang='lat' dir='ltr'><strong>a</strong></span> <span class='ocrx_word' id='word_1_106' title='bbox 1005 1149 1152 1197; x_wconf 85' lang='lat' dir='ltr'><strong>tanta</strong></span> <span class='ocrx_word' id='word_1_107' title='bbox 1185 1142 1475 1213; x_wconf 77' lang='lat' dir='ltr'><strong>ignominia</strong></span> <span class='ocrx_word' id='word_1_108' title='bbox 1497 1157 1632 1213; x_wconf 80' lang='lat' dir='ltr'><strong>pur-</strong></span> 
     </span>
    </p>
   </div>
   <div class='ocr_carea' id='block_1_15' title="bbox 100 1215 1640 1306">
    <p class='ocr_par' dir='ltr' id='par_1_15' title="bbox 100 1215 1640 1306">
     <span class='ocr_line' id='line_1_15' title="bbox 100 1215 1640 1306; baseline 0.003 -20"><span class='ocrx_word' id='word_1_109' title='bbox 100 1231 258 1304; x_wconf 67' lang='lat' dir='ltr'><strong>gati‘“</strong></span> <span class='ocrx_word' id='word_1_110' title='bbox 284 1231 524 1288; x_wconf 88' lang='lat' dir='ltr'><strong>nominis</strong></span> <span class='ocrx_word' id='word_1_111' title='bbox 565 1233 798 1304; x_wconf 80' lang='lat' dir='ltr'><strong>gloriam</strong></span> <span class='ocrx_word' id='word_1_112' title='bbox 851 1233 952 1289; x_wconf 89' lang='lat' dir='ltr'><strong>sibi</strong></span> <span class='ocrx_word' id='word_1_113' title='bbox 1001 1215 1272 1291; x_wconf 82' lang='lat' dir='ltr'><strong>aﬂ&#39;ectent.</strong></span> <span class='ocrx_word' id='word_1_114' title='bbox 1317 1233 1437 1289; x_wconf 78' lang='lat' dir='ltr'><strong>Mox</strong></span> <span class='ocrx_word' id='word_1_115' title='bbox 1469 1239 1640 1306; x_wconf 84' lang='lat' dir='ltr'><strong>quam</strong></span> 
     </span>
    </p>
   </div>
   <div class='ocr_carea' id='block_1_16' title="bbox 100 1325 1632 1397">
    <p class='ocr_par' dir='ltr' id='par_1_16' title="bbox 100 1325 1632 1397">
     <span class='ocr_line' id='line_1_16' title="bbox 100 1325 1632 1397; baseline 0.002 -17"><span class='ocrx_word' id='word_1_116' title='bbox 100 1325 233 1397; x_wconf 82' lang='lat' dir='ltr'><strong>plures</strong></span> <span class='ocrx_word' id='word_1_117' title='bbox 251 1325 423 1381; x_wconf 90' lang='lat' dir='ltr'><strong>animo</strong></span> <span class='ocrx_word' id='word_1_118' title='bbox 451 1327 740 1394; x_wconf 88' lang='lat' dir='ltr'><strong>ardentes,</strong></span> <span class='ocrx_word' id='word_1_119' title='bbox 775 1327 842 1382; x_wconf 88' lang='lat' dir='ltr'><strong>ad</strong></span> <span class='ocrx_word' id='word_1_120' title='bbox 881 1328 1241 1384; x_wconf 90' lang='lat' dir='ltr'><strong>resistendum</strong></span> <span class='ocrx_word' id='word_1_121' title='bbox 1272 1344 1391 1384; x_wconf 89' lang='lat' dir='ltr'><strong>sese</strong></span> <span class='ocrx_word' id='word_1_122' title='bbox 1419 1327 1632 1385; x_wconf 89' lang='lat' dir='ltr'><strong>obtule-</strong></span> 
     </span>
    </p>
   </div>
   <div class='ocr_carea' id='block_1_17' title="bbox 101 1419 1636 1492">
    <p class='ocr_par' dir='ltr' id='par_1_17' title="bbox 101 1419 1636 1492">
     <span class='ocr_line' id='line_1_17' title="bbox 101 1419 1636 1492; baseline 0.003 -19"><span class='ocrx_word' id='word_1_123' title='bbox 101 1429 204 1474; x_wconf 80' lang='lat' dir='ltr'><strong>runt.</strong></span> <span class='ocrx_word' id='word_1_124' title='bbox 227 1419 355 1489; x_wconf 87' lang='lat' dir='ltr'><strong>Ergo</strong></span> <span class='ocrx_word' id='word_1_125' title='bbox 392 1421 457 1475; x_wconf 89' lang='lat' dir='ltr'><strong>de</strong></span> <span class='ocrx_word' id='word_1_126' title='bbox 492 1421 748 1492; x_wconf 89' lang='lat' dir='ltr'><strong>pluribus</strong></span> <span class='ocrx_word' id='word_1_127' title='bbox 793 1439 934 1479; x_wconf 93' lang='lat' dir='ltr'><strong>unus</strong></span> <span class='ocrx_word' id='word_1_128' title='bbox 980 1423 1216 1489; x_wconf 90' lang='lat' dir='ltr'><strong>electus,</strong></span> <span class='ocrx_word' id='word_1_129' title='bbox 1255 1424 1346 1480; x_wconf 89' lang='lat' dir='ltr'><strong>lvo</strong></span> <span class='ocrx_word' id='word_1_130' title='bbox 1376 1425 1469 1490; x_wconf 56' lang='grc' dir='ltr'><strong>λυ,</strong></span> <span class='ocrx_word' id='word_1_131' title='bbox 1505 1441 1636 1479; x_wconf 86' lang='lat' dir='ltr'><strong>con-</strong></span> 
     </span>
    </p>
   </div>
   <div class='ocr_carea' id='block_1_18' title="bbox 99 1513 1634 1587">
    <p class='ocr_par' dir='ltr' id='par_1_18' title="bbox 99 1513 1634 1587">
     <span class='ocr_line' id='line_1_18' title="bbox 99 1513 1634 1587; baseline 0.005 -22"><span class='ocrx_word' id='word_1_132' title='bbox 99 1525 327 1581; x_wconf 78' lang='lat' dir='ltr'><strong>gressurus</strong></span> <span class='ocrx_word' id='word_1_133' title='bbox 353 1513 632 1582; x_wconf 85' lang='lat' dir='ltr'><strong>procedit.</strong></span> <span class='ocrx_word' id='word_1_134' title='bbox 658 1513 932 1569; x_wconf 89' lang='lat' dir='ltr'><strong>Premium</strong></span> <span class='ocrx_word' id='word_1_135' title='bbox 969 1515 1072 1570; x_wconf 93' lang='lat' dir='ltr'><strong>viri</strong></span> <span class='ocrx_word' id='word_1_136' title='bbox 1104 1515 1260 1571; x_wconf 89' lang='lat' dir='ltr'><strong>fortis</strong></span> <span class='ocrx_word' id='word_1_137' title='bbox 1298 1517 1634 1587; x_wconf 90' lang='lat' dir='ltr'><strong>propositum</strong></span> 
     </span>
    </p>
   </div>
   <div class='ocr_carea' id='block_1_19' title="bbox 99 1603 1637 1679">
    <p class='ocr_par' dir='ltr' id='par_1_19' title="bbox 99 1603 1637 1679">
     <span class='ocr_line' id='line_1_19' title="bbox 99 1603 1637 1679; baseline 0.006 -21"><span class='ocrx_word' id='word_1_138' title='bbox 99 1611 180 1666; x_wconf 82' lang='lat' dir='ltr'><strong>est;</strong></span> <span class='ocrx_word' id='word_1_139' title='bbox 203 1603 475 1668; x_wconf 87' lang='lat' dir='ltr'><strong>et,ablatis</strong></span> <span class='ocrx_word' id='word_1_140' title='bbox 509 1607 804 1678; x_wconf 84' lang='lat' dir='ltr'><strong>repagulis,</strong></span> <span class='ocrx_word' id='word_1_141' title='bbox 828 1617 999 1678; x_wconf 69' lang='lat' dir='ltr'><strong>portae</strong></span> <span class='ocrx_word' id='word_1_142' title='bbox 1025 1609 1309 1679; x_wconf 80' lang='lat' dir='ltr'><strong>patefactae</strong></span> <span class='ocrx_word' id='word_1_143' title='bbox 1335 1620 1478 1666; x_wconf 91' lang='lat' dir='ltr'><strong>sunt.</strong></span> <span class='ocrx_word' id='word_1_144' title='bbox 1507 1611 1637 1667; x_wconf 54' lang='lat' dir='ltr'><strong>Pro.</strong></span> 
     </span>
    </p>
   </div>
   <div class='ocr_carea' id='block_1_20' title="bbox 99 1695 1633 1775">
    <p class='ocr_par' dir='ltr' id='par_1_20' title="bbox 99 1695 1633 1775">
     <span class='ocr_line' id='line_1_20' title="bbox 99 1695 1633 1775; baseline 0.008 -27"><span class='ocrx_word' id='word_1_145' title='bbox 99 1695 203 1749; x_wconf 87' lang='lat' dir='ltr'><strong>cedit</strong></span> <span class='ocrx_word' id='word_1_146' title='bbox 222 1695 310 1750; x_wconf 88' lang='lat' dir='ltr'><strong>sibi</strong></span> <span class='ocrx_word' id='word_1_147' title='bbox 331 1696 552 1752; x_wconf 85' lang='lat' dir='ltr'><strong>obviam</strong></span> <span class='ocrx_word' id='word_1_148' title='bbox 581 1699 759 1755; x_wconf 88' lang='lat' dir='ltr'><strong>hostis</strong></span> <span class='ocrx_word' id='word_1_149' title='bbox 784 1709 1028 1771; x_wconf 90' lang='lat' dir='ltr'><strong>uterque.</strong></span> <span class='ocrx_word' id='word_1_150' title='bbox 1047 1703 1146 1770; x_wconf 80' lang='lat' dir='ltr'><strong>Qui</strong></span> <span class='ocrx_word' id='word_1_151' title='bbox 1176 1703 1401 1773; x_wconf 88' lang='lat' dir='ltr'><strong>objectis</strong></span> <span class='ocrx_word' id='word_1_152' title='bbox 1424 1705 1633 1775; x_wconf 86' lang='lat' dir='ltr'><strong>clipeis,</strong></span> 
     </span>
    </p>
   </div>
   <div class='ocr_carea' id='block_1_21' title="bbox 1729 771 3308 838">
    <p class='ocr_par' dir='ltr' id='par_1_21' title="bbox 1729 771 3308 838">
     <span class='ocr_line' id='line_1_21' title="bbox 1729 771 3308 838; baseline -0.003 -7"><span class='ocrx_word' id='word_1_153' title='bbox 1729 776 1781 831; x_wconf 93' lang='lat' dir='ltr'><strong>in</strong></span> <span class='ocrx_word' id='word_1_154' title='bbox 1807 777 2114 830; x_wconf 90' lang='lat' dir='ltr'><strong>amiciciam</strong></span> <span class='ocrx_word' id='word_1_155' title='bbox 2142 773 2358 831; x_wconf 92' lang='lat' dir='ltr'><strong>Ottonis</strong></span> <span class='ocrx_word' id='word_1_156' title='bbox 2380 776 2568 832; x_wconf 87' lang='lat' dir='ltr'><strong>relabi.</strong></span> <span class='ocrx_word' id='word_1_157' title='bbox 2595 775 2652 832; x_wconf 91' lang='lat' dir='ltr'><strong>Si</strong></span> <span class='ocrx_word' id='word_1_158' title='bbox 2681 775 3122 832; x_wconf 89' lang='lat' dir='ltr'><strong>reconciliaretur</strong></span> <span class='ocrx_word' id='word_1_159' title='bbox 3142 771 3308 838; x_wconf 87' lang='lat' dir='ltr'><strong>hosti,</strong></span> 
     </span>
    </p>
   </div>
   <div class='ocr_carea' id='block_1_22' title="bbox 1729 863 3313 937">
    <p class='ocr_par' dir='ltr' id='par_1_22' title="bbox 1729 863 3313 937">
     <span class='ocr_line' id='line_1_22' title="bbox 1729 863 3313 937; baseline -0.003 -14"><span class='ocrx_word' id='word_1_160' title='bbox 1729 867 1781 923; x_wconf 89' lang='lat' dir='ltr'><strong>id</strong></span> <span class='ocrx_word' id='word_1_161' title='bbox 1808 883 1927 923; x_wconf 83' lang='lat' dir='ltr'><strong>esse</strong></span> <span class='ocrx_word' id='word_1_162' title='bbox 1955 867 2391 932; x_wconf 88' lang='lat' dir='ltr'><strong>accelerandum,</strong></span> <span class='ocrx_word' id='word_1_163' title='bbox 2415 883 2484 923; x_wconf 91' lang='lat' dir='ltr'><strong>ne</strong></span> <span class='ocrx_word' id='word_1_164' title='bbox 2512 868 2619 922; x_wconf 79' lang='lat' dir='ltr'><strong>dux</strong></span> <span class='ocrx_word' id='word_1_165' title='bbox 2647 865 3006 937; x_wconf 85' lang='lat' dir='ltr'><strong>praesentiret,</strong></span> <span class='ocrx_word' id='word_1_166' title='bbox 3032 873 3088 920; x_wconf 87' lang='lat' dir='ltr'><strong>et</strong></span> <span class='ocrx_word' id='word_1_167' title='bbox 3107 879 3174 920; x_wconf 92' lang='lat' dir='ltr'><strong>ne</strong></span> <span class='ocrx_word' id='word_1_168' title='bbox 3196 863 3313 934; x_wconf 82' lang='lat' dir='ltr'><strong>ipse</strong></span> 
     </span>
    </p>
   </div>
   <div class='ocr_carea' id='block_1_23' title="bbox 1729 955 3314 1031">
    <p class='ocr_par' dir='ltr' id='par_1_23' title="bbox 1729 955 3314 1031">
     <span class='ocr_line' id='line_1_23' title="bbox 1729 955 3314 1031; baseline -0.004 -17"><span class='ocrx_word' id='word_1_169' title='bbox 1729 976 1944 1031; x_wconf 90' lang='lat' dir='ltr'><strong>quoque</strong></span> <span class='ocrx_word' id='word_1_170' title='bbox 1974 959 2136 1015; x_wconf 83' lang='lat' dir='ltr'><strong>vellet</strong></span> <span class='ocrx_word' id='word_1_171' title='bbox 2171 959 2532 1017; x_wconf 90' lang='lat' dir='ltr'><strong>reconciliari.</strong></span> <span class='ocrx_word' id='word_1_172' title='bbox 2559 957 2778 1013; x_wconf 85' lang='lat' dir='ltr'><strong>Talibus</strong></span> <span class='ocrx_word' id='word_1_173' title='bbox 2816 957 2870 1011; x_wconf 91' lang='lat' dir='ltr'><strong>in</strong></span> <span class='ocrx_word' id='word_1_174' title='bbox 2900 956 3015 1012; x_wconf 89' lang='lat' dir='ltr'><strong>dies</strong></span> <span class='ocrx_word' id='word_1_175' title='bbox 3039 955 3314 1010; x_wconf 85' lang='lat' dir='ltr'><strong>allicieba-</strong></span> 
     </span>
    </p>
   </div>
   <div class='ocr_carea' id='block_1_24' title="bbox 1734 1046 3312 1121">
    <p class='ocr_par' dir='ltr' id='par_1_24' title="bbox 1734 1046 3312 1121">
     <span class='ocr_line' id='line_1_24' title="bbox 1734 1046 3312 1121; baseline -0.005 -13"><span class='ocrx_word' id='word_1_176' title='bbox 1734 1064 1838 1109; x_wconf 92' lang='lat' dir='ltr'><strong>tur.</strong></span> <span class='ocrx_word' id='word_1_177' title='bbox 1871 1054 1936 1108; x_wconf 85' lang='lat' dir='ltr'><strong>Et</strong></span> <span class='ocrx_word' id='word_1_178' title='bbox 1961 1054 2156 1109; x_wconf 75' lang='lat' dir='ltr'><strong>exinde</strong></span> <span class='ocrx_word' id='word_1_179' title='bbox 2193 1053 2278 1108; x_wconf 92' lang='lat' dir='ltr'><strong>his</strong></span> <span class='ocrx_word' id='word_1_180' title='bbox 2302 1051 2508 1107; x_wconf 92' lang='lat' dir='ltr'><strong>duobus</strong></span> <span class='ocrx_word' id='word_1_181' title='bbox 2542 1051 2733 1106; x_wconf 90' lang='lat' dir='ltr'><strong>ducem</strong></span> <span class='ocrx_word' id='word_1_182' title='bbox 2765 1059 3074 1121; x_wconf 91' lang='lat' dir='ltr'><strong>suspectum</strong></span> <span class='ocrx_word' id='word_1_183' title='bbox 3102 1046 3312 1102; x_wconf 86' lang='lat' dir='ltr'><strong>habuit.</strong></span> 
     </span>
    </p>
   </div>
   <div class='ocr_carea' id='block_1_25' title="bbox 1731 1138 3317 1207">
    <p class='ocr_par' dir='ltr' id='par_1_25' title="bbox 1731 1138 3317 1207">
     <span class='ocr_line' id='line_1_25' title="bbox 1731 1138 3317 1207; baseline -0.002 -6"><span class='ocrx_word' id='word_1_184' title='bbox 1731 1145 1776 1200; x_wconf 76' lang='grc' dir='ltr'>Α</span> <span class='ocrx_word' id='word_1_185' title='bbox 1805 1143 2234 1201; x_wconf 86' lang='lat' dir='ltr'><strong>consultantibus</strong></span> <span class='ocrx_word' id='word_1_186' title='bbox 2261 1153 2438 1198; x_wconf 90' lang='lat' dir='ltr'><strong>tamen</strong></span> <span class='ocrx_word' id='word_1_187' title='bbox 2462 1141 2738 1198; x_wconf 90' lang='lat' dir='ltr'><strong>decretum</strong></span> <span class='ocrx_word' id='word_1_188' title='bbox 2759 1141 2828 1175; x_wconf 68' lang='grc'><strong>⁸⁹⁰</strong></span> <span class='ocrx_word' id='word_1_189' title='bbox 2849 1150 2952 1207; x_wconf 91' lang='lat' dir='ltr'><strong>est,</strong></span> <span class='ocrx_word' id='word_1_190' title='bbox 2981 1140 3231 1197; x_wconf 90' lang='lat' dir='ltr'><strong>Ottonem</strong></span> <span class='ocrx_word' id='word_1_191' title='bbox 3257 1138 3317 1198; x_wconf 87' lang='lat' dir='ltr'><strong>in</strong></span> 
     </span>
    </p>
   </div>
   <div class='ocr_carea' id='block_1_26' title="bbox 1731 1233 3319 1307">
    <p class='ocr_par' dir='ltr' id='par_1_26' title="bbox 1731 1233 3319 1307">
     <span class='ocr_line' id='line_1_26' title="bbox 1731 1233 3319 1307; baseline -0.004 -16"><span class='ocrx_word' id='word_1_192' title='bbox 1731 1236 2034 1291; x_wconf 73' lang='lat' dir='ltr'><strong>amiciciam</strong></span> <span class='ocrx_word' id='word_1_193' title='bbox 2066 1236 2206 1307; x_wconf 90' lang='lat' dir='ltr'><strong>regis</strong></span> <span class='ocrx_word' id='word_1_194' title='bbox 2237 1235 2617 1300; x_wconf 88' lang='lat' dir='ltr'><strong>revocandum,</strong></span> <span class='ocrx_word' id='word_1_195' title='bbox 2645 1249 2710 1289; x_wconf 91' lang='lat' dir='ltr'><strong>eo</strong></span> <span class='ocrx_word' id='word_1_196' title='bbox 2734 1233 2877 1303; x_wconf 91' lang='lat' dir='ltr'><strong>quod</strong></span> <span class='ocrx_word' id='word_1_197' title='bbox 2904 1234 3016 1303; x_wconf 87' lang='lat' dir='ltr'><strong>ipse</strong></span> <span class='ocrx_word' id='word_1_198' title='bbox 3036 1233 3119 1287; x_wconf 87' lang='lat' dir='ltr'><strong>vir</strong></span> <span class='ocrx_word' id='word_1_199' title='bbox 3149 1234 3319 1286; x_wconf 82' lang='lat' dir='ltr'><strong>virtu-</strong></span> 
     </span>
    </p>
   </div>
   <div class='ocr_carea' id='block_1_27' title="bbox 1734 1321 3320 1398">
    <p class='ocr_par' dir='ltr' id='par_1_27' title="bbox 1734 1321 3320 1398">
     <span class='ocr_line' id='line_1_27' title="bbox 1734 1321 3320 1398; baseline -0.003 -14"><span class='ocrx_word' id='word_1_200' title='bbox 1734 1329 1803 1384; x_wconf 88' lang='lat' dir='ltr'><strong>tis</strong></span> <span class='ocrx_word' id='word_1_201' title='bbox 1842 1338 2006 1395; x_wconf 88' lang='lat' dir='ltr'><strong>esset,</strong></span> <span class='ocrx_word' id='word_1_202' title='bbox 2047 1336 2102 1383; x_wconf 90' lang='lat' dir='ltr'><strong>et</strong></span> <span class='ocrx_word' id='word_1_203' title='bbox 2148 1343 2244 1398; x_wconf 91' lang='lat' dir='ltr'><strong>per</strong></span> <span class='ocrx_word' id='word_1_204' title='bbox 2295 1327 2445 1382; x_wconf 92' lang='lat' dir='ltr'><strong>illum</strong></span> <span class='ocrx_word' id='word_1_205' title='bbox 2491 1341 2599 1381; x_wconf 90' lang='lat' dir='ltr'><strong>non</strong></span> <span class='ocrx_word' id='word_1_206' title='bbox 2645 1325 2816 1380; x_wconf 90' lang='lat' dir='ltr'><strong>solum</strong></span> <span class='ocrx_word' id='word_1_207' title='bbox 2863 1323 2969 1379; x_wconf 83' lang='lat' dir='ltr'><strong>dux</strong></span> <span class='ocrx_word' id='word_1_208' title='bbox 3015 1321 3320 1379; x_wconf 85' lang='lat' dir='ltr'><strong>mansuesci</strong></span> 
     </span>
    </p>
   </div>
   <div class='ocr_carea' id='block_1_28' title="bbox 1734 1412 3322 1491">
    <p class='ocr_par' dir='ltr' id='par_1_28' title="bbox 1734 1412 3322 1491">
     <span class='ocr_line' id='line_1_28' title="bbox 1734 1412 3322 1491; baseline -0.004 -16"><span class='ocrx_word' id='word_1_209' title='bbox 1734 1431 1936 1491; x_wconf 83' lang='lat' dir='ltr'><strong>posset,</strong></span> <span class='ocrx_word' id='word_1_210' title='bbox 1966 1420 2059 1474; x_wconf 89' lang='lat' dir='ltr'><strong>sed</strong></span> <span class='ocrx_word' id='word_1_211' title='bbox 2088 1429 2144 1474; x_wconf 91' lang='lat' dir='ltr'><strong>et</strong></span> <span class='ocrx_word' id='word_1_212' title='bbox 2167 1418 2394 1473; x_wconf 91' lang='lat' dir='ltr'><strong>aliarum</strong></span> <span class='ocrx_word' id='word_1_213' title='bbox 2423 1418 2661 1488; x_wconf 82' lang='lat' dir='ltr'><strong>gentium</strong></span> <span class='ocrx_word' id='word_1_214' title='bbox 2695 1416 2893 1471; x_wconf 90' lang='lat' dir='ltr'><strong>tiranni</strong></span> <span class='ocrx_word' id='word_1_215' title='bbox 2915 1413 3188 1486; x_wconf 89' lang='lat' dir='ltr'><strong>subjugari</strong></span> <span class='ocrx_word' id='word_1_216' title='bbox 3216 1412 3322 1468; x_wconf 81' lang='lat' dir='ltr'><strong>uti-</strong></span> 
     </span>
    </p>
   </div>
   <div class='ocr_carea' id='block_1_29' title="bbox 1736 1503 3324 1582">
    <p class='ocr_par' dir='ltr' id='par_1_29' title="bbox 1736 1503 3324 1582">
     <span class='ocr_line' id='line_1_29' title="bbox 1736 1503 3324 1582; baseline -0.003 -17"><span class='ocrx_word' id='word_1_217' title='bbox 1736 1510 1860 1566; x_wconf 88' lang='lat' dir='ltr'><strong>liter</strong></span> <span class='ocrx_word' id='word_1_218' title='bbox 1894 1511 2155 1565; x_wconf 79' lang='lat' dir='ltr'><strong>valerent.</strong></span> <span class='ocrx_word' id='word_1_219' title='bbox 2209 1510 2392 1582; x_wconf 82' lang='lat' dir='ltr'><strong>Legati</strong></span> <span class='ocrx_word' id='word_1_220' title='bbox 2440 1510 2602 1578; x_wconf 82' lang='lat' dir='ltr'><strong>igitur</strong></span> <span class='ocrx_word' id='word_1_221' title='bbox 2646 1525 2676 1564; x_wconf 87' lang='lat' dir='ltr'><strong>a</strong></span> <span class='ocrx_word' id='word_1_222' title='bbox 2720 1507 2977 1564; x_wconf 87' lang='lat' dir='ltr'><strong>Lotbario</strong></span> <span class='ocrx_word' id='word_1_223' title='bbox 3004 1505 3216 1570; x_wconf 88' lang='lat' dir='ltr'><strong>directi,</strong></span> <span class='ocrx_word' id='word_1_224' title='bbox 3253 1503 3324 1560; x_wconf 90' lang='lat' dir='ltr'><strong>ab</strong></span> 
     </span>
    </p>
   </div>
   <div class='ocr_carea' id='block_1_30' title="bbox 1737 1596 3327 1670">
    <p class='ocr_par' dir='ltr' id='par_1_30' title="bbox 1737 1596 3327 1670">
     <span class='ocr_line' id='line_1_30' title="bbox 1737 1596 3327 1670; baseline -0.005 -10"><span class='ocrx_word' id='word_1_225' title='bbox 1737 1603 1936 1660; x_wconf 89' lang='lat' dir='ltr'><strong>Ottone</strong></span> <span class='ocrx_word' id='word_1_226' title='bbox 1961 1601 2335 1657; x_wconf 87' lang='lat' dir='ltr'><strong>liberalissime</strong></span> <span class='ocrx_word' id='word_1_227' title='bbox 2361 1600 2621 1670; x_wconf 84' lang='lat' dir='ltr'><strong>suscepti,</strong></span> <span class='ocrx_word' id='word_1_228' title='bbox 2657 1599 2726 1654; x_wconf 89' lang='lat' dir='ltr'><strong>de</strong></span> <span class='ocrx_word' id='word_1_229' title='bbox 2766 1598 3014 1654; x_wconf 89' lang='lat' dir='ltr'><strong>habenda</strong></span> <span class='ocrx_word' id='word_1_230' title='bbox 3043 1596 3327 1668; x_wconf 81' lang='lat' dir='ltr'><strong>utriusque</strong></span> 
     </span>
    </p>
   </div>
   <div class='ocr_carea' id='block_1_31' title="bbox 1739 1693 2815 1766">
    <p class='ocr_par' dir='ltr' id='par_1_31' title="bbox 1739 1693 2815 1766">
     <span class='ocr_line' id='line_1_31' title="bbox 1739 1693 2815 1766; baseline -0.006 -14"><span class='ocrx_word' id='word_1_231' title='bbox 1739 1697 1984 1752; x_wconf 91' lang='lat' dir='ltr'><strong>amicicia</strong></span> <span class='ocrx_word' id='word_1_232' title='bbox 2015 1697 2151 1750; x_wconf 90' lang='lat' dir='ltr'><strong>duce</strong></span> <span class='ocrx_word' id='word_1_233' title='bbox 2184 1696 2463 1766; x_wconf 85' lang='lat' dir='ltr'><strong>ignorante</strong></span> <span class='ocrx_word' id='word_1_234' title='bbox 2492 1693 2772 1749; x_wconf 88' lang='lat' dir='ltr'><strong>elaborant</strong></span> <span class='ocrx_word' id='word_1_235' title='bbox 2800 1707 2815 1746; x_wconf 88' lang='lat'><strong>:</strong></span> 
     </span>
    </p>
   </div>
   <div class='ocr_carea' id='block_1_32' title="bbox 101 1777 3328 1866">
    <p class='ocr_par' dir='ltr' id='par_1_32' title="bbox 101 1777 3328 1866">
     <span class='ocr_line' id='line_1_32' title="bbox 101 1777 3328 1866; baseline -0.002 -25"><span class='ocrx_word' id='word_1_236' title='bbox 101 1786 274 1858; x_wconf 84' lang='lat' dir='ltr'><strong>telisque</strong></span> <span class='ocrx_word' id='word_1_237' title='bbox 296 1789 634 1857; x_wconf 88' lang='lat' dir='ltr'><strong>obnitentes,</strong></span> <span class='ocrx_word' id='word_1_238' title='bbox 667 1801 846 1848; x_wconf 88' lang='lat' dir='ltr'><strong>mente</strong></span> <span class='ocrx_word' id='word_1_239' title='bbox 889 1793 1086 1849; x_wconf 88' lang='lat' dir='ltr'><strong>furiata</strong></span> <span class='ocrx_word' id='word_1_240' title='bbox 1133 1811 1302 1866; x_wconf 89' lang='lat' dir='ltr'><strong>pauca</strong></span> <span class='ocrx_word' id='word_1_241' title='bbox 1344 1797 1632 1855; x_wconf 89' lang='lat' dir='ltr'><strong>admodum</strong></span> <span class='ocrx_word' id='word_1_242' title='bbox 1662 1777 1710 1840; x_wconf 81' lang='grc' dir='ltr'><strong>Β</strong></span> <span class='ocrx_word' id='word_1_243' title='bbox 1811 1790 1900 1845; x_wconf 86' lang='grc'><strong>79.</strong></span> <span class='ocrx_word' id='word_1_244' title='bbox 1934 1788 2118 1844; x_wconf 78' lang='lat' dir='ltr'><strong>Oratio</strong></span> <span class='ocrx_word' id='word_1_245' title='bbox 2155 1788 2226 1820; x_wconf 76' lang='grc'><strong>⁸⁹¹</strong></span> <span class='ocrx_word' id='word_1_246' title='bbox 2259 1786 2532 1842; x_wconf 83' lang='lat' dir='ltr'><strong>Gallorum</strong></span> <span class='ocrx_word' id='word_1_247' title='bbox 2570 1788 2639 1842; x_wconf 87' lang='lat' dir='ltr'><strong>ad</strong></span> <span class='ocrx_word' id='word_1_248' title='bbox 2666 1787 2736 1818; x_wconf 72' lang='grc'><strong>⁸³⁸</strong></span> <span class='ocrx_word' id='word_1_249' title='bbox 2777 1786 3042 1841; x_wconf 82' lang='lat' dir='ltr'><strong>Ottonem.</strong></span> <span class='ocrx_word' id='word_1_250' title='bbox 3070 1813 3140 1825; x_wconf 89' lang='lat'><strong>—-</strong></span> <span class='ocrx_word' id='word_1_251' title='bbox 3167 1801 3187 1836; x_wconf 71' lang='grc' dir='ltr'><strong>ι</strong></span> <span class='ocrx_word' id='word_1_252' title='bbox 3218 1780 3328 1837; x_wconf 78' lang='lat' dir='ltr'><strong>Ila-</strong></span> 
     </span>
    </p>
   </div>
   <div class='ocr_carea' id='block_1_33' title="bbox 100 1878 1631 1958">
    <p class='ocr_par' dir='ltr' id='par_1_33' title="bbox 100 1878 1631 1958">
     <span class='ocr_line' id='line_1_33' title="bbox 100 1878 1631 1958; baseline 0.007 -26"><span class='ocrx_word' id='word_1_253' title='bbox 100 1878 246 1946; x_wconf 86' lang='lat' dir='ltr'><strong>probra</strong></span> <span class='ocrx_word' id='word_1_254' title='bbox 269 1879 362 1934; x_wconf 87' lang='lat' dir='ltr'><strong>sibi</strong></span> <span class='ocrx_word' id='word_1_255' title='bbox 388 1880 737 1950; x_wconf 88' lang='lat' dir='ltr'><strong>objecerunt.</strong></span> <span class='ocrx_word' id='word_1_256' title='bbox 767 1881 1071 1940; x_wconf 86' lang='lat' dir='ltr'><strong>Germanus</strong></span> <span class='ocrx_word' id='word_1_257' title='bbox 1099 1887 1316 1941; x_wconf 90' lang='lat' dir='ltr'><strong>tandem</strong></span> <span class='ocrx_word' id='word_1_258' title='bbox 1358 1888 1520 1943; x_wconf 89' lang='lat' dir='ltr'><strong>telum</strong></span> <span class='ocrx_word' id='word_1_259' title='bbox 1544 1889 1631 1958; x_wconf 81' lang='lat' dir='ltr'><strong>ja-</strong></span> 
     </span>
    </p>
   </div>
   <div class='ocr_carea' id='block_1_34' title="bbox 99 1968 1637 2048">
    <p class='ocr_par' dir='ltr' id='par_1_34' title="bbox 99 1968 1637 2048">
     <span class='ocr_line' id='line_1_34' title="bbox 99 1968 1637 2048; baseline 0.009 -26"><span class='ocrx_word' id='word_1_260' title='bbox 99 1968 277 2035; x_wconf 77' lang='lat' dir='ltr'><strong>culatus,</strong></span> <span class='ocrx_word' id='word_1_261' title='bbox 304 1968 443 2025; x_wconf 87' lang='lat' dir='ltr'><strong>Galli</strong></span> <span class='ocrx_word' id='word_1_262' title='bbox 471 1972 714 2042; x_wconf 88' lang='lat' dir='ltr'><strong>clipeum</strong></span> <span class='ocrx_word' id='word_1_263' title='bbox 756 1975 906 2046; x_wconf 85' lang='lat' dir='ltr'><strong>gravi</strong></span> <span class='ocrx_word' id='word_1_264' title='bbox 951 1975 1060 2031; x_wconf 91' lang='lat' dir='ltr'><strong>ictu</strong></span> <span class='ocrx_word' id='word_1_265' title='bbox 1091 1979 1390 2048; x_wconf 89' lang='lat' dir='ltr'><strong>pertundit.</strong></span> <span class='ocrx_word' id='word_1_266' title='bbox 1423 1979 1637 2036; x_wconf 76' lang='lat' dir='ltr'><strong>Gladio-</strong></span> 
     </span>
    </p>
   </div>
   <div class='ocr_carea' id='block_1_35' title="bbox 97 2061 1637 2136">
    <p class='ocr_par' dir='ltr' id='par_1_35' title="bbox 97 2061 1637 2136">
     <span class='ocr_line' id='line_1_35' title="bbox 97 2061 1637 2136; baseline 0.012 -23"><span class='ocrx_word' id='word_1_267' title='bbox 97 2075 178 2129; x_wconf 81' lang='lat' dir='ltr'><strong>que</strong></span> <span class='ocrx_word' id='word_1_268' title='bbox 198 2061 368 2117; x_wconf 83' lang='lat' dir='ltr'><strong>educto</strong></span> <span class='ocrx_word' id='word_1_269' title='bbox 390 2077 519 2119; x_wconf 88' lang='lat' dir='ltr'><strong>cum</strong></span> <span class='ocrx_word' id='word_1_270' title='bbox 575 2080 773 2136; x_wconf 84' lang='lat' dir='ltr'><strong>urgere</strong></span> <span class='ocrx_word' id='word_1_271' title='bbox 811 2066 1070 2136; x_wconf 88' lang='lat' dir='ltr'><strong>instaret,</strong></span> <span class='ocrx_word' id='word_1_272' title='bbox 1105 2085 1134 2123; x_wconf 91' lang='lat' dir='ltr'><strong>a</strong></span> <span class='ocrx_word' id='word_1_273' title='bbox 1165 2069 1319 2125; x_wconf 88' lang='lat' dir='ltr'><strong>Gallo</strong></span> <span class='ocrx_word' id='word_1_274' title='bbox 1359 2087 1483 2128; x_wconf 83' lang='lat' dir='ltr'><strong>mox</strong></span> <span class='ocrx_word' id='word_1_275' title='bbox 1532 2075 1637 2131; x_wconf 87' lang='lat' dir='ltr'><strong>telo</strong></span> 
     </span>
    </p>
   </div>
   <div class='ocr_carea' id='block_1_36' title="bbox 99 2152 1639 2232">
    <p class='ocr_par' dir='ltr' id='par_1_36' title="bbox 99 2152 1639 2232">
     <span class='ocr_line' id='line_1_36' title="bbox 99 2152 1639 2232; baseline 0.007 -23"><span class='ocrx_word' id='word_1_276' title='bbox 99 2152 316 2225; x_wconf 83' lang='lat' dir='ltr'><strong>obliquato</strong></span> <span class='ocrx_word' id='word_1_277' title='bbox 343 2155 620 2223; x_wconf 82' lang='lat' dir='ltr'><strong>confixus,</strong></span> <span class='ocrx_word' id='word_1_278' title='bbox 654 2171 814 2229; x_wconf 90' lang='lat' dir='ltr'><strong>atque</strong></span> <span class='ocrx_word' id='word_1_279' title='bbox 852 2159 965 2216; x_wconf 89' lang='lat' dir='ltr'><strong>vita</strong></span> <span class='ocrx_word' id='word_1_280' title='bbox 996 2159 1068 2192; x_wconf 66' lang='grc'><strong>⁸⁸⁸</strong></span> <span class='ocrx_word' id='word_1_281' title='bbox 1102 2161 1343 2232; x_wconf 88' lang='lat' dir='ltr'><strong>privatus</strong></span> <span class='ocrx_word' id='word_1_282' title='bbox 1368 2172 1474 2220; x_wconf 92' lang='lat' dir='ltr'><strong>est.</strong></span> <span class='ocrx_word' id='word_1_283' title='bbox 1513 2164 1639 2220; x_wconf 84' lang='lat' dir='ltr'><strong>Gal-</strong></span> 
     </span>
    </p>
   </div>
   <div class='ocr_carea' id='block_1_37' title="bbox 101 2246 1634 2328">
    <p class='ocr_par' dir='ltr' id='par_1_37' title="bbox 101 2246 1634 2328">
     <span class='ocr_line' id='line_1_37' title="bbox 101 2246 1634 2328; baseline 0.009 -28"><span class='ocrx_word' id='word_1_284' title='bbox 101 2246 160 2303; x_wconf 86' lang='lat' dir='ltr'><strong>lus</strong></span> <span class='ocrx_word' id='word_1_285' title='bbox 179 2249 374 2305; x_wconf 83' lang='lat' dir='ltr'><strong>rictoria</strong></span> <span class='ocrx_word' id='word_1_286' title='bbox 399 2252 640 2320; x_wconf 91' lang='lat' dir='ltr'><strong>potitus,</strong></span> <span class='ocrx_word' id='word_1_287' title='bbox 671 2253 739 2306; x_wconf 91' lang='lat' dir='ltr'><strong>ab</strong></span> <span class='ocrx_word' id='word_1_288' title='bbox 772 2254 927 2309; x_wconf 88' lang='lat' dir='ltr'><strong>hoste</strong></span> <span class='ocrx_word' id='word_1_289' title='bbox 960 2266 1115 2325; x_wconf 89' lang='lat' dir='ltr'><strong>rapta</strong></span> <span class='ocrx_word' id='word_1_290' title='bbox 1139 2272 1289 2310; x_wconf 90' lang='lat' dir='ltr'><strong>arma</strong></span> <span class='ocrx_word' id='word_1_291' title='bbox 1316 2260 1634 2328; x_wconf 88' lang='lat' dir='ltr'><strong>asportavit,</strong></span> 
     </span>
    </p>
   </div>
   <div class='ocr_carea' id='block_1_38' title="bbox 101 2340 1640 2417">
    <p class='ocr_par' dir='ltr' id='par_1_38' title="bbox 101 2340 1640 2417">
     <span class='ocr_line' id='line_1_38' title="bbox 101 2340 1640 2417; baseline 0.008 -24"><span class='ocrx_word' id='word_1_292' title='bbox 101 2348 220 2410; x_wconf 81' lang='lat' dir='ltr'><strong>atque</strong></span> <span class='ocrx_word' id='word_1_293' title='bbox 242 2340 354 2398; x_wconf 88' lang='lat' dir='ltr'><strong>duci</strong></span> <span class='ocrx_word' id='word_1_294' title='bbox 391 2342 620 2398; x_wconf 88' lang='lat' dir='ltr'><strong>obtulit.</strong></span> <span class='ocrx_word' id='word_1_295' title='bbox 659 2343 754 2400; x_wconf 84' lang='lat' dir='ltr'><strong>Vir</strong></span> <span class='ocrx_word' id='word_1_296' title='bbox 785 2342 943 2401; x_wconf 89' lang='lat' dir='ltr'><strong>fortis</strong></span> <span class='ocrx_word' id='word_1_297' title='bbox 972 2346 1252 2416; x_wconf 75' lang='lat' dir='ltr'><strong>praemium</strong></span> <span class='ocrx_word' id='word_1_298' title='bbox 1282 2349 1438 2417; x_wconf 89' lang='lat' dir='ltr'><strong>petiit</strong></span> <span class='ocrx_word' id='word_1_299' title='bbox 1468 2358 1524 2404; x_wconf 94' lang='lat' dir='ltr'><strong>et</strong></span> <span class='ocrx_word' id='word_1_300' title='bbox 1548 2364 1640 2405; x_wconf 88' lang='lat' dir='ltr'><strong>ac-</strong></span> 
     </span>
    </p>
   </div>
   <div class='ocr_carea' id='block_1_39' title="bbox 102 2431 222 2499">
    <p class='ocr_par' dir='ltr' id='par_1_39' title="bbox 102 2431 222 2499">
     <span class='ocr_line' id='line_1_39' title="bbox 102 2431 222 2499; baseline 0.017 -16"><span class='ocrx_word' id='word_1_301' title='bbox 102 2431 222 2499; x_wconf 79' lang='lat' dir='ltr'><strong>repit.</strong></span> 
     </span>
    </p>
   </div>
   <div class='ocr_carea' id='block_1_40' title="bbox 150 2520 1640 2601">
    <p class='ocr_par' dir='ltr' id='par_1_40' title="bbox 150 2520 1640 2601">
     <span class='ocr_line' id='line_1_40' title="bbox 150 2520 1640 2601; baseline 0.008 -27"><span class='ocrx_word' id='word_1_302' title='bbox 150 2520 215 2574; x_wconf 82' lang='grc'>77.</span> <span class='ocrx_word' id='word_1_303' title='bbox 252 2520 452 2579; x_wconf 76' lang='lat' dir='ltr'><strong>Ottonis</strong></span> <span class='ocrx_word' id='word_1_304' title='bbox 480 2540 516 2578; x_wconf 89' lang='lat' dir='ltr'><strong>a</strong></span> <span class='ocrx_word' id='word_1_305' title='bbox 546 2523 730 2579; x_wconf 84' lang='lat' dir='ltr'><strong>Gallia</strong></span> <span class='ocrx_word' id='word_1_306' title='bbox 752 2526 822 2560; x_wconf 79' lang='grc'><strong>⁸⁸⁹</strong></span> <span class='ocrx_word' id='word_1_307' title='bbox 849 2527 1103 2598; x_wconf 74' lang='lat' dir='ltr'><strong>digressio</strong></span> <span class='ocrx_word' id='word_1_308' title='bbox 1129 2528 1199 2562; x_wconf 65' lang='lat' dir='ltr'><strong>m</strong></span> <span class='ocrx_word' id='word_1_309' title='bbox 1227 2546 1542 2601; x_wconf 82' lang='lat' dir='ltr'><strong>suorumque</strong></span> <span class='ocrx_word' id='word_1_310' title='bbox 1567 2531 1640 2566; x_wconf 77' lang='grc'><strong>⁸⁸⁹</strong></span> 
     </span>
    </p>
   </div>
   <div class='ocr_carea' id='block_1_41' title="bbox 107 2611 1640 2696">
    <p class='ocr_par' dir='ltr' id='par_1_41' title="bbox 107 2611 1640 2696">
     <span class='ocr_line' id='line_1_41' title="bbox 107 2611 1640 2696; baseline 0.009 -32"><span class='ocrx_word' id='word_1_311' title='bbox 107 2611 193 2682; x_wconf 72' lang='lat' dir='ltr'><strong>{rga</strong></span> <span class='ocrx_word' id='word_1_312' title='bbox 218 2613 299 2668; x_wconf 72' lang='grc'><strong>⁸³⁸.</strong></span> <span class='ocrx_word' id='word_1_313' title='bbox 320 2644 387 2655; x_wconf 95' lang='grc'><strong>-</strong></span> <span class='ocrx_word' id='word_1_314' title='bbox 410 2615 545 2671; x_wconf 91' lang='lat' dir='ltr'><strong>Otto</strong></span> <span class='ocrx_word' id='word_1_315' title='bbox 573 2615 850 2673; x_wconf 88' lang='lat' dir='ltr'><strong>Gallorum</strong></span> <span class='ocrx_word' id='word_1_316' title='bbox 893 2620 1190 2676; x_wconf 78' lang='lat' dir='ltr'><strong>exercitum</strong></span> <span class='ocrx_word' id='word_1_317' title='bbox 1233 2624 1434 2676; x_wconf 82' lang='lat' dir='ltr'><strong>sensim</strong></span> <span class='ocrx_word' id='word_1_318' title='bbox 1460 2623 1640 2696; x_wconf 89' lang='lat' dir='ltr'><strong>colligi</strong></span> 
     </span>
    </p>
   </div>
   <div class='ocr_carea' id='block_1_42' title="bbox 108 2707 1641 2786">
    <p class='ocr_par' dir='ltr' id='par_1_42' title="bbox 108 2707 1641 2786">
     <span class='ocr_line' id='line_1_42' title="bbox 108 2707 1641 2786; baseline 0.008 -27"><span class='ocrx_word' id='word_1_319' title='bbox 108 2721 176 2760; x_wconf 80' lang='lat' dir='ltr'><strong>non</strong></span> <span class='ocrx_word' id='word_1_320' title='bbox 199 2707 453 2778; x_wconf 82' lang='lat' dir='ltr'><strong>ignorans,</strong></span> <span class='ocrx_word' id='word_1_321' title='bbox 488 2725 659 2765; x_wconf 90' lang='lat' dir='ltr'><strong>suum</strong></span> <span class='ocrx_word' id='word_1_322' title='bbox 695 2712 856 2766; x_wconf 87' lang='lat' dir='ltr'><strong>etiam</strong></span> <span class='ocrx_word' id='word_1_323' title='bbox 886 2722 994 2767; x_wconf 90' lang='lat' dir='ltr'><strong>tam</strong></span> <span class='ocrx_word' id='word_1_324' title='bbox 1042 2713 1200 2784; x_wconf 86' lang='lat' dir='ltr'><strong>longo</strong></span> <span class='ocrx_word' id='word_1_325' title='bbox 1240 2715 1434 2770; x_wconf 88' lang='lat' dir='ltr'><strong>itinere</strong></span> <span class='ocrx_word' id='word_1_326' title='bbox 1477 2731 1641 2786; x_wconf 89' lang='lat' dir='ltr'><strong>quam</strong></span> 
     </span>
    </p>
   </div>
   <div class='ocr_carea' id='block_1_43' title="bbox 109 2796 1640 2879">
    <p class='ocr_par' dir='ltr' id='par_1_43' title="bbox 109 2796 1640 2879">
     <span class='ocr_line' id='line_1_43' title="bbox 109 2796 1640 2879; baseline 0.006 -26"><span class='ocrx_word' id='word_1_327' title='bbox 109 2796 284 2855; x_wconf 82' lang='lat' dir='ltr'><strong>hostium</strong></span> <span class='ocrx_word' id='word_1_328' title='bbox 311 2801 539 2858; x_wconf 88' lang='lat' dir='ltr'><strong>incursu</strong></span> <span class='ocrx_word' id='word_1_329' title='bbox 568 2819 729 2873; x_wconf 89' lang='lat' dir='ltr'><strong>posse</strong></span> <span class='ocrx_word' id='word_1_330' title='bbox 755 2805 923 2860; x_wconf 91' lang='lat' dir='ltr'><strong>minui</strong></span> <span class='ocrx_word' id='word_1_331' title='bbox 955 2807 1152 2871; x_wconf 90' lang='lat' dir='ltr'><strong>sciens,</strong></span> <span class='ocrx_word' id='word_1_332' title='bbox 1181 2807 1358 2863; x_wconf 88' lang='lat' dir='ltr'><strong>redire</strong></span> <span class='ocrx_word' id='word_1_333' title='bbox 1384 2809 1640 2879; x_wconf 89' lang='lat' dir='ltr'><strong>disponit;</strong></span> 
     </span>
    </p>
   </div>
   <div class='ocr_carea' id='block_1_44' title="bbox 107 2891 1643 2971">
    <p class='ocr_par' dir='ltr' id='par_1_44' title="bbox 107 2891 1643 2971">
     <span class='ocr_line' id='line_1_44' title="bbox 107 2891 1643 2971; baseline 0.008 -28"><span class='ocrx_word' id='word_1_334' title='bbox 107 2899 143 2944; x_wconf 84' lang='lat' dir='ltr'><strong>et</strong></span> <span class='ocrx_word' id='word_1_335' title='bbox 167 2891 280 2947; x_wconf 86' lang='lat' dir='ltr'><strong>datis</strong></span> <span class='ocrx_word' id='word_1_336' title='bbox 306 2895 476 2965; x_wconf 81' lang='lat' dir='ltr'><strong>signis</strong></span> <span class='ocrx_word' id='word_1_337' title='bbox 517 2905 707 2952; x_wconf 87' lang='lat' dir='ltr'><strong>castra</strong></span> <span class='ocrx_word' id='word_1_338' title='bbox 755 2907 1094 2953; x_wconf 79' lang='lat' dir='ltr'><strong>amoverant.</strong></span> <span class='ocrx_word' id='word_1_339' title='bbox 1134 2899 1402 2970; x_wconf 84' lang='lat' dir='ltr'><strong>Angarias</strong></span> <span class='ocrx_word' id='word_1_340' title='bbox 1428 2916 1643 2971; x_wconf 89' lang='lat' dir='ltr'><strong>quoque</strong></span> 
     </span>
    </p>
   </div>
   <div class='ocr_carea' id='block_1_45' title="bbox 106 2980 1646 3059">
    <p class='ocr_par' dir='ltr' id='par_1_45' title="bbox 106 2980 1646 3059">
     <span class='ocr_line' id='line_1_45' title="bbox 106 2980 1646 3059; baseline 0.006 -23"><span class='ocrx_word' id='word_1_341' title='bbox 106 2980 350 3040; x_wconf 76' lang='lat' dir='ltr'><strong>accelerare</strong></span> <span class='ocrx_word' id='word_1_342' title='bbox 395 2986 585 3041; x_wconf 90' lang='lat' dir='ltr'><strong>moliti</strong></span> <span class='ocrx_word' id='word_1_343' title='bbox 625 2996 784 3054; x_wconf 89' lang='lat' dir='ltr'><strong>sunt;</strong></span> <span class='ocrx_word' id='word_1_344' title='bbox 830 2990 1136 3059; x_wconf 87' lang='lat' dir='ltr'><strong>amotisque</strong></span> <span class='ocrx_word' id='word_1_345' title='bbox 1178 2990 1462 3056; x_wconf 89' lang='lat' dir='ltr'><strong>omnibus,</strong></span> <span class='ocrx_word' id='word_1_346' title='bbox 1496 2991 1646 3045; x_wconf 89' lang='lat' dir='ltr'><strong>ibant</strong></span> 
     </span>
    </p>
   </div>
   <div class='ocr_carea' id='block_1_46' title="bbox 107 3078 1643 3146">
    <p class='ocr_par' dir='ltr' id='par_1_46' title="bbox 107 3078 1643 3146">
     <span class='ocr_line' id='line_1_46' title="bbox 107 3078 1643 3146; baseline 0.008 -21"><span class='ocrx_word' id='word_1_347' title='bbox 107 3085 184 3127; x_wconf 80' lang='lat' dir='ltr'><strong>non</strong></span> <span class='ocrx_word' id='word_1_348' title='bbox 205 3078 437 3146; x_wconf 83' lang='lat' dir='ltr'><strong>segniter,</strong></span> <span class='ocrx_word' id='word_1_349' title='bbox 470 3094 586 3134; x_wconf 92' lang='lat' dir='ltr'><strong>nec</strong></span> <span class='ocrx_word' id='word_1_350' title='bbox 608 3079 724 3134; x_wconf 87' lang='lat' dir='ltr'><strong>sine</strong></span> <span class='ocrx_word' id='word_1_351' title='bbox 746 3089 914 3135; x_wconf 91' lang='lat' dir='ltr'><strong>metu.</strong></span> <span class='ocrx_word' id='word_1_352' title='bbox 940 3081 1142 3137; x_wconf 73' lang='lat' dir='ltr'><strong>Axona:</strong></span> <span class='ocrx_word' id='word_1_353' title='bbox 1164 3081 1308 3138; x_wconf 87' lang='lat' dir='ltr'><strong>ﬂuvii</strong></span> <span class='ocrx_word' id='word_1_354' title='bbox 1334 3084 1467 3137; x_wconf 87' lang='lat' dir='ltr'><strong>vada</strong></span> <span class='ocrx_word' id='word_1_355' title='bbox 1492 3083 1643 3137; x_wconf 87' lang='lat' dir='ltr'><strong>festi-</strong></span> 
     </span>
    </p>
   </div>
   <div class='ocr_carea' id='block_1_47' title="bbox 1739 1877 3330 1952">
    <p class='ocr_par' dir='ltr' id='par_1_47' title="bbox 1739 1877 3330 1952">
     <span class='ocr_line' id='line_1_47' title="bbox 1739 1877 3330 1952; baseline -0.005 -14"><span class='ocrx_word' id='word_1_356' title='bbox 1739 1892 1954 1948; x_wconf 89' lang='lat' dir='ltr'><strong>ctenus,</strong></span> <span class='ocrx_word' id='word_1_357' title='bbox 1979 1883 2249 1952; x_wconf 90' lang='lat' dir='ltr'><strong>inquiunt,</strong></span> <span class='ocrx_word' id='word_1_358' title='bbox 2281 1881 2587 1946; x_wconf 82' lang='lat' dir='ltr'><strong>discordiae,</strong></span> <span class='ocrx_word' id='word_1_359' title='bbox 2613 1879 2848 1945; x_wconf 66' lang='lat' dir='ltr'><strong>invidiae,</strong></span> <span class='ocrx_word' id='word_1_360' title='bbox 2875 1877 3033 1934; x_wconf 70' lang='lat' dir='ltr'><strong>caadis</strong></span> <span class='ocrx_word' id='word_1_361' title='bbox 3055 1883 3330 1931; x_wconf 87' lang='lat' dir='ltr'><strong>amatores</strong></span> 
     </span>
    </p>
   </div>
   <div class='ocr_carea' id='block_1_48' title="bbox 1739 1967 3328 2043">
    <p class='ocr_par' dir='ltr' id='par_1_48' title="bbox 1739 1967 3328 2043">
     <span class='ocr_line' id='line_1_48' title="bbox 1739 1967 3328 2043; baseline -0.006 -11"><span class='ocrx_word' id='word_1_362' title='bbox 1739 1976 2058 2043; x_wconf 89' lang='lat' dir='ltr'><strong>ﬂoruerunt,</strong></span> <span class='ocrx_word' id='word_1_363' title='bbox 2085 1993 2207 2030; x_wconf 89' lang='lat' dir='ltr'><strong>cum</strong></span> <span class='ocrx_word' id='word_1_364' title='bbox 2239 1977 2380 2031; x_wconf 90' lang='lat' dir='ltr'><strong>inter</strong></span> <span class='ocrx_word' id='word_1_365' title='bbox 2419 1974 2788 2030; x_wconf 89' lang='lat' dir='ltr'><strong>nobilissimos</strong></span> <span class='ocrx_word' id='word_1_366' title='bbox 2817 1986 2972 2043; x_wconf 88' lang='lat' dir='ltr'><strong>reges</strong></span> <span class='ocrx_word' id='word_1_367' title='bbox 3003 1976 3212 2026; x_wconf 90' lang='lat' dir='ltr'><strong>tantum</strong></span> <span class='ocrx_word' id='word_1_368' title='bbox 3241 1967 3328 2023; x_wconf 85' lang='lat' dir='ltr'><strong>lo-</strong></span> 
     </span>
    </p>
   </div>
   <div class='ocr_carea' id='block_1_49' title="bbox 1741 2061 3329 2140">
    <p class='ocr_par' dir='ltr' id='par_1_49' title="bbox 1741 2061 3329 2140">
     <span class='ocr_line' id='line_1_49' title="bbox 1741 2061 3329 2140; baseline -0.006 -17"><span class='ocrx_word' id='word_1_369' title='bbox 1741 2085 1863 2125; x_wconf 91' lang='lat' dir='ltr'><strong>cum</strong></span> <span class='ocrx_word' id='word_1_370' title='bbox 1898 2069 2223 2135; x_wconf 84' lang='lat' dir='ltr'><strong>habuerunt,</strong></span> <span class='ocrx_word' id='word_1_371' title='bbox 2257 2068 2452 2140; x_wconf 86' lang='lat' dir='ltr'><strong>quibus</strong></span> <span class='ocrx_word' id='word_1_372' title='bbox 2495 2083 2594 2139; x_wconf 93' lang='lat' dir='ltr'><strong>pro</strong></span> <span class='ocrx_word' id='word_1_373' title='bbox 2632 2065 2838 2122; x_wconf 91' lang='lat' dir='ltr'><strong>deliciis</strong></span> <span class='ocrx_word' id='word_1_374' title='bbox 2867 2073 2987 2120; x_wconf 89' lang='lat' dir='ltr'><strong>erat</strong></span> <span class='ocrx_word' id='word_1_375' title='bbox 3029 2061 3329 2128; x_wconf 84' lang='lat' dir='ltr'><strong>discordia,</strong></span> 
     </span>
    </p>
   </div>
   <div class='ocr_carea' id='block_1_50' title="bbox 1742 2155 3332 2233">
    <p class='ocr_par' dir='ltr' id='par_1_50' title="bbox 1742 2155 3332 2233">
     <span class='ocr_line' id='line_1_50' title="bbox 1742 2155 3332 2233; baseline -0.004 -17"><span class='ocrx_word' id='word_1_376' title='bbox 1742 2163 1866 2233; x_wconf 90' lang='lat' dir='ltr'><strong>quia</strong></span> <span class='ocrx_word' id='word_1_377' title='bbox 1907 2163 2047 2232; x_wconf 89' lang='lat' dir='ltr'><strong>apud</strong></span> <span class='ocrx_word' id='word_1_378' title='bbox 2086 2177 2240 2232; x_wconf 89' lang='lat' dir='ltr'><strong>reges</strong></span> <span class='ocrx_word' id='word_1_379' title='bbox 2265 2160 2544 2216; x_wconf 87' lang='lat' dir='ltr'><strong>discordes</strong></span> <span class='ocrx_word' id='word_1_380' title='bbox 2579 2173 2638 2214; x_wconf 90' lang='lat' dir='ltr'><strong>se</strong></span> <span class='ocrx_word' id='word_1_381' title='bbox 2671 2157 2839 2215; x_wconf 88' lang='lat' dir='ltr'><strong>multa</strong></span> <span class='ocrx_word' id='word_1_382' title='bbox 2863 2155 3146 2227; x_wconf 90' lang='lat' dir='ltr'><strong>adquirere</strong></span> <span class='ocrx_word' id='word_1_383' title='bbox 3170 2165 3332 2225; x_wconf 81' lang='lat' dir='ltr'><strong>posse</strong></span> 
     </span>
    </p>
   </div>
   <div class='ocr_carea' id='block_1_51' title="bbox 1742 2249 3332 2323">
    <p class='ocr_par' dir='ltr' id='par_1_51' title="bbox 1742 2249 3332 2323">
     <span class='ocr_line' id='line_1_51' title="bbox 1742 2249 3332 2323; baseline -0.006 -11"><span class='ocrx_word' id='word_1_384' title='bbox 1742 2256 2166 2312; x_wconf 83' lang='lat' dir='ltr'><strong>arbitrabantur.</strong></span> <span class='ocrx_word' id='word_1_385' title='bbox 2191 2257 2480 2311; x_wconf 86' lang='lat' dir='ltr'><strong>Enimvero</strong></span> <span class='ocrx_word' id='word_1_386' title='bbox 2496 2257 2561 2311; x_wconf 92' lang='lat' dir='ltr'><strong>de</strong></span> <span class='ocrx_word' id='word_1_387' title='bbox 2575 2254 2846 2311; x_wconf 91' lang='lat' dir='ltr'><strong>communi</strong></span> <span class='ocrx_word' id='word_1_388' title='bbox 2863 2253 2983 2309; x_wconf 89' lang='lat' dir='ltr'><strong>labe</strong></span> <span class='ocrx_word' id='word_1_389' title='bbox 2995 2249 3332 2323; x_wconf 85' lang='lat' dir='ltr'><strong>cogitabant,</strong></span> 
     </span>
    </p>
   </div>
   <div class='ocr_carea' id='block_1_52' title="bbox 1742 2341 3332 2417">
    <p class='ocr_par' dir='ltr' id='par_1_52' title="bbox 1742 2341 3332 2417">
     <span class='ocr_line' id='line_1_52' title="bbox 1742 2341 3332 2417; baseline -0.006 -15"><span class='ocrx_word' id='word_1_390' title='bbox 1742 2358 1801 2404; x_wconf 93' lang='lat' dir='ltr'><strong>ut</strong></span> <span class='ocrx_word' id='word_1_391' title='bbox 1835 2347 2054 2417; x_wconf 91' lang='lat' dir='ltr'><strong>majoris</strong></span> <span class='ocrx_word' id='word_1_392' title='bbox 2084 2347 2267 2417; x_wconf 62' lang='lat' dir='ltr'><strong>glorise</strong></span> <span class='ocrx_word' id='word_1_393' title='bbox 2291 2356 2345 2400; x_wconf 83' lang='lat' dir='ltr'><strong>et</strong></span> <span class='ocrx_word' id='word_1_394' title='bbox 2374 2347 2595 2402; x_wconf 89' lang='lat' dir='ltr'><strong>honoris</strong></span> <span class='ocrx_word' id='word_1_395' title='bbox 2628 2345 2826 2410; x_wconf 90' lang='lat' dir='ltr'><strong>locum,</strong></span> <span class='ocrx_word' id='word_1_396' title='bbox 2861 2343 3003 2415; x_wconf 91' lang='lat' dir='ltr'><strong>apud</strong></span> <span class='ocrx_word' id='word_1_397' title='bbox 3036 2341 3332 2398; x_wconf 88' lang='lat' dir='ltr'><strong>conturba-</strong></span> 
     </span>
    </p>
   </div>
   <div class='ocr_carea' id='block_1_53' title="bbox 1744 2432 3334 2512">
    <p class='ocr_par' dir='ltr' id='par_1_53' title="bbox 1744 2432 3334 2512">
     <span class='ocr_line' id='line_1_53' title="bbox 1744 2432 3334 2512; baseline -0.006 -14"><span class='ocrx_word' id='word_1_398' title='bbox 1744 2453 1828 2498; x_wconf 91' lang='lat' dir='ltr'><strong>tos</strong></span> <span class='ocrx_word' id='word_1_399' title='bbox 1854 2442 2217 2496; x_wconf 85' lang='lat' dir='ltr'><strong>vindicarent.</strong></span> <span class='ocrx_word' id='word_1_400' title='bbox 2248 2439 2353 2496; x_wconf 90' lang='lat' dir='ltr'><strong>Sed</strong></span> <span class='ocrx_word' id='word_1_401' title='bbox 2379 2440 2622 2512; x_wconf 89' lang='lat' dir='ltr'><strong>proderit</strong></span> <span class='ocrx_word' id='word_1_402' title='bbox 2649 2439 2940 2509; x_wconf 88' lang='lat' dir='ltr'><strong>plurimum</strong></span> <span class='ocrx_word' id='word_1_403' title='bbox 2972 2435 3049 2491; x_wconf 88' lang='lat' dir='ltr'><strong>rei</strong></span> <span class='ocrx_word' id='word_1_404' title='bbox 3079 2432 3334 2506; x_wconf 63' lang='lat' dir='ltr'><strong>publicae,</strong></span> 
     </span>
    </p>
   </div>
   <div class='ocr_carea' id='block_1_54' title="bbox 1744 2528 3337 2604">
    <p class='ocr_par' dir='ltr' id='par_1_54' title="bbox 1744 2528 3337 2604">
     <span class='ocr_line' id='line_1_54' title="bbox 1744 2528 3337 2604; baseline -0.006 -15"><span class='ocrx_word' id='word_1_405' title='bbox 1744 2535 1787 2589; x_wconf 92' lang='lat' dir='ltr'><strong>si</strong></span> <span class='ocrx_word' id='word_1_406' title='bbox 1827 2533 2132 2602; x_wconf 86' lang='lat' dir='ltr'><strong>malignitas</strong></span> <span class='ocrx_word' id='word_1_407' title='bbox 2171 2549 2460 2604; x_wconf 83' lang='lat' dir='ltr'><strong>pravorum</strong></span> <span class='ocrx_word' id='word_1_408' title='bbox 2505 2533 2618 2602; x_wconf 91' lang='lat' dir='ltr'><strong>jam</strong></span> <span class='ocrx_word' id='word_1_409' title='bbox 2651 2531 2852 2585; x_wconf 91' lang='lat' dir='ltr'><strong>dudum</strong></span> <span class='ocrx_word' id='word_1_410' title='bbox 2897 2528 3245 2600; x_wconf 87' lang='lat' dir='ltr'><strong>reprimatur,</strong></span> <span class='ocrx_word' id='word_1_411' title='bbox 3278 2528 3337 2580; x_wconf 81' lang='lat' dir='ltr'><strong>et</strong></span> 
     </span>
    </p>
   </div>
   <div class='ocr_carea' id='block_1_55' title="bbox 1744 2618 3338 2694">
    <p class='ocr_par' dir='ltr' id='par_1_55' title="bbox 1744 2618 3338 2694">
     <span class='ocr_line' id='line_1_55' title="bbox 1744 2618 3338 2694; baseline -0.007 -13"><span class='ocrx_word' id='word_1_412' title='bbox 1744 2627 1918 2681; x_wconf 88' lang='lat' dir='ltr'><strong>virtus</strong></span> <span class='ocrx_word' id='word_1_413' title='bbox 1950 2627 2212 2679; x_wconf 90' lang='lat' dir='ltr'><strong>bonorum</strong></span> <span class='ocrx_word' id='word_1_414' title='bbox 2257 2625 2376 2679; x_wconf 89' lang='lat' dir='ltr'><strong>luce</strong></span> <span class='ocrx_word' id='word_1_415' title='bbox 2416 2624 2606 2694; x_wconf 87' lang='lat' dir='ltr'><strong>purius</strong></span> <span class='ocrx_word' id='word_1_416' title='bbox 2648 2623 2932 2676; x_wconf 88' lang='lat' dir='ltr'><strong>enitescat.</strong></span> <span class='ocrx_word' id='word_1_417' title='bbox 2970 2618 3176 2674; x_wconf 80' lang='lat' dir='ltr'><strong>Redeat</strong></span> <span class='ocrx_word' id='word_1_418' title='bbox 3204 2628 3338 2686; x_wconf 83' lang='lat' dir='ltr'><strong>ergo</strong></span> 
     </span>
    </p>
   </div>
   <div class='ocr_carea' id='block_1_56' title="bbox 1745 2712 3339 2787">
    <p class='ocr_par' dir='ltr' id='par_1_56' title="bbox 1745 2712 3339 2787">
     <span class='ocr_line' id='line_1_56' title="bbox 1745 2712 3339 2787; baseline -0.007 -14"><span class='ocrx_word' id='word_1_419' title='bbox 1745 2720 1920 2773; x_wconf 88' lang='lat' dir='ltr'><strong>virtus</strong></span> <span class='ocrx_word' id='word_1_420' title='bbox 1967 2728 2016 2773; x_wconf 86' lang='lat' dir='ltr'><strong>et</strong></span> <span class='ocrx_word' id='word_1_421' title='bbox 2071 2715 2262 2772; x_wconf 88' lang='lat' dir='ltr'><strong>ﬂoreat</strong></span> <span class='ocrx_word' id='word_1_422' title='bbox 2308 2717 2449 2771; x_wconf 88' lang='lat' dir='ltr'><strong>inter</strong></span> <span class='ocrx_word' id='word_1_423' title='bbox 2501 2712 2918 2787; x_wconf 89' lang='lat' dir='ltr'><strong>gloriosissimos</strong></span> <span class='ocrx_word' id='word_1_424' title='bbox 2961 2725 3135 2780; x_wconf 77' lang='lat' dir='ltr'><strong>reges,</strong></span> <span class='ocrx_word' id='word_1_425' title='bbox 3181 2715 3242 2763; x_wconf 89' lang='lat' dir='ltr'><strong>ut</strong></span> <span class='ocrx_word' id='word_1_426' title='bbox 3281 2714 3339 2763; x_wconf 84' lang='lat' dir='ltr'><strong>et</strong></span> 
     </span>
    </p>
   </div>
   <div class='ocr_carea' id='block_1_57' title="bbox 1748 2795 3339 2863">
    <p class='ocr_par' dir='ltr' id='par_1_57' title="bbox 1748 2795 3339 2863">
     <span class='ocr_line' id='line_1_57' title="bbox 1748 2795 3339 2863; baseline -0.006 0"><span class='ocrx_word' id='word_1_427' title='bbox 1748 2820 1926 2863; x_wconf 89' lang='lat' dir='ltr'><strong>vestra</strong></span> <span class='ocrx_word' id='word_1_428' title='bbox 1972 2809 2172 2862; x_wconf 90' lang='lat' dir='ltr'><strong>virtute</strong></span> <span class='ocrx_word' id='word_1_429' title='bbox 2217 2817 2493 2862; x_wconf 90' lang='lat' dir='ltr'><strong>tantorum</strong></span> <span class='ocrx_word' id='word_1_430' title='bbox 2526 2805 2792 2860; x_wconf 89' lang='lat' dir='ltr'><strong>malorum</strong></span> <span class='ocrx_word' id='word_1_431' title='bbox 2839 2812 3090 2857; x_wconf 87' lang='lat' dir='ltr'><strong>auctores</strong></span> <span class='ocrx_word' id='word_1_432' title='bbox 3141 2795 3339 2854; x_wconf 82' lang='lat' dir='ltr'><strong>abinde</strong></span> 
     </span>
    </p>
   </div>
   <div class='ocr_carea' id='block_1_58' title="bbox 1748 2887 3340 2970">
    <p class='ocr_par' dir='ltr' id='par_1_58' title="bbox 1748 2887 3340 2970">
     <span class='ocr_line' id='line_1_58' title="bbox 1748 2887 3340 2970; baseline -0.006 -16"><span class='ocrx_word' id='word_1_433' title='bbox 1748 2901 2158 2970; x_wconf 89' lang='lat' dir='ltr'><strong>conquiescant,</strong></span> <span class='ocrx_word' id='word_1_434' title='bbox 2203 2907 2257 2953; x_wconf 88' lang='lat' dir='ltr'><strong>et</strong></span> <span class='ocrx_word' id='word_1_435' title='bbox 2301 2914 2388 2952; x_wconf 88' lang='lat' dir='ltr'><strong>res</strong></span> <span class='ocrx_word' id='word_1_436' title='bbox 2435 2896 2650 2968; x_wconf 88' lang='lat' dir='ltr'><strong>publica</strong></span> <span class='ocrx_word' id='word_1_437' title='bbox 2680 2902 2863 2949; x_wconf 90' lang='lat' dir='ltr'><strong>vestra</strong></span> <span class='ocrx_word' id='word_1_438' title='bbox 2909 2893 3110 2946; x_wconf 90' lang='lat' dir='ltr'><strong>virtute</strong></span> <span class='ocrx_word' id='word_1_439' title='bbox 3156 2887 3340 2959; x_wconf 82' lang='lat' dir='ltr'><strong>potius</strong></span> 
     </span>
    </p>
   </div>
   <div class='ocr_carea' id='block_1_59' title="bbox 1749 2977 3344 3062">
    <p class='ocr_par' dir='ltr' id='par_1_59' title="bbox 1749 2977 3344 3062">
     <span class='ocr_line' id='line_1_59' title="bbox 1749 2977 3344 3062; baseline -0.007 -18"><span class='ocrx_word' id='word_1_440' title='bbox 1749 2993 2104 3062; x_wconf 85' lang='lat' dir='ltr'><strong>gubernetur,</strong></span> <span class='ocrx_word' id='word_1_441' title='bbox 2137 3007 2298 3061; x_wconf 88' lang='lat' dir='ltr'><strong>quam</strong></span> <span class='ocrx_word' id='word_1_442' title='bbox 2326 2988 2644 3059; x_wconf 88' lang='lat' dir='ltr'><strong>cupidorum</strong></span> <span class='ocrx_word' id='word_1_443' title='bbox 2693 2985 2894 3040; x_wconf 88' lang='lat' dir='ltr'><strong>invidia</strong></span> <span class='ocrx_word' id='word_1_444' title='bbox 2921 2982 3206 3038; x_wconf 86' lang='lat' dir='ltr'><strong>dilabatur.</strong></span> <span class='ocrx_word' id='word_1_445' title='bbox 3239 2977 3344 3034; x_wconf 86' lang='lat' dir='ltr'><strong>Se-</strong></span> 
     </span>
    </p>
   </div>
   <div class='ocr_carea' id='block_1_60' title="bbox 1750 3073 3346 3153">
    <p class='ocr_par' dir='ltr' id='par_1_60' title="bbox 1750 3073 3346 3153">
     <span class='ocr_line' id='line_1_60' title="bbox 1750 3073 3346 3153; baseline -0.009 -12"><span class='ocrx_word' id='word_1_446' title='bbox 1750 3087 1936 3141; x_wconf 88' lang='lat' dir='ltr'><strong>curius</strong></span> <span class='ocrx_word' id='word_1_447' title='bbox 1964 3086 2109 3138; x_wconf 87' lang='lat' dir='ltr'><strong>enim</strong></span> <span class='ocrx_word' id='word_1_448' title='bbox 2145 3086 2304 3140; x_wconf 90' lang='lat' dir='ltr'><strong>ambo</strong></span> <span class='ocrx_word' id='word_1_449' title='bbox 2335 3081 2650 3153; x_wconf 85' lang='lat' dir='ltr'><strong>regnabitis,</strong></span> <span class='ocrx_word' id='word_1_450' title='bbox 2683 3095 2805 3136; x_wconf 91' lang='lat' dir='ltr'><strong>cum</strong></span> <span class='ocrx_word' id='word_1_451' title='bbox 2843 3077 2897 3132; x_wconf 92' lang='lat' dir='ltr'><strong>in</strong></span> <span class='ocrx_word' id='word_1_452' title='bbox 2935 3073 3185 3131; x_wconf 87' lang='lat' dir='ltr'><strong>amicicia</strong></span> <span class='ocrx_word' id='word_1_453' title='bbox 3209 3087 3346 3127; x_wconf 84' lang='lat' dir='ltr'><strong>con-</strong></span> 
     </span>
    </p>
   </div>
   <div class='ocr_carea' id='block_1_61' title="bbox 107 3151 3342 3248">
    <p class='ocr_par' dir='ltr' id='par_1_61' title="bbox 107 3151 3342 3248">
     <span class='ocr_line' id='line_1_61' title="bbox 107 3151 3342 3248; baseline -0.001 -26"><span class='ocrx_word' id='word_1_454' title='bbox 107 3177 250 3224; x_wconf 76' lang='lat' dir='ltr'><strong>nantes</strong></span> <span class='ocrx_word' id='word_1_455' title='bbox 274 3171 359 3226; x_wconf 89' lang='lat' dir='ltr'><strong>alii</strong></span> <span class='ocrx_word' id='word_1_456' title='bbox 392 3173 839 3238; x_wconf 87' lang='lat' dir='ltr'><strong>transmiserant,</strong></span> <span class='ocrx_word' id='word_1_457' title='bbox 876 3174 968 3228; x_wconf 90' lang='lat' dir='ltr'><strong>alii</strong></span> <span class='ocrx_word' id='word_1_458' title='bbox 1015 3190 1142 3231; x_wconf 88' lang='lat' dir='ltr'><strong>vero</strong></span> <span class='ocrx_word' id='word_1_459' title='bbox 1184 3178 1642 3248; x_wconf 82' lang='lat' dir='ltr'><strong>ingrediebantur,</strong></span> <span class='ocrx_word' id='word_1_460' title='bbox 1674 3151 1719 3214; x_wconf 65' lang='grc' dir='ltr'>Ο</span> <span class='ocrx_word' id='word_1_461' title='bbox 1747 3179 1921 3246; x_wconf 86' lang='lat' dir='ltr'><strong>juncti</strong></span> <span class='ocrx_word' id='word_1_462' title='bbox 1959 3177 2094 3231; x_wconf 92' lang='lat' dir='ltr'><strong>duos</strong></span> <span class='ocrx_word' id='word_1_463' title='bbox 2123 3151 2522 3244; x_wconf 34' lang='lat' dir='ltr'><strong>exercitusvpro</strong></span> <span class='ocrx_word' id='word_1_464' title='bbox 2545 3189 2652 3228; x_wconf 92' lang='lat' dir='ltr'><strong>uno</strong></span> <span class='ocrx_word' id='word_1_465' title='bbox 2680 3170 2974 3227; x_wconf 88' lang='lat' dir='ltr'><strong>habebitis.</strong></span> <span class='ocrx_word' id='word_1_466' title='bbox 3007 3166 3160 3235; x_wconf 88' lang='lat' dir='ltr'><strong>Quod</strong></span> <span class='ocrx_word' id='word_1_467' title='bbox 3187 3165 3230 3221; x_wconf 93' lang='lat' dir='ltr'><strong>si</strong></span> <span class='ocrx_word' id='word_1_468' title='bbox 3271 3177 3342 3219; x_wconf 81' lang='lat' dir='ltr'><strong>ex</strong></span> 
     </span>
    </p>
   </div>
   <div class='ocr_carea' id='block_1_62' title="bbox 107 3265 1649 3338">
    <p class='ocr_par' dir='ltr' id='par_1_62' title="bbox 107 3265 1649 3338">
     <span class='ocr_line' id='line_1_62' title="bbox 107 3265 1649 3338; baseline 0.01 -26"><span class='ocrx_word' id='word_1_469' title='bbox 107 3271 195 3314; x_wconf 86' lang='lat' dir='ltr'><strong>cum</strong></span> <span class='ocrx_word' id='word_1_470' title='bbox 224 3265 483 3321; x_wconf 77' lang='lat' dir='ltr'><strong>exercitus</strong></span> <span class='ocrx_word' id='word_1_471' title='bbox 536 3282 575 3320; x_wconf 85' lang='lat' dir='ltr'><strong>a</strong></span> <span class='ocrx_word' id='word_1_472' title='bbox 621 3281 746 3338; x_wconf 88' lang='lat' dir='ltr'><strong>rege</strong></span> <span class='ocrx_word' id='word_1_473' title='bbox 777 3268 975 3323; x_wconf 89' lang='lat' dir='ltr'><strong>missus</strong></span> <span class='ocrx_word' id='word_1_474' title='bbox 1003 3284 1032 3322; x_wconf 89' lang='lat' dir='ltr'><strong>a</strong></span> <span class='ocrx_word' id='word_1_475' title='bbox 1071 3277 1218 3338; x_wconf 82' lang='lat' dir='ltr'><strong>tergo</strong></span> <span class='ocrx_word' id='word_1_476' title='bbox 1268 3270 1649 3328; x_wconf 83' lang='lat' dir='ltr'><strong>festinantibus</strong></span> 
     </span>
    </p>
   </div>
   <div class='ocr_carea' id='block_1_63' title="bbox 107 3350 1649 3433">
    <p class='ocr_par' dir='ltr' id='par_1_63' title="bbox 107 3350 1649 3433">
     <span class='ocr_line' id='line_1_63' title="bbox 107 3350 1649 3433; baseline 0.009 -28"><span class='ocrx_word' id='word_1_477' title='bbox 107 3350 232 3409; x_wconf 71' lang='lat' dir='ltr'><strong>aﬂuit.</strong></span> <span class='ocrx_word' id='word_1_478' title='bbox 267 3355 362 3423; x_wconf 88' lang='lat' dir='ltr'><strong>Qui</strong></span> <span class='ocrx_word' id='word_1_479' title='bbox 407 3359 627 3430; x_wconf 84' lang='lat' dir='ltr'><strong>reperti</strong></span> <span class='ocrx_word' id='word_1_480' title='bbox 673 3359 842 3426; x_wconf 88' lang='lat' dir='ltr'><strong>fuere,</strong></span> <span class='ocrx_word' id='word_1_481' title='bbox 868 3377 995 3416; x_wconf 76' lang='lat' dir='ltr'><strong>mox</strong></span> <span class='ocrx_word' id='word_1_482' title='bbox 1041 3361 1232 3433; x_wconf 86' lang='lat' dir='ltr'><strong>gladiis</strong></span> <span class='ocrx_word' id='word_1_483' title='bbox 1262 3364 1498 3418; x_wconf 88' lang='lat' dir='ltr'><strong>hostium</strong></span> <span class='ocrx_word' id='word_1_484' title='bbox 1542 3363 1649 3419; x_wconf 90' lang='lat' dir='ltr'><strong>fusi</strong></span> 
     </span>
    </p>
   </div>
   <div class='ocr_carea' id='block_1_64' title="bbox 107 3445 1646 3526">
    <p class='ocr_par' dir='ltr' id='par_1_64' title="bbox 107 3445 1646 3526">
     <span class='ocr_line' id='line_1_64' title="bbox 107 3445 1646 3526; baseline 0.007 -29"><span class='ocrx_word' id='word_1_485' title='bbox 107 3450 210 3512; x_wconf 78' lang='lat' dir='ltr'><strong>sunt,</strong></span> <span class='ocrx_word' id='word_1_486' title='bbox 241 3445 414 3517; x_wconf 90' lang='lat' dir='ltr'><strong>plures</strong></span> <span class='ocrx_word' id='word_1_487' title='bbox 459 3449 718 3520; x_wconf 89' lang='lat' dir='ltr'><strong>quidem,</strong></span> <span class='ocrx_word' id='word_1_488' title='bbox 763 3460 819 3507; x_wconf 92' lang='lat' dir='ltr'><strong>at</strong></span> <span class='ocrx_word' id='word_1_489' title='bbox 865 3450 1012 3506; x_wconf 92' lang='lat' dir='ltr'><strong>nullo</strong></span> <span class='ocrx_word' id='word_1_490' title='bbox 1041 3452 1258 3507; x_wconf 90' lang='lat' dir='ltr'><strong>nomine</strong></span> <span class='ocrx_word' id='word_1_491' title='bbox 1299 3453 1429 3507; x_wconf 88' lang='lat' dir='ltr'><strong>clari</strong></span> <span class='ocrx_word' id='word_1_492' title='bbox 1475 3453 1646 3526; x_wconf 81' lang='grc'><strong>(115).</strong></span> 
     </span>
    </p>
   </div>
   <div class='ocr_carea' id='block_1_65' title="bbox 109 3535 1648 3617">
    <p class='ocr_par' dir='ltr' id='par_1_65' title="bbox 109 3535 1648 3617">
     <span class='ocr_line' id='line_1_65' title="bbox 109 3535 1648 3617; baseline 0.009 -28"><span class='ocrx_word' id='word_1_493' title='bbox 109 3535 194 3590; x_wconf 87' lang='lat' dir='ltr'><strong>Otto</strong></span> <span class='ocrx_word' id='word_1_494' title='bbox 213 3538 404 3596; x_wconf 88' lang='lat' dir='ltr'><strong>interea</strong></span> <span class='ocrx_word' id='word_1_495' title='bbox 433 3557 572 3597; x_wconf 91' lang='lat' dir='ltr'><strong>cum</strong></span> <span class='ocrx_word' id='word_1_496' title='bbox 602 3545 841 3600; x_wconf 84' lang='lat' dir='ltr'><strong>exercitu</strong></span> <span class='ocrx_word' id='word_1_497' title='bbox 863 3546 1157 3616; x_wconf 89' lang='lat' dir='ltr'><strong>digressus,</strong></span> <span class='ocrx_word' id='word_1_498' title='bbox 1183 3545 1452 3617; x_wconf 86' lang='lat' dir='ltr'><strong>Belgicam</strong></span> <span class='ocrx_word' id='word_1_499' title='bbox 1477 3547 1648 3616; x_wconf 89' lang='lat' dir='ltr'><strong>petiit,</strong></span> 
     </span>
    </p>
   </div>
   <div class='ocr_carea' id='block_1_66' title="bbox 106 3627 1650 3705">
    <p class='ocr_par' dir='ltr' id='par_1_66' title="bbox 106 3627 1650 3705">
     <span class='ocr_line' id='line_1_66' title="bbox 106 3627 1650 3705; baseline 0.006 -20"><span class='ocrx_word' id='word_1_500' title='bbox 106 3627 237 3701; x_wconf 84' lang='lat' dir='ltr'><strong>ibique</strong></span> <span class='ocrx_word' id='word_1_501' title='bbox 261 3637 615 3705; x_wconf 84' lang='lat' dir='ltr'><strong>procinctum</strong></span> <span class='ocrx_word' id='word_1_502' title='bbox 643 3638 829 3705; x_wconf 89' lang='lat' dir='ltr'><strong>solvit;</strong></span> <span class='ocrx_word' id='word_1_503' title='bbox 860 3648 1008 3695; x_wconf 89' lang='lat' dir='ltr'><strong>tanto</strong></span> <span class='ocrx_word' id='word_1_504' title='bbox 1032 3638 1218 3695; x_wconf 80' lang='lat' dir='ltr'><strong>favore</strong></span> <span class='ocrx_word' id='word_1_505' title='bbox 1258 3648 1313 3695; x_wconf 90' lang='lat' dir='ltr'><strong>et</strong></span> <span class='ocrx_word' id='word_1_506' title='bbox 1336 3641 1650 3695; x_wconf 87' lang='lat' dir='ltr'><strong>benivolen-</strong></span> 
     </span>
    </p>
   </div>
   <div class='ocr_carea' id='block_1_67' title="bbox 107 3718 1652 3800">
    <p class='ocr_par' dir='ltr' id='par_1_67' title="bbox 107 3718 1652 3800">
     <span class='ocr_line' id='line_1_67' title="bbox 107 3718 1652 3800; baseline 0.01 -28"><span class='ocrx_word' id='word_1_507' title='bbox 107 3718 158 3773; x_wconf 85' lang='lat' dir='ltr'><strong>tia</strong></span> <span class='ocrx_word' id='word_1_508' title='bbox 184 3726 302 3796; x_wconf 83' lang='lat' dir='ltr'><strong>apud</strong></span> <span class='ocrx_word' id='word_1_509' title='bbox 333 3743 463 3785; x_wconf 91' lang='lat' dir='ltr'><strong>suos</strong></span> <span class='ocrx_word' id='word_1_510' title='bbox 495 3745 660 3794; x_wconf 88' lang='lat' dir='ltr'><strong>usus,</strong></span> <span class='ocrx_word' id='word_1_511' title='bbox 686 3740 744 3786; x_wconf 93' lang='lat' dir='ltr'><strong>ut</strong></span> <span class='ocrx_word' id='word_1_512' title='bbox 767 3731 908 3786; x_wconf 87' lang='lat' dir='ltr'><strong>sicut</strong></span> <span class='ocrx_word' id='word_1_513' title='bbox 948 3731 1250 3787; x_wconf 88' lang='lat' dir='ltr'><strong>imminenti</strong></span> <span class='ocrx_word' id='word_1_514' title='bbox 1289 3731 1544 3800; x_wconf 86' lang='lat' dir='ltr'><strong>periculo,</strong></span> <span class='ocrx_word' id='word_1_515' title='bbox 1575 3732 1652 3787; x_wconf 91' lang='lat' dir='ltr'><strong>ita</strong></span> 
     </span>
    </p>
   </div>
   <div class='ocr_carea' id='block_1_68' title="bbox 105 3821 1652 3895">
    <p class='ocr_par' dir='ltr' id='par_1_68' title="bbox 105 3821 1652 3895">
     <span class='ocr_line' id='line_1_68' title="bbox 105 3821 1652 3895; baseline -0.001 -14"><span class='ocrx_word' id='word_1_516' title='bbox 105 3826 267 3886; x_wconf 57' lang='lat' dir='ltr'><strong>(illoque</strong></span> <span class='ocrx_word' id='word_1_517' title='bbox 304 3828 359 3876; x_wconf 89' lang='lat' dir='ltr'><strong>et</strong></span> <span class='ocrx_word' id='word_1_518' title='bbox 398 3821 675 3878; x_wconf 87' lang='lat' dir='ltr'><strong>omnibus</strong></span> <span class='ocrx_word' id='word_1_519' title='bbox 718 3822 894 3894; x_wconf 89' lang='lat' dir='ltr'><strong>capita</strong></span> <span class='ocrx_word' id='word_1_520' title='bbox 942 3837 1062 3879; x_wconf 87' lang='lat' dir='ltr'><strong>sese</strong></span> <span class='ocrx_word' id='word_1_521' title='bbox 1091 3822 1399 3893; x_wconf 89' lang='lat' dir='ltr'><strong>objecturos</strong></span> <span class='ocrx_word' id='word_1_522' title='bbox 1426 3823 1652 3895; x_wconf 87' lang='lat' dir='ltr'><strong>pollice-</strong></span> 
     </span>
    </p>
   </div>
   <div class='ocr_carea' id='block_1_69' title="bbox 109 3915 268 3965">
    <p class='ocr_par' dir='ltr' id='par_1_69' title="bbox 109 3915 268 3965">
     <span class='ocr_line' id='line_1_69' title="bbox 109 3915 268 3965; baseline 0.025 -4"><span class='ocrx_word' id='word_1_523' title='bbox 109 3915 268 3965; x_wconf 71' lang='grc' dir='ltr'><strong>ιεηωτ.</strong></span> 
     </span>
    </p>
   </div>
   <div class='ocr_carea' id='block_1_70' title="bbox 157 3997 1652 4082">
    <p class='ocr_par' dir='ltr' id='par_1_70' title="bbox 157 3997 1652 4082">
     <span class='ocr_line' id='line_1_70' title="bbox 157 3997 1652 4082; baseline 0.007 -26"><span class='ocrx_word' id='word_1_524' title='bbox 157 3997 224 4056; x_wconf 82' lang='lat'><strong>78.</strong></span> <span class='ocrx_word' id='word_1_525' title='bbox 252 4002 415 4079; x_wconf 85' lang='lat'><strong>(980.)</strong></span> <span class='ocrx_word' id='word_1_526' title='bbox 464 4005 774 4066; x_wconf 85' lang='lat' dir='ltr'><strong>Lotharius</strong></span> <span class='ocrx_word' id='word_1_527' title='bbox 815 4009 1168 4067; x_wconf 89' lang='lat' dir='ltr'><strong>considerans</strong></span> <span class='ocrx_word' id='word_1_528' title='bbox 1191 4007 1442 4066; x_wconf 87' lang='lat' dir='ltr'><strong>Ottonem</strong></span> <span class='ocrx_word' id='word_1_529' title='bbox 1475 4026 1652 4082; x_wconf 91' lang='lat' dir='ltr'><strong>neque</strong></span> 
     </span>
    </p>
   </div>
   <div class='ocr_carea' id='block_1_71' title="bbox 1754 3256 3342 3334">
    <p class='ocr_par' dir='ltr' id='par_1_71' title="bbox 1754 3256 3342 3334">
     <span class='ocr_line' id='line_1_71' title="bbox 1754 3256 3342 3334; baseline -0.006 -14"><span class='ocrx_word' id='word_1_530' title='bbox 1754 3268 1906 3323; x_wconf 86' lang='lat' dir='ltr'><strong>vobis</strong></span> <span class='ocrx_word' id='word_1_531' title='bbox 1941 3267 2078 3320; x_wconf 88' lang='lat' dir='ltr'><strong>alter</strong></span> <span class='ocrx_word' id='word_1_532' title='bbox 2110 3267 2162 3321; x_wconf 93' lang='lat' dir='ltr'><strong>in</strong></span> <span class='ocrx_word' id='word_1_533' title='bbox 2197 3267 2413 3321; x_wconf 91' lang='lat' dir='ltr'><strong>ultimas</strong></span> <span class='ocrx_word' id='word_1_534' title='bbox 2445 3280 2667 3320; x_wconf 90' lang='lat' dir='ltr'><strong>suorum</strong></span> <span class='ocrx_word' id='word_1_535' title='bbox 2710 3276 3000 3334; x_wconf 90' lang='lat' dir='ltr'><strong>regnorum</strong></span> <span class='ocrx_word' id='word_1_536' title='bbox 3043 3266 3232 3332; x_wconf 87' lang='lat' dir='ltr'><strong>gentes</strong></span> <span class='ocrx_word' id='word_1_537' title='bbox 3260 3256 3342 3310; x_wconf 82' lang='lat' dir='ltr'><strong>ire</strong></span> 
     </span>
    </p>
   </div>
   <div class='ocr_carea' id='block_1_72' title="bbox 1755 3355 3342 3430">
    <p class='ocr_par' dir='ltr' id='par_1_72' title="bbox 1755 3355 3342 3430">
     <span class='ocr_line' id='line_1_72' title="bbox 1755 3355 3342 3430; baseline -0.008 -15"><span class='ocrx_word' id='word_1_538' title='bbox 1755 3361 2101 3430; x_wconf 84' lang='lat' dir='ltr'><strong>disposuerit,</strong></span> <span class='ocrx_word' id='word_1_539' title='bbox 2132 3359 2358 3414; x_wconf 91' lang='lat' dir='ltr'><strong>alterum</strong></span> <span class='ocrx_word' id='word_1_540' title='bbox 2389 3359 2500 3413; x_wconf 89' lang='lat' dir='ltr'><strong>acsi</strong></span> <span class='ocrx_word' id='word_1_541' title='bbox 2535 3357 2784 3422; x_wconf 90' lang='lat' dir='ltr'><strong>fratrem,</strong></span> <span class='ocrx_word' id='word_1_542' title='bbox 2815 3355 3088 3424; x_wconf 86' lang='lat' dir='ltr'><strong>ﬁdumque</strong></span> <span class='ocrx_word' id='word_1_543' title='bbox 3117 3361 3342 3407; x_wconf 77' lang='lat' dir='ltr'><strong>suarum</strong></span> 
     </span>
    </p>
   </div>
   <div class='ocr_carea' id='block_1_73' title="bbox 1755 3439 3344 3518">
    <p class='ocr_par' dir='ltr' id='par_1_73' title="bbox 1755 3439 3344 3518">
     <span class='ocr_line' id='line_1_73' title="bbox 1755 3439 3344 3518; baseline -0.008 -11"><span class='ocrx_word' id='word_1_544' title='bbox 1755 3469 1935 3507; x_wconf 87' lang='lat' dir='ltr'><strong>rerum</strong></span> <span class='ocrx_word' id='word_1_545' title='bbox 1977 3461 2208 3508; x_wconf 90' lang='lat' dir='ltr'><strong>tutorem</strong></span> <span class='ocrx_word' id='word_1_546' title='bbox 2251 3450 2492 3506; x_wconf 90' lang='lat' dir='ltr'><strong>habebit.</strong></span> <span class='ocrx_word' id='word_1_547' title='bbox 2538 3449 2759 3505; x_wconf 90' lang='lat' dir='ltr'><strong>Placeat</strong></span> <span class='ocrx_word' id='word_1_548' title='bbox 2798 3461 2928 3518; x_wconf 89' lang='lat' dir='ltr'><strong>ergo</strong></span> <span class='ocrx_word' id='word_1_549' title='bbox 2978 3439 3344 3500; x_wconf 76' lang='lat' dir='ltr'><strong>serenissimis</strong></span> 
     </span>
    </p>
   </div>
   <div class='ocr_carea' id='block_1_74' title="bbox 1755 3538 3344 3615">
    <p class='ocr_par' dir='ltr' id='par_1_74' title="bbox 1755 3538 3344 3615">
     <span class='ocr_line' id='line_1_74' title="bbox 1755 3538 3344 3615; baseline -0.005 -17"><span class='ocrx_word' id='word_1_550' title='bbox 1755 3545 1972 3615; x_wconf 87' lang='lat' dir='ltr'><strong>regibus</strong></span> <span class='ocrx_word' id='word_1_551' title='bbox 1997 3560 2098 3614; x_wconf 84' lang='lat' dir='ltr'><strong>pax</strong></span> <span class='ocrx_word' id='word_1_552' title='bbox 2126 3553 2181 3600; x_wconf 91' lang='lat' dir='ltr'><strong>et</strong></span> <span class='ocrx_word' id='word_1_553' title='bbox 2215 3545 2494 3610; x_wconf 89' lang='lat' dir='ltr'><strong>amicicia,</strong></span> <span class='ocrx_word' id='word_1_554' title='bbox 2537 3559 2674 3615; x_wconf 89' lang='lat' dir='ltr'><strong>quos</strong></span> <span class='ocrx_word' id='word_1_555' title='bbox 2713 3540 2993 3612; x_wconf 82' lang='lat' dir='ltr'><strong>conjunxit</strong></span> <span class='ocrx_word' id='word_1_556' title='bbox 3016 3538 3182 3594; x_wconf 88' lang='lat' dir='ltr'><strong>etiam</strong></span> <span class='ocrx_word' id='word_1_557' title='bbox 3213 3549 3344 3590; x_wconf 71' lang='lat' dir='ltr'><strong>san-</strong></span> 
     </span>
    </p>
   </div>
   <div class='ocr_carea' id='block_1_75' title="bbox 1757 3627 3348 3710">
    <p class='ocr_par' dir='ltr' id='par_1_75' title="bbox 1757 3627 3348 3710">
     <span class='ocr_line' id='line_1_75' title="bbox 1757 3627 3348 3710; baseline -0.005 -18"><span class='ocrx_word' id='word_1_558' title='bbox 1757 3638 1933 3710; x_wconf 84' lang='lat' dir='ltr'><strong>guinis</strong></span> <span class='ocrx_word' id='word_1_559' title='bbox 1966 3638 2216 3692; x_wconf 81' lang='lat' dir='ltr'><strong>aliinitas.</strong></span> <span class='ocrx_word' id='word_1_560' title='bbox 2259 3639 2575 3692; x_wconf 88' lang='lat' dir='ltr'><strong>Vinciantur</strong></span> <span class='ocrx_word' id='word_1_561' title='bbox 2619 3636 2885 3700; x_wconf 90' lang='lat' dir='ltr'><strong>amicicia,</strong></span> <span class='ocrx_word' id='word_1_562' title='bbox 2922 3645 3153 3704; x_wconf 88' lang='lat' dir='ltr'><strong>quorum</strong></span> <span class='ocrx_word' id='word_1_563' title='bbox 3185 3627 3348 3685; x_wconf 83' lang='lat' dir='ltr'><strong>dissi-</strong></span> 
     </span>
    </p>
   </div>
   <div class='ocr_carea' id='block_1_76' title="bbox 1758 3722 3349 3800">
    <p class='ocr_par' dir='ltr' id='par_1_76' title="bbox 1758 3722 3349 3800">
     <span class='ocr_line' id='line_1_76' title="bbox 1758 3722 3349 3800; baseline -0.004 -14"><span class='ocrx_word' id='word_1_564' title='bbox 1758 3732 1941 3787; x_wconf 89' lang='lat' dir='ltr'><strong>dentia</strong></span> <span class='ocrx_word' id='word_1_565' title='bbox 1973 3732 2048 3784; x_wconf 91' lang='lat' dir='ltr'><strong>rei</strong></span> <span class='ocrx_word' id='word_1_566' title='bbox 2080 3731 2308 3800; x_wconf 82' lang='lat' dir='ltr'><strong>publicae</strong></span> <span class='ocrx_word' id='word_1_567' title='bbox 2337 3729 2511 3784; x_wconf 83' lang='lat' dir='ltr'><strong>labem</strong></span> <span class='ocrx_word' id='word_1_568' title='bbox 2541 3729 2720 3792; x_wconf 89' lang='lat' dir='ltr'><strong>infert,</strong></span> <span class='ocrx_word' id='word_1_569' title='bbox 2747 3737 2801 3783; x_wconf 92' lang='lat' dir='ltr'><strong>et</strong></span> <span class='ocrx_word' id='word_1_570' title='bbox 2827 3725 3116 3783; x_wconf 86' lang='lat' dir='ltr'><strong>concordia</strong></span> <span class='ocrx_word' id='word_1_571' title='bbox 3142 3722 3349 3780; x_wconf 82' lang='lat' dir='ltr'><strong>utilita-</strong></span> 
     </span>
    </p>
   </div>
   <div class='ocr_carea' id='block_1_77' title="bbox 1760 3823 2932 3893">
    <p class='ocr_par' dir='ltr' id='par_1_77' title="bbox 1760 3823 2932 3893">
     <span class='ocr_line' id='line_1_77' title="bbox 1760 3823 2932 3893; baseline -0.006 -11"><span class='ocrx_word' id='word_1_572' title='bbox 1760 3836 1867 3882; x_wconf 92' lang='lat' dir='ltr'><strong>tem</strong></span> <span class='ocrx_word' id='word_1_573' title='bbox 1899 3827 2278 3883; x_wconf 85' lang='lat' dir='ltr'><strong>accommodat</strong></span> <span class='ocrx_word' id='word_1_574' title='bbox 2314 3826 2562 3893; x_wconf 89' lang='lat' dir='ltr'><strong>viresque</strong></span> <span class='ocrx_word' id='word_1_575' title='bbox 2588 3823 2876 3878; x_wconf 87' lang='lat' dir='ltr'><strong>ministrat.</strong></span> <span class='ocrx_word' id='word_1_576' title='bbox 2913 3840 2932 3874; x_wconf 74' lang='grc' dir='ltr'><strong>ι</strong></span> 
     </span>
    </p>
   </div>
   <div class='ocr_carea' id='block_1_78' title="bbox 1745 3907 3347 3996">
    <p class='ocr_par' dir='ltr' id='par_1_78' title="bbox 1745 3907 3347 3996">
     <span class='ocr_line' id='line_1_78' title="bbox 1745 3907 3347 3996; baseline -0.008 -19"><span class='ocrx_word' id='word_1_577' title='bbox 1745 3989 1748 3996; x_wconf 30' lang='grc' dir='ltr'>ι</span> <span class='ocrx_word' id='word_1_578' title='bbox 1827 3920 2214 3992; x_wconf 79' lang='lat' dir='ltr'><strong>80.Respomsio</strong></span> <span class='ocrx_word' id='word_1_579' title='bbox 2230 3917 2602 3974; x_wconf 70' lang='lat' dir='ltr'><strong>“&#39;01tonisad</strong></span> <span class='ocrx_word' id='word_1_580' title='bbox 2633 3913 2811 3970; x_wconf 78' lang='lat' dir='ltr'><strong>Gallos</strong></span> <span class='ocrx_word' id='word_1_581' title='bbox 2825 3911 3090 3968; x_wconf 74' lang='lat' dir='ltr'><strong>“’.—Ad</strong></span> <span class='ocrx_word' id='word_1_582' title='bbox 3116 3907 3347 3966; x_wconf 72' lang='grc' dir='ltr'>ιιωοοιρ</span> 
     </span>
    </p>
   </div>
   <div class='ocr_carea' id='block_1_79' title="bbox 1758 4003 3343 4085">
    <p class='ocr_par' dir='ltr' id='par_1_79' title="bbox 1758 4003 3343 4085">
     <span class='ocr_line' id='line_1_79' title="bbox 1758 4003 3343 4085; baseline -0.007 -16"><span class='ocrx_word' id='word_1_583' title='bbox 1758 4025 1842 4070; x_wconf 85' lang='lat' dir='ltr'><strong>to:</strong></span> <span class='ocrx_word' id='word_1_584' title='bbox 1866 4034 1882 4063; x_wconf 79' lang='grc' dir='ltr'><strong>σ</strong></span> <span class='ocrx_word' id='word_1_585' title='bbox 1907 4013 2076 4081; x_wconf 83' lang='lat' dir='ltr'><strong>Novi,</strong></span> <span class='ocrx_word' id='word_1_586' title='bbox 2097 4013 2289 4085; x_wconf 90' lang='lat' dir='ltr'><strong>inquit,</strong></span> <span class='ocrx_word' id='word_1_587' title='bbox 2319 4019 2578 4084; x_wconf 87' lang='lat' dir='ltr'><strong>quantam</strong></span> <span class='ocrx_word' id='word_1_588' title='bbox 2604 4010 2778 4066; x_wconf 87' lang='lat' dir='ltr'><strong>labem</strong></span> <span class='ocrx_word' id='word_1_589' title='bbox 2796 4008 2873 4065; x_wconf 89' lang='lat' dir='ltr'><strong>rei</strong></span> <span class='ocrx_word' id='word_1_590' title='bbox 2890 4005 3116 4080; x_wconf 64' lang='lat' dir='ltr'><strong>publica:</strong></span> <span class='ocrx_word' id='word_1_591' title='bbox 3131 4003 3343 4060; x_wconf 78' lang='lat' dir='ltr'><strong>discor-</strong></span> 
     </span>
    </p>
   </div>
   <div class='ocr_carea' id='block_1_80' title="bbox 149 4125 1996 4214">
    <p class='ocr_par' dir='ltr' id='par_1_80' title="bbox 149 4125 1996 4214">
     <span class='ocr_line' id='line_1_80' title="bbox 149 4125 1996 4214; baseline 0.001 -35"><span class='ocrx_word' id='word_1_592' title='bbox 149 4206 158 4214; x_wconf 33' lang='lat'><strong><em>.</em></strong></span> <span class='ocrx_word' id='word_1_593' title='bbox 450 4147 461 4155; x_wconf 87' lang='lat'><strong>-</strong></span> <span class='ocrx_word' id='word_1_594' title='bbox 1325 4125 1561 4181; x_wconf 67' lang='lat' dir='ltr'><strong>VARUS</strong></span> <span class='ocrx_word' id='word_1_595' title='bbox 1595 4125 1996 4183; x_wconf 83' lang='lat' dir='ltr'><strong>LECTIONES.</strong></span> 
     </span>
    </p>
   </div>
   <div class='ocr_carea' id='block_1_81' title="bbox 159 4232 3350 4308">
    <p class='ocr_par' dir='ltr' id='par_1_81' title="bbox 159 4232 3350 4308">
     <span class='ocr_line' id='line_1_81' title="bbox 159 4232 3350 4308; baseline 0 -17"><span class='ocrx_word' id='word_1_596' title='bbox 159 4232 214 4269; x_wconf 70' lang='grc'><strong>⁸⁹⁴</strong></span> <span class='ocrx_word' id='word_1_597' title='bbox 237 4235 426 4296; x_wconf 88' lang='lat' dir='ltr'><strong>milites</strong></span> <span class='ocrx_word' id='word_1_598' title='bbox 455 4247 508 4295; x_wconf 84' lang='lat' dir='ltr'><strong>et</strong></span> <span class='ocrx_word' id='word_1_599' title='bbox 538 4256 710 4308; x_wconf 84' lang='lat' dir='ltr'><strong>supra</strong></span> <span class='ocrx_word' id='word_1_600' title='bbox 735 4241 817 4297; x_wconf 82' lang='lat' dir='ltr'><strong>vel</strong></span> <span class='ocrx_word' id='word_1_601' title='bbox 839 4242 1043 4299; x_wconf 88' lang='lat' dir='ltr'><strong>tirones</strong></span> <span class='ocrx_word' id='word_1_602' title='bbox 1067 4245 1185 4302; x_wconf 77' lang='lat' dir='ltr'><strong>cod.</strong></span> <span class='ocrx_word' id='word_1_603' title='bbox 1259 4244 1331 4277; x_wconf 72' lang='grc'>⁸⁸⁸</span> <span class='ocrx_word' id='word_1_604' title='bbox 1359 4254 1416 4300; x_wconf 87' lang='grc' dir='ltr'><strong>ιιι</strong></span> <span class='ocrx_word' id='word_1_605' title='bbox 1454 4260 1643 4300; x_wconf 90' lang='lat' dir='ltr'><strong>canem</strong></span> <span class='ocrx_word' id='word_1_606' title='bbox 1687 4243 1974 4299; x_wconf 88' lang='lat' dir='ltr'><strong>latrantem</strong></span> <span class='ocrx_word' id='word_1_607' title='bbox 2015 4262 2152 4299; x_wconf 86' lang='lat' dir='ltr'><strong>corr.</strong></span> <span class='ocrx_word' id='word_1_608' title='bbox 2201 4244 2492 4300; x_wconf 88' lang='lat' dir='ltr'><strong>furentem.</strong></span> <span class='ocrx_word' id='word_1_609' title='bbox 2569 4242 2640 4275; x_wconf 68' lang='grc'><strong>⁸⁸⁸</strong></span> <span class='ocrx_word' id='word_1_610' title='bbox 2690 4241 2727 4296; x_wconf 92' lang='lat' dir='ltr'><strong>i.</strong></span> <span class='ocrx_word' id='word_1_611' title='bbox 2759 4255 2865 4296; x_wconf 89' lang='lat' dir='ltr'><strong>non</strong></span> <span class='ocrx_word' id='word_1_612' title='bbox 2893 4237 3065 4295; x_wconf 90' lang='lat' dir='ltr'><strong>solum</strong></span> <span class='ocrx_word' id='word_1_613' title='bbox 3087 4249 3226 4308; x_wconf 74' lang='lat' dir='ltr'><strong>sese.</strong></span> <span class='ocrx_word' id='word_1_614' title='bbox 3250 4232 3350 4292; x_wconf 88' lang='lat' dir='ltr'><strong>sed</strong></span> 
     </span>
    </p>
   </div>
   <div class='ocr_carea' id='block_1_82' title="bbox 107 4310 2061 4387">
    <p class='ocr_par' dir='ltr' id='par_1_82' title="bbox 107 4310 2061 4387">
     <span class='ocr_line' id='line_1_82' title="bbox 107 4310 2061 4387; baseline 0.004 -26"><span class='ocrx_word' id='word_1_615' title='bbox 107 4310 306 4387; x_wconf 35' lang='lat' dir='ltr'><strong>dilatam</strong></span> <span class='ocrx_word' id='word_1_616' title='bbox 334 4321 580 4387; x_wconf 65' lang='lat' dir='ltr'><strong>gentem</strong></span> <span class='ocrx_word' id='word_1_617' title='bbox 601 4326 752 4387; x_wconf 82' lang='lat' dir='ltr'><strong>suam</strong></span> <span class='ocrx_word' id='word_1_618' title='bbox 782 4315 1092 4387; x_wconf 79' lang='lat' dir='ltr'><strong>emundent.</strong></span> <span class='ocrx_word' id='word_1_619' title='bbox 1126 4331 1189 4372; x_wconf 91' lang='lat' dir='ltr'><strong>ac</strong></span> <span class='ocrx_word' id='word_1_620' title='bbox 1223 4331 1320 4387; x_wconf 89' lang='lat' dir='ltr'><strong>per</strong></span> <span class='ocrx_word' id='word_1_621' title='bbox 1346 4315 1552 4372; x_wconf 83' lang='lat' dir='ltr'><strong>infinita</strong></span> <span class='ocrx_word' id='word_1_622' title='bbox 1607 4325 1847 4385; x_wconf 88' lang='lat' dir='ltr'><strong>tempora</strong></span> <span class='ocrx_word' id='word_1_623' title='bbox 1873 4316 2061 4371; x_wconf 85' lang='lat' dir='ltr'><strong>deleta.</strong></span> 
     </span>
    </p>
   </div>
   <div class='ocr_carea' id='block_1_83' title="bbox 2155 4306 3351 4384">
    <p class='ocr_par' dir='ltr' id='par_1_83' title="bbox 2155 4306 3351 4384">
     <span class='ocr_line' id='line_1_83' title="bbox 2155 4306 3351 4384; baseline -0.009 -12"><span class='ocrx_word' id='word_1_624' title='bbox 2155 4315 2226 4349; x_wconf 72' lang='grc'><strong>⁸⁸⁷</strong></span> <span class='ocrx_word' id='word_1_625' title='bbox 2270 4332 2372 4371; x_wconf 70' lang='grc' dir='ltr'><strong>νοω</strong></span> <span class='ocrx_word' id='word_1_626' title='bbox 2414 4315 2588 4368; x_wconf 82' lang='lat' dir='ltr'><strong>littera</strong></span> <span class='ocrx_word' id='word_1_627' title='bbox 2629 4311 2904 4384; x_wconf 71' lang='lat' dir='ltr'><strong>majucula</strong></span> <span class='ocrx_word' id='word_1_628' title='bbox 2945 4311 3159 4384; x_wconf 70' lang='lat' dir='ltr'><strong>scripta,</strong></span> <span class='ocrx_word' id='word_1_629' title='bbox 3208 4306 3351 4384; x_wconf 65' lang='lat' dir='ltr'><strong>linea</strong></span> 
     </span>
    </p>
   </div>
   <div class='ocr_carea' id='block_1_84' title="bbox 110 4372 3348 4460">
    <p class='ocr_par' dir='ltr' id='par_1_84' title="bbox 110 4372 3348 4460">
     <span class='ocr_line' id='line_1_84' title="bbox 110 4372 3348 4460; baseline -0.002 -21"><span class='ocrx_word' id='word_1_630' title='bbox 110 4372 311 4460; x_wconf 57' lang='grc' dir='ltr'><strong>ξξξδάιεξα</strong></span> <span class='ocrx_word' id='word_1_631' title='bbox 329 4372 499 4460; x_wconf 56' lang='lat' dir='ltr'><strong>deleri</strong></span> <span class='ocrx_word' id='word_1_632' title='bbox 524 4382 782 4460; x_wconf 57' lang='lat' dir='ltr'><strong>videtur._</strong></span> <span class='ocrx_word' id='word_1_633' title='bbox 831 4384 901 4417; x_wconf 61' lang='lat'><strong>‘9&#39;</strong></span> <span class='ocrx_word' id='word_1_634' title='bbox 925 4387 1092 4460; x_wconf 88' lang='lat' dir='ltr'><strong>armis</strong></span> <span class='ocrx_word' id='word_1_635' title='bbox 1118 4372 1257 4443; x_wconf 64' lang='lat' dir='ltr'><strong>corr.</strong></span> <span class='ocrx_word' id='word_1_636' title='bbox 1285 4387 1414 4444; x_wconf 91' lang='lat' dir='ltr'><strong>vita.</strong></span> <span class='ocrx_word' id='word_1_637' title='bbox 1491 4387 1560 4421; x_wconf 64' lang='lat'><strong>‘3’</strong></span> <span class='ocrx_word' id='word_1_638' title='bbox 1591 4372 1790 4454; x_wconf 62' lang='lat' dir='ltr'><strong>llia,&#39;o,</strong></span> <span class='ocrx_word' id='word_1_639' title='bbox 1820 4403 1903 4454; x_wconf 91' lang='lat' dir='ltr'><strong>su,</strong></span> <span class='ocrx_word' id='word_1_640' title='bbox 1943 4403 2011 4460; x_wconf 90' lang='lat' dir='ltr'><strong>ga</strong></span> <span class='ocrx_word' id='word_1_641' title='bbox 2048 4389 2274 4443; x_wconf 70' lang='lat' dir='ltr'><strong>abscisa.</strong></span> <span class='ocrx_word' id='word_1_642' title='bbox 2349 4386 2419 4420; x_wconf 73' lang='lat'><strong>&quot;°</strong></span> <span class='ocrx_word' id='word_1_643' title='bbox 2445 4372 2800 4442; x_wconf 73' lang='lat' dir='ltr'><strong>deliberatum</strong></span> <span class='ocrx_word' id='word_1_644' title='bbox 2827 4381 2910 4438; x_wconf 85' lang='lat' dir='ltr'><strong>vel</strong></span> <span class='ocrx_word' id='word_1_645' title='bbox 2934 4372 3209 4437; x_wconf 78' lang='lat' dir='ltr'><strong>decretum</strong></span> <span class='ocrx_word' id='word_1_646' title='bbox 3225 4376 3348 4433; x_wconf 87' lang='lat' dir='ltr'><strong>cod.</strong></span> 
     </span>
    </p>
   </div>
   <div class='ocr_carea' id='block_1_85' title="bbox 111 4438 1095 4536">
    <p class='ocr_par' dir='ltr' id='par_1_85' title="bbox 111 4438 1095 4536">
     <span class='ocr_line' id='line_1_85' title="bbox 111 4438 1095 4536; baseline 0.012 -34"><span class='ocrx_word' id='word_1_647' title='bbox 111 4438 155 4474; x_wconf 72' lang='grc'><strong>⁸’¹</strong></span> <span class='ocrx_word' id='word_1_648' title='bbox 173 4460 213 4513; x_wconf 88' lang='lat' dir='ltr'><strong>o,</strong></span> <span class='ocrx_word' id='word_1_649' title='bbox 291 4452 522 4510; x_wconf 75' lang='lat' dir='ltr'><strong>abscisa.</strong></span> <span class='ocrx_word' id='word_1_650' title='bbox 609 4453 679 4487; x_wconf 70' lang='grc' dir='ltr'><strong>’δ”</strong></span> <span class='ocrx_word' id='word_1_651' title='bbox 703 4455 840 4524; x_wconf 90' lang='lat' dir='ltr'><strong>nsio,</strong></span> <span class='ocrx_word' id='word_1_652' title='bbox 864 4438 936 4513; x_wconf 87' lang='lat' dir='ltr'><strong>os</strong></span> <span class='ocrx_word' id='word_1_653' title='bbox 955 4438 1095 4514; x_wconf 55' lang='lat' dir='ltr'><strong>abii;</strong></span> 
     </span>
    </p>
   </div>
   <div class='ocr_carea' id='block_1_86' title="bbox 1601 4571 1833 4630">
    <p class='ocr_par' dir='ltr' id='par_1_86' title="bbox 1601 4571 1833 4630">
     <span class='ocr_line' id='line_1_86' title="bbox 1601 4571 1833 4630; baseline 0.009 -2"><span class='ocrx_word' id='word_1_654' title='bbox 1601 4571 1833 4630; x_wconf 65' lang='lat' dir='ltr'><strong>NOTIE.</strong></span> 
     </span>
    </p>
   </div>
   <div class='ocr_carea' id='block_1_87' title="bbox 158 4664 3372 4757">
    <p class='ocr_par' dir='ltr' id='par_1_87' title="bbox 158 4664 3372 4757">
     <span class='ocr_line' id='line_1_87' title="bbox 158 4664 3372 4757; baseline 0.001 -24"><span class='ocrx_word' id='word_1_655' title='bbox 158 4676 282 4757; x_wconf 70' lang='grc' dir='ltr'><strong>(μδ)</strong></span> <span class='ocrx_word' id='word_1_656' title='bbox 321 4681 422 4757; x_wconf 81' lang='lat' dir='ltr'><strong>ilic</strong></span> <span class='ocrx_word' id='word_1_657' title='bbox 452 4683 673 4757; x_wconf 75' lang='lat' dir='ltr'><strong>referre</strong></span> <span class='ocrx_word' id='word_1_658' title='bbox 698 4683 874 4757; x_wconf 88' lang='lat' dir='ltr'><strong>placet</strong></span> <span class='ocrx_word' id='word_1_659' title='bbox 898 4695 1136 4742; x_wconf 89' lang='lat' dir='ltr'><strong>veterem</strong></span> <span class='ocrx_word' id='word_1_660' title='bbox 1167 4687 1572 4757; x_wconf 89' lang='lat' dir='ltr'><strong>inscriptionem</strong></span> <span class='ocrx_word' id='word_1_661' title='bbox 1603 4687 1656 4742; x_wconf 93' lang='lat' dir='ltr'><strong>in</strong></span> <span class='ocrx_word' id='word_1_662' title='bbox 1683 4664 1737 4725; x_wconf 78' lang='lat' dir='ltr'><strong>D</strong></span> <span class='ocrx_word' id='word_1_663' title='bbox 1765 4689 1880 4745; x_wconf 90' lang='lat' dir='ltr'><strong>miti</strong></span> <span class='ocrx_word' id='word_1_664' title='bbox 1911 4688 2134 4744; x_wconf 86' lang='lat' dir='ltr'><strong>Gofrido</strong></span> <span class='ocrx_word' id='word_1_665' title='bbox 2156 4684 2529 4754; x_wconf 75' lang='lat' dir='ltr'><strong>Grisagonella</strong></span> <span class='ocrx_word' id='word_1_666' title='bbox 2568 4683 2814 4757; x_wconf 82' lang='lat' dir='ltr'><strong>tradidit,</strong></span> <span class='ocrx_word' id='word_1_667' title='bbox 2839 4690 2894 4739; x_wconf 92' lang='lat' dir='ltr'><strong>et</strong></span> <span class='ocrx_word' id='word_1_668' title='bbox 2927 4682 2993 4738; x_wconf 89' lang='lat' dir='ltr'><strong>ad</strong></span> <span class='ocrx_word' id='word_1_669' title='bbox 3025 4691 3372 4757; x_wconf 78' lang='lat' dir='ltr'><strong>per_s_equen-‘</strong></span> 
     </span>
    </p>
   </div>
   <div class='ocr_carea' id='block_1_88' title="bbox 110 4747 1657 4824">
    <p class='ocr_par' dir='ltr' id='par_1_88' title="bbox 110 4747 1657 4824">
     <span class='ocr_line' id='line_1_88' title="bbox 110 4747 1657 4824; baseline 0.008 -23"><span class='ocrx_word' id='word_1_670' title='bbox 110 4747 440 4824; x_wconf 23' lang='lat' dir='ltr'><strong>codice’regio</strong></span> <span class='ocrx_word' id='word_1_671' title='bbox 486 4747 791 4810; x_wconf 68' lang='lat' dir='ltr'><strong>Parisieiisi</strong></span> <span class='ocrx_word' id='word_1_672' title='bbox 839 4773 891 4811; x_wconf 93' lang='lat' dir='ltr'><strong>n.</strong></span> <span class='ocrx_word' id='word_1_673' title='bbox 919 4757 1059 4813; x_wconf 76' lang='grc'><strong>’5859</strong></span> <span class='ocrx_word' id='word_1_674' title='bbox 1095 4759 1157 4813; x_wconf 80' lang='grc' dir='ltr'>Α.</span> <span class='ocrx_word' id='word_1_675' title='bbox 1202 4760 1252 4814; x_wconf 92' lang='lat' dir='ltr'><strong>in</strong></span> <span class='ocrx_word' id='word_1_676' title='bbox 1304 4747 1391 4814; x_wconf 76' lang='lat' dir='ltr'><strong>fol.</strong></span> <span class='ocrx_word' id='word_1_677' title='bbox 1429 4759 1657 4814; x_wconf 88' lang='lat' dir='ltr'><strong>membr.</strong></span> 
     </span>
    </p>
   </div>
   <div class='ocr_carea' id='block_1_89' title="bbox 108 4825 1657 4900">
    <p class='ocr_par' dir='ltr' id='par_1_89' title="bbox 108 4825 1657 4900">
     <span class='ocr_line' id='line_1_89' title="bbox 108 4825 1657 4900; baseline 0.001 -17"><span class='ocrx_word' id='word_1_678' title='bbox 108 4829 198 4900; x_wconf 65' lang='grc' dir='ltr'><strong>ξειξτ</strong></span> <span class='ocrx_word' id='word_1_679' title='bbox 227 4837 318 4900; x_wconf 52' lang='lat' dir='ltr'><strong>in,</strong></span> <span class='ocrx_word' id='word_1_680' title='bbox 347 4839 471 4897; x_wconf 88' lang='lat' dir='ltr'><strong>pag.</strong></span> <span class='ocrx_word' id='word_1_681' title='bbox 507 4825 659 4900; x_wconf 75' lang='lat' dir='ltr'><strong>M3,_</strong></span> <span class='ocrx_word' id='word_1_682' title='bbox 688 4825 1156 4900; x_wconf 26' lang='lat' dir='ltr'><strong>“Luservatam:</strong></span> <span class='ocrx_word' id='word_1_683' title='bbox 1192 4849 1210 4881; x_wconf 75' lang='grc' dir='ltr'><strong>ι</strong></span> <span class='ocrx_word' id='word_1_684' title='bbox 1245 4829 1358 4884; x_wconf 84' lang='lat' dir='ltr'><strong>Hoc</strong></span> <span class='ocrx_word' id='word_1_685' title='bbox 1398 4830 1657 4900; x_wconf 91' lang='lat' dir='ltr'><strong>scriptum</strong></span> 
     </span>
    </p>
   </div>
   <div class='ocr_carea' id='block_1_90' title="bbox 111 4885 1658 4971">
    <p class='ocr_par' dir='ltr' id='par_1_90' title="bbox 111 4885 1658 4971">
     <span class='ocr_line' id='line_1_90' title="bbox 111 4885 1658 4971; baseline 0.009 -30"><span class='ocrx_word' id='word_1_686' title='bbox 111 4885 608 4971; x_wconf 56' lang='lat' dir='ltr'><strong>iecitl-‘ulcoc&#39;omes</strong></span> <span class='ocrx_word' id='word_1_687' title='bbox 627 4885 1098 4955; x_wconf 49' lang='lat' dir='ltr'><strong>derosolimitanus</strong></span> <span class='ocrx_word' id='word_1_688' title='bbox 1129 4901 1181 4956; x_wconf 93' lang='lat' dir='ltr'><strong>in</strong></span> <span class='ocrx_word' id='word_1_689' title='bbox 1215 4901 1441 4956; x_wconf 86' lang='lat' dir='ltr'><strong>ecclesia</strong></span> <span class='ocrx_word' id='word_1_690' title='bbox 1476 4885 1658 4971; x_wconf 76' lang='lat' dir='ltr'><strong>sepul-</strong></span> 
     </span>
    </p>
   </div>
   <div class='ocr_carea' id='block_1_91' title="bbox 110 4961 1662 5040">
    <p class='ocr_par' dir='ltr' id='par_1_91' title="bbox 110 4961 1662 5040">
     <span class='ocr_line' id='line_1_91' title="bbox 110 4961 1662 5040; baseline 0.006 -26"><span class='ocrx_word' id='word_1_691' title='bbox 110 4961 162 5040; x_wconf 55' lang='lat' dir='ltr'><strong>{ri</strong></span> <span class='ocrx_word' id='word_1_692' title='bbox 186 4961 466 5040; x_wconf 66' lang='lat' dir='ltr'><strong>flc_Lochis</strong></span> <span class='ocrx_word' id='word_1_693' title='bbox 498 4983 630 5040; x_wconf 77' lang='lat' dir='ltr'><strong>cum</strong></span> <span class='ocrx_word' id='word_1_694' title='bbox 662 4983 856 5038; x_wconf 86' lang='lat' dir='ltr'><strong>magna</strong></span> <span class='ocrx_word' id='word_1_695' title='bbox 884 4971 1121 5040; x_wconf 86' lang='lat' dir='ltr'><strong>sepultus</strong></span> <span class='ocrx_word' id='word_1_696' title='bbox 1155 4961 1565 5026; x_wconf 77' lang='lat' dir='ltr'><strong>honorificentia</strong></span> <span class='ocrx_word' id='word_1_697' title='bbox 1594 4971 1662 5026; x_wconf 87' lang='lat' dir='ltr'><strong>de</strong></span> 
     </span>
    </p>
   </div>
   <div class='ocr_carea' id='block_1_92' title="bbox 107 5024 1497 5098">
    <p class='ocr_par' dir='ltr' id='par_1_92' title="bbox 107 5024 1497 5098">
     <span class='ocr_line' id='line_1_92' title="bbox 107 5024 1497 5098; baseline 0.012 -18"><span class='ocrx_word' id='word_1_698' title='bbox 107 5024 225 5085; x_wconf 88' lang='lat' dir='ltr'><strong>donis</strong></span> <span class='ocrx_word' id='word_1_699' title='bbox 250 5032 401 5093; x_wconf 87' lang='lat' dir='ltr'><strong>factis</strong></span> <span class='ocrx_word' id='word_1_700' title='bbox 434 5037 556 5092; x_wconf 90' lang='lat' dir='ltr'><strong>suis</strong></span> <span class='ocrx_word' id='word_1_701' title='bbox 590 5024 1025 5096; x_wconf 55' lang='lat' dir='ltr'><strong>antecéssorilius</strong></span> <span class='ocrx_word' id='word_1_702' title='bbox 1050 5024 1497 5098; x_wconf 38' lang='lat' dir='ltr'><strong>aretrel-irancie.</strong></span> 
     </span>
    </p>
   </div>
   <div class='ocr_carea' id='block_1_93' title="bbox 163 5103 1656 5186">
    <p class='ocr_par' dir='ltr' id='par_1_93' title="bbox 163 5103 1656 5186">
     <span class='ocr_line' id='line_1_93' title="bbox 163 5103 1656 5186; baseline 0.007 -28"><span class='ocrx_word' id='word_1_703' title='bbox 163 5103 342 5186; x_wconf 46' lang='lat' dir='ltr'><strong>{Gym</strong></span> <span class='ocrx_word' id='word_1_704' title='bbox 395 5107 550 5164; x_wconf 85' lang='lat' dir='ltr'><strong>Deus</strong></span> <span class='ocrx_word' id='word_1_705' title='bbox 598 5107 780 5186; x_wconf 59' lang='lat' dir='ltr'><strong>voluit</strong></span> <span class='ocrx_word' id='word_1_706' title='bbox 805 5112 1109 5186; x_wconf 70' lang='lat' dir='ltr'><strong>sublimare</strong></span> <span class='ocrx_word' id='word_1_707' title='bbox 1152 5103 1450 5186; x_wconf 61' lang='lat' dir='ltr'><strong>Robertum</strong></span> <span class='ocrx_word' id='word_1_708' title='bbox 1489 5113 1656 5186; x_wconf 83' lang='lat' dir='ltr'><strong>filium</strong></span> 
     </span>
    </p>
   </div>
   <div class='ocr_carea' id='block_1_94' title="bbox 111 5165 1662 5254">
    <p class='ocr_par' dir='ltr' id='par_1_94' title="bbox 111 5165 1662 5254">
     <span class='ocr_line' id='line_1_94' title="bbox 111 5165 1662 5254; baseline 0.009 -31"><span class='ocrx_word' id='word_1_709' title='bbox 111 5165 227 5254; x_wconf 65' lang='lat' dir='ltr'><strong>ducis</strong></span> <span class='ocrx_word' id='word_1_710' title='bbox 250 5176 300 5231; x_wconf 92' lang='lat' dir='ltr'><strong>in</strong></span> <span class='ocrx_word' id='word_1_711' title='bbox 335 5194 557 5250; x_wconf 87' lang='lat' dir='ltr'><strong>regem,</strong></span> <span class='ocrx_word' id='word_1_712' title='bbox 612 5165 1448 5254; x_wconf 13' lang='lat' dir='ltr'><strong>Goli‘ridusﬂGris&#39;agonellavcum</strong></span> <span class='ocrx_word' id='word_1_713' title='bbox 1490 5165 1662 5238; x_wconf 77' lang='lat' dir='ltr'><strong>tribus</strong></span> 
     </span>
    </p>
   </div>
   <div class='ocr_carea' id='block_1_95' title="bbox 113 5241 1660 5325">
    <p class='ocr_par' dir='ltr' id='par_1_95' title="bbox 113 5241 1660 5325">
     <span class='ocr_line' id='line_1_95' title="bbox 113 5241 1660 5325; baseline 0.006 -28"><span class='ocrx_word' id='word_1_714' title='bbox 113 5241 299 5325; x_wconf 53' lang='lat' dir='ltr'><strong>{bilibris</strong></span> <span class='ocrx_word' id='word_1_715' title='bbox 313 5241 670 5325; x_wconf 65' lang='lat' dir='ltr'><strong>armatorum</strong></span> <span class='ocrx_word' id='word_1_716' title='bbox 720 5252 980 5325; x_wconf 80' lang='lat' dir='ltr'><strong>serviebat</strong></span> <span class='ocrx_word' id='word_1_717' title='bbox 1009 5241 1223 5310; x_wconf 51' lang='lat' dir='ltr'><strong>deumino</strong></span> <span class='ocrx_word' id='word_1_718' title='bbox 1252 5271 1349 5308; x_wconf 87' lang='lat' dir='ltr'><strong>suo</strong></span> <span class='ocrx_word' id='word_1_719' title='bbox 1381 5255 1490 5325; x_wconf 86' lang='lat' dir='ltr'><strong>regi</strong></span> <span class='ocrx_word' id='word_1_720' title='bbox 1528 5255 1660 5308; x_wconf 80' lang='lat' dir='ltr'><strong>Rot-</strong></span> 
     </span>
    </p>
   </div>
   <div class='ocr_carea' id='block_1_96' title="bbox 1447 5327 1533 5362">
    <p class='ocr_par' dir='ltr' id='par_1_96' title="bbox 1447 5327 1533 5362">
     <span class='ocr_line' id='line_1_96' title="bbox 1447 5327 1533 5362; baseline 0 0"><span class='ocrx_word' id='word_1_721' title='bbox 1447 5327 1533 5362; x_wconf 73' lang='grc' dir='ltr'><strong>ΙΙΙὶῖ</strong></span> 
     </span>
    </p>
   </div>
   <div class='ocr_carea' id='block_1_97' title="bbox 113 5305 1204 5362">
    <p class='ocr_par' dir='ltr' id='par_1_97' title="bbox 113 5305 1204 5362">
     <span class='ocr_line' id='line_1_97' title="bbox 113 5305 1204 5362; baseline 0 0"><span class='ocrx_word' id='word_1_722' title='bbox 113 5305 244 5362; x_wconf 75' lang='lat' dir='ltr'><strong>bene.</strong></span> <span class='ocrx_word' id='word_1_723' title='bbox 263 5315 398 5362; x_wconf 77' lang='lat' dir='ltr'><strong>num</strong></span> <span class='ocrx_word' id='word_1_724' title='bbox 420 5321 708 5362; x_wconf 71' lang='grc' dir='ltr'>αιηηῑιιρηι</span> <span class='ocrx_word' id='word_1_725' title='bbox 733 5335 823 5362; x_wconf 79' lang='lat' dir='ltr'><em>m</em></span> <span class='ocrx_word' id='word_1_726' title='bbox 855 5305 1204 5362; x_wconf 61' lang='lat' dir='ltr'><strong>ii.....;&#39;.:;.&#39;;;.;;.‘</strong></span> 
     </span>
    </p>
   </div>
   <div class='ocr_carea' id='block_1_98' title="bbox 1212 5339 1663 5362">
    <p class='ocr_par' dir='ltr' id='par_1_98' title="bbox 1212 5339 1663 5362">
     <span class='ocr_line' id='line_1_98' title="bbox 1212 5339 1663 5362; baseline 0 0"><span class='ocrx_word' id='word_1_727' title='bbox 1212 5343 1260 5362; x_wconf 82' lang='lat' dir='ltr'><strong>I&#39;II</strong></span> <span class='ocrx_word' id='word_1_728' title='bbox 1295 5341 1413 5362; x_wconf 74' lang='grc' dir='ltr'>ηηηι</span> <span class='ocrx_word' id='word_1_729' title='bbox 1447 5339 1663 5362; x_wconf 62' lang='grc' dir='ltr'><strong>ΙΙΙὶΙι⁹ΩΙ⁸-ι</strong></span> 
     </span>
    </p>
   </div>
   <div class='ocr_carea' id='block_1_99' title="bbox 1746 4750 3357 4826">
    <p class='ocr_par' dir='ltr' id='par_1_99' title="bbox 1746 4750 3357 4826">
     <span class='ocr_line' id='line_1_99' title="bbox 1746 4750 3357 4826; baseline -0.006 -12"><span class='ocrx_word' id='word_1_730' title='bbox 1746 4763 1890 4826; x_wconf 84' lang='lat' dir='ltr'><strong>dum</strong></span> <span class='ocrx_word' id='word_1_731' title='bbox 1921 4761 2218 4816; x_wconf 83' lang='lat' dir='ltr'><strong>exercitum</strong></span> <span class='ocrx_word' id='word_1_732' title='bbox 2249 4750 2673 4815; x_wconf 81' lang='lat' dir='ltr'><strong>Alemannorum</strong></span> <span class='ocrx_word' id='word_1_733' title='bbox 2697 4755 2886 4809; x_wconf 88' lang='lat' dir='ltr'><strong>ducem</strong></span> <span class='ocrx_word' id='word_1_734' title='bbox 2907 4750 3357 4826; x_wconf 71' lang='lat' dir='ltr'><strong>etconsiliarium</strong></span> 
     </span>
    </p>
   </div>
   <div class='ocr_carea' id='block_1_100' title="bbox 1764 4823 3360 4890">
    <p class='ocr_par' dir='ltr' id='par_1_100' title="bbox 1764 4823 3360 4890">
     <span class='ocr_line' id='line_1_100' title="bbox 1764 4823 3360 4890; baseline -0.009 -3"><span class='ocrx_word' id='word_1_735' title='bbox 1764 4833 2066 4887; x_wconf 85' lang='lat' dir='ltr'><strong>constituit.</strong></span> <span class='ocrx_word' id='word_1_736' title='bbox 2095 4831 2420 4886; x_wconf 86' lang='lat' dir='ltr'><strong>Persecutns</strong></span> <span class='ocrx_word' id='word_1_737' title='bbox 2441 4838 2527 4883; x_wconf 89' lang='lat' dir='ltr'><strong>est</strong></span> <span class='ocrx_word' id='word_1_738' title='bbox 2548 4830 2728 4890; x_wconf 86' lang='lat' dir='ltr'><strong>itaque</strong></span> <span class='ocrx_word' id='word_1_739' title='bbox 2750 4841 2841 4880; x_wconf 83' lang='lat' dir='ltr'><strong>rex</strong></span> <span class='ocrx_word' id='word_1_740' title='bbox 2863 4823 3152 4880; x_wconf 81' lang='lat' dir='ltr'><strong>Rotbertus</strong></span> <span class='ocrx_word' id='word_1_741' title='bbox 3174 4832 3360 4890; x_wconf 89' lang='lat' dir='ltr'><strong>regem</strong></span> 
     </span>
    </p>
   </div>
   <div class='ocr_carea' id='block_1_101' title="bbox 1763 4891 3363 4972">
    <p class='ocr_par' dir='ltr' id='par_1_101' title="bbox 1763 4891 3363 4972">
     <span class='ocr_line' id='line_1_101' title="bbox 1763 4891 3363 4972; baseline -0.01 -15"><span class='ocrx_word' id='word_1_742' title='bbox 1763 4904 2173 4958; x_wconf 85' lang='lat' dir='ltr'><strong>Alemannicum</strong></span> <span class='ocrx_word' id='word_1_743' title='bbox 2219 4909 2496 4972; x_wconf 65' lang='lat' dir='ltr'><strong>praeeunte</strong></span> <span class='ocrx_word' id='word_1_744' title='bbox 2551 4891 2794 4955; x_wconf 75' lang='lat' dir='ltr'><strong>Goﬂ‘rido</strong></span> <span class='ocrx_word' id='word_1_745' title='bbox 2829 4891 3136 4972; x_wconf 67' lang='lat' dir='ltr'><strong>Qrigonella</strong></span> <span class='ocrx_word' id='word_1_746' title='bbox 3190 4899 3363 4972; x_wconf 57' lang='lat' dir='ltr'><strong>usque</strong></span> 
     </span>
    </p>
   </div>
   <div class='ocr_carea' id='block_1_102' title="bbox 1764 4965 3363 5041">
    <p class='ocr_par' dir='ltr' id='par_1_102' title="bbox 1764 4965 3363 5041">
     <span class='ocr_line' id='line_1_102' title="bbox 1764 4965 3363 5041; baseline -0.013 -13"><span class='ocrx_word' id='word_1_747' title='bbox 1764 4975 1830 5028; x_wconf 86' lang='lat' dir='ltr'><strong>ad</strong></span> <span class='ocrx_word' id='word_1_748' title='bbox 1869 4972 2064 5028; x_wconf 80' lang='lat' dir='ltr'><strong>ﬂumen</strong></span> <span class='ocrx_word' id='word_1_749' title='bbox 2113 4965 2253 5028; x_wconf 78' lang='lat' dir='ltr'><strong>Esne</strong></span> <span class='ocrx_word' id='word_1_750' title='bbox 2301 4971 2396 5041; x_wconf 90' lang='lat' dir='ltr'><strong>(b).</strong></span> <span class='ocrx_word' id='word_1_751' title='bbox 2447 4970 2644 5024; x_wconf 81' lang='lat' dir='ltr'><strong>Comes</strong></span> <span class='ocrx_word' id='word_1_752' title='bbox 2683 4982 2812 5020; x_wconf 86' lang='lat' dir='ltr'><strong>vero</strong></span> <span class='ocrx_word' id='word_1_753' title='bbox 2840 4965 3363 5041; x_wconf 45' lang='lat' dir='ltr'><strong>Goﬂ‘ri_dus.gnarus</strong></span> 
     </span>
    </p>
   </div>
   <div class='ocr_carea' id='block_1_103' title="bbox 1764 5034 3365 5115">
    <p class='ocr_par' dir='ltr' id='par_1_103' title="bbox 1764 5034 3365 5115">
     <span class='ocr_line' id='line_1_103' title="bbox 1764 5034 3365 5115; baseline 0 -17"><span class='ocrx_word' id='word_1_754' title='bbox 1764 5047 2036 5115; x_wconf 84' lang='lat' dir='ltr'><strong>pugnandi</strong></span> <span class='ocrx_word' id='word_1_755' title='bbox 2068 5055 2121 5098; x_wconf 88' lang='lat' dir='ltr'><strong>et</strong></span> <span class='ocrx_word' id='word_1_756' title='bbox 2151 5034 2422 5104; x_wconf 78' lang='lat' dir='ltr'><strong>assuetus,</strong></span> <span class='ocrx_word' id='word_1_757' title='bbox 2475 5047 2957 5115; x_wconf 53' lang='lat' dir='ltr'><strong>tantanrstragem</strong></span> <span class='ocrx_word' id='word_1_758' title='bbox 3002 5034 3365 5115; x_wconf 47' lang='lat' dir='ltr'><strong>hosfiﬂlﬂfﬂ‘</strong></span> 
     </span>
    </p>
   </div>
   <div class='ocr_carea' id='block_1_104' title="bbox 1741 5101 3364 5185">
    <p class='ocr_par' dir='ltr' id='par_1_104' title="bbox 1741 5101 3364 5185">
     <span class='ocr_line' id='line_1_104' title="bbox 1741 5101 3364 5185; baseline -0.009 -15"><span class='ocrx_word' id='word_1_759' title='bbox 1741 5101 1868 5185; x_wconf 61' lang='lat' dir='ltr'><strong>pe?</strong></span> <span class='ocrx_word' id='word_1_760' title='bbox 1891 5114 2110 5170; x_wconf 88' lang='lat' dir='ltr'><strong>ﬂuvium</strong></span> <span class='ocrx_word' id='word_1_761' title='bbox 2155 5116 2378 5169; x_wconf 84' lang='lat' dir='ltr'><strong>dederat</strong></span> <span class='ocrx_word' id='word_1_762' title='bbox 2411 5101 2546 5165; x_wconf 82' lang='lat' dir='ltr'><strong>ante</strong></span> <span class='ocrx_word' id='word_1_763' title='bbox 2593 5108 2744 5185; x_wconf 75' lang='lat' dir='ltr'><strong>regis</strong></span> <span class='ocrx_word' id='word_1_764' title='bbox 2767 5101 3016 5185; x_wconf 54' lang='lat' dir='ltr'><strong>Ro&#39;tberti</strong></span> <span class='ocrx_word' id='word_1_765' title='bbox 3051 5101 3364 5185; x_wconf 35' lang='lat' dir='ltr'><strong>adtendi}?-</strong></span> 
     </span>
    </p>
   </div>
   <div class='ocr_carea' id='block_1_105' title="bbox 1766 5165 3367 5255">
    <p class='ocr_par' dir='ltr' id='par_1_105' title="bbox 1766 5165 3367 5255">
     <span class='ocr_line' id='line_1_105' title="bbox 1766 5165 3367 5255; baseline -0.008 -18"><span class='ocrx_word' id='word_1_766' title='bbox 1766 5165 2442 5255; x_wconf 31' lang='lat' dir='ltr'><strong>Humi-sn;ﬁiiuiii&#39;pniares</strong></span> <span class='ocrx_word' id='word_1_767' title='bbox 2473 5197 2579 5235; x_wconf 91' lang='lat' dir='ltr'><strong>non</strong></span> <span class='ocrx_word' id='word_1_768' title='bbox 2619 5165 2865 5233; x_wconf 59' lang='lat' dir='ltr'><strong>ﬂuvium.</strong></span> <span class='ocrx_word' id='word_1_769' title='bbox 2904 5167 3216 5255; x_wconf 51' lang='lat' dir='ltr'><strong>Alemannis</strong></span> <span class='ocrx_word' id='word_1_770' title='bbox 3236 5165 3367 5255; x_wconf 50' lang='lat' dir='ltr'><strong>ili-</strong></span> 
     </span>
    </p>
   </div>
   <div class='ocr_carea' id='block_1_106' title="bbox 1767 5235 3368 5329">
    <p class='ocr_par' dir='ltr' id='par_1_106' title="bbox 1767 5235 3368 5329">
     <span class='ocr_line' id='line_1_106' title="bbox 1767 5235 3368 5329; baseline -0.021 -15"><span class='ocrx_word' id='word_1_771' title='bbox 2265 5235 2565 5329; x_wconf 64' lang='lat' dir='ltr'><strong>lintbertns</strong></span> <span class='ocrx_word' id='word_1_772' title='bbox 2594 5256 2927 5329; x_wconf 63' lang='lat' dir='ltr'><strong>congregato</strong></span> <span class='ocrx_word' id='word_1_773' title='bbox 2963 5235 3368 5329; x_wconf 41' lang='lat' dir='ltr'><strong>generali-ﬁo}:</strong></span> 
     </span>
    </p>
   </div>
   <div class='ocr_carea' id='block_1_107' title="bbox 1767 5311 3370 5362">
    <p class='ocr_par' dir='ltr' id='par_1_107' title="bbox 1767 5311 3370 5362">
     <span class='ocr_line' id='line_1_107' title="bbox 1767 5311 3370 5362; baseline -0.005 0"><span class='ocrx_word' id='word_1_774' title='bbox 1767 5311 1890 5362; x_wconf 71' lang='grc' dir='ltr'>ιῖἰιὶι.</span> <span class='ocrx_word' id='word_1_775' title='bbox 1964 5311 2195 5362; x_wconf 62' lang='grc' dir='ltr'><strong>ῗπιζωξιῖη</strong></span> <span class='ocrx_word' id='word_1_776' title='bbox 2239 5323 2409 5362; x_wconf 72' lang='grc' dir='ltr'><strong>,νη-οἱα</strong></span> <span class='ocrx_word' id='word_1_777' title='bbox 2453 5322 2535 5362; x_wconf 74' lang='lat' dir='ltr'><strong>cui</strong></span> <span class='ocrx_word' id='word_1_778' title='bbox 2575 5331 2624 5362; x_wconf 80' lang='grc' dir='ltr'>ρι</span> <span class='ocrx_word' id='word_1_779' title='bbox 2682 5311 3064 5362; x_wconf 58' lang='grc' dir='ltr'><strong>ρῖιίςῖεηηηιῆιιιι</strong></span> <span class='ocrx_word' id='word_1_780' title='bbox 3105 5311 3370 5362; x_wconf 86' lang='lat' dir='ltr'><strong>comitum</strong></span> 
     </span>
    </p>
   </div>
   <div class='ocr_carea' id='block_1_108' title="bbox 1878 5326 2195 5362">
    <p class='ocr_par' dir='ltr' id='par_1_108' title="bbox 1878 5326 2195 5362">
     <span class='ocr_line' id='line_1_108' title="bbox 1878 5326 2195 5362; baseline 0 0"><span class='ocrx_word' id='word_1_781' title='bbox 1878 5347 1890 5362; x_wconf 69' lang='grc' dir='ltr'><strong>ι</strong></span> <span class='ocrx_word' id='word_1_782' title='bbox 1971 5326 2195 5362; x_wconf 56' lang='lat' dir='ltr'><strong>nni-cina</strong></span> 
     </span>
    </p>
   </div>
  </div>
