3988 5362
611 151 717 212 115

1744 147 2023 207 RlCllERl
2063 149 2119 203 S.
2162 145 2421 202 REMlGll
2460 145 2767 202 MONACHI

3785 142 3902 197 “6

611 270 1081 342 diaqsepenumero
1105 266 1443 335 intulit,'cum
1467 280 1753 338 regnorum
1775 265 2046 336 principes
2067 279 2197 319 eon-
2227 247 2272 305 Α
2306 257 2524 334 ςὶιὶιηιέ
2546 256 2776 318 sublatis
2813 253 3093 318 hostilibus
3140 255 3526 316 subarraverit.
3579 258 3721 327 Quid
3762 273 3904 330 ergo

611 372 695 416 tra
719 377 777 416 se
798 360 1088 430 aliquando
1114 361 1282 414 moliti
1322 368 1464 415 sunt.
1496 359 1606 414 Nec
1633 359 1763 414 illud
1793 359 1957 413 etiam
1989 358 2197 428 ignoro,

613 462 817 524 quanta
848 453 995 507 salus
1016 467 1114 521 per
1141 451 1401 506 amicicia:
1429 450 1683 505 virtutem
1705 449 1779 504 rei
1805 449 2032 520 publica:
2055 464 2204 504 com-

610 553 804 614 parata
839 544 930 598 sit.
961 543 1158 598 Fateor
1211 542 1473 597 hactenus
1514 557 1600 595 me
1629 540 1922 612 plurimum
1969 539 2202 594 coluisse

608 650 800 706 pacem
847 643 903 688 et
951 633 1328 699 concordiam,
1391 631 1624 687 invidias
1685 640 1849 701 atque
1899 630 2202 686 discordias

611 728 1022 798 malignantium
1060 729 1184 782 odio
1212 743 1428 798 semper
1467 725 1743 782 habuisse.
1797 723 2202 796 Componantur

611 834 742 891 ergo
767 834 865 890 per
900 834 994 873 vos
1030 818 1195 873 animi
1237 817 1640 882 dissidentium,
1670 831 1792 870 nam
1820 816 1946 870 huic
1985 814 2062 870 rei
2103 830 2200 871 vos

608 915 768 968 video
792 915 1123 985 aptissimos,
1175 913 1266 984 qui
1318 920 1444 967 ante
1485 912 1586 966 hac
1634 920 1820 965 mutua
1866 909 2071 964 lesione
2117 908 2195 964 rei

608 1007 835 1077 publica:
857 1007 1146 1079 plurimum
1172 1007 1567 1077 derogavimus.
1596 1005 1818 1061 Consilii
1841 1005 2009 1060 vestri
2033 1005 2202 1060 ratio-

608 1113 734 1153 nem
777 1100 1035 1169 approbo.
1088 1097 1256 1153 Dictis
1311 1098 1525 1153 tandem
1579 1097 1721 1152 facta
1768 1097 2132 1152 consentiant.
2169 1114 2190 1150 ι

607 1190 798 1261 Legati
827 1191 1180 1262 persuasione
1217 1191 1398 1246 habita
1431 1192 1677 1257 redeunt,
1717 1191 2012 1261 ambosque
2040 1204 2199 1262 reges

607 1283 927 1339 alterutrius
965 1285 1386 1340 benivolentium
1424 1286 1492 1340 ad
1527 1286 1847 1340 alterutrum
1871 1283 2195 1353 referentes,

610 1375 664 1428 in
715 1375 963 1431 amicicia
1015 1385 1360 1446 componunt.
1390 1377 1748 1432 Constituitur
1777 1385 1986 1447 tempus
2025 1377 2194 1433 collo-

605 1466 825 1536 quendi.
851 1467 1025 1523 Locus
1055 1469 1272 1539 utrique
1301 1469 1615 1523 commodus
1637 1468 1945 1540 deputatur.
1975 1469 2041 1522 Et
2066 1469 2195 1540 quia

605 1559 750 1614 circa
780 1559 1002 1614 ﬂuvium
1033 1561 1237 1616 Mosam
1265 1576 1429 1632 regna
1453 1560 1735 1617 amborum
1759 1561 2192 1628 conlimitabant,

2305 358 2416 428 spei
2448 357 2672 413 ulterius
2702 366 3005 428 expectem,
3037 372 3159 410 cum
3191 355 3314 408 dolo
3345 353 3504 408 fidem
3535 353 3854 424 abruperit?
3879 371 3900 404 ι

2375 451 2466 506 85.
2495 449 2821 503 Declamatio
2850 447 2919 479 ’⁵⁸⁸
2953 463 3057 520 qua
3082 446 3150 478 ⁸⁸⁸
3179 447 3263 500 usi
3291 455 3410 499 sunt
3441 444 3582 514 apud
3605 445 3801 498 ducem
3825 443 3902 475 ⁸⁸⁸

2303 545 2403 599 sui.
2427 575 2499 584 —
2520 543 2602 598 Ad
2633 544 2748 599 haec
2776 543 3072 614 primates:
3106 561 3124 594 ι
3157 541 3272 596 Non
3301 539 3472 596 solum
3503 540 3782 604 novimus,
3820 540 3907 594 in-

2303 638 2532 707 quiunt,
2589 637 2809 707 quantis
2856 635 3110 708 periculis
3154 634 3434 689 nobiscum
3482 647 3581 702 pro
3629 630 3907 687 Lotbario

2302 745 2428 801 rege
2455 739 2618 800 caput
2657 729 2942 800 objeceris,
2994 743 3181 783 verum
3226 739 3439 797 quoque
3469 734 3673 795 quanto
3698 723 3910 779 discrio

2300 823 2448 877 mine
2475 823 2744 878 claritudo
2782 830 2870 876 tua
2903 821 3079 876 adhuc
3103 827 3291 890 patens
3324 819 3413 884 sit,
3444 819 3490 872 si
3522 827 3580 872 ut
3614 816 3764 872 fama
3819 823 3910 871 est

2301 916 2408 970 duo
2434 929 2588 986 reges
2628 923 2814 970 contra
2864 923 2916 969 te
2962 912 3408 984 conspiraverint.
3459 910 3593 966 Nam
3623 909 3670 966 si
3702 917 3907 966 contra

2301 1006 2532 1061 alterum
2561 1007 2862 1062 exercitum
2890 1021 2990 1077 pro
3035 1004 3348 1062 defensioue
3393 1002 3654 1067 moliaris,
3701 1001 3910 1056 ambos

2297 1107 2486 1156 contra
2518 1108 2572 1156 te
2597 1114 2722 1154 mox
2749 1108 2896 1154 stare
2927 1099 3190 1154 invenies.
3226 1096 3284 1151 Si
3309 1106 3496 1152 contra
3522 1095 3716 1150 ambos
3743 1093 3911 1149 nisus

2298 1191 2487 1259 fueris,
2526 1192 2760 1264 plurima
2810 1193 3148 1248 incommoda
3197 1192 3474 1246 incurrere
3514 1202 3743 1244 necesse
3795 1196 3908 1252 est,

2298 1286 2598 1356 equitatum
2637 1285 3030 1341 intolerabilem
3057 1325 3073 1352 ,
3123 1284 3350 1340 insidias
3379 1281 3712 1353 multiplices
3738 1320 3754 1346 ,
3810 1281 3900 1334 in-

2297 1378 2510 1445 cendia,
2535 1387 2694 1448 atque
2719 1379 2956 1450 rapinas,
2983 1387 3038 1432 et
3059 1377 3200 1447 quod
3220 1377 3512 1449 pessimum
3541 1383 3624 1430 est
3648 1373 3907 1430 nefarios

2297 1470 2447 1526 infidi
2498 1470 2642 1542 vulgi
2693 1484 2964 1536 rumores,
3008 1470 3100 1540 qui
3147 1483 3256 1523 non
3309 1477 3498 1524 contra
3547 1464 3911 1522 adversarios

2296 1576 2397 1618 nos
2425 1576 2682 1618 exercere
2711 1560 3081 1617 defensionem
3110 1561 3380 1631 loquetur,
3412 1571 3467 1614 at
3516 1558 3567 1612 in
3596 1556 3910 1613 rebellione

604 1652 661 1707 in
690 1652 866 1708 locum
894 1654 984 1725 qui
1023 1654 1316 1727 Margolius
1365 1655 1586 1722 dicitur,
1631 1656 1710 1712 eis
1753 1656 1856 1712 sibi
1905 1669 2196 1712 occurrere
2223 1653 2272 1714 B
2300 1662 2492 1710 contra
2519 1669 2700 1725 regem
2729 1653 3048 1709 temerarios
3068 1661 3231 1724 atque
3255 1650 3502 1724 perjuros
3517 1661 3662 1706 stare
3688 1649 3911 1705 calum-

602 1743 824 1814 placuit.

676 1839 764 1893 8|.
801 1837 1042 1893 Lotharii
1066 1849 1111 1894 et
1140 1839 1211 1872 ’⁵³³
1245 1839 1454 1896 Ottonis
1488 1857 1666 1913 regum
1695 1841 1992 1897 conciliatio
2020 1841 2199 1895 ⁸⁸⁸.-

604 1928 988 1987 Convenerunt
1021 1947 1171 2004 ergo.
1221 1934 1481 2006 Datisque
1521 1934 1761 2000 dextris,
1806 1933 2053 1990 osculum
2095 1933 2198 1990 sibi

603 2024 724 2079 sine
779 2023 958 2096 aliqua
1008 2025 1400 2096 disceptatione
1447 2025 1834 2098 benignissime
1890 2026 2194 2093 dederunt;

605 2115 912 2170 amiciciam
944 2115 1266 2172 altrinsecus
1305 2127 1650 2174 sacramento
1685 2117 2044 2174 stabilierunt.
2077 2117 2198 2173 Bel-

602 2209 736 2277 gica:
762 2224 886 2279 pars
910 2225 1030 2279 quae
1057 2209 1110 2264 in
1152 2209 1248 2264 lite
1289 2209 1490 2276 fuerat,
1516 2211 1571 2265 in
1596 2208 1687 2279 jus
1710 2208 1925 2265 Ottonis
1955 2209 2191 2264 transiit.

601 2299 750 2361 Otto,
770 2301 917 2372 regni
948 2301 1030 2356 sui
1059 2316 1192 2372 pace
1219 2301 1386 2368 facta,
1419 2301 1629 2356 Italiam
1653 2301 1828 2372 petiit,
1859 2300 2194 2372 Romamque

600 2393 837 2462 devenit,
869 2409 996 2450 suos
1029 2396 1310 2452 revisurus
1339 2405 1502 2468 atque
1527 2397 1594 2452 de
1623 2396 1775 2468 regni
1815 2405 1962 2451 statu
1993 2396 2192 2467 quaesi-

599 2495 655 2542 ιιι
666 2503 774 2554 rus;
790 2503 1100 2558 compressu
1111 2505 1199 2544 rus
1211 2491 1372 2544 etiam
1390 2490 1433 2544 si
1451 2490 1541 2560 qui
1561 2489 1699 2545 forte
1713 2499 1896 2545 essent
1911 2488 2193 2554 tumultus,

597 2587 653 2633 et
671 2579 1055 2635 tumultuantes
1075 2581 1124 2636 in
1143 2597 1328 2652 pacem
1350 2591 1700 2638 revocaturus
1721 2583 1764 2637 si
1781 2582 1872 2653 qui
1888 2582 2192 2653 principum

597 2673 739 2730 forte
764 2675 1103 2732 dissiderent.
1129 2675 1422 2732 Lotbarius
1447 2691 1576 2731 vero
1604 2675 1919 2732 Laudunum
1946 2677 2190 2745 veniens,

599 2768 742 2838 apud
768 2785 895 2824 suos
919 2785 1144 2840 quaeque
1169 2785 1402 2842 congrua
1427 2770 1526 2825 sibi
1550 2771 1934 2841 pertractabat.
1956 2771 2065 2827 Nec
2077 2770 2192 2840 jam

600 2860 889 2930 quicquam
922 2861 1038 2932 spei
1064 2876 1131 2916 ex
1160 2862 1294 2916 duce
1325 2862 1579 2926 habebat,
1609 2878 1730 2916 cum
1760 2872 1980 2933 propter
2003 2878 2191 2933 pacem

597 2950 722 3006 dolo
741 2953 1040 3020 quaesitam,
1061 2969 1164 3008 non
1182 2953 1528 3009 mediocriter
1550 2970 1671 3010 eum
1696 2965 2005 3026 suspectum
2025 2957 2191 3012 babe-

2299 1745 2558 1801 niabitur.
2591 1744 2684 1801 Sic
2711 1746 2876 1800 etiam
2911 1745 2980 1800 ad
3027 1759 3397 1815 quoscumque
3421 1743 3683 1800 accedere
3741 1755 3911 1814 posse

2298 1837 2622 1903 mencietur,
2651 1847 2712 1893 ut
2737 1838 2854 1893 sine
2884 1836 3099 1901 delicto,
3141 1837 3260 1892 sine
3297 1833 3518 1907 perjurii
3548 1833 3850 1906 sacrilegio
3877 1849 3908 1889 a

2299 1931 2534 1987 dominis
2561 1931 2839 1998 recedant,
2886 1939 2941 1988 et
2967 1940 3156 1988 contra
3202 1931 3322 1986 illos
3371 1938 3697 1999 arroganter
3725 1929 3910 1984 cervi-

2297 2039 2390 2081 ces
2417 2025 2684 2080 attollant.
2721 2024 2892 2096 Hujus
2941 2024 3166 2096 periculi
3190 2032 3492 2079 extremum
3520 2031 3575 2078 et
3602 2020 3745 2077 utile
3775 2037 3903 2076 cou-

2297 2119 2478 2175 silium
2507 2121 2663 2176 nobis
2689 2120 2926 2182 videtur,
2959 2127 3016 2174 ut
3044 2134 3165 2175 cum
3195 2119 3300 2172 duo
3320 2127 3508 2172 contra
3543 2131 3641 2171 nos
3673 2116 3909 2185 conjun-

2296 2214 2368 2268 cti
2407 2213 2536 2279 sint,
2566 2212 2723 2268 alteri
2751 2212 2981 2266 alterum
3017 2211 3423 2266 subtraliamus.
3454 2208 3605 2275 Quod
3657 2207 3703 2261 si
3745 2206 3909 2260 alteri

2295 2305 2433 2360 alter
2461 2304 2706 2360 subtrahi
2738 2304 2944 2373 nequit,
2979 2302 3171 2358 saltem
3211 2303 3263 2356 in
3289 2301 3590 2355 amiciciam
3622 2299 3792 2354 nobis
3816 2312 3911 2352 eo-

2295 2415 2416 2455 rum
2438 2398 2665 2453 alterum
2689 2397 3076 2460 devinciamus,
3101 2405 3160 2450 ut
3179 2394 3315 2449 alter
3337 2393 3493 2448 nobis
3515 2391 3798 2454 addictus,
3825 2389 3908 2443 al-

2297 2493 2397 2547 teri
2415 2492 2556 2546 vires
2571 2505 2676 2545 non
2702 2490 2940 2560 praibeat
2953 2489 3301 2557 animumque
3317 2486 3602 2540 ministret.
3628 2483 3748 2538 Hoc
3763 2497 3908 2553 quo.

2295 2601 2400 2657 que
2423 2584 2539 2639 fieri
2569 2582 2824 2654 possibile
2852 2591 2955 2646 est,
2989 2582 3032 2636 si
3062 2581 3248 2635 Romae
3294 2593 3436 2633 nunc
3464 2578 3700 2648 positum
3745 2575 3912 2633 Otto-

2293 2696 2419 2738 nem
2485 2677 2677 2750 legatis
2745 2674 3038 2748 praemissis
3097 2680 3292 2727 cautus
3351 2679 3407 2724 et
3458 2669 3906 2737 circumspectus

2295 2772 2516 2829 adieris.
2547 2770 2665 2826 Non
2694 2770 2840 2825 enim
2871 2767 2949 2823 sic
2994 2765 3146 2837 parvi
3195 2773 3280 2819 est
3321 2761 3517 2831 ingenii
3567 2759 3725 2827 Otto,
3757 2757 3821 2815 ut
3855 2769 3909 2815 te

2294 2867 2560 2938 potiorem
2610 2862 2874 2919 Lotbario
2920 2860 3086 2915 armis
3131 2867 3187 2914 et
3231 2857 3422 2927 opibus
3464 2855 3719 2925 ignoret,
3774 2869 3908 2908 cum

2295 2975 2420 3032 sepe
2447 2967 2502 3014 et
2547 2954 2599 3011 id
2629 2955 2860 3011 audierit
2887 2961 2941 3008 et
2969 2966 3064 3024 per
3090 2965 3210 3006 sese
3235 2956 3488 3018 expertus
3514 2947 3602 3000 sit.
3638 2943 3806 2999 Unde
3839 2953 3900 2998 et

598 3051 704 3096 ret.
735 3041 906 3113 (98L)
934 3041 1065 3097 Cum
1084 3042 1196 3112 jam
1223 3044 1338 3099 haec
1358 3045 1538 3100 omnia
1562 3045 1722 3115 vulgo
1744 3047 2187 3118 prmdicarentur,
2217 3028 2264 3092 ο
2295 3028 2509 3108 facilius
2537 3049 2654 3120 ejus
2684 3045 2987 3102 amiciciam
3039 3040 3357 3114 adipisceris
3382 3056 3396 3105 ;
3446 3037 3692 3110 proderit
3727 3036 3903 3090 etiam

597 3134 842 3191 nonnulli
876 3151 1092 3206 quoque
1118 3136 1242 3192 inde
1273 3137 1537 3209 indignati
1576 3154 1676 3210 pro
1705 3139 1839 3194 duce
1869 3138 2186 3208 fremerent,

599 3228 708 3282 dux
753 3228 1019 3283 constanti
1073 3229 1255 3283 animo
1296 3230 1574 3286 tristitiam
1612 3231 1960 3287 dissimulans
2003 3232 2189 3289 omnia

594 3317 837 3386 ferebat,
866 3328 921 3374 ct
957 3320 1096 3376 sicut
1127 3321 1295 3377 moris
1332 3323 1384 3378 ei
1413 3332 1531 3378 erat
1565 3323 1813 3379 consulto
1849 3325 2029 3379 omnia
2058 3325 2190 3381 deli-

595 3412 815 3481 berare,
846 3417 1172 3487 primatibus
1194 3419 1469 3476 advocatis
1496 3420 1895 3478 declamaturus
1917 3422 2137 3478 resedit.

667 3505 756 3560 82.
803 3505 986 3562 Oratio
1021 3508 1092 3541 ⁸³⁸
1121 3511 1269 3566 ducis
1305 3511 1375 3544 ⁸⁸⁵
1408 3512 1550 3582 apud
1581 3529 1724 3568 suos.
1748 3513 2048 3583 -Quibus
2091 3531 2186 3572 co-

589 3601 717 3652 'ram
746 3597 825 3654 sic
852 3615 1011 3656 orsus
1053 3601 1234 3673 cepit:
1268 3621 1288 3654 ‹
1321 3601 1438 3659 Νοη
1466 3612 1667 3675 ρῑαιῑθι*
1697 3605 1930 3662 fructum
1957 3607 2106 3664 utilis
2133 3617 2190 3664 et

597 3689 814 3748 honesti
851 3694 1133 3750 consilium
1158 3711 1188 3750 a
1229 3697 1402 3754 doctis
1425 3700 1714 3769 expetitur.
1741 3701 1950 3768 Quibus
1977 3701 2106 3756 solis
2133 3711 2191 3758 et

599 3783 856 3839 decenter
886 3787 1182 3853 acceditur,
1215 3799 1270 3844 et
1299 3790 1366 3844 ab
1394 3791 1474 3846 eis
1517 3790 1798 3847 ﬂuctuanti
1846 3794 1948 3860 rei,
1973 3795 2189 3850 consilii

591 3877 738 3930 ratio
754 3875 1013 3946 aperitur.
1032 3875 1140 3932 Vos
1160 3879 1212 3932 in
1229 3880 1560 3936 consulendo
1591 3882 1828 3938 arbitror
1852 3883 2074 3940 idoneos
2094 3884 2186 3953 ⁸⁸⁵,

597 3985 722 4024 cum
752 3971 821 4024 ab
855 3970 1037 4025 animo
1064 3986 1168 4026 non
1211 3973 1473 4037 discedat,
1501 3984 1705 4045 quanta
1741 3976 1939 4033 virtute
1965 3985 2020 4034 et
2042 3979 2190 4049 inge-

601 4062 696 4116 nio
744 4061 930 4123 vestri.
989 4077 1362 4132 smpcnumero
1418 4067 1746 4123 adversariis
1791 4069 2186 4138 prtenituerim.

600 4154 847 4224 Cumque
876 4169 973 4210 vos
1006 4155 1137 4210 mihi
1171 4157 1420 4212 manibus
1449 4167 1503 4212 et
1530 4171 1874 4216 sacramento
1903 4162 2148 4218 addictos
2169 4203 2187 4231 ,

599 4246 763 4302 fidem
791 4262 1005 4317 quoque
1040 4247 1404 4304 inviolabilem
1434 4259 1746 4307 servaturos
1777 4268 1882 4307 non
1922 4253 2186 4323 dubitem,

596 4339 970 4395 indubitanter
991 4355 1021 4394 a
1051 4339 1298 4396 fidelibus
1324 4342 1608 4397 consilium
1633 4353 1776 4414 peto.
1805 4344 1958 4413 Quod
1987 4346 2031 4400 si
2055 4347 2182 4403 mihi

597 4430 929 4496 conceditur,
953 4445 1050 4486 vos
1073 4431 1236 4486 etiam
1272 4431 1687 4503 participabitis.
1720 4434 1775 4490 Si
1807 4451 1914 4490 non
1944 4439 2181 4509 suggeri-

597 4531 710 4586 tur,
740 4518 879 4575 forte
907 4535 1011 4575 non
1045 4520 1220 4576 aberit
1250 4521 1588 4592 dispendium
1639 4525 1727 4580 cui
1754 4524 2039 4583 indecores
2066 4543 2186 4584 suc-

601 4614 890 4671 cumbatis.
931 4615 1070 4684 Ergo
1097 4615 1222 4687 quia
1253 4632 1353 4686 pro
1377 4617 1490 4672 vita
1522 4618 1721 4688 agitur,
1747 4620 2032 4676 consilium
2055 4622 2186 4678 utile

597 4708 901 4764 liberaliter
938 4711 1261 4780 expromite.
1312 4709 1429 4767 Non
1474 4714 1618 4768 enim
1668 4729 1764 4771 vos
1810 4715 1944 4771 latet
1981 4727 2184 4788 quanta

601 4800 900 4856 subtilitate
932 4801 1060 4868 doli,
1088 4801 1381 4858 Lotbarius
1420 4819 1514 4859 rex
1563 4806 1838 4861 incautum
1869 4822 1956 4862 me
1982 4807 2186 4866 fefelle-

573 4882 693 4958 'rit,
725 4909 847 4949 cum
879 4894 1084 4965 absque
1113 4909 1198 4950 me
1222 4894 1406 4952 Ottoni
1430 4898 1765 4954 reconciliari
1792 4898 2021 4956 voluerit
2043 4900 2184 4956 fece-

596 4990 794 5059 ritque.
827 4987 924 5043 Cui
953 5006 983 5043 a
1029 4999 1210 5044 mente
1239 4991 1454 5060 penitus
1479 4991 1732 5057 excessit,
1763 5007 1924 5063 quam
1972 4993 2181 5049 liberali

579 5078 780 5135 'animo
809 5091 1070 5152 quantum
1101 5081 1398 5151 periculum
1441 5097 1726 5155 aggressus
1767 5085 1903 5153 sim,
1935 5101 2056 5141 cum
2086 5101 2186 5156 per

599 5188 688 5229 me
715 5174 924 5232 hostem
951 5189 1124 5242 nuper
1169 5173 1454 5245 fugaverit,
1497 5175 1762 5249 Belgicam
1790 5192 2006 5250 quoque
2049 5177 2185 5233 insi-

2293 3143 2574 3216 sanguinis
2600 3140 2762 3196 vestri
2792 3137 3192 3210 propinquitas,
3239 3149 3360 3188 cum
3387 3145 3540 3201 teque
3583 3137 3644 3183 ut
3688 3127 3906 3182 Lotba-

2292 3239 2406 3295 rius
2444 3236 2492 3292 ei
2525 3235 2578 3290 in
2607 3235 2710 3289 hoc
2733 3230 3096 3301 conjungaris.
3137 3244 3157 3279 ι

2362 3328 2452 3384 84.
2485 3327 2616 3394 Qua:
2639 3322 2910 3379 sententia
2941 3319 3147 3391 prolata
3194 3313 3510 3371 favoraliter
3535 3309 3604 3343 ⁵⁸⁷
3637 3308 3767 3364 duci
3797 3308 3904 3363 ha~

2290 3422 2403 3479 bita
2433 3429 2536 3477 est.
2581 3418 2803 3490 Legatis
2830 3416 2994 3488 igitur
3022 3411 3246 3468 directis
3270 3410 3379 3464 dux
3424 3406 3668 3462 animum
3699 3401 3908 3472 hujus-

2290 3516 2438 3574 modi
2465 3513 2648 3571 Ottoni
2673 3511 2845 3567 Rome
2873 3506 3150 3564 indicavit.
3184 3502 3312 3559 Otto
3344 3501 3482 3557 mira
3517 3496 3902 3555 benivolentia

2291 3608 2500 3680 legatos
2527 3604 2780 3675 excepit;
2814 3603 2879 3657 de
2905 3597 3153 3654 amicicia
3198 3608 3416 3667 quoque
3443 3592 3589 3648 inter
3617 3588 3743 3644 illos
3793 3586 3906 3642 ha-

2290 3699 2467 3755 benda
2525 3705 2586 3753 Se
2629 3693 3036 3766 paratissimum
3073 3704 3179 3746 non
3228 3685 3468 3759 negavit.
3498 3681 3654 3752 Quod
3693 3680 3744 3736 si
3779 3680 3909 3750 ipse

2292 3791 2402 3847 dux
2427 3790 2492 3846 ad
2519 3804 2579 3845 se
2608 3787 2836 3852 veniret,
2868 3794 2929 3840 ut
2954 3783 3186 3855 amplius
3210 3789 3438 3851 uterque
3463 3774 3732 3833 amicicia:
3777 3773 3905 3837 vim

2290 3881 2651 3952 experiretur,
2687 3893 2810 3933 eum
2859 3891 2983 3931 cum
3015 3873 3127 3930 suis
3151 3889 3210 3929 se
3238 3873 3492 3928 decenter
3525 3875 3736 3924 etcum
3789 3864 3907 3920 hoc

2289 3987 2426 4031 nore
2459 3978 2836 4042 excepturum.
2869 3967 3056 4037 Legati
3082 3963 3310 4029 reversi,
3343 3961 3465 4016 duci
3507 3956 3768 4014 mandata
3805 3971 3907 4012 re-

2293 4066 2554 4123 tulerunt.
2588 4064 2706 4120 Dux
2735 4061 2899 4132 igitur
2925 4058 3187 4129 quosdam
3231 4068 3460 4125 magnas.
3481 4047 3788 4122 prudentiae
3843 4056 3906 4103 et

2291 4159 2507 4217 astutia}
2541 4169 2847 4219 assumens,
2885 4151 3172 4207 Arnulfum
3223 4146 3476 4202 videlicet
3522 4141 3903 4198 Aurelianen-

2289 4251 2430 4307 sium
2459 4248 2790 4320 episcopum,
2820 4252 2982 4313 atque
3005 4239 3383 4296 Burcbardum
3411 4249 3622 4291 necnon
3645 4230 3904 4288 “'.......

2292 4344 2529 4414 reliquos
2550 4354 2767 4413 quoque
2793 4336 3080 4393 admodum
3106 4331 3440 4388 necessarios
3461 4329 3627 4392 viros,
3650 4325 3904 4381 Romam

2288 4435 2648 4511 progreditur.
2690 4431 2918 4487 Sanctos
2967 4425 3236 4498 apostolos
3288 4424 3542 4486 honorat,
3591 4427 3761 4490 atque
3811 4419 3905 4474 sic

2288 4544 2469 4601 regem
2492 4527 2645 4598 petit.

2359 4599 2449 4673 85.
2502 4613 2710 4670 Ottoni:
2769 4625 2888 4666 cum
2914 4608 2983 4641 ‘9’
3029 4605 3253 4678 Hugone
3289 4603 3472 4660 sessio.
3502 4630 3577 4642 ——
3605 4599 3740 4656 Otto
3773 4599 3907 4671 glo-

2289 4709 2428 4765 riam
2455 4706 2556 4763 sibi
2587 4717 2781 4775 parare
2822 4699 3066 4770 cupiens,
3100 4712 3168 4752 ex
3205 4693 3474 4750 industria
3503 4691 3630 4762 egit,
3659 4698 3720 4744 ut
3763 4705 3904 4744 om-

2292 4801 2452 4856 nibus
2482 4814 2511 4851 a
2557 4792 2804 4852 cubiculo
2834 4791 2982 4860 regio
3029 4787 3264 4852 emissis,
3302 4785 3420 4856 ejus
3459 4782 3672 4853 gladius
3719 4795 3910 4850 super

2290 4891 2477 4948 sellam
2512 4886 2782 4960 plectilem
2811 4884 3193 4954 deponeretur,
3226 4877 3332 4934 dux
3358 4875 3525 4931 etiam
3571 4871 3720 4929 solus
3762 4888 3905 4928 cum

2290 4982 2405 5038 solo
2433 4981 2685 5052 episcopo
2715 4975 3169 5036 introduceretur,
3222 4977 3281 5024 ut
3305 4980 3430 5036 rege
3481 4963 3756 5018 latiariter
3806 4961 3903 5017 lo-

2290 5085 2509 5148 quente,
2539 5073 2824 5144 episcopus
2842 5065 3127 5123 latinitatis
3157 5064 3445 5132 interpres,
3473 5057 3597 5112 duci
3624 5057 3906 5128 quicquid

2292 5170 2563 5226 diceretur
2588 5166 2876 5239 judicaret.
2906 5157 3223 5230 lntrogressi
3255 5154 3440 5225 igitur,
3466 5166 3498 5206 a
3524 5165 3652 5223 rege
3676 5149 3903 5221 ingenti

1861 5345 1906 5362 ιν
1921 5346 1937 5362 Δ
1956 5346 2025 5362 η.
2051 5345 2094 5362 ΙἿ
2128 5346 2152 5362 1*
2174 5343 2504 5362 nl‘mIn‘Vnﬂ
