4026 6312
196 305 296 364 H7

1169 309 1646 371 HISTORIABUM
1683 314 1869 372 LIBRI
1910 314 2271 384 QUATUOR.
2303 348 2374 358 —
2400 318 2529 372 LIB.
2572 319 2657 374 Ili.

3364 321 3467 379 H8

195 423 380 480 favore
409 423 619 495 excepti
644 431 791 479 sunt.
819 424 936 480 Rex
965 425 1283 496 iniuriarum
1307 431 1583 501 querelam
1610 433 1778 505 depo-
1804 413 1862 472 Α
1956 426 2046 483 88.
2082 427 2237 499 Hugo
2276 432 2532 487 inmutato
2549 433 2621 466 ὀδ
2643 434 2824 488 habitu
2846 434 2916 466 ‘°"
2948 410 3169 491 insidias
3197 437 3391 492 evadit.
3410 466 3481 479 --

195 518 313 583 nit;
343 526 401 573 et
429 517 676 572 osculum
705 517 861 583 dans,
894 520 1125 590 gratiam
1156 523 1237 577 sui
1267 520 1580 579 favoraliter
1606 527 1783 582 amico

198 606 462 679 impertit.
488 606 614 663 Post
642 608 810 664 multa
840 610 1105 681 colloquia
1140 612 1207 668 de
1237 615 1480 671 amicicia
1514 618 1781 684 habenda,

199 717 317 760 cum
357 717 455 757 rex
483 702 677 768 exiret,
709 702 1053 775 gladiumque
1080 707 1374 777 respicimus
1416 719 1647 779 peteret,
1679 714 1788 767 dux

200 794 475 866 paululum
503 811 534 850 a
562 811 619 852 se
647 796 931 852 discedens
952 814 1012 853 se
1040 799 1316 856 inclinavit
1336 812 1400 857 ut
1430 803 1663 874 gladium
1688 805 1790 860 tol-

197 886 347 953 leret,
374 901 445 942 ac
491 898 615 958 post
656 904 836 961 regem
868 890 1072 957 ferret;
1119 893 1220 949 hac
1250 894 1394 950 enim
1428 912 1590 953 causa
1626 912 1790 969 super

199 978 378 1035 sellam
410 979 640 1035 relictus
672 980 795 1041 fuit.
826 989 883 1036 ut
906 980 1032 1038 dum
1072 984 1178 1039 dux
1207 987 1417 1041 cunctis
1446 987 1515 1019 ³⁰⁰
1562 988 1790 1044 videnti-

201 1072 296 1129 bus
316 1071 392 1104 ⁸⁸⁸
430 1072 672 1144 gladium
689 1072 760 1105 ⁵⁰⁰
786 1073 971 1139 ferret,
1000 1076 1052 1129 in
1080 1086 1351 1145 posterum
1377 1078 1448 1110 ⁸⁰⁰
1478 1080 1640 1135 etiam
1665 1096 1794 1151 por-

172 1174 175 1177 '
200 1170 437 1219 taturum
468 1164 545 1197 '”
574 1165 839 1221 indicaret
861 1165 950 1220 "°.
971 1168 1265 1239 Episcopus
1287 1185 1417 1225 vero
1440 1171 1562 1227 duci
1591 1189 1791 1228 consu-

199 1255 328 1318 lens.
359 1255 608 1328 gladium
639 1258 708 1312 ab
741 1257 856 1326 ejus
885 1275 1046 1313 manu
1085 1262 1282 1331 rapuit,
1323 1271 1377 1318 et
1406 1263 1518 1334 ipse
1545 1264 1796 1321 deferens

200 1361 313 1425 post
337 1368 530 1426 regem
565 1354 805 1411 incessit.
836 1354 1000 1425 Cujus
1028 1358 1370 1428 prudentiam
1396 1360 1553 1414 simul
1574 1370 1629 1417 et
1649 1370 1795 1416 astu-

202 1445 321 1499 tiam
351 1460 451 1501 rex
480 1446 807 1514 admiratus,
839 1449 978 1518 apud
1001 1465 1127 1504 suos
1152 1460 1336 1521 postea
1365 1468 1470 1507 non
1500 1454 1615 1509 sine
1639 1454 1798 1510 laude

203 1539 374 1609 sepius
397 1537 794 1611 frequentavit.
824 1542 1021 1597 Ducem
1044 1559 1259 1613 quoque
1278 1544 1329 1598 in
1362 1545 1590 1616 plurima
1613 1548 1800 1603 amici-

205 1630 278 1685 cia
310 1639 660 1702 susceptum,
690 1649 812 1688 cum
841 1633 1044 1690 honore
1074 1644 1128 1720 et
1164 1650 1299 1707 pace
1336 1652 1474 1708 pene
1516 1654 1686 1709 usque
1731 1640 1800 1695 ad

204 1720 355 1791 Alpes
379 1723 583 1779 deduci
616 1722 764 1779 fecit.

267 1814 353 1869 86.
386 1813 638 1885 Epistula
665 1816 906 1872 Lotlrarii
940 1819 1011 1873 ad
1040 1818 1400 1877 Chonradum.
1420 1854 1491 1864 —
1510 1822 1801 1880 Lotliarius

208 1924 314 1977 rex,
341 1924 562 1965 necnon
593 1918 650 1965 et
688 1910 877 1965 Emma
905 1913 1087 1983 regina
1143 1913 1366 1969 insidias
1417 1914 1614 1986 ubique
1643 1932 1802 1987 para-

207 2001 368 2067 bant;
403 2012 559 2059 etut
600 2005 656 2060 in
699 2006 892 2062 itinere
946 2007 1260 2063 redeunlem
1316 2020 1595 2081 caperent,
1653 2011 1804 2068 dolos

168 2084 633 2169 praetendebant.
657 2099 826 2169 Igitur
853 2100 1103 2159 Conrado
1130 2103 1516 2161 Alemanorum
1548 2104 1659 2177 regi
1693 2106 1804 2177 epi-

168 2178 175 2181 μ
212 2190 389 2246 stolam
422 2190 629 2264 legavit
658 2194 803 2250 hunc
841 2196 1056 2251 modum
1106 2196 1392 2253 habentem
1421 2218 1435 2254 :
1465 2218 1484 2252 ι
1516 2200 1806 2257 Lotbarius

214 2281 541 2337 Francorum
573 2284 749 2355 gratia
778 2285 870 2340 Dei
891 2285 1271 2351 rex,Conrado
1295 2288 1807 2345 ImAlemannorum

170 2356 184 2366 θ
217 2375 319 2446 regi
362 2376 631 2445 quicquid
683 2377 807 2432 sibi.
856 2377 1175 2433 Amiciciam
1228 2379 1372 2434 inter
1420 2396 1518 2436 nos
1558 2396 1589 2435 a
1637 2379 1809 2437 multo

222 2475 445 2539 tempore
477 2468 835 2524 constitutam
866 2468 1248 2526 inviolabiliter
1301 2486 1628 2527 conservare
1659 2488 1805 2528 sem-

222 2578 303 2632 per
334 2564 465 2618 n.ihi
493 2573 711 2634 gratum
753 2563 875 2619 fuit.
912 2564 1081 2633 Cujus
1109 2564 1316 2622 fructus
1342 2582 1463 2623 cum
1494 2584 1522 2622 a
1548 2581 1635 2624 me
1667 2566 1809 2625 mul-

182 2646 185 2649 Α
227 2656 364 2727 tiplex
384 2658 545 2713 exire
569 2656 768 2721 valeat,
790 2657 924 2713 utile
945 2658 1072 2714 duxi
1095 2659 1349 2729 quiddam
1374 2660 1529 2716 vobis
1547 2660 1809 2728 indicare,

214 2758 274 2807 .et
292 2750 348 2803 ad
372 2758 570 2805 votum
618 2749 750 2803 mihi
786 2748 900 2804 fieri
951 2750 1004 2804 id
1049 2759 1250 2821 petere.
1293 2750 1571 2823 llugonem
1620 2751 1811 2807 ducem

244 2842 384 2899 sciatis
418 2843 808 2899 mebactenus
850 2859 946 2914 pro
997 2846 1173 2898 amico
1214 2844 1490 2900 habuisse.
1524 2844 1812 2914 Comperto

194 3001 199 3005 ρ
250 2946 344 2988 vero
358 2935 509 3005 quod
534 2934 769 2989 latenter
801 2935 973 2990 hostis
999 2936 1128 2991 mibi
1156 2946 1319 3001 esset,
1346 2936 1414 2991 ab
1439 2935 1555 3005 ejus
1585 2936 1815 2992 familia-

240 3027 367 3083 ritate
394 3044 493 3084 me
518 3029 869 3085 remotiorem
910 3029 1034 3085 feci.
1066 3030 1220 3086 Unde
1244 3048 1387 3087 nunc
1407 3030 1637 3087 Romam
1670 3032 1811 3100 iens,

1829 1784 1880 1847 Β

1888 523 2005 577 Dux
2050 522 2241 579 horum
2288 541 2393 581 non
2446 527 2684 594 nescius,
2716 527 2948 584 reditum
2986 531 3273 584 accelerat.
3307 530 3484 586 Dolis-

1889 629 1995 684 que
2029 627 2408 684 praemetuens,
2450 627 2655 672 vestem
2710 628 2904 685 mutat,
2950 635 3177 691 seseque
3213 637 3378 677 unum
3410 622 3478 678 de

1889 705 2176 761 clientibus
2203 707 2442 762 simulat.
2476 708 2658 779 Equos
2681 725 2847 765 onera
2876 711 3131 777 ferentes,
3182 713 3297 784 ipse
3344 714 3486 785 regit

1892 807 2054 870 atque
2083 800 2532 872 exagitat.0nera
2564 804 2790 875 imponit
2809 814 2865 860 et
2888 807 3127 877 deponit,
3152 808 3405 863 omnibus
3425 823 3487 865 se

1893 891 2222 946 serviturum
2270 895 2663 950 accommodat.
2701 895 2980 968 Tantaque
3013 898 3275 954 industria
3307 901 3358 955 in
3386 900 3484 956 ab-

1888 981 2037 1053 jecta
2068 992 2215 1039 veste
2253 993 2309 1039 et
2337 984 2539 1040 inculto
2568 986 2754 1042 habitu
2787 1003 2845 1043 se
2875 990 3066 1046 ducem
3098 991 3483 1059 dissimulavit,

1894 1082 2034 1129 utet
2076 1090 2173 1145 per
2217 1076 2532 1132 insidiarum
2564 1077 2680 1134 loca
2728 1080 2982 1136 transiret
3016 1097 3136 1152 quae
3177 1098 3276 1139 nec
3320 1084 3488 1140 vitare

1894 1172 2128 1235 poterat,
2156 1173 2212 1220 et
2241 1165 2557 1223 insidiantes
2606 1165 2897 1225 edicacitcr
2940 1169 3168 1227 falleret.
3214 1170 3334 1230 Uno
3365 1182 3491 1229 tan-

1898 1266 2014 1313 tum
2041 1259 2110 1296 ⁸⁰⁸
2152 1259 2387 1331 hospitio
2435 1278 2574 1332 pene
2616 1262 2985 1335 deprehensus
3030 1266 3150 1322 fuit.
3197 1267 3331 1323 Nam
3360 1270 3490 1326 dum

1901 1352 2134 1405 eundum
2163 1361 2304 1407 esset
2350 1354 2615 1421 cubitum,
2663 1355 2712 1410 ei
2744 1354 2916 1412 lectus
2943 1374 3064 1412 cum
3103 1359 3346 1430 diligenti
3394 1375 3494 1433 ap-

1898 1453 2095 1514 paratu
2128 1446 2457 1515 compositus
2500 1456 2623 1513 est;
2675 1447 2835 1517 eique
2868 1450 3182 1508 circumfusi
3215 1469 3273 1509 se
3297 1469 3488 1511 omnes

1902 1540 1968 1594 ad
1990 1540 2331 1595 serviendum
2366 1541 2697 1598 obtulerunt.
2746 1543 2851 1598 Alii
2887 1546 3033 1601 enim
3080 1562 3218 1617 genu
3264 1546 3401 1603 ﬂexo
3417 1547 3489 1581 ⁸⁸⁸

1903 1632 2107 1704 caligas
2151 1632 2529 1698 extrahebant,
2564 1644 2946 1708 extractasque
2975 1637 3064 1693 alii
3113 1639 3492 1711 excipiebant;

1905 1724 1994 1780 alii
2028 1740 2155 1780 vero
2181 1724 2410 1780 nudatos
2435 1725 2599 1795 pedes
2637 1728 2895 1794 sedentis,
2940 1730 3271 1785 subsidendo
3297 1729 3503 1786 confri-

1908 1819 2136 1884 cabant,
2172 1827 2228 1874 et
2264 1819 2397 1891 giris
2440 1820 2666 1875 vestium
2709 1820 3091 1878 emundabant.
3135 1822 3260 1878 Haec
3302 1824 3503 1896 hospes

1907 1928 2007 1983 per
2050 1910 2173 1965 ostii
2221 1910 2389 1965 rimas
2436 1911 2832 1982 contemplatus
2861 1922 2966 1968 est.
3002 1912 3491 1985 Deprehensusque

1910 2005 2239 2074 explorasse,
2272 2020 2395 2059 mox
2422 2020 2489 2060 ne
2524 2020 2635 2059 rem
2668 2004 2942 2076 detegeret
2970 2014 3195 2061 vocatus
3218 2014 3381 2062 estet
3413 2007 3499 2062 in-

1910 2098 2216 2153 tromissus.
2247 2097 2571 2168 Strictisque
2609 2100 2960 2156 mucronibus
2986 2110 3272 2172 postquam
3318 2101 3366 2155 ei
3398 2115 3496 2156 ne-

1911 2204 2030 2245 cem
2058 2189 2249 2244 minati
2283 2198 2408 2244 sunt
2432 2190 2477 2245 si
2499 2205 2685 2245 vocem
2719 2191 3015 2258 emitteret,
3048 2192 3500 2264 comprehensum

1910 2281 2091 2354 ligatis
2112 2284 2360 2339 manibus
2379 2292 2434 2339 et
2455 2284 2684 2353 pedibus
2708 2284 2759 2338 in
2783 2285 3113 2356 ergastulum
3139 2286 3502 2341 detruserunt.

1913 2377 2017 2446 Qui
2067 2392 2198 2432 voce
2249 2393 2558 2449 suppressa,
2609 2379 2683 2434 ibi
2729 2395 2898 2451 usque
2945 2381 3321 2450 crepusculum
3370 2395 3505 2435 con-

1913 2487 2085 2527 vexus
2100 2471 2169 2504 ¹⁰⁷
2191 2472 2383 2543 jacuit.
2410 2471 2539 2528 Post
2564 2482 2723 2528 nocte
2749 2473 3097 2541 abscedente,
3145 2474 3197 2528 in
3227 2475 3343 2544 ipso
3386 2486 3508 2528 cre-

1918 2566 2143 2638 pusculo
2173 2577 2545 2622 surrexerunt.
2582 2566 2860 2637 Hospitem
2890 2575 3227 2638 assumptum
3273 2574 3329 2621 et
3365 2579 3507 2635 equo

1920 2659 2219 2724 invectum,
2247 2658 2431 2714 tandiu
2458 2666 2893 2727 asportavcrunt,
2916 2658 3089 2714 donec
3113 2657 3228 2712 loca
3258 2663 3508 2727 suspecta

1917 2750 2369 2805 transmitterent.
2400 2749 2604 2817 Quibus
2630 2750 2979 2814 transmissis,
3011 2748 3315 2818 depositum
3344 2744 3508 2802 dimi-

1918 2852 2145 2911 serunt,
2196 2843 2568 2913 reliquumque
2615 2842 2823 2898 itineris
2880 2843 3083 2897 celeres
3130 2839 3503 2896 confecerunt.

1918 2935 2031 2993 Nec
2076 2937 2257 2993 minus
2286 2934 2519 2991 Conradi
2566 2935 2710 3006 regis
2747 2935 2901 2991 dolos
2945 2949 3074 3005 sepe
3104 2931 3408 2989 simulando
3455 2939 3512 2987 et

1918 3029 2311 3086 dissimulando
2335 3030 2526 3095 evasit,
2564 3044 2685 3084 cum
2718 3028 2770 3083 in
2801 3028 2939 3085 dolis
2964 3024 3353 3099 componendis
3380 3024 3513 3080 insi-

231 3117 463 3177 Ottonem
501 3120 658 3187 adiit,
691 3123 745 3177 in
777 3123 880 3178 mei
910 3124 1319 3191 contumeliam,
1351 3126 1613 3198 regnique
1637 3126 1813 3183 labem
1841 3159 1889 3224 Ο
1920 3122 2158 3178 diatores
2196 3120 2376 3177 studio
2407 3129 2462 3176 et
2488 3121 2578 3176 hic
2606 3121 2927 3224 niterentur.
2971 3118 3209 3174 Tandem
3238 3124 3512 3173 tantorum

230 3210 270 3266 ei
296 3211 594 3283 plurimum
638 3228 1021 3283 persuasnrns.
1059 3214 1400 3288 QuaprOpter
1446 3233 1658 3273 summa
1689 3234 1814 3290 ope,

229 3319 425 3361 summo
474 3305 693 3374 ingenio
730 3306 961 3362 nitimini
1003 3323 1073 3364 ne
1112 3307 1327 3364 evadat.
1372 3308 1503 3366 Vale
1521 3311 1613 3365 ⁸⁰’.
1651 3331 1671 3365 ι
1709 3311 1819 3367 Ex-

227 3394 523 3467 pioratores
556 3399 740 3469 itaque
771 3398 1195 3472 circumquaque
1243 3401 1504 3473 dispositi,
1551 3416 1648 3472 per
1675 3418 1817 3475 prte-

194 3498 368 3559 .repta
419 3491 691 3546 montium
722 3500 778 3547 et
822 3494 1189 3566 sc0pulurum,
1225 3509 1325 3565 per
1370 3495 1582 3551 viarum
1614 3496 1815 3563 exitus,

226 3578 332 3649 ejus
357 3585 661 3640 adventum
687 3586 1125 3657 opperiebantur.

288 3675 373 3732 87.
406 3676 552 3731 Item
577 3677 798 3748 epistola
830 3678 1118 3735 Emmw’”
1161 3682 1358 3752 regina:
1379 3682 1449 3736 ad
1482 3692 1701 3737 matrem
1724 3681 1816 3738 ⁵⁸³.

227 3795 289 3807 -
315 3765 431 3823 Nec
457 3768 638 3824 minus
666 3769 853 3825 Emma
886 3772 1069 3842 regina
1099 3772 1263 3828 matri
1291 3789 1401 3829 suas
1450 3774 1505 3829 in
1537 3774 1681 3830 hunc
1704 3789 1822 3829 mo-

196 3906 203 3913 .
230 3857 344 3913 dum
366 3859 664 3931 epistolam
690 3861 891 3917 direxit
916 3882 929 3917 :
959 3882 980 3915 ι
1012 3864 1259 3920 Adelaidi
1300 3866 1457 3921 matri
1486 3865 1821 3942 imperatrici

231 3963 444 4022 semper
464 3959 733 4022 augustas,
760 3950 950 4006 Emma
976 3950 1306 4010 Francorum
1333 3956 1519 4026 regina
1568 3954 1819 4011 salutem.

232 4040 368 4099 Licet
427 4043 600 4099 multo
650 4053 915 4100 terrarum
961 4046 1255 4103 interstitio
1299 4057 1527 4114 semota,
1570 4057 1750 4103 tamen
1792 4062 1825 4102 a

233 4145 401 4193 matre
427 4137 615 4192 auxilii
646 4138 912 4194 rationem
946 4139 1055 4195 ﬁlia
1096 4148 1239 4210 peto.
1286 4139 1440 4213 Hugo
1476 4141 1584 4196 dux
1614 4139 1825 4195 insidiis

233 4245 330 4285 non
354 4230 540 4287 solum
569 4232 722 4302 regni
751 4232 922 4288 nostri
951 4234 1225 4305 principes
1270 4250 1300 4288 a
1341 4243 1526 4289 nostra
1571 4232 1826 4288 fidelitate
1884 4236 1888 4241 ’

235 4324 455 4389 amovit,
484 4324 579 4379 sed
609 4332 666 4379 et
702 4318 925 4380 fratrem
957 4342 1138 4381 meum
1187 4325 1438 4382 Ottonem
1486 4342 1518 4381 a
1552 4325 1708 4379 nobis
1729 4339 1824 4380 co-

1920 3213 2190 3271 malorum
2224 3228 2471 3278 securus,
2502 3211 2678 3266 Gallia
2710 3219 2965 3281 receptus
2992 3218 3097 3266 est.

1988 3308 2078 3365 89.
2106 3307 2348 3378 Cognitis
2394 3314 2573 3362 autem
2595 3315 2951 3375 utrorumque
2996 3304 3135 3360 dolis
3165 3303 3231 3360 ab
3256 3311 3510 3374 utroque,

1918 3409 2072 3457 tanta
2094 3401 2414 3457 crudelitate
2440 3401 2493 3456 in
2520 3415 2579 3457 se
2607 3415 2711 3455 non
2740 3400 2909 3455 armis
2945 3399 3039 3455 sed
3065 3398 3273 3455 insidiis
3300 3397 3516 3454 latenti-

1919 3493 2025 3550 bus
2054 3493 2371 3550 dcbacchati
2422 3502 2569 3559 sunt,
2610 3501 2671 3547 ut
2703 3492 2909 3563 aliquot
2954 3492 3113 3547 annis
3163 3506 3254 3547 res
3299 3490 3513 3561 publica

1918 3588 2259 3660 principibus
2311 3586 2701 3643 dissidentibus
2741 3586 2972 3641 multum
3025 3584 3312 3642 lederetur.
3362 3582 3517 3639 Tunc

1922 3682 2086 3737 etiam
2140 3681 2431 3737 multarum
2487 3694 2669 3735 rerum
2724 3679 3135 3751 usurpationes,
3192 3677 3517 3734 miseremur

1922 3787 2137 3845 quoque
2173 3773 2574 3843 oppressiones,
2608 3779 2662 3828 et
2689 3771 2833 3828 circa
2865 3772 3046 3827 minus
3067 3779 3337 3842 potentes,
3369 3769 3516 3825 cala-

1923 3864 2140 3920 mitates
2167 3863 2389 3919 nefariae
2432 3879 2463 3917 a
2493 3864 2814 3934 quibusdam
2867 3864 3051 3934 pravis
3079 3863 3336 3917 exercitae
3364 3870 3519 3917 sunt.

1924 3954 2059 4011 Cum
2085 3956 2367 4026 utriusque
2396 3954 2753 4024 sapientiores
2780 3953 2833 4008 in
2864 3969 3029 4008 unum
3052 3952 3352 4008 consulturi
3379 3966 3518 4008 con--

1923 4047 2202 4103 venientes
2227 4088 2242 4113 ,
2291 4047 2564 4119 principes
2595 4046 2861 4103 dissidere
2903 4044 3134 4117 plurima
3170 4044 3518 4101 commisera-

1927 4140 2073 4196 tione
2094 4140 2375 4210 conquesti
2399 4148 2544 4196 sunt.

1997 4232 2085 4289 90.
2105 4231 2347 4287 Lotharii
2366 4242 2414 4287 ct
2437 4230 2679 4303 Hugonis
2702 4230 3077 4286 reconciliatio.
3092 4260 3162 4273 -—
3176 4227 3521 4285 Statuerunt-

1927 4340 2032 4397 qne
2063 4332 2122 4378 ut
2144 4323 2367 4379 alterius
2389 4323 2649 4390 fautores,
2674 4324 2741 4379 ad
2762 4322 2989 4379 alterum
3014 4321 3228 4378 suasuri
3245 4320 3312 4377 de
3325 4334 3520 4376 recon-

234 4424 393 4471 natur
415 4424 664 4473 avertere
692 4434 708 4484 ;
737 4418 879 4473 unde
898 4427 953 4474 et
975 4419 1200 4474 Romam
1228 4419 1379 4475 illum
1407 4418 1561 4473 adiit.
1598 4417 1676 4473 Ne
1698 4433 1828 4489 ergo
1928 4416 2198 4471 ciliatione
2225 4418 2535 4479 transirent,
2564 4424 2623 4470 ut
2655 4414 2916 4471 alteruter
2951 4412 3311 4470 benivolentia
3352 4411 3519 4468 alter-

234 4506 449 4574 penitus
476 4507 560 4561 sui
589 4507 699 4562 voti
728 4522 949 4579 compos
992 4497 1270 4577 glorietur,
1309 4517 1435 4578 peto
1464 4507 1689 4580 supplex
1718 4506 1825 4562 illia
1851 4533 1906 4593 Β
1930 4510 2108 4564 utrius
2137 4517 2347 4579 captus,
2382 4508 2593 4564 facilius
2635 4508 3112 4572 condescenderet,
3146 4521 3379 4577 eumque
3423 4518 3521 4577 pro

235 4608 491 4665 matrem,
530 4607 587 4652 ut
615 4599 669 4655 in
701 4601 1025 4656 revertendo
1050 4608 1232 4656 tantus
1270 4600 1444 4657 hostis
1479 4599 1823 4671 impediatur.
1934 4598 2043 4655 lesa
2059 4597 3521 4669 amicieiautiliuspeniteret.Quodmconsultummon

236 4688 372 4748 Etsi
407 4691 524 4749 fieri
558 4702 760 4766 potest,
787 4703 878 4750 aut
909 4704 1098 4766 captus
1144 4704 1409 4764 teneatur,
1460 4704 1554 4751 aut
1600 4695 1833 4767 impunis
1935 4692 2104 4748 multo
2127 4701 2248 4763 post
2273 4690 2522 4747 effectum
2552 4692 2760 4766 habuit.
2787 4692 2919 4747 Nam
2959 4700 3016 4749 et
3041 4693 3121 4749 eis
3149 4690 3522 4747 etiicacissime

237 4798 340 4840 non
372 4785 581 4841 redeat.
615 4787 721 4843 Sed
749 4805 816 4844 ne
844 4805 936 4845 vos
983 4790 1098 4845 suis
1138 4789 1273 4846 dolis
1303 4790 1686 4862 tergiversator
1713 4804 1834 4845 eva-
1930 4802 2250 4858 persuasum
2274 4796 2457 4851 est,ac
2478 4786 2709 4857 plurima
2730 4785 3014 4843 dilectione
3028 4786 3128 4843 sibi
3149 4787 3345 4843 annexi
3370 4795 3498 4841 sunt

241 4873 350 4943 dat,
396 4877 562 4933 totius
592 4877 776 4935 formae
804 4880 944 4936 illius
977 4880 1357 4953 inseparabilia
1394 4882 1693 4938 accidentia
1738 4897 1827 4937 voc

242 4965 322 5024 bis
353 4969 585 5025 indicari
620 4972 825 5028 curavi.
859 4993 878 5025 ι
908 4972 1059 5029 Tunc
1090 4982 1373 5046 prosecuta
1398 4974 1698 5039 oculorum,
1732 4990 1825 5029 au-

245 5062 407 5128 rium,
433 5062 721 5129 labiorum,
755 5065 997 5121 dentium
1039 5083 1251 5138 quoque
1279 5078 1333 5135 et
1364 5069 1500 5133 nasi,
1533 5083 1741 5123 necnon
1773 5075 1830 5123 et

248 5156 577 5227 reliquarum
623 5159 863 5230 corporis
908 5161 1140 5232 partium
1171 5163 1489 5229 accidentia,
1538 5164 1826 5219 verborum

250 5260 462 5320 quoque
488 5259 751 5318 tenorem,
775 5253 853 5308 sic
873 5252 1112 5322 ignotum
1135 5254 1450 5322 declaravit,
1474 5263 1532 5312 ut
1554 5255 1640 5312 bis
1662 5256 1832 5327 signis

254 5339 526 5417 detegeret
549 5354 714 5418 atque
758 5346 1129 5419 ignorantibus
1156 5349 1439 5407 indicaret.

1934 4881 2026 4936 Sic
2054 4880 2215 4935 etiam
2246 4880 2302 4935 in
2340 4879 2584 4951 utrisque
2614 4879 2697 4934 vis
2726 4879 2987 4935 amicicize
3015 4879 3225 4935 firmata
3271 4878 3385 4934 visa
3416 4887 3517 4935 est.

2001 4976 2090 5031 9|.
2139 4971 2407 5029 Promotio
2448 4972 2699 5029 Ludovici
2736 4976 2791 5030 in
2822 4990 3035 5046 regnum
3070 4971 3421 5029 Francorum.
3456 4999 3491 5013 -

1936 5067 2149 5125 Etenim
2195 5083 2316 5123 cum
2356 5082 2449 5123 rex
2487 5066 2657 5121 filium
2703 5081 2859 5122 suum
2903 5065 3234 5121 Ludovicum
3266 5065 3320 5122 in
3356 5078 3523 5135 regno

1938 5162 2041 5218 sibi
2069 5161 2363 5218 succedere
2388 5159 2569 5227 vellet,
2598 5159 2770 5231 ipsum
2798 5174 3011 5230 quoque
3037 5175 3067 5213 a
3091 5173 3229 5215 nuce
3260 5156 3519 5214 ordinan-
3565 5190 3571 5195 ι

1940 5255 2065 5311 dum
2090 5262 2377 5325 quaereret,
2423 5253 2530 5308 dux
2569 5253 2709 5309 banc
2734 5252 3128 5309 ordinationem
3158 5265 3285 5306 mox
3313 5246 3523 5303 liberali

1942 5352 2125 5409 animo
2149 5365 2209 5408 se
2234 5348 2740 5407 administraturum
2766 5345 3063 5421 respondit.
3103 5343 3171 5400 Et
3215 5341 3407 5415 legatis
3444 5340 3525 5399 di-

1452 5552 1689 5611 VARIE
1728 5550 2135 5611 LECTIONES.

327 5721 398 5806 ’ξ
423 5728 741 5806 cunc_._bus,
765 5729 873 5806 gla,
898 5731 973 5806 in
1001 5739 1147 5805 post,
1171 5748 1201 5790 e
1229 5747 1347 5806 por,
1378 5731 1557 5806 icaret
1571 5746 1635 5786 ea:
1660 5730 1881 5802 conject.

265 5792 482 5877 abscisa.
553 5792 823 5871 ⁵⁸⁴ιιιιί,“ἰι
853 5792 1021 5862 ab...“
1071 5792 1145 5839 ὀί
1172 5792 1249 5862 sic
1278 5792 1346 5862 οξ
1401 5803 1476 5838 ⁸⁸⁸
1526 5802 1668 5860 flexu
1711 5792 1851 5860 σόν-τ.

1983 5727 2055 5761 ὀί
2096 5722 2335 5783 conrado
2378 5709 2621 5778 codexf'
2667 5719 2741 5762 0”
2768 5713 2926 5773 VAL.
3032 5713 3104 5750 '”
3147 5728 3329 5782 minae.
3378 5718 3522 5779 trem

1901 5797 2065 5861 ﬂexo.
2141 5798 2211 5831 ⁸⁸⁷
2239 5808 2554 5869 conquexus
2600 5807 2649 5849 c.
2720 5788 2877 5859 “‘Q.
2908 5794 3130 5848 senatus
3155 5785 3313 5846 delet.
