3988 5362
534 209 641 268 tta
1636 201 1918 262 arenam
1954 202 2013 262 s.
2041 204 2306 265 neuneu
2334 178 2645 265 MONACHi
2824 164 2831 173 ”
3701 201 3814 266 uo

533 325 699 382 rectis
722 364 740 392 ,
808 337 1098 396 regnorum
1162 322 1435 395 principes
1493 320 1808 390 Compendii
1861 320 2115 392 collegit;
2147 309 2195 367 Α
2225 324 2577 379 minationem
2607 323 2662 380 in
2691 322 3027 396 principibus
3068 336 3323 382 exercere
3344 322 3609 382 valerent.
3634 320 3814 385 Amor

531 419 716 491 ibique
768 433 800 473 a
851 420 987 474 duce
1034 417 1365 490 reliquisque
1416 417 1751 489 principibus
1816 415 2118 473 Ludovicus
2221 429 2436 486 quoque
2463 412 2761 487 coniugalis
2795 414 2875 471 eis
2919 428 3055 487 pene
3101 413 3280 471 nullus
3331 413 3452 470 fuit.
3499 415 3635 472 Nam
3680 416 3812 476 cum

532 528 629 570 rex
699 511 1032 568 adclamatus
1096 526 1197 583 per
1266 509 1737 582 metropolitanum
1806 510 2115 582 episcopum
2221 509 2311 566 ille
2355 510 2532 566 adhuc
2561 511 2900 582 pubesceret,
2945 509 3034 564 illa
3063 525 3193 566 vero
3221 526 3358 567 anus
3389 510 3561 579 foret,
3588 523 3812 571 contra-

527 605 846 672 Remorum,
894 606 1068 676 digna:
1099 603 1350 659 videlicet
1391 603 1665 659 memoria:
1698 601 2113 669 Adalberonem,
2218 601 2315 656 riis
2338 602 2577 657 moribus
2596 601 3006 658 dissentiebant.
3029 599 3345 658 Cubiculum
3374 619 3659 661 commune
3700 603 3809 663 sibi

526 709 712 757 sancta
745 700 831 755 die
856 698 1203 755 Pentecostes
1250 696 1304 752 in
1355 710 1577 768 regnum
1625 696 1957 752 Francorum
1986 711 2114 766 pro-
2217 709 2322 749 non
2354 694 2716 765 patiebantur.
2758 692 3071 766 Requieturi
3103 709 3318 767 quoque
3361 695 3592 771 diversis
3622 696 3812 769 hospi-

526 801 707 849 motus
734 790 1012 863 est(H6).
1047 789 1262 844 Duobus
1289 804 1419 860 ergo
1454 787 1803 859 regnantibus
1829 788 1936 867 dux
1974 786 2113 843 mul-
2218 786 2312 841 tiis
2376 772 2750 861 potiebantur.
2808 784 2865 841 Si
2923 782 3141 857 quando
3191 785 3607 858 colloquendum
3653 795 3809 859 erat,

528 894 582 938 ta
613 880 928 938 affabilitate
956 894 1020 935 ac
1049 877 1307 933 famulatu
1342 877 1648 949 multiplici,
1675 893 1772 948 per
1800 878 1915 933 dies
1935 876 2115 949 plures
2216 876 2395 934 locum
2445 878 2547 935 sub
2593 878 2716 934 divo
2758 877 3051 935 habebant.
3084 876 3190 936 Pro
3236 878 3578 935 sermonibus
3605 879 3813 951 produ-

521 986 643 1029 sese
700 969 1115 1026 commendabit
1148 986 1162 1035 ;
1217 969 1355 1025 adeo
1403 969 1603 1040 regiam
1660 968 1973 1040 dignitatem
2019 983 2118 1039 per
2212 954 2425 1037 cendia,
2453 971 2781 1042 paucissima
2812 971 2992 1027 dicere
3025 978 3114 1026 sat
3147 980 3283 1027 erat.
3313 970 3381 1027 Et
3411 973 3521 1045 hoc,
3543 971 3684 1043 apud
3709 985 3813 1030 eos

522 1062 704 1119 omnia
733 1062 1019 1128 extollens,
1071 1069 1126 1117 et
1166 1076 1286 1116 sese
1307 1060 1379 1095 ⁸⁰⁹
1415 1061 1494 1116 eis
1533 1061 1825 1132 supplicem
1855 1061 1925 1093 ⁵¹⁰
1961 1077 2116 1118 mon-
2214 1050 2330 1119 fere
2358 1071 2477 1118 erat
2505 1078 2603 1134 per
2633 1062 2934 1118 biennium.
2968 1062 3210 1131 Quorum
3258 1078 3439 1120 mores
3467 1078 3642 1135 usque
3669 1063 3811 1124 adeo

520 1165 746 1219 strans;
784 1167 843 1209 se
863 1153 1029 1209 etiam
1060 1151 1329 1208 facturum
1365 1150 1643 1223 pollicens,
1689 1160 1750 1207 ut
1797 1151 1955 1207 ambo
1989 1168 2116 1225 gen-
2214 1154 2492 1211 discordes
2544 1154 2718 1223 fuere,
2763 1162 2824 1210 ut
2852 1171 2960 1211 non
3009 1154 3179 1213 multo
3221 1166 3541 1228 sequeretur
3585 1166 3712 1231 post
3749 1166 3810 1217 et

526 1248 670 1304 tibus
707 1247 820 1319 jam
868 1246 1088 1302 domitis
1132 1255 1382 1317 potenter
1414 1246 1761 1317 imperarent,
1822 1246 2114 1303 indomitas
2213 1246 2524 1303 divortium.

517 1352 737 1408 quoque
770 1334 1063 1393 eﬂicaeiter
1085 1336 1152 1369 ³¹¹
1183 1326 1645 1393 mansucscerent.
1671 1335 1728 1391 Id
1756 1336 1919 1391 etiam
1945 1336 2114 1392 medi-
2282 1340 2373 1396 95.
2414 1340 2721 1397 Ludovicus
2769 1355 2898 1397 vero
2950 1341 3077 1412 quia
3132 1356 3346 1397 morum
3390 1340 3811 1401 informatorem

519 1429 762 1493 labatur,
786 1438 843 1482 ut
867 1428 920 1483 in
944 1428 1176 1485 diversis
1200 1417 1383 1498 regnis
1408 1428 1590 1500 positi,
1621 1428 1829 1500 regiam
1857 1428 2111 1484 domina-
2212 1449 2319 1490 non
2371 1435 2627 1501 habebat,
2662 1444 2848 1506 utpote
2879 1434 3195 1490 adolescens
3230 1433 3426 1489 levium
3464 1448 3647 1488 rerum
3696 1447 3801 1489 va-

525 1520 725 1576 tionem
755 1511 1092 1585 exercerent,
1122 1537 1189 1578 ne
1216 1523 1375 1578 unius
1404 1514 1553 1593 regni
1583 1521 1851 1595 angustia,
1883 1522 2109 1579 duorum
2211 1528 2473 1584 nitatibus
2541 1527 2850 1585 insistebat.
2920 1527 3178 1583 Habitum
3236 1527 3307 1559 ⁸¹³
3353 1526 3545 1598 patria:
3611 1526 3796 1600 gentis

521 1626 709 1685 regum
731 1611 1014 1685 maiestati
1046 1616 1269 1670 nimium
1298 1617 1605 1689 derogaret.
2134 1677 2180 1691 _
2210 1635 2311 1691 pro
2340 1619 2642 1691 peregrinis
2685 1619 2902 1690 penitus
2932 1618 3275 1689 deposuerat.
3315 1617 3502 1689 Itaque
3547 1617 3605 1673 in
3635 1620 3808 1674 mise-

585 1677 676 1764 92.
716 1677 851 1764 item
889 1709 1147 1780 promotio
1178 1677 1522 1765 Ludovicivin
1560 1726 1774 1782 regnum
1804 1710 2105 1784 Aquitania
2134 1677 2182 1743 Β
2211 1677 2433 1766 ἓοηιίειηι
2470 1677 2765 1768 υὣηυιιιῇῃ
2827 1727 2916 1767 res
2944 1677 3179 1783 penitus
3231 1677 3437 1782 dilapsa
3486 1718 3592 1776 est,
3641 1719 3704 1767 ut
3741 1718 3806 1769 et

507 1818 725 1874 ejusque
754 1804 1020 1859 uxoratio.
1047 1834 1117 1845 —
1147 1802 1284 1859 Dum
1322 1804 1438 1860 haec
1477 1803 1647 1860 multo
1688 1813 1886 1860 conatu
1924 1805 2107 1875 dispo-
2212 1803 2454 1858 moribus
2481 1804 2735 1875 degener,
2776 1811 2832 1860 et
2875 1803 3135 1875 regnandi
3179 1802 3494 1875 impotentia
3542 1802 3813 1876 inglorius

508 1905 685 1965 neret,
716 1897 805 1952 alii
832 1898 1052 1967 quidam
1082 1898 1242 1954 nimis
1292 1897 1469 1954 callidi
1501 1900 1604 1954 hoc
1649 1890 1945 1970 comperto,
1980 1915 2105 1956 cum
2207 1905 2382 1960 esset;
2430 1904 2487 1951 et
2532 1897 2623 1967 qui
2667 1893 2827 1966 paulo
2853 1905 2981 1950 ante
3025 1908 3122 1949 rex
3151 1908 3384 1964 genere,
3427 1891 3593 1959 fama,
3640 1902 3811 1965 atque

506 1988 815 2059 ltujusmodi
849 1990 1098 2061 ’gloriam
1151 1991 1205 2047 in
1263 2007 1384 2049 sese
1437 1994 1815 2050 transfundere
1863 1993 2100 2060 vellent,
2207 1989 2377 2061 copiis
2403 1997 2615 2060 potens,
2643 2004 2787 2044 nunc
2821 2002 3145 2043 erumnosus
3183 1994 3239 2042 et
3285 1986 3464 2058 ineps,
3512 1985 3592 2041 rei
3641 1982 3812 2042 famiv

467 2065 755 2141 'Emmam
804 2084 1040 2156 reginam
1097 2086 1395 2151 adeuntes,
1436 2102 1600 2158 super
1646 2087 1884 2143 maxima
1937 2103 1996 2144 re
2043 2102 2104 2145 se
2204 2080 2357 2136 liaris
2407 2079 2569 2135 simul
2614 2088 2669 2136 et
2712 2079 2960 2135 militaris
3001 2077 3317 2134 calamitate
3362 2068 3655 2149 squaleret.
3710 2074 3807 2135 ﬂii

506 2176 855 2233 consulturos
887 2177 1160 2233 dixerunt.
1192 2158 1295 2247 Qui
1326 2181 1559 2250 suscepti
1591 2196 1621 2236 a
1659 2182 1844 2252 regina
1870 2162 1971 2247 ,Iid
2000 2180 2103 2239 sibi
2206 2173 2500 2230 Lolllal‘ills
2542 2187 2641 2228 rex
2669 2186 2767 2242 per
2794 2171 2994 2227 mullos
3025 2170 3288 2242 “ignitis.
3340 2168 3509 2225 ﬁlium
3555 2168 3682 2225 inde
3721 2181 3812 2225 ιῸ-

508 2267 681 2323 videri
720 2269 981 2341 optimum
1029 2270 1306 2337 dixerunt,
1351 2271 1624 2329 Ludovico
1654 2275 1763 2346 regi
1801 2275 2083 2330 assciscen.

2228 2279 2402 2320 iocare
2439 2264 2740 2335 cogitabat;
2773 2277 2879 2317 non
2912 2262 3169 2333 ignorans
3200 2260 3255 2315 in
3284 2259 3439 2332 pejus
3467 2274 3589 2314 eum
3618 2257 3803 2330 lapsu-

503 2359 630 2416 dam
677 2360 958 2435 coniugem
1002 2364 1355 2430 Adelaidem,
1405 2366 1737 2437 Ragcmundi
1787 2382 1963 2438 nuper
2012 2367 2078 2423 de

2239 2373 2325 2411 um
2361 2396 2377 2423 ,
2431 2371 2555 2411 cum
2604 2353 2713 2409 illic
2770 2353 2976 2409 nullum
3030 2353 3307 2424 dignitatis
3362 2351 3524 2425 regiae
3576 2350 3809 2410 haberet

498 2454 674 2511 functi
714 2457 866 2512 ducis
914 2455 1214 2514 Gothorum
1260 2459 1386 2514 olim
1419 2477 1663 2517 uxorem.
1696 2461 1762 2516 Et
1792 2477 1898 2517 non
1931 2461 2071 2535 magi

2227 2464 2488 2506 tonorem.
2514 2448 2825 2518 Equitatum
2855 2448 3036 2518 itaque
3056 2454 3213 2517 parat
3240 2446 3409 2501 lilium
3437 2444 3802 2517 repetiturus.

501 2551 803 2618 potentiam
837 2554 1094 2622 regnandi
1124 2570 1189 2609 ex
1237 2555 1338 2610 hoc
1367 2570 1524 2625 posse
1563 2557 1765 2628 augeri,
1802 2574 1964 2628 quam
1996 2559 2102 2616 sibi
2182 2547 2553 2618 'Aquitaniam
2588 2545 2866 2615 ingressus
2891 2543 3143 2598 Briddam
3174 2541 3349 2612 petiit.
3377 2540 3574 2597 Filium
3601 2537 3808 2612 repetit

499 2642 758 2697 nonnulla
783 2648 1062 2701 commoda
1092 2646 1325 2716 adquiri.
1357 2647 1647 2703 Enimvero
1678 2649 1932 2719 possibile
1957 2650 2073 2707 ﬁeri

2231 2647 2259 2693 ει
2288 2638 2517 2694 reducit.
2558 2636 2763 2708 Regina
2796 2651 2914 2691 sese
2956 2635 3233 2689 viduatam
3280 2632 3488 2699 dolens,
3532 2640 3587 2688 et
3627 2631 3806 2691 verita

505 2742 674 2790 totam
705 2737 1052 2807 Aquitaniam
1086 2738 1352 2809 simulque
1381 2749 1436 2795 et
1465 2739 1717 2796 Gothiam
1744 2757 1843 2797 suo
1871 2742 2080 2814 imperit

2231 2732 2430 2802 najoris
2477 2730 2803 2787 incommodi
2838 2727 3119 2798 injuriam,
3162 2725 3474 2781 Wilclmum
3517 2722 3806 2780 Arelaten-

476 2826 769 2896 asstringi
827 2844 1006 2898 posse,
1056 2839 1343 2899 postquam
1394 2845 1459 2885 ex
1510 2830 1634 2899 jure
1685 2833 1863 2888 ducta:
1914 2834 2100 2891 uxoris
2202 2841 2314 2881 sem
2356 2824 2510 2888 adiit,
2561 2822 2719 2892 eique
2763 2819 2964 2890 nupsit.
3010 2819 3078 2873 Et
3104 2817 3182 2873 sic
3209 2832 3277 2873 ex
3303 2814 3558 2883 divortio,
3589 2814 3807 2874 adulte-

496 2918 693 2988 oppida
723 2921 1086 2976 munitissima
1131 2922 1197 2977 ad
1248 2938 1403 2978 suum
1448 2923 1536 2993 jus
1582 2935 1944 2998 retorqueret.
1984 2927 2099 2985 Ma-
2174 2918 2341 2973 ‘rium
2371 2917 2647 2988 publicum
2670 2922 2953 2987 operatum
2980 2921 3080 2969 est.

499 3024 666 3081 gnum
699 3012 861 3066 etiam
893 3012 1148 3082 quiddam
1183 3014 1235 3068 in
1274 3015 1378 3071 hac
1404 3031 1484 3082 re,
1521 3025 1576 3072 et
1612 2997 2074 3090 utileicomparari

2269 3005 2358 3062 96.
2401 3004 2587 3061 Obitus
2627 3004 2852 3060 Ottonis.
2894 3034 2964 3045 —
3002 3003 3114 3058 Hac
3152 3007 3475 3073 tempestate
3508 2997 3636 3057 Otto
3654 3012 3801 3090 cum

499 3102 548 3158 si
596 3112 749 3174 patre
785 3105 913 3160 hinc
943 3105 1141 3176 posito,
1191 3115 1245 3161 et
1291 3107 1441 3164 illinc
1482 3107 1612 3174 lilio,
1662 3110 1770 3165 dux
1820 3088 2170 3182 ceterique“
2202 3097 2451 3154 barbaris
2476 3110 2844 3168 congressus,
2891 3093 3190 3150 miserabili
3228 3092 3457 3149 fortunae
3485 3088 3806 3182 succubuit;

467 3195 684 3261 .ltostes
715 3196 767 3251 in
800 3198 977 3284 medio
1008 3199 1269 3265 conclusi,
1302 3212 1562 3272 perpetuo
1592 3212 1912 3271 urgeantur.
2007 3180 2049 3259 ί
2164 3185 2335 3282 :Nam
2375 3198 2429 3246 ei
2463 3189 2764 3245 exemin
2796 3187 2972 3243 fusum
3003 3185 3206 3284 ξιῐηίείιν
3248 3192 3303 3240 ει
3339 3184 3454 3284 ἱρεξέ
3492 3192 3683 3284 οξρῑυε
3729 3180 3809 3240 ιδ

570 3287 655 3343 95.
701 3271 882 3361 Hujus.
922 3291 1150 3347 rationis
1189 3271 1472 3349 consilium
1506 3303 1790 3367 postquam
1836 3297 1945 3369 regi
1977 3313 2102 3372 sug-
2164 3276 2472 3346 ’Ῑιοδῑίδυεν
2509 3280 2707 3372 ἀίνίηθ-
2721 3294 2850 3335 vero
2879 3277 3051 3372 ετξηῖει
3081 3290 3332 3372 Γενετευρ
3362 3274 3481 3372 mit:
3513 3271 3645 3372 ξὀξῑ
3669 3287 3809 3372 Eum

464 3388 710 3452 .gestum
741 3390 849 3448 est,
900 3384 1041 3453 apud
1090 3382 1417 3440 Gozfredum
1468 3362 1723 3442 comitem
1766 3388 1859 3459 qui
1896 3362 2039 3445 ader

2234 3389 2266 3429 ι
2297 3371 2652 3445 indigeatione
2676 3369 2862 3426 Romae
2893 3368 3183 3434 laboraret,
3214 3375 3269 3421 et
3298 3364 3540 3420 intestini
3569 3362 3809 3434 s'quiba—

498 3472 808 3527 ordinatum
862 3473 1044 3529 valuit.
1098 3474 1224 3531 Haac
1259 3476 1394 3533 duce
1426 3477 1711 3548 ignorante
1741 3454 2073 3551 parabantur

2233 3480 2280 3521 ts
2326 3479 2394 3519 ex
2455 3461 2809 3519 melancolico
2860 3460 3089 3515 humore
3135 3467 3459 3529 pateretur,
3511 3455 3667 3513 aloen
3724 3454 3808 3514 ad

464 3559 633 3631 .Qute
684 3579 807 3619 eum
870 3574 991 3636 post
1041 3567 1534 3638 animadvertisset,
1592 3586 1660 3627 ne
1710 3549 1926 3643 regibus
1976 3571 2095 3629 ﬁeri
2184 3549 2412 3632 Pontius
2453 3552 2800 3628 ἀταεωπιιῐη
2836 3561 3071 3626 (ιιιθιιιοτ
3117 3551 3371 3608 “mimis
3405 3549 3595 3643 “Vidi”
3643 3561 3809 3605 δ⁰¹¹¹⁹

499 3654 778 3710 videretur
821 3655 1073 3727 injurius,
1123 3661 1505 3717 contumeliam
1554 3663 1924 3731 dissimulans,
1958 3665 2071 3722 nihi

2231 3653 2327 3709 sit.
2364 3649 2822 3718 Conturbatisque
2850 3646 3174 3711 visceribus,
3207 3643 3411 3700 diarria
3432 3641 3577 3716 jugis
3604 3652 3806 3714 prose-

497 3744 717 3815 penitus
756 3746 1086 3822 refragratus
1116 3762 1219 3809 est.
1259 3754 1467 3812 Interea
1496 3755 1738 3814 collectis
1764 3759 1914 3830 regni
1942 3760 2093 3830 prin—
2196 3755 2320 3801 Cilla
2352 3754 2453 3800 θεί-
2486 3739 2652 3811 cuius
2673 3740 2961 3796 οθηίίη¹¹¹¹⁵
2986 3737 3183 3801 ﬂuxus,
3212 3733 3808 3830 emor'fomeswmm‘

460 3898 463 3903 ,
496 3838 726 3909 cipibus,
768 3843 1041 3911 equitatus
1082 3848 1263 3917 regius
1304 3849 1626 3919 disponitur,
1679 3826 1909 3921 insignia
1942 3826 2097 3925 regia
2197 3846 2279 3892 “35
2310 3835 2633 3908 Ρνοοτθθνίι·
2663 3833 2794 3902 Ουεθ
2826 3833 2989 3888 “iam
3026 3830 3342 3925 sangllinem
3363 3826 3804 3925 _imm°demmm

497 3927 868 3999 invehuntur;
924 3934 1028 3990 cibi
1103 3938 1427 4008 multiplices
1490 3941 1774 4011 apparati,
1830 3921 2072 3998 vehiculi:

2231 3927 2553 3994 tl‘undentes,
2609 3935 2838 3983 mortem
2883 3933 3008 3997 post
3042 3922 3161 3980 dies
3189 3938 3296 3979 non
3325 3921 3511 3993 plures
3550 3926 3805 3992 operata

507 4023 876 4095 imponuntur.
916 4027 1123 4096 Quibus
1152 4032 1305 4096 actis,
1335 4030 1490 4104 reges
1524 4033 1741 4105 utrique
1770 4050 1893 4090 cum
1921 4035 2082 4092 multo

1184 4032 1305 4096 ctis,
1335 4030 1490 4104 reges
1524 4033 1741 4105 utrique
1770 4050 1893 4090 cum
1921 4035 2092 4092 multo
2146 4097 2151 4103 ,
2194 4028 2324 4081 sum
2347 4018 2495 4089 (935i
2526 4017 2654 4074 θεε·
2680 4018 2758 4091 ⁷)·

501 4118 750 4189 equitatu
790 4119 844 4175 in
884 4121 1232 4190 Aquitaniam
1287 4126 1512 4195 profecti
1553 4135 1710 4193 sunt,
1741 4138 2089 4201 castrumque
2266 4131 2355 4187 97.
2386 4131 2484 4188 Cui
2516 4130 2774 4188 defuncto
2804 4129 2948 4186 illius
2969 4124 3333 4201 quinquennis
3356 4121 3483 4182 Otto
3509 4129 3804 4197 superstiti

497 4208 754 4266 Briddam
778 4213 919 4284 quod
949 4223 1103 4269 vetus
1130 4214 1351 4283 dicitur,
1390 4217 1742 4275 devenerunt.
2192 4232 2331 4281 erat.
2365 4222 2534 4292 Quem
2567 4223 2711 4295 patri
2744 4222 3038 4279 succedere
3066 4220 3122 4274 in
3148 4232 3398 4289 regnum,
3425 4230 3548 4271 cum
3579 4213 3802 4287 aliquot

565 4303 658 4360 94.
699 4305 971 4362 Adelaidis
1024 4308 1095 4341 ⁸¹²
1142 4327 1175 4366 a
1228 4308 1493 4367 Ludovico
1545 4312 1614 4345 ⁸¹¹
1650 4314 1863 4385 regina:
1909 4315 1965 4371 in
2018 4314 2090 4349 ⁸η
2193 4317 2458 4389 primates
2491 4315 2814 4381 voluissent,
2856 4313 2909 4368 id
2956 4312 3025 4368 ab
3073 4308 3344 4383 aliquibus
3387 4304 3802 4364 contradictum

493 4395 779 4468 Αιιυίιαηὶα
825 4403 1082 4469 Promotio
1128 4402 1199 4435 ⁸¹³
1229 4420 1516 4477 eorumque
1563 4406 1843 4461 divortium
1888 4406 1980 4463 "'.
2019 4440 2091 4472 -,—
2116 4412 2168 4475 D
2194 4422 2279 4468 est
2315 4410 2468 4483 (985,
2501 4409 2630 4465 Dec.
2660 4408 2775 4481 25).
2814 4407 3024 4479 Ingenti
3070 4414 3249 4461 tamen
3279 4404 3479 4459 virtute
3525 4398 3802 4470 variaque

448 4540 453 4545 .
495 4490 615 4560 Quo
640 4506 670 4547 a
698 4492 917 4563 praefata
943 4496 1200 4566 Adelaide
1222 4498 1388 4555 multo
1413 4504 1674 4570 apparatu
1699 4503 1911 4573 excepti
1939 4510 2086 4558 sunt.
2190 4504 2404 4559 fortuna
2453 4502 2503 4560 ei
2554 4515 2779 4574 regnum
2820 4507 3007 4572 postea
3044 4503 3377 4568 paraverunt
3426 4490 3596 4566 (984).
3645 4487 3798 4548 Nam

495 4584 564 4642 Et
588 4585 678 4657 die
711 4588 1006 4643 constituta
1037 4589 1339 4647 rationibus
1376 4590 1756 4649 decentissime
1786 4593 2006 4661 habilis,
2035 4602 2091 4650 et
2134 4663 2144 4667 _
2188 4594 2375 4650 llezilo
2402 4594 2545 4667 regis
2568 4593 2729 4664 paulo
2754 4602 2880 4647 ante
2904 4588 3141 4646 defuncti
3167 4583 3451 4660 patruelis,
3482 4582 3574 4654 qui
3601 4581 3797 4640 adhuc

450 4742 458 4750 ι
501 4692 568 4733 ex
607 4677 730 4748 jure
776 4678 917 4734 datis
968 4681 1232 4739 dotalibus
1261 4723 1277 4749 ,
1323 4683 1629 4741 Ludovicus
1687 4700 1782 4743 rex
1833 4701 1952 4741 eam
1983 4686 2088 4744 sibi
2187 4689 2241 4745 in
2269 4704 2490 4746 carcere
2527 4688 2742 4743 vinctus
2778 4687 2846 4742 ab
2871 4699 2937 4740 eo
2968 4672 3274 4746 tenebatur,
3306 4693 3373 4735 eo
3406 4676 3549 4749 quod
3580 4674 3791 4731 adver-

497 4783 723 4826 uxorem
777 4772 1093 4841 copulavit,
1160 4784 1323 4847 atque
1370 4792 1553 4833 secum
1619 4788 1935 4861 corqnatam
1987 4795 2087 4851 per
2185 4795 2281 4836 sus
2306 4795 2430 4837 eum
2459 4793 2685 4852 regnum
2727 4780 3031 4848 appeterel,
3057 4784 3348 4844 Ρηνοτυιη
3376 4766 3515 4861 fmus
3557 4764 3610 4821 i"
3647 4778 3789 4861 in?"

493 4865 776 4937 episcopos
806 4866 859 4922 in
889 4882 1113 4939 regnum
1142 4870 1430 4941 promovit.
1482 4869 1601 4927 Non
1649 4855 1828 4929 tamen
1872 4874 2079 4945 regium
2189 4871 2378 4929 nitiem
2405 4871 2482 4926 rei
2516 4869 2742 4942 publica:
2775 4867 3014 4939 elapsus,
3043 4872 3101 4922 et
3126 4858 3483 4935 quorumdam
3512 4855 3793 4921 munitio-

444 5012 453 5017 .
478 4972 696 5029 nomen
720 4957 803 5015 sic
834 4957 887 5015 in
919 4959 999 5015 eis
1045 4959 1232 5029 valuit,
1266 4968 1326 5015 ut
1368 4960 1639 5018 ullatenus
1686 4946 1945 5036 regnandi
1978 4964 2080 5021 do-
2187 4965 2347 5020 nibus
2378 4974 2625 5036 receptus
2648 4970 2752 5018 est.
2776 4959 2874 5017 Vir
2892 4972 3047 5033 aeque
3073 4967 3133 5014 ut
3154 4955 3280 5015 Otto
3305 4950 3524 5019 nobilis,
3546 4963 3791 5022 corpore

1776 5052 2012 5144 vasta:
2052 5078 2454 5140 LECTIONES.

566 5190 640 5225 '°’
669 5207 714 5249 s.
742 5207 842 5270 per
864 5194 1051 5270 omnia
1072 5193 1262 5270 deleta.
1338 5195 1410 5231 ⁵¹⁰
1439 5194 1787 5270 supplicicem
1813 5196 1933 5252 cod.
2007 5193 2077 5230 ⁸⁸⁸
2102 5194 2389 5253 eﬂicatiter
2409 5196 2528 5253 cod.
2619 5194 2692 5232 m
2722 5195 2826 5265 Ad,
2859 5195 2948 5265 do,
2973 5193 3049 5263 in,
3081 5193 3143 5263 ti,
3165 5206 3234 5249 vo
3251 5189 3480 5247 abscisa.
3570 5154 3788 5249 im‘Ve-

492 5271 607 5321 stes
640 5281 778 5321 corr.
804 5265 1045 5324 habitum
1082 5268 1198 5322 cod.
1503 5265 1520 5270 ’
1542 5265 1559 5270 ⁷
2974 5286 2977 5287 ν
