4026 6312
250 307 365 368 121

1211 309 1690 370 HISTORIARUM
1720 310 1901 369 LIBRI
1924 311 2282 383 QUATUOB.
2321 286 2391 360 4-
2429 317 2554 374 LlB.
2597 317 2687 378 lll.

3425 328 3532 391 122

246 422 490 497 eleganti
538 435 604 480 ac
653 421 832 481 valido
880 423 1105 480 honoris
1163 425 1390 496 cupidus
1435 441 1500 481 ac
1549 425 1835 494 factiosus;

1958 416 2068 460 tum
2095 409 2288 478 aperit.
2322 409 2389 464 Et
2416 411 2542 482 quia
2570 410 2729 483 paulo
2752 419 2878 468 ante
2905 427 3092 471 eorum
3115 415 3298 489 patrui
3323 417 3534 494 absque

244 516 629 581 animovasto,
661 515 756 570 sed
788 514 985 572 fallaci.
1013 515 1113 571 llic
1144 517 1403 587 regnandi
1427 516 1638 582 avidus,
1660 513 1850 574 omnes

244 608 570 680 sacrilegos.
622 617 715 686 aut
759 607 972 677 juditiis
1027 610 1326 675 convictos,
1378 610 1490 665 sive
1539 611 1701 666 etiam
1751 626 1849 682 pro

245 702 417 760 factis
447 702 706 774 judilium
741 704 1010 766 timentes,
1037 713 1310 774 postremo
1338 718 1525 758 omnes
1551 703 1849 774 ﬁagitiosos

244 809 391 867 quos
421 794 672 852 conscius
721 794 933 849 animus
979 795 1324 864 exagitabat,
1352 794 1452 850 sibi
1479 795 1755 864 proximos
1787 809 1849 849 ac

242 884 554 942 familiares
597 885 726 942 fecit
776 884 1086 957 (Ssuusru
1135 886 1318 941 Castil.
1370 902 1418 941 c.
1475 885 1584 956 ll).
1637 884 1847 942 Talium

244 976 443 1045 dolis,
489 977 635 1048 regis
686 977 924 1032 defuncti
977 979 1323 1048 superstitem
1373 976 1539 1031 ﬁlium
1595 974 1846 1031 Ottonem

239 1082 485 1139 parvum
544 1069 740 1139 rapuit,
788 1067 906 1137 ejus
954 1069 1072 1124 loco
1119 1084 1241 1124 sese
1289 1077 1634 1139 regnaturum
1673 1079 1842 1124 ratus.

240 1157 502 1232 Regnum
550 1173 682 1232 ergo
731 1163 809 1215 sic
841 1160 893 1215 in
933 1175 1088 1215 suum
1127 1159 1218 1229 jus
1266 1158 1476 1214 refundi
1528 1159 1842 1227 arbitrans,

241 1257 534 1320 sceptrum
589 1260 644 1305 et
689 1266 943 1306 coronam
987 1249 1086 1304 sibi
1140 1252 1367 1321 paravit.
1420 1247 1572 1317 Quod
1634 1249 1760 1304 dum
1813 1264 1845 1306 a

239 1339 516 1398 Lothario
566 1343 929 1414 expetendum
980 1343 1263 1414 cogitaret,
1306 1358 1540 1414 eumque
1587 1358 1844 1399 concessa

237 1433 467 1508 Belgica
517 1436 623 1493 sibi
678 1437 874 1492 sotium
928 1445 983 1492 et
1035 1436 1268 1492 amicum
1320 1435 1500 1491 facere
1538 1435 1840 1502 moliretur,

239 1530 457 1604 legatos
486 1531 768 1602 prmmisit,
799 1532 938 1603 apud
967 1547 1104 1602 quos
1132 1572 1144 1596 ,
1187 1541 1528 1586 sacramento
1557 1543 1844 1587 commune

238 1624 541 1693 negocium
592 1623 925 1679 ﬁrmaretur.
960 1624 1078 1691 Quo
1106 1624 1272 1678 etiam
1305 1632 1668 1686 sacramento,
1701 1623 1840 1677 utri-

237 1729 350 1786 que
381 1730 538 1786 reges
562 1715 664 1770 sibi
694 1715 1079 1786 pollicerentur
1109 1731 1229 1772 sese
1252 1730 1414 1788 super
1439 1715 1687 1770 Rhenum
1718 1715 1839 1772 loco

237 1806 543 1865 constituto
572 1807 675 1886 sibi
701 1823 1044 1864 occursuros.

306 1918 406 1975 98.
450 1918 660 1987 Quibus
686 1935 784 1990 per
810 1919 1016 1987 legatos
1033 1918 1248 1990 juratis,
1280 1918 1572 1975 Lotharius
1600 1927 1842 1991 tempore

231 2020 454 2069 statuto
506 2027 631 2068 cum
681 2013 918 2067 exercitu
963 2027 1060 2083 per
1098 2010 1368 2083 Belgicam
1425 2012 1715 2076 transiens,
1773 2026 1841 2067 ne

233 2114 523 2162 teneretur
568 2104 892 2161 sacramenti
948 2103 1257 2169 obnoxius,
1317 2104 1384 2158 ad
1433 2102 1609 2159 locum
1664 2102 1837 2158 Rheni

230 2197 552 2252 condictum
581 2197 814 2251 devenit.
852 2195 1036 2250 l‘lezilo
1061 2210 1182 2250 sese
1219 2205 1464 2250 metuens
1497 2196 1548 2248 in
1581 2196 1842 2264 suspitio-

227 2303 362 2343 nem
414 2288 718 2358 principum
748 2289 934 2343 venire
964 2288 1008 2342 si
1057 2287 1310 2343 Lothario
1340 2298 1653 2343 occurreret
1683 2329 1698 2352 ,
1729 2288 1840 2344 acsi

229 2394 364 2434 eum
394 2379 452 2435 in
474 2395 699 2452 regnum
731 2380 974 2451 recipere
1001 2380 1180 2446 vellet,
1214 2380 1434 2451 perjurii
1468 2397 1614 2447 reus,
1647 2397 1840 2437 occur-

227 2488 356 2529 rere
386 2473 624 2528 distulit.
655 2474 947 2529 Lotharius
976 2490 1034 2528 se
1071 2475 1284 2529 illusum
1330 2476 1620 2532 advertens
1649 2478 1832 2544 rediit,

226 2579 339 2620 non
375 2575 563 2620 tamen
598 2564 714 2619 sine
763 2564 994 2620 diﬂicilis
1046 2564 1248 2619 laboris
1280 2566 1646 2623 incommodo.
1699 2569 1834 2624 Nam

225 2654 412 2728 Belgae
443 2671 543 2726 per
567 2673 798 2727 qttorttm
826 2657 1062 2713 medium
1092 2673 1215 2712 cum
1247 2659 1490 2727 equitatu
1521 2661 1837 2726 transierat,

227 2746 504 2819 indignati
535 2749 812 2811 transisse,
842 2749 955 2803 vias
989 2749 1330 2820 transpositis
1359 2749 1642 2805 arboribus
1668 2752 1839 2822 impe-

227 2839 389 2896 diunt
432 2880 447 2904 ,
497 2849 591 2894 aut
639 2839 796 2895 fossis
845 2840 1094 2894 inmersis
1135 2850 1470 2896 revertentes
1516 2842 1835 2912 prohibent'

226 2945 336 2985 non
369 2938 436 2984 ut
464 2940 655 3000 aperto
686 2945 877 3000 campo
907 2931 1210 2985 comminus
1240 2931 1517 2998 dimicent,
1543 2934 1636 2986 sed
1665 2941 1721 2986 ut
1746 2934 1832 2988 his

228 3021 639 3094 impedimentis
669 3033 990 3076 cunctantes
1027 3039 1056 3075 a
1092 3032 1240 3092 tergo
1269 3033 1518 3094 urgeant,
1547 3034 1640 3079 aut
1685 3041 1837 3080 mon-

231 3114 363 3169 tium
381 3113 533 3184 jugis
559 3115 754 3178 securi,
781 3130 876 3183 per
899 3113 1154 3169 inferiora
1177 3124 1521 3171 transeuntes
1543 3117 1836 3174 missilibus

229 3205 422 3277 ﬁgant.
470 3205 538 3260 Et
566 3206 693 3276 quia
742 3217 927 3277 aperta
964 3206 1139 3261 fronte
1179 3217 1323 3263 stare
1365 3209 1547 3264 animo
1579 3227 1683 3265 non
1713 3209 1834 3279 luit,

229 3301 504 3374 sagittarii
530 3317 649 3356 eum
681 3302 914 3358 arcubus
939 3310 992 3356 et
1015 3302 1222 3357 balistis
1249 3318 1347 3372 per
1370 3313 1624 3358 montana
1652 3305 1836 3376 dispo-

227 3394 317 3449 siti
348 3402 503 3449 sunt.
537 3393 669 3448 Dum
697 3410 831 3466 ergo
856 3396 1128 3451 exercitus
1153 3395 1376 3458 subiret,
1416 3396 1489 3450 illi
1519 3413 1548 3451 a
1594 3399 1837 3468 superio-

227 3484 386 3541 ribus
415 3486 557 3541 alios
585 3486 799 3557 sagittis
828 3487 1086 3556 ﬁgebant.
1115 3487 1250 3542 alios
1279 3487 1510 3543 diversis
1542 3489 1835 3545 missilibus

228 3577 582 3632 saueiabant.
608 3579 678 3631 At
701 3577 900 3633 tirones
925 3579 1096 3633 sicubi
1121 3579 1367 3633 ascensui
1393 3580 1632 3650 pervium
1657 3580 1833 3634 locum

226 3667 516 3732 videbant,
545 3670 596 3722 in
625 3665 929 3736 hujusmodi
955 3670 1137 3725 hostes
1154 3660 1534 3736 vertebantur;
1560 3671 1834 3741 armisque

229 3759 472 3826 efferati,
510 3762 771 3830 quosdam
799 3761 1181 3827 vulnerabant,
1207 3763 1468 3832 quosdam
1501 3777 1628 3818 vero
1660 3773 1832 3818 morte

231 3850 567 3908 adiciebant.
599 3853 830 3908 Tantum
863 3853 918 3908 in
953 3855 1031 3909 eis
1080 3864 1166 3910 ter
1203 3854 1542 3920 debaccltati,
1571 3862 1630 3908 ut
1674 3869 1836 3909 caeso-

233 3959 354 4000 rum
381 3944 742 3999 cadaveribus
780 3953 1031 4016 aggerata
1062 3944 1252 4010 moles,
1299 3945 1522 4001 collibus
1569 3945 1834 4001 assimila-

231 4046 408 4092 retur.
458 4035 564 4091 Alii
617 4052 747 4091 vero
793 4037 1187 4092 descendentes
1238 4048 1331 4092 aut
1371 4038 1595 4094 vibratis
1640 4038 1833 4110 gladiis

230 4126 510 4184 frondium
539 4129 907 4200 oppositarum
950 4130 1267 4184 densitatem
1296 4130 1568 4184 metebant
1596 4139 1689 4184 aut
1718 4141 1831 4186 tru-

230 4220 394 4276 dibus
421 4221 630 4276 adactis
671 4221 1054 4290 transpositam
1087 4222 1339 4276 arborum
1372 4220 1564 4275 molem
1613 4238 1832 4278 amove-

229 4311 408 4381 bant,
452 4313 666 4385 sibique
711 4313 783 4346 '"
841 4315 946 4369 iter
993 4313 1326 4384 aperiebant.
1369 4313 1611 4368 Tandem
1657 4315 1827 4370 multo

229 4414 456 4473 conatu,
486 4405 555 4461 de
584 4406 759 4462 medio
785 4406 1019 4462 hostium
1049 4405 1225 4461 educti
1257 4414 1398 4460 sunt.

1870 1783 1918 1845 B

1953 498 2137 554 liberis
2164 499 2403 556 defuncti
2437 511 2576 557 terra
2606 505 2808 575 optima
2837 520 2957 562 cum
2986 509 3198 580 oppidis
3225 513 3529 572 munitissi-

1952 591 2056 646 mis
2121 592 2238 647 illos
2300 593 2596 649 liberaliter
2650 598 2993 665 donaverat,
3045 601 3146 672 ipsi
3199 618 3325 659 mox
3381 605 3530 663 domi

1951 684 2264 755 militiaeque
2308 700 2429 740 esse
2462 687 2837 757 paratissimos
2883 693 3293 762 responderunt.
3325 695 3530 765 Quibus

1950 777 2252 834 faventibus
2281 795 2405 834 cum
2445 797 2539 835 rex
2592 784 2692 838 sibi
2740 784 2794 838 in
2837 786 3020 841 animo
3047 802 3168 842 esse
3208 788 3436 856 diceret,
3471 799 3531 849 ut

1948 869 2219 943 Belgicam
2282 881 2598 942 repeteret,
2673 891 2901 947 eamque
2964 879 3288 936 militaribus
3357 883 3531 954 copiis

1947 971 2300 1032 expugnaret,
2335 963 2434 1033 ipsi
2482 965 2640 1034 hujus
2689 969 2763 1022 rei
2816 969 3027 1026 initium
3066 971 3291 1029 Virduni
3327 975 3531 1032 facien-

1947 1053 2072 1108 dum
2104 1055 2310 1122 dicunt,
2341 1071 2405 1111 eo
2433 1059 2574 1127 quod
2614 1059 2724 1128 ipsa
2759 1063 3109 1134 propinquior
3137 1066 3330 1123 civitas
3364 1076 3530 1137 esset,

1947 1156 2001 1202 et
2028 1163 2148 1203 sese
2193 1149 2358 1203 multa
2392 1151 2672 1206 obsidione
2705 1169 2823 1209 eam
2863 1172 3232 1227 aggressuros,
3279 1175 3379 1216 nec
3408 1176 3531 1216 um-

1946 1259 2108 1314 quam
2158 1245 2226 1297 ab
2275 1259 2335 1300 ea
2367 1246 2470 1300 nisi
2521 1258 2679 1318 capta
2728 1265 3054 1307 recessuros.
3105 1252 3219 1320 Qua
3253 1263 3430 1326 capta,
3476 1261 3535 1310 et

1947 1347 2289 1391 sacramento
2317 1347 2481 1408 atque
2521 1338 2710 1394 obside
2742 1343 2852 1412 regi
2888 1357 3120 1408 annexa,
3152 1345 3378 1401 ulterius
3407 1359 3536 1416 pro-

1946 1445 2219 1486 cessuros.
2253 1431 2458 1486 Tandiu
2490 1434 2654 1488 etiam
2688 1445 2995 1491 moraturos
3020 1438 3071 1491 in
3101 1437 3338 1508 Belgica,
3363 1437 3535 1494 donec

1949 1531 2044 1576 aut
2073 1523 2237 1576 armis
2281 1534 2640 1594 expugnetur,
2683 1536 2778 1581 aut
2813 1527 2940 1581 victi
2991 1527 3164 1598 Belgae
3210 1528 3264 1582 in
3296 1527 3534 1585 deditio-

1912 1607 1918 1613 ’
1947 1631 2068 1670 ueni
2099 1631 2288 1672 omnes
2335 1627 2631 1673 transeant.
2664 1619 2902 1687 Quorum
2932 1622 3220 1690 spontioue
3260 1629 3536 1692 suscepta,

1945 1724 2040 1764 rex
2068 1725 2189 1764 cum
2229 1710 2360 1780 ipsis
2381 1713 2682 1766 exercitum
2713 1729 2836 1767 mox
2871 1711 3180 1768 Virdunum
3200 1713 3460 1769 admovit.

2019 1801 2140 1856 iOl.
2181 1799 2405 1858 Virdum’
2431 1807 2745 1874 expugnatio
2771 1805 2946 1859 ⁸¹⁷.--
2967 1805 3095 1873 Quae
3125 1805 3316 1860 civitas
3339 1819 3404 1859 eo
3426 1805 3535 1862 situ

1945 1892 2122 1962 posita
2156 1901 2260 1958 est,
2314 1903 2372 1948 ut
2412 1910 2441 1948 a
2491 1893 2691 1959 fronte,
2726 1896 2949 1967 planitie
2997 1895 3182 1966 pervia
3226 1894 3536 1953 meantibus

1912 1985 1916 1988 ’
1945 1999 2225 2042 accessum
2257 1985 2523 2055 praebeat;
2557 2004 2584 2040 a
2623 1997 2775 2059 tergo
2800 1987 2869 2020 ⁵³⁸
2900 1986 3293 2043 inaccessibilis
3328 1985 3418 2042 sit.
3454 1984 3537 2044 lbi

1943 2077 2087 2131 enim
2126 2093 2155 2130 a
2194 2093 2404 2133 summo
2447 2080 2498 2132 in
2539 2081 2840 2148 posteriora
2867 2122 2883 2146 ,
2923 2079 3376 2151 profundohiatu
3427 2079 3536 2135 cir-

1943 2187 2285 2243 cumquaque
2335 2175 2683 2230 distenditur.
2751 2178 2833 2232 Ab
2884 2176 3231 2232 inferioribus
3277 2190 3408 2232 vero
3466 2173 3536 2232 ad

1942 2279 2244 2325 summum.
2279 2267 2501 2335 rupibus
2529 2269 2817 2339 praeruptis
2859 2277 3091 2324 artatur.
3143 2268 3272 2335 Quae
3307 2283 3415 2324 non
3447 2281 3537 2324 so-

1942 2354 2049 2410 lum
2081 2367 2296 2411 scatens
2322 2357 2575 2422 fontibus,
2602 2361 2905 2430 puteisque,
2940 2359 3130 2415 incolis
3160 2359 3536 2428 accommoda,

1946 2448 2040 2502 sed
2082 2460 2135 2502 et
2175 2448 2340 2504 ﬁuvio
2378 2449 2522 2506 llosa
2555 2467 2676 2505 eam
2716 2467 2743 2504 a
2779 2461 3044 2521 praerupta
3077 2460 3232 2521 parte
3261 2449 3536 2518 abluente.

1941 2557 2250 2598 nemorosa.
2308 2544 2415 2600 Ubi
2474 2561 2602 2617 ergo
2652 2563 2678 2600 a
2739 2539 3223 2616 fronte'planitien
3273 2544 3535 2617 praefert,

1942 2636 2228 2704 pugnaturi
2281 2637 2556 2692 machinas
2605 2637 2826 2692 bellicas
2878 2638 3094 2706 generis
3130 2638 3331 2693 diversi
3379 2647 3536 2710 apta-

1940 2743 2088 2782 vere.
2120 2728 2227 2782 Nec
2265 2730 2444 2784 minus
2474 2730 2562 2799 qui
2612 2731 2662 2783 in
2706 2731 2840 2785 urbe
2868 2739 3042 2791 erant,
3076 2730 3142 2784 ad
3174 2730 3535 2786 resistendum

1941 2834 2059 2874 sese
2089 2822 2466 2890 expediebant.
2501 2821 2802 2891 Pugnatum
2831 2832 2916 2877 est
2942 2823 3159 2877 tandem
3205 2832 3330 2878 octo
3357 2821 3534 2880 ferme

1941 2911 2215 2964 continuis
2241 2911 2452 2981 diebus.
2481 2912 2550 2964 At
2578 2912 2724 2966 cives
2753 2929 2875 2966 cum
2903 2911 3150 2966 viderent
3178 2911 3324 2967 nulla
3356 2927 3386 2967 a
3416 2912 3534 2971 suis

1939 3004 2278 3058 extrinsecus
2319 3003 2571 3076 suffragia
2610 3007 2785 3071 mitti,
2834 3021 2930 3061 nec
2956 3004 3101 3075 jugis
3125 3006 3293 3076 ι)γωίἰί
3319 3006 3534 3077 pondus

1941 3112 1998 3152 se
2049 3097 2281 3151 tolerare
2326 3114 2484 3168 posse
2531 3099 2626 3165 "9,
2671 3098 2898 3154 consilio
2943 3099 3078 3153 inito
3123 3098 3438 3171 indempnes
3475 3105 3534 3158 ει

1942 3193 2124 3246 intacti
2153 3192 2400 3247 hostibus
2438 3208 2669 3248 cessere.
2697 3192 2899 3248 Urbem
2931 3201 3286 3264 aperuerunt,
3315 3200 3371 3248 et
3406 3205 3531 3251 sese

1939 3282 2197 3340 Lotltario
2225 3286 2351 3340 victi
2386 3285 2720 3341 obtulerunt.

2010 3395 2131 3450 102.
2161 3395 2366 3462 Quibus
2394 3397 2650 3468 peractis,
2686 3411 2780 3451 rex
2803 3397 2870 3451 ad
2900 3397 3089 3452 urbem
3119 3395 3395 3461 tuendam,
3435 3409 3528 3452 re-

1938 3487 2116 3557 ginam
2159 3487 2402 3541 Emmam
2451 3487 2502 3541 in
2550 3503 2610 3541 ea
2651 3487 2886 3556 reliquit.
2942 3487 3060 3556 Ipse
3107 3503 3230 3542 cum
3279 3486 3528 3544 exercitu

1937 3577 2255 3632 Laudunum
2287 3579 2466 3644 rediit,
2500 3596 2626 3635 suos
2657 3581 2820 3635 etiam
2852 3579 2919 3635 ad
2943 3597 3039 3636 sua
3068 3580 3525 3652 redirepermisit.

1937 3669 2127 3722 Tanta:
2167 3668 2543 3724 benivolentia!
2575 3668 2760 3724 favore
2799 3670 2938 3740 apud
2969 3685 3062 3725 eos
3083 3685 3236 3736 usus,
3267 3679 3327 3725 ut
3366 3682 3528 3742 repe-

1937 3760 2037 3815 tito
2065 3761 2261 3816 itinere
2308 3776 2366 3814 se
2401 3761 2626 3816 ulterius
2669 3771 2839 3816 ituros
2873 3763 2917 3817 si
2954 3761 3171 3831 juberet
3198 3762 3525 3834 polliceren-

1937 3863 2065 3920 tur;
2134 3863 2189 3908 et
2230 3853 2485 3924 neglectis
2532 3870 2631 3924 pro
2673 3864 2915 3923 tempore
2963 3857 3214 3912 domibus
3257 3867 3311 3913 et
3358 3857 3523 3924 natis,

1885 3959 1888 3962 ‘
1935 3962 2055 4001 cum
2079 3946 2232 4000 hoste
2258 3946 2562 4001 comminus
2586 3945 2958 4001 dimicaturos.
2988 3946 3283 4002 Lotharius
3313 3947 3525 4004 interea

1935 4040 2072 4108 apud
2129 4053 2256 4092 suos
2317 4036 2669 4103 deliberabat,
2735 4047 2918 4094 utrum
2968 4038 3147 4109 potius
3203 4037 3344 4096 foret
3399 4052 3525 4096 sese

1932 4129 2158 4184 ulterius
2208 4131 2308 4194 ire,
2365 4128 2638 4200 armisque
2694 4139 2751 4185 et
2796 4131 3002 4186 viribus
3045 4141 3212 4186 totam
3250 4130 3523 4203 Belgicam

1933 4223 2034 4277 sibi
2088 4221 2408 4294 subjugare,
2462 4238 2530 4277 an
2575 4222 2866 4277 residendo
2898 4221 3160 4290 Virduni,
3194 4237 3291 4293 per
3315 4223 3523 4294 legatos

1931 4314 2132 4369 habitis
2180 4313 2558 4380 suasionibus,
2615 4330 2795 4370 mores
2833 4313 3071 4369 hostium
3100 4313 3168 4369 ad
3215 4329 3372 4370 suum
3399 4314 3521 4370 ani-

1931 4425 2077 4466 mum
2112 4409 2424 4464 informare.
2456 4408 2512 4463 Si
2539 4409 2683 4464 enim
2710 4425 2804 4464 eos
2832 4407 2976 4463 ferro
3006 4408 3267 4472 vinceret,
3313 4423 3435 4464 cum
3467 4407 3522 4464 id

298 4496 397 4554 99.
459 4496 574 4552 l-lac
644 4505 958 4569 tempestate
1013 4495 1303 4552 Germania
1351 4495 1421 4528 ⁸¹⁸
1486 4495 1628 4552 nullo
1682 4497 1824 4569 regis
1853 4500 2048 4585 Dsine
2081 4500 2246 4554 multo
2276 4500 2536 4569 sanguine
2567 4498 2682 4553 ﬁeri
2732 4514 2836 4554 non
2883 4509 3088 4570 posset,
3139 4498 3415 4571 cogitabat
3463 4497 3520 4554 in

230 4588 466 4662 imperio
509 4591 814 4656 tenebatur,
856 4591 1056 4662 quippe
1087 4606 1208 4645 cum
1258 4598 1312 4644 et
1341 4588 1592 4646 Ottonem
1644 4589 1822 4645 infan-

229 4693 345 4741 tem
386 4689 566 4741 aztatis
605 4685 892 4740 inﬁrmitas
939 4700 1168 4757 regnare
1196 4685 1532 4754 prohiberet,
1583 4692 1638 4739 et
1668 4683 1824 4740 l-lezi-

181 4849 184 4852 Q
230 4774 368 4841 loni,
393 4775 652 4848 regnandi
680 4776 892 4848 cupido,
921 4791 948 4830 a
974 4775 1276 4846 potioribus
1301 4790 1525 4844 regnum
1550 4774 1825 4830 contradi-

227 4873 475 4922 ceretur.
534 4864 686 4920 Unde
729 4864 1020 4920 Lotharius
1069 4865 1415 4921 occasionem
1465 4876 1696 4930 nactus,
1755 4865 1823 4922 de

229 4957 465 5030 Belgicae
511 4958 832 5029 pervasione
882 4958 1079 5013 iterum
1127 4945 1420 5028 Cogitabat,
1477 4965 1536 5011 ut
1571 4957 1819 5012 videlicet

231 5053 300 5108 ad
351 5067 466 5108 sua:
519 5051 904 5108 dominationis
947 5051 1036 5120 jus
1082 5067 1200 5107 eam
1261 5058 1604 5121 retorqueret
1633 5091 1650 5118 ,
1693 5066 1815 5106 cum

232 5146 360 5203 Otto
385 5145 458 5184 ⁸¹⁶
482 5162 587 5201 non
639 5154 807 5211 esset,
842 5144 1116 5216 principes
1160 5145 1481 5200 dissiderent
1507 5185 1522 5212 ,
1565 5145 1822 5217 regnique

235 5239 468 5313 dignitas
495 5240 640 5296 nullo
665 5241 808 5310 regis
834 5240 1311 5296 administraretur
1341 5239 1585 5312 imperio.

304 5329 429 5387 100.
470 5330 655 5402 Itaque
698 5331 939 5387 Odonem
971 5340 1135 5402 atque
1164 5330 1486 5388 Herbertum
1529 5331 1677 5389 viros
1701 5331 1824 5389 illu-

234 5431 376 5482 stres
398 5433 456 5484 et
479 5425 716 5498 potentia
743 5425 919 5484 claros
959 5425 1249 5494 advocans,
1278 5426 1358 5484 eis
1383 5426 1464 5485 sui
1490 5426 1599 5482 voti
1641 5441 1822 5486 secre-

1927 4602 2202 4664 posterum
2245 4592 2424 4646 minus
2461 4592 2541 4646 eis
2571 4591 2920 4658 credendum,
2960 4607 3026 4648 eo
3046 4591 3189 4662 quod
3219 4591 3519 4649 amicorum

1924 4685 2099 4741 labem
2135 4685 2214 4740 eis
2254 4683 2516 4738 intulerit.
2569 4682 2626 4738 Si
2663 4698 2794 4738 vero
2831 4698 2929 4754 per
2957 4682 3380 4739 benivolentiam
3419 4697 3520 4739 re-

1924 4793 2176 4834 versuros
2207 4785 2543 4846 expectaret,
2572 4777 2873 4831 cavendum
2909 4776 3155 4847 putabat,
3186 4792 3255 4832 ne
3285 4775 3340 4832 in
3365 4783 3516 4834 tanto

1923 4870 2056 4933 otio,
2086 4867 2268 4923 hostes
2292 4866 2673 4922 insolentiores
2703 4867 3084 4922 redderentur.

1997 4961 2120 5016 105.
2181 4959 2494 5014 νὶνάιηιὶ⁵²⁰
2549 4961 2750 5015 invasio
2778 4961 2848 4991 ”°
2903 4977 2936 5014 α
2998 4959 3194 5031 Belgis.
3253 4989 3328 5003 —
3373 4960 3514 5018 Dum

1927 5051 2044 5106 inec
2087 5051 2254 5106 multa
2311 5051 2710 5108 consultatione
2760 5051 3081 5119 ventilaret,
3137 5051 3366 5125 Belgicae
3404 5055 3512 5110 dux

1928 5142 2274 5209 Teodericus,
2302 5159 2511 5199 necnon
2539 5152 2594 5198 et
2629 5143 2712 5198 vir
2732 5135 2926 5199 nobilis
2950 5159 3013 5200 ac
3056 5151 3310 5199 strenuus
3333 5141 3510 5200 Gede-

1925 5232 2121 5302 fridus,
2163 5233 2463 5305 Sigefridus
2488 5249 2703 5306 quoque
2730 5235 2813 5290 vir
2842 5234 3088 5300 illustris,
3137 5233 3314 5290 Bardo
3339 5230 3509 5292 etiam

1925 5335 1981 5383 et
2007 5325 2192 5383 Gozilo
2218 5326 2415 5384 fratres
2437 5327 2724 5384 clarissimi
2753 5337 2807 5384 et
2832 5327 3275 5395 nominatissimi,
3309 5326 3511 5400 aliique

1923 5423 2199 5497 principes
2227 5423 2490 5490 nonnulli,
2543 5423 2773 5480 latenter
2808 5429 3174 5496 pertemptant
3207 5419 3506 5480 Virdunum

1498 5585 1734 5642 VARUE
1772 5585 2179 5644 LECTIONES.

307 5714 380 5797 Ψ
411 5718 728 5797 et_venienti
752 5722 1011 5797 exercitui
1041 5740 1176 5779 corr.
1209 5723 1439 5797 sibique.
1516 5723 1584 5757 ⁸¹⁸
1615 5723 1827 5797 Belgica
1859 5735 2020 5797 atque
2039 5725 2104 5782 G.
2135 5725 2323 5782 deleta.
2397 5727 2468 5759 ⁸¹⁶
2496 5741 2547 5782 o.
2573 5724 2758 5797 hostis,
2785 5711 2970 5797 deleta
3015 5722 3085 5758 ⁸¹⁷
3119 5721 3185 5794 γ,
3205 5737 3238 5782 e
3263 5717 3500 5790 noscam.

239 5781 312 5829 ⁸⁸⁸
335 5797 372 5853 t.
397 5799 454 5850 et
477 5789 648 5850 latere
669 5803 898 5873 utroque
920 5795 1110 5856 deleta.
1187 5795 1259 5829 ⁵¹⁹
1286 5781 1346 5875 p.-
1373 5811 1682 5874 paucosque
1712 5781 2261 5863 niultitudiniicedere
2291 5781 2481 5856 deleta.
2506 5781 2519 5782 ί
2556 5797 2628 5832 ⁸¹⁰
2655 5781 2719 5866 γ,
2749 5796 2801 5854 in
2831 5795 3058 5860 abscisa.
