3988 5362
506 174 656 245 μιἱὸ

1730 186 2003 244 RlCllERl
2044 188 2099 244 S.
2136 189 2391 248 REMIGII
2427 192 2731 252 MONACIH

3684 205 3807 269 ,ιει

500 290 878 360 abrumpere,
916 303 1146 363 eamque
1174 305 1204 347 a
1226 291 1393 351 Gallis
1421 295 1488 329 δίε
1517 311 1799 354 evacuarc.
1842 300 2128 373 Factisque
2159 285 2203 343 Α
2231 299 2451 368 bantur,
2492 317 2721 374 quatuor
2752 306 2932 363 trabes
2979 309 3207 376 eductae,
3258 319 3313 367 et
3344 325 3479 382 pene
3520 328 3694 384 usque
3741 317 3811 371 ad

534 382 782 446 insidiis,
815 383 1207 457 negotiatorum
1238 385 1553 455 claustrum,
1580 405 1732 445 muro
1753 390 1924 446 instar
1949 395 2127 464 oppidi

498 472 535 525 ’ἲ
549 484 906 543 exstructum,
922 478 990 533 ab
1013 481 1147 534 urbe
1171 480 1386 546 quidem
1416 481 1560 537 Mosa
1593 484 1931 541 interfluente
1953 486 2133 555 sejun-

550 574 722 633 ctum,
754 568 849 622 sed
876 568 1129 636 pontibus
1168 570 1376 627 duobus
1405 572 1733 628 interstratis
1766 574 1815 628 ei
1837 590 2127 645 annexum,

546 672 672 713 cum
700 657 895 714 electis
926 659 1158 717 militum
1209 663 1377 733 copiis
1407 663 1633 734 ingressi
1666 674 1811 721 sunt.
1845 666 2130 724 Annonam

492 790 493 793 η
547 764 766 806 omnem
821 752 1241 823 circumquaque
1290 755 1491 811 milites
1543 756 1789 827 palantes
1840 759 2128 815 advectare

516 838 809 897 .lecerunt.
835 841 1236 913 Negotiatorum
1260 861 1473 916 quoque
1507 847 1682 903 victus
1708 849 1759 903 in
1789 865 1943 904 usum
1981 850 2130 905 belli-

488 978 493 995 ι
543 947 667 988 cum
693 938 1039 1004 acceperunt.
1079 934 1373 1007 Lignorum
1405 939 1587 992 trabes
1609 954 1675 993 ex
1701 940 1952 1011 Argonna
1971 942 2120 1014 (H7)

483 1058 487 1064 -
542 1025 822 1094 aggregari
866 1024 1180 1094 jusserunt,
1237 1036 1295 1083 ut
1342 1028 1388 1084 si
1428 1028 1496 1084 ab
1534 1031 1778 1087 hostibus
1812 1043 1964 1089 extra
2012 1050 2128 1090 ma-

480 1166 487 1174 ,
542 1115 723 1170 chinae
763 1116 933 1172 muris
989 1116 1426 1187 applicarentur,
1482 1122 1581 1192 ipsi
1637 1138 1853 1193 quoque
1896 1124 2125 1180 interius

472 1244 475 1245 ν
539 1206 912 1264 obtinentibus
972 1210 1240 1266 machinis
1271 1213 1491 1268 obstare
1536 1214 1875 1272 molirentur.
1935 1217 2124 1274 Crates

469 1345 473 1353 ,
539 1310 754 1368 quoque
775 1299 1067 1355 viminibus
1108 1312 1162 1356 et
1214 1302 1468 1359 arborum
1499 1303 1781 1362 frondibus
1809 1308 2012 1365 validas
2042 1310 2124 1365 in-

539 1395 872 1457 texuerunt,
930 1394 1197 1450 machinis
1243 1398 1484 1465 erectis,
1538 1399 1584 1453 si
1642 1416 1730 1456 res
1787 1413 2119 1474 exposceret,

538 1484 1125 1567 supersternendosm.
1161 1485 1332 1544 Sudes
1352 1488 1498 1545 ferro
1525 1493 1883 1561 acuminatos,
1916 1505 1972 1551 et
2000 1496 2123 1568 igne

538 1570 810 1637 subustos,
843 1575 910 1629 ad
936 1562 1119 1631 hostes
1143 1578 1574 1638 transfodiendos
1600 1586 1948 1655 quamplures
1971 1562 2120 1659 apta-

2236 390 2471 447 festucas
2492 397 2797 466 superiores
2822 399 3132 470 obliquatur,
3176 402 3395 457 sublicis
3422 403 3809 476 jungebantur,

2233 492 2294 537 ut
2324 483 2402 538 sic
2423 499 2488 539 ex
2531 487 2609 540 eis
2639 488 2885 542 machina
2915 492 3247 547 extrinsecus
3280 490 3490 548 firmata
3536 510 3643 549 non
3677 497 3811 550 titu-

2237 574 2407 628 baret.
2447 572 2622 644 Super
2668 576 2903 632 festucas
2931 593 3143 650 quoque
3185 596 3305 652 qua:
3333 582 3387 638 in
3437 584 3615 640 medio
3657 594 3715 642 et
3758 586 3810 642 in

2232 682 2444 724 summo
2486 669 2791 725 machinam
2836 672 3223 741 conectebant,
3274 676 3419 746 tigna
3472 688 3811 734 straverunt.

2232 758 2362 827 Qute
2398 760 2559 815 etiam
2587 763 2826 819 cratibus
2857 773 3234 834 contexerunt,
3285 783 3446 840 super
3477 786 3613 841 quas
3649 770 3814 826 dimi-

2231 851 2404 905 caturi
2433 860 2671 919 stantes,
2725 862 2781 909 et
2831 857 3215 914 eminentiores
3258 859 3419 926 facti,
3456 850 3816 929 adversarios

2228 938 2478 996 deorsum
2496 941 2691 1011 jaculis
2718 954 2771 999 et
2797 945 3062 1017 lapidibus
3090 949 3401 1006 obruerent.
3432 951 3581 1009 Hanc
3608 954 3812 1010 molem

2228 1042 2548 1100 extructam,
2592 1037 2657 1090 ad
2689 1039 2975 1095 stationem
3022 1042 3256 1097 hostium
3302 1044 3569 1101 deducere
3596 1047 3813 1117 cogita-

2226 1124 2379 1179 bant.
2442 1124 2545 1181 Sed
2612 1130 2735 1198 quia
2803 1132 3115 1200 sagittarios
3178 1143 3456 1205 suspcctos
3509 1137 3813 1204 habebant,

2227 1217 2489 1271 rationem
2511 1221 2826 1288 querebant,
2851 1239 2953 1293 qua
2971 1224 3214 1280 hostibus
3233 1226 3349 1281 sine
3362 1242 3581 1281 suorum
3604 1228 3818 1285 lesione

2226 1309 2701 1381 appmpinquaret.
2742 1313 2982 1370 Tandem
3020 1317 3229 1372 ratione
3277 1318 3524 1374 subtilius
3557 1332 3818 1389 perscru-

2226 1412 2408 1469 tante,
2462 1415 2736 1477 repertum
2789 1417 2872 1464 est
2917 1425 3038 1465 eam
3088 1411 3155 1466 ad
3203 1412 3388 1468 hostes
3432 1415 3635 1484 optima
3691 1425 3817 1471 arte

2225 1494 2437 1551 detrudi
2470 1512 2646 1567 posse.

2296 1589 2415 1644 106.
2473 1590 2729 1648 Dcductio
2784 1594 2854 1648 ad
2885 1594 2953 1627 ³¹⁵
3013 1597 3183 1652 hostes
3248 1600 3530 1671 superioris
3558 1601 3631 1635 m
3694 1617 3818 1656 ma-

1617 1648 1635 1654 -
1766 1648 1783 1655 -
2005 1648 2020 1659 .
3250 1648 3527 1671 ---r-.-----
3696 1648 3787 1656 ..-η

464 1694 466 1703 ι
495 1735 501 1741 ι
535 1670 743 1719 verunt.
778 1664 997 1732 Missilia
1038 1670 1166 1725 varii
1203 1674 1415 1741 generis
1465 1690 1562 1745 per
1591 1677 1771 1734 fabros
1802 1683 2109 1752 expediere.
2140 1648 2192 1711 Β
2219 1679 2384 1735 cltinaz
2407 1681 2497 1736 δ”.
2527 1713 2599 1723 -
2627 1683 2913 1747 Dictabanl
2961 1688 3102 1742 enim
3133 1698 3362 1759 quatuor
3388 1692 3599 1762 εῑίρῐιεε
3626 1693 3817 1748 "luna?

460 1779 464 1785 -
533 1749 766 1809 Funium
807 1755 1022 1814 millena
1074 1760 1346 1818 volumina
1400 1765 1468 1821 ad
1518 1782 1647 1823 usus
1702 1749 1945 1827 diversos
1978 1788 2113 1828 con-

534 1853 817 1899 vexerunt.
870 1846 1083 1918 Clipeos
1133 1868 1348 1925 quoque
1378 1856 1639 1915 habendae
1680 1863 1935 1918 testudini
1962 1865 2114 1920 ordi-

451 1977 454 1980 .
533 1937 772 2004 nandos,
820 1940 1189 2001 instituerant.
1230 1947 1485 2007 Preterea
1528 1962 1754 2011 centena
1783 1958 1971 2014 mortis
2010 1968 2115 2014 tor-

452 2084 453 2087 η
530 2040 711 2085 menta
736 2047 843 2088 non
872 2035 1116 2093 defuere.

602 2122 723 2178 104.
754 2124 991 2196 Repetite
1048 2129 1285 2189 Virduno
1310 2154 1341 2191 a
1385 2137 1657 2196 Lotltario.
1692 2174 1759 2184 —
1788 2143 2114 2204 Nuntiantur

528 2211 646 2269 haec
677 2215 959 2276 Lothario.
1016 2221 1117 2290 Qui
1170 2233 1379 2283 tantum
1420 2229 1628 2288 facinus
1673 2235 1935 2292 accidisse
1963 2253 2114 2294 acer-

452 2368 455 2369 ,
528 2307 665 2364 rime
690 2311 1019 2384 indignatus,
1059 2320 1361 2377 exercitum
1391 2323 1671 2384 dimissum
1718 2332 2027 2399 revocavit;
2058 2340 2114 2388 et

445 2449 457 2470 τ
526 2398 608 2454 sic
638 2416 760 2457 eum
779 2403 965 2461 decem
996 2409 1214 2466 milibus
1238 2424 1595 2485 pugnatorum
1622 2418 1915 2478 Virdunum
1938 2425 2110 2495 petiit,

438 2536 439 2541 η
472 2546 485 2555 ,
526 2502 690 2566 atque
714 2498 1055 2559 adversarios
1089 2509 1404 2576 repentinus
1447 2527 1730 2583 aggressus
1769 2525 1874 2572 est.
1927 2516 2113 2575 Primo

478 2628 483 2635 .
525 2587 747 2660 impetu,
796 2596 1062 2667 sagittarii
1095 2600 1166 2633 δι’
1204 2612 1395 2660 contra
1442 2607 1625 2664 hostes
1671 2610 1906 2665 ordinati
1959 2621 2107 2669 sunt.

473 2725 481 2735 .
524 2677 804 2754 Missaeque
843 2689 1051 2760 sagitta:
1081 2701 1135 2748 et
1161 2698 1500 2755 arcobalistze
1526 2716 1647 2756 cum
1670 2704 1791 2759 aliis
1819 2706 2113 2764 missilibus

523 2779 632 2827 tam
655 2775 835 2834 densa:
866 2780 918 2835 in
940 2797 1069 2840 aere
1092 2786 1488 2858 discurrebant,
1519 2802 1578 2849 ut
1604 2810 1633 2849 a
1664 2797 1897 2854 nubibus
1922 2799 2110 2868 dilabi,

428 2914 432 2918 .
524 2871 776 2939 terraque
802 2887 1096 2947 exsurgere
1118 2880 1451 2939 viderentur.
1481 2884 1685 2943 Horum
1710 2900 1897 2946 contra
1938 2893 2109 2964 impe-

478 2996 483 3003 .
522 2964 660 3027 tum,
688 2965 1009 3024 testudinem
1041 2980 1168 3026 ante
1188 2988 1248 3028 se
1272 2983 1326 3030 et
1353 2992 1516 3048 super
1543 2981 1722 3051 capita
1750 2983 1932 3040 hostes
1952 3002 2108 3042 muro

521 3058 805 3121 aptavere;
873 3056 929 3112 in
988 3073 1148 3130 quam
1182 3063 1342 3121 relisa
1396 3069 1639 3136 missilia,
1696 3073 1806 3128 ictu
1853 3074 2107 3134 frustrato

521 3138 858 3241 decidebant.
915 3148 1030 3206 Hoc
1073 3153 1274 3225 impetu
1325 3157 1468 3216 facto
1509 3161 1646 3218 Galli
1684 3166 2107 3241 circumquaque

519 3229 855 3292 obsidionem
895 3240 1243 3315 disposuere;
1288 3248 1553 3325 fossisque
1593 3260 1882 3331 praeruptis
1899 3229 1928 3325 ,⁸
1946 3229 2107 3318 obfir-

518 3336 805 3423 maverunt
825 3341 1022 3400 castra,
1055 3351 1124 3393 ne
1162 3339 1208 3394 si
1248 3342 1313 3397 ad
1341 3342 1588 3403 incautos
1612 3349 1905 3407 adversarii
1935 3356 2105 3423 prosi-

515 3410 704 3484 lirent,
731 3438 1009 3483 accessum
1034 3430 1246 3489 facilem
1278 3436 1602 3496 invenirent.

588 3512 711 3572 105.
748 3516 1062 3591 Compositio
1090 3525 1163 3559 m
1189 3530 1463 3602 cujusdam
1500 3539 1757 3595 machina:
1778 3541 1855 3575 ⁸³⁸
1884 3542 2098 3603 bellicae.

516 3607 851 3678 -—Quercus
877 3631 1133 3686 proceras
1176 3627 1436 3686 radicitus
1483 3634 1743 3703 suecisas,
1789 3638 1857 3694 ad
1899 3642 2102 3698 machi-

515 3713 641 3756 nam
689 3703 935 3765 bellicam
977 3719 1332 3776 extruendam
1376 3723 1727 3783 advexerunt.
1782 3729 1861 3787 Ex
1907 3735 2101 3803 quibus

460 3861 464 3865 .
515 3802 750 3892 quatuor
799 3800 982 3859 trabes
1020 3806 1346 3867 tricenorum
1376 3816 1570 3885 pedum
1610 3800 1939 3877 straverunt
1961 3824 2097 3892 solo,

513 3879 593 3984 ita
632 3892 692 3941 ut
736 3888 856 3947 duae
904 3892 956 3948 in
1005 3895 1223 3970 longum
1256 3879 1529 3974 projectre,
1587 3918 1641 3963 et
1688 3910 1870 3967 decem
1903 3879 2097 3984 pedum

409 4036 413 4045 λ
460 4056 461 4059 η
513 3974 799 4037 intervallo
848 3984 1146 4056 distinctae,
1190 3994 1399 4051 duabus
1443 3999 1563 4056 aliis
1604 4017 1702 4071 per
1731 4012 2095 4064 transversum

512 4069 701 4124 eodem
743 4074 1030 4134 intervallo
1068 4084 1537 4155 superjaccntibus
1562 4069 1902 4152 cohercrent.
1954 4098 2096 4156 Lon-

512 4161 769 4231 gitudinis
805 4176 861 4223 et
885 4169 1187 4230 latitudinis
1215 4179 1469 4249 spatium,
1501 4185 1643 4252 quod
1666 4186 1806 4241 intra
1845 4192 2095 4248 commis-

2218 1772 2595 1841 grossitudinis
2670 1782 2826 1831 terra:
2868 1777 3050 1834 solidae
3086 1782 3450 1850 mandandos;
3494 1784 3680 1841 decem
3712 1800 3814 1857 pe-

2217 1862 2375 1918 dibus
2426 1864 2480 1919 in
2532 1874 2675 1920 terra
2716 1867 2978 1937 defossis,
3014 1880 3139 1928 octo
3173 1889 3300 1930 vero
3346 1892 3376 1930 a
3418 1886 3559 1932 terra
3593 1876 3812 1947 ejectis.

2217 1951 2503 2020 Quietiam
2550 1960 2892 2030 transpositis
2921 1977 3020 2033 per
3065 1972 3298 2034 quatuor
3338 1966 3504 2022 latera
3534 1969 3815 2040 repagulis

2213 2049 2708 2108 vehementissimis
2782 2054 3165 2113 solidarentur.
3232 2059 3522 2132 Repagulis
3591 2078 3815 2134 quoque

2216 2141 2585 2209 transmissis,
2648 2144 2805 2201 funes
2844 2147 3185 2205 inserendas.
3229 2150 3333 2207 Sed
3380 2153 3586 2209 funium
3620 2156 3813 2225 capita

2215 2237 2284 2290 ab
2328 2237 2576 2294 hostibus
2624 2241 2889 2310 abducta,
2944 2247 3222 2316 superiora
3271 2248 3485 2317 quidem
3512 2249 3813 2315 machinae,

2214 2327 2476 2386 interiora
2529 2348 2658 2389 vero
2694 2336 2866 2392 bobus
2911 2349 3347 2394 annecterentur.
3402 2342 3474 2396 At
3520 2341 3811 2411 interiora,

2212 2418 2423 2493 longius
2448 2425 2815 2495 superioribus
2837 2432 3304 2499 protenderentur.
3331 2430 3625 2503 Superiora
3649 2450 3811 2503 vero,

2212 2511 2461 2571 breviore
2504 2518 2664 2573 ductu
2695 2521 3001 2576 machinam
3057 2524 3369 2595 implicitam
3411 2526 3697 2593 haberent,
3733 2528 3810 2583 ita

2212 2611 2272 2657 ut
2304 2605 2445 2661 inter
2471 2606 2655 2665 hostes
2709 2620 2762 2666 et
2792 2612 2956 2669 boves
3006 2616 3258 2672 machina
3313 2626 3501 2673 staret.
3550 2619 3707 2674 Unde
3751 2628 3812 2675 et

2214 2694 2368 2751 fieret
2396 2707 2453 2753 ut
2500 2710 2704 2769 quanto
2733 2702 2897 2758 boves
2931 2706 2997 2761 ab
3031 2708 3274 2764 hostibus
3306 2711 3572 2767 trahendo
3618 2711 3807 2768 disce-

2213 2785 2424 2855 derent,
2456 2798 2606 2847 tanto
2641 2795 2888 2849 machina
2921 2795 3170 2854 hostibus
3208 2809 3435 2856 attracta
3466 2803 3807 2874 propinqua-

2212 2886 2313 2933 ret.
2367 2879 2485 2948 Quo
2532 2895 2870 2954 commento,
2913 2888 3193 2946 chilindris
3236 2893 3548 2963 suppositis,
3604 2896 3810 2965 quibus

2214 2969 2421 3028 facilius
2475 2985 2679 3031 motum
2727 2978 3015 3048 acciperet,
3071 2982 3318 3038 machina
3356 2983 3601 3041 hostibus
3652 2985 3809 3042 nullo

2133 3033 2181 3098 ε
2209 3063 2337 3121 laeso
2358 3067 2580 3138 appulsa
2601 3054 2712 3125 est.

2279 3159 2397 3214 107.
2432 3159 2664 3219 Victoria
2684 3168 2755 3204 ⁸⁸⁸
2778 3163 3019 3222 Lotlmrii
3046 3169 3222 3225 ⁵¹⁶.-
3242 3170 3553 3228 Adversarii
3575 3188 3803 3245 quoque

2206 3255 2435 3311 similem
2467 3258 2683 3329 quidem
2729 3263 3035 3318 machinam
3068 3274 3346 3335 extruunt,
3389 3269 3483 3324 sed
3508 3267 3805 3325 altitudine

2205 3355 2260 3402 et
2288 3349 2482 3406 robore
2506 3350 2839 3410 inferiorem.
2889 3353 3124 3429 Utraque
3152 3374 3282 3430 ergo
3323 3371 3603 3417 exstructa
3624 3371 3721 3429 ⁸⁸⁷,
3768 3380 3801 3420 a

2202 3450 2355 3511 parte
2384 3451 2615 3515 utraque
2636 3461 2919 3503 ascensum
2941 3432 3042 3505 est.
3080 3450 3509 3525 Conﬂictumque
3534 3456 3602 3511 ab
3631 3456 3806 3512 utris-

2201 3548 2306 3604 que
2346 3537 2733 3606 promtissime,
2763 3555 2865 3596 nec
2896 3551 3075 3600 tamen
3102 3545 3209 3601 ullo
3238 3548 3396 3604 modo
3425 3550 3645 3605 cedunt.
3679 3549 3803 3608 Rex

2200 3641 2322 3682 cum
2361 3630 2580 3700 propior
2609 3633 2777 3688 muris
2831 3635 3080 3704 adesset,
3131 3637 3312 3696 funda:
3330 3640 3511 3712 jacnlo
3538 3643 3589 3698 in
3633 3643 3796 3702 labro

2198 3720 2480 3789 Superiore
2509 3723 2782 3781 sauciatus
2822 3737 2925 3783 est.
2977 3727 3143 3799 Cujus
3189 3731 3407 3804 injuria,
3439 3737 3521 3792 sui
3552 3741 3799 3816 accensi.

2197 3812 2569 3871 vehementius
2593 3814 2731 3873 bello
2751 3818 3064 3894 incubuere.
3099 3822 3304 3894 thuia
3331 3826 3512 3884 hostes
3538 3812 3798 3889 machina

2195 3892 2442 3959 et'armis
2492 3905 2680 3974 fortes,
2735 3892 3045 3969 nullatenus
3080 3915 3362 3984 cedebant,
3422 3934 3516 3974 rex
3564 3923 3801 3980 uncinos

2194 3992 2405 4051 ferreos
2453 3998 2697 4055 adhiberi
2729 4004 3004 4075 praecepit.
3047 4004 3148 4073 Qui
3178 4006 3396 4065 funibus
3424 4010 3626 4083 alligati
3663 4032 3796 4072 cum

2194 4089 2427 4145 hostium
2458 4092 2722 4148 machinae
2750 4094 2931 4167 injecti
2959 4108 3164 4164 essent,
3212 4098 3483 4172 lignisque
3510 4111 3798 4161 transver-

2194 4184 2269 4239 sis
2297 4185 2552 4253 admorsi,
2602 4187 2755 4245 funes
2788 4190 2877 4245 alii
2928 4190 3316 4261 demittebant,
3374 4194 3465 4249 alii
3519 4196 3796 4256 demissos

509 4268 667 4311 Suras
692 4272 876 4315 earum
909 4266 1212 4336 tenebatur,
1242 4272 1426 4328 decem
1448 4277 1640 4346 pedum
1662 4289 1798 4337 erat.
1828 4280 2092 4355 Quicquid
2191 4279 2533 4349 excipiebant
2562 4299 2576 4349 ;
2613 4282 2809 4353 quibus
2839 4285 3275 4342 adversariorum
3313 4289 3590 4355 machina,
3626 4291 3792 4348 incli-

509 4347 672 4404 etiam
712 4366 743 4406 a
788 4357 1158 4415 commissuris
1195 4373 1345 4420 extra
1386 4366 1681 4438 projectum
1726 4347 1875 4442 erat,
1926 4347 2089 4435 simili
2125 4401 2175 4463 ι)
2199 4385 2325 4431 nata
2354 4384 2515 4448 atque
2546 4392 2681 4449 pene
2723 4377 2968 4435 demersa
2999 4388 3100 4435 est.
3152 4380 3305 4438 Unde
3349 4382 3440 4437 alii
3470 4382 3795 4441 delabcntes

509 4442 663 4463 ---μ
719 4443 835 4463 λ---
1210 4456 1245 4463 -.
1392 4460 1405 4463 -
1444 4460 1457 4463 -

508 4442 669 4497 modo
712 4443 899 4502 decem
929 4451 1156 4520 pedibus
1194 4456 1620 4519 distendebatur.
1667 4464 1723 4520 ln
1761 4466 1952 4524 harum
1987 4478 2095 4525 tra-
2128 4442 2173 4463 ν
2199 4483 2294 4539 per
2322 4468 2584 4539 lignorum
2613 4472 2997 4528 commissuras
3046 4472 3482 4541 descendebant;
3520 4474 3609 4530 alii
3658 4491 3796 4534 vero

506 4530 655 4588 bium
680 4539 1076 4610 commissuris,
1103 4556 1337 4617 quatuor
1362 4554 1598 4611 sublicas
1623 4559 2091 4632 quadragenorum
2122 4560 2144 4613 .’
2198 4561 2339 4616 saltu
2369 4576 2489 4618 sese
2512 4563 2578 4617 ad
2623 4572 2822 4619 terram
2855 4565 3244 4632 demillebmll;
3278 4566 3521 4623 ηοηῐιυηί
3567 4583 3794 4640 quoque

507 4627 746 4694 pedum,
799 4635 1066 4703 quadrato
1120 4642 1335 4710 quidem
1396 4627 1668 4717 scemate,
1715 4652 1809 4708 sed
1833 4627 2090 4726 procero,

505 4733 661 4790 mquo
687 4726 863 4793 spatio
887 4743 916 4782 a
956 4744 1014 4785 se
1042 4730 1323 4804 distantes,
1363 4739 1615 4819 adhibitis
1653 4745 1869 4802 trocleis
1906 4762 2092 4805 erexe-

506 4819 656 4868 runt.
723 4814 1303 4896 Transposueruntque
1352 4828 1435 4883 bis
1501 4814 1597 4900 per
1639 4846 1871 4904 quatuor
1917 4838 2088 4897 latera

503 4900 743 4962 festucas
791 4908 977 4966 decem
1027 4916 1260 4985 pedum,
1309 4919 1361 4976 in
1403 4922 1581 4978 medio
1634 4900 1866 4993 scilicet,
1936 4938 1990 4984 et
2032 4932 2085 4987 in

504 5013 738 5071 summo,
765 5020 886 5076 qum
911 5009 1184 5075 traducta;
1215 5014 1450 5072 sublicas
1479 5019 1581 5074 sibi
1601 5018 1817 5078 fortiter
1837 5036 2089 5084 annecte-

504 5099 650 5167 rcnt.
670 5094 721 5151 A
745 5098 1014 5170 capitibus
1038 5100 1173 5160 vero‘
1188 5105 1438 5174 trabium,
1476 5112 1671 5180 quibus
1701 5117 1918 5173 sublicae
1948 5119 2089 5174 nite-

2200 4655 2339 4726 turpi
2388 4655 2671 4711 formidine
2700 4658 2864 4724 tacti,
2911 4659 3146 4715 latibulis
3177 4661 3341 4716 vitam
3386 4661 3485 4716 sibi
3523 4660 3793 4718 defende-

2195 4749 2344 4805 bant.
2412 4750 2600 4806 llostes
2657 4753 2846 4807 mortis
2901 4753 3199 4823 periculum
3255 4771 3449 4828 urgere
3507 4755 3787 4824 videntes,

2198 4844 2520 4899 adversariis
2547 4832 2763 4911 cedunt,
2802 4847 3072 4917 vitamque
3102 4848 3366 4919 supplices
3397 4858 3604 4919 petunt.
3632 4847 3790 4906 Jussi

2194 4952 2431 5006 quoque,
2463 4952 2612 4991 arma
2668 4938 2968 5008 deponunt,
3023 4950 3078 4994 et
3103 4941 3350 4995 reddunt.
3411 4941 3718 5013 Statimque
3752 4960 3788 5001 a

2194 5043 2321 5099 rege
2378 5029 2652 5085 decretum
2705 5030 2871 5086 exivit
2921 5031 3102 5087 hostes
3154 5032 3270 5087 sine
3330 5032 3508 5104 aliqua
3556 5035 3787 5093 ultionis

2192 5117 2385 5187 injuria
2413 5121 2964 5191 comprehendendos,
2997 5138 3061 5177 ac
3081 5121 3260 5178 illesos
3283 5123 3384 5179 sibi
3409 5124 3784 5182 adducendas.

1778 5270 2015 5331 VARIAS
2051 5274 2449 5337 LECTIONES.
