4026 6312
277 310 382 370 195

1196 301 1678 361 illSTORIARUM
1717 298 1896 356 LIBRI
1925 297 2283 366 QUATUOR.
2328 327 2395 336 —-
2437 295 2562 350 LIB.
2604 294 2689 350 ιν.

3430 294 3539 360 128

240 424 653 507 ‘Contprehensi
696 423 897 493 itaque,
950 420 1185 475 inermes
1218 433 1283 473 ac
1310 418 1628 488 indempnes
1654 423 1852 487 prmter
1882 395 1934 454 Α
1962 409 2166 465 Ructus
2224 410 2540 465 conationes
2587 409 2706 465 sine
2751 406 2968 475 effectu,
3016 406 3223 464 ventris
3269 391 3535 472 extensio,

268 524 407 578 ictus
435 534 573 590 quos
600 519 652 572 in
703 515 921 571 militari
972 512 1201 570 tumultu
1243 518 1589 582 acceperant,
1618 519 1745 564 ante
1768 523 1854 564 re-

264 626 386 684 gem
412 609 632 664 admissi
665 616 813 663 sunt.
844 605 946 674 Qui
974 604 1119 674 regis
1145 603 1370 674 pedibus
1399 600 1658 665 advoluti,
1688 600 1853 653 vitam

270 697 544 773 petebant.
574 697 711 751 Nam
739 695 903 768 regis:
936 694 1235 765 majestatis
1267 691 1347 747 rei
1394 700 1556 761 atque
1598 689 1857 755 convicti,

270 788 335 845 de
368 789 478 843 vita
505 785 838 842 diﬁidebant.

337 878 466 936 108.
499 878 615 935 Rex
667 878 895 934 victoria
936 879 1167 950 potitus,
1208 877 1437 949 Belgica:
1467 875 1739 947 principes
1763 889 1859 930 ca-

262 980 424 1044 ptos,
469 970 585 1025 suis
612 970 1017 1036 custodiendos,
1075 973 1172 1027 sed
1217 979 1274 1026 et
1325 985 1567 1040 congruo
1620 978 1862 1037 tempore

268 1060 575 1115 reddendos
617 1045 914 1114 mandavit.
967 1058 1249 1130 Reliquam
1279 1074 1498 1114 manum
1535 1058 1713 1114 redire
1741 1071 1865 1128 per-

265 1149 442 1205 misit.
494 1148 616 1219 lpse
659 1147 979 1204 Laudunum
1010 1165 1133 1204 cum
1164 1149 1406 1205 exercitu
1454 1149 1630 1211 rediit,
1682 1148 1866 1219 ibique

266 1243 607 1315 procinctum
643 1243 820 1299 solvit.
877 1242 1078 1299 Urbem
1103 1243 1405 1299 Virdunum
1437 1258 1608 1312 usque
1636 1242 1689 1296 in
1719 1241 1864 1295 diem

266 1337 397 1393 vitae
423 1336 542 1407 ejus
571 1351 909 1406 supremum,
958 1334 1163 1406 absque
1189 1334 1297 1390 ulla
1336 1333 1701 1403 refragatione
1728 1332 1867 1386 obti-

266 1428 407 1484 nuit.
443 1427 773 1498 Disponebat
804 1436 1065 1499 praeterea
1108 1427 1379 1495 quomodo
1426 1425 1655 1480 ulterius
1681 1437 1867 1494 proce-

263 1519 466 1584 dendo,
494 1535 720 1590 regnum
752 1535 909 1574 suum
935 1518 1207 1583 dilataret,
1256 1534 1379 1574 cum
1408 1533 1495 1573 res
1517 1532 1628 1572 sua:
1656 1530 1869 1571 succes-

264 1630 392 1670 sum
416 1613 682 1683 optimnm
710 1612 995 1676 haberent,
1035 1611 1293 1681 regnique
1322 1609 1534 1666 fortuna
1564 1624 1660 1679 per
1681 1617 1870 1677 captos

266 1708 533 1779 primates
567 1706 620 1761 id
659 1707 1030 1776 persuaderet.
1083 1704 1189 1760 Sed
1230 1704 1494 1759 Divinitas
1523 1718 1613 1758 res
1638 1702 1866 1756 munda-

1959 502 2223 558 stomachi
2255 500 2435 564 ardor,
2470 515 2574 556 non
2602 501 2842 565 deerant.
2898 497 3101 571 Ingenti
3150 499 3332 569 itaque
3369 498 3541 564 luctu,

1958 603 2070 650 tota
2103 603 2356 665 personat
2377 596 2446 632 δι’
2475 594 2688 649 domus.
2742 593 2832 648 Fit
2873 593 3084 648 sonitus
3114 576 3542 657 diversus,‘cla-

1959 701 2079 741 mor
2104 686 2306 740 varius.
2354 685 2566 741 Nemini
2590 686 2733 741 enim
2756 700 2945 739 eorum
2973 685 3064 753 qui
3110 685 3358 748 aderant,
3408 682 3546 737 inla-

1959 777 2256 833 crimabilis
2304 787 2422 832 erat
2464 793 2527 832 ea
2575 777 2876 832 calamitas.
2951 777 3143 831 Decem
3183 774 3330 846 (118)
3382 774 3547 845 igitur

1960 869 2119 924 annis
2157 866 2337 923 Ottoui
2389 877 2685 938 superstes,
2740 867 3014 921 tricesimo
3060 874 3115 921 et
3141 865 3370 934 septimo
3398 860 3547 934 (H9)

1963 976 2147 1028 anno,
2192 976 2259 1015 ex
2312 975 2419 1030 quo
2481 969 2635 1031 patre
2685 959 2939 1015 defuncto
2979 972 3146 1028 regno
3188 954 3394 1028 potitus
3441 960 3549 1018 est,

1963 1053 2376 1124 quadragesimo
2400 1067 2527 1107 vero
2554 1059 2611 1106 et
2656 1061 2848 1107 octavo
2877 1066 2986 1121 quo
3033 1066 3060 1105 a
3095 1058 3250 1120 patre
3289 1053 3551 1116 regnanto

1965 1160 2222 1201 coronam
2273 1153 2330 1199 et
2376 1153 2650 1215 sceptrum
2702 1153 3028 1214 regnaturus
3069 1140 3314 1211 accepit,
3358 1152 3388 1191 a
3420 1131 3551 1191 natu

1967 1246 2150 1292 autem
2180 1236 2524 1307 sexagesimo
2572 1242 2766 1289 octavo
2815 1232 2999 1306 (121)),
3048 1230 3308 1286 deticieus
3342 1236 3554 1283 natura:

1968 1328 2236 1385 concessit
2266 1325 2454 1397 (Mart.
2487 1325 2575 1398 ιι).

2039 1419 2163 1475 110.
2193 1418 2401 1473 Interea
2429 1416 2716 1488 magnifice
2745 1415 2905 1470 funus
2928 1415 3132 1487 regium
3153 1412 3323 1468 multo
3349 1410 3559 1467 divitia-

1969 1529 2089 1568 rum
2115 1511 2376 1582 regalium
2417 1511 2623 1564 ambitu
2667 1515 2975 1565 accnratur.
3027 1505 3182 1560 Fitei
3214 1504 3383 1559 lectus
3408 1516 3561 1573 rega-

1970 1605 2113 1659 libus
2158 1603 2460 1672 insignibus
2491 1603 2810 1664 adornatus,
2847 1614 3047 1669 corpus
3080 1596 3282 1652 bissiua
3298 1594 3368 1630 '-‘°
3408 1601 3562 1649 veste

1974 1696 2239 1760 induitur,
2268 1709 2331 1748 ac
2361 1692 2595 1763 desuper
2637 1691 2777 1761 palla
2812 1702 3082 1760 purpurea
3112 1685 3342 1757 gemmis
3371 1690 3564 1739 ornata

266 1814 369 1855 nas
391 1797 784 1863 determinans,
802 1805 858 1851 et
879 1796 1057 1867 Belgis
1085 1798 1350 1867 requiem,
1377 1803 1433 1849 et
1455 1794 1583 1849 huic
1607 1793 1868 1864 regnandi
1901 1762 1949 1823 Β
1973 1803 2213 1857 auroque
2240 1788 2445 1841 intesta
2474 1785 2740 1854 operitur.
2786 1782 3009 1837 Lectum
3042 1793 3332 1850 regnorum
3361 1776 3566 1848 prima-

268 1892 433 1947 tinetn
457 1889 630 1946 dedit.
1234 1930 1245 1945 ,

341 1982 466 2038 1θ9.
508 1979 684 2054 (986.)
716 1978 902 2035 Obitus
944 1977 1204 2033 Lotharii.
1231 2005 1304 2020 ρι-
1326 1976 1462 2032 Nam
1487 1992 1608 2031 cum
1633 1974 1871 2030 vernalis

267 2072 564 2131 clementia
592 2072 784 2127 eodem
811 2086 956 2126 anno
982 2071 1146 2125 rebus
1172 2070 1366 2124 bruma
1398 2067 1613 2123 amictis
1644 2068 1870 2132 rediret,

270 2179 370 2237 pro
398 2179 585 2220 rerum
618 2169 816 2217 natura
859 2163 1126 2217 inmutato
1173 2175 1322 2225 aere,
1350 2158 1597 2214 Lauduni
1626 2165 1875 2229 egrotare

272 2256 458 2327 carpit.
491 2253 649 2311 Unde
672 2259 902 2307 vexatus
925 2266 987 2306 ea
1015 2250 1268 2321 passione
1289 2263 1407 2319 qua:
1437 2248 1606 2304 colica
1635 2265 1665 2302 a
1698 2246 1871 2316 phisi-

272 2350 353 2407 eis
377 2348 605 2412 dicitur,
633 2346 688 2400 iu
716 2344 913 2401 lectum
949 2344 1169 2399 decidit.
1198 2341 1300 2398 Cui
1344 2341 1497 2397 dolor
1520 2340 1877 2396 intolerabilis

274 2441 327 2497 in
373 2448 534 2511 parte
575 2437 765 2492 dextra
818 2449 985 2504 super
1016 2433 1254 2489 verenda
1300 2440 1449 2498 erat;
1504 2431 1574 2486 ab
1619 2431 1878 2485 umbilico

274 2547 495 2605 quoque
533 2544 705 2600 usque
736 2528 803 2583 ad
830 2526 1096 2599 splenem,
1141 2534 1197 2581 et
1219 2525 1348 2580 inde
1374 2539 1548 2595 usque
1573 2524 1641 2579 ad
1679 2523 1877 2594 inguen

275 2625 581 2687 sinistrum,
622 2626 678 2675 et
706 2619 785 2675 sic
827 2618 895 2672 ad
931 2632 1114 2681 anum,
1154 2614 1368 2671 infestis
1395 2614 1673 2669 doloribus
1701 2613 1880 2684 pulsa-

276 2721 458 2779 batur.
514 2717 669 2772 Ilium
719 2728 934 2786 quoque
983 2727 1049 2768 ac
1110 2711 1326 2767 renium
1377 2708 1573 2778 injuria
1624 2706 1878 2762 nonnulla

277 2820 437 2878 erat;
467 2811 785 2866 thenasmus
812 2805 1100 2872 assiduus;
1151 2803 1361 2875 egestio
1400 2801 1730 2871 sanguinea;
1776 2814 1881 2854 vox

281 2902 572 2976 aliquoties
600 2897 1081 2955 intercludcbatur.
1104 2895 1382 2951 interdum
1416 2891 1621 2962 frigore
1652 2890 1882 2945 febrium

285 2998 514 3069 rigebat.
569 2992 800 3066 Rugitus
848 2987 1335 3047 intestinorum”.
1383 2986 1684 3043 Fastidium
1734 2984 1881 3059 iuge.

1971 1891 2053 1938 tes
2106 1880 2443 1936 deferebant.
2498 1877 2757 1932 Preibant
2811 1873 3049 1944 episc0pi
3091 1880 3147 1927 et
3191 1870 3390 1934 clerus,
3440 1882 3564 1923 cum

1972 1971 2270 2042 evangeliis
2306 1980 2361 2024 et
2395 1968 2682 2033 crucibus;
2736 1980 2907 2035 penes
2937 1978 3074 2034 quos
3102 1962 3290 2026 etiam,
3327 1959 3419 2031 qui
3451 1947 3570 2030 ejus

1972 2078 2231 2120 coronam
2286 2046 2500 2117 ferebat
2545 2058 2713 2113 multo
2755 2072 2889 2111 auro
2933 2057 3269 2127 gemmisque
3312 2050 3570 2125 pretiosis

1975 2156 2236 2212 nitentem
2266 2196 2282 2221 ,
2350 2171 2473 2210 cum
2528 2153 2650 2208 aliis
2694 2152 2878 2207 multis
2917 2140 3262 2222 insignibus,
3320 2146 3570 2216 ejulando

1975 2250 2281 2307 incedebat.
2323 2248 2570 2302 Funebre
2618 2246 2811 2310 melos,
2868 2245 3110 2300 lacrimis
3141 2242 3567 2314 impedientibus

1976 2342 2063 2396 vix
2111 2339 2510 2410 proferebatur.
2562 2338 2762 2394 Milites
2807 2337 2975 2392 etiam
3016 2344 3190 2391 mesto
3240 2333 3413 2400 vultu,
3469 2344 3570 2387 suo

1977 2433 2165 2488 ordine
2189 2430 2674 2502 prosequebantur.
2715 2429 2944 2500 Reliqua
2973 2442 3189 2498 quoque
3212 2440 3423 2490 manus,
3447 2438 3573 2479 cum

1977 2523 2233 2579 lamentis
2252 2522 2597 2576 succedebat.
2630 2520 2886 2591 Sepultus
2912 2529 2994 2576 est
3020 2519 3205 2575 Remis
3244 2518 3297 2573 in
3322 2514 3574 2573 coenobio

1978 2617 2370 2672 monachorum
2417 2613 2591 2668 sancti
2620 2612 2873 2683 Remigii,
2914 2627 3036 2667 cum
3079 2620 3233 2682 patre
3266 2618 3321 2665 et
3368 2616 3566 2672 matre,

1980 2711 2120 2766 sicut
2148 2720 2275 2763 ante
2295 2707 2534 2775 iusserat
2555 2707 2668 2761 suis
2694 2723 2708 2772 ;
2733 2706 2876 2775 quod
2904 2706 3070 2760 etiam
3087 2705 3243 2760 abest
3262 2702 3369 2757 ξω
3385 2701 3578 2758 stadiis

1983 2806 2051 2859 ah
2078 2819 2144 2859 eo
2166 2802 2305 2865 loco,
2336 2802 2388 2855 in
2415 2816 2523 2871 quo
2558 2801 2718 2853 linem
2747 2802 2871 2854 vita:
2896 2798 3145 2868 accepit;
3200 2796 3374 2852 multo
3412 2796 3574 2850 obse—

1983 2880 2113 2964 quio
2140 2892 2517 2947 universorum
2544 2890 2774 2960 parique
2808 2888 3001 2946 ati‘eclu
3030 2903 3129 2959 per
3161 2895 3374 2943 tantum
3414 2882 3578 2955 spatii

1988 2984 2273 3042 deductus.

1606 3146 1842 3203 VARle
1878 3146 2280 3207 LECTIONES.

351 3282 427 3321 ⁸⁸⁸
479 3281 861 3340 intestinorum
888 3295 935 3333 c.
1012 3278 1081 3311 ⁵³³
1121 3277 1461 3349 coucrepitat
1487 3278 1814 3350 superposito
1851 3284 2110 3349 personat
2143 3293 2190 3330 ε.

2289 3272 2359 3306 ⁸³⁰
2394 3286 2661 3345 purpurea
2685 3258 2822 3325 corr'.
2847 3268 3070 3326 bissiua.

1814 3395 2048 3454 NOTAE.

385 3496 508 3639 “8;
538 3496 625 3552 15.

390 3569 486 3623 119
538 3568 625 3624 55⁸

390 3568 508 3624 119)
538 3568 649 3624 53°.

2065 3493 2212 3566 (120)
2244 3493 2478 3566 Antii/il
2508 3499 2666 3547 natus
2691 3497 2850 3566 erat_;
2878 3487 3148 3566 Richerus
3172 3492 3349 3566 errat,
3398 3496 3431 3537 a
3452 3487 3581 3538 nato

1990 3556 2283 3622 Ludowico
2311 3563 2376 3619 IV
2411 3579 2704 3620 numerans
2730 3578 2745 3629 ;
2777 3560 2849 3617 cf.
2884 3576 2942 3625 ιι,
2973 3559 3028 3625 4,
3056 3575 3141 3623 ιιι,
3170 3556 3225 3610 2.

297 3656 3569 3703 WM

1469 3773 1770 3854 LIBER
1829 3772 2343 3871 QUARTUS.

363 4092 415 4151 1.
451 4091 674 4165 Sepulto
702 4092 986 4161 Lothario,
1011 4091 1320 4153 Ludovicus
1349 4091 1492 4149 filius
1522 4106 1554 4148 a
1581 4091 1716 4149 duce
1739 4090 1887 4146 aliis-
1914 4073 1960 4137 Ο
1992 4070 2060 4126 δά
2092 4079 2305 4165 "imi"?
2334 4065 2574 4165 ξῖθάθτθίν
2764 4059 2886 4118 Sine
2914 4072 2980 4114 eo
3013 4068 3136 4165 rec.
3182 4053 3595 4165 ’f’S'TfT“-‘

301 4200 403 4258 que
426 4184 764 4258 principibus
794 4186 848 4240 in
886 4200 1114 4257 regnum
1136 4185 1484 4257 subrogatur.
1509 4183 1898 4240 Circumvalla-

300 4289 384 4336 tur
411 4296 543 4351 ergo
574 4280 781 4335 ambitu
830 4279 1224 4335 universorum.
1294 4279 1627 4334 Promittunt
1680 4276 1902 4334 benivo-

296 4371 552 4434 leutiam;
579 4373 848 4443 spondent
874 4371 1068 4438 (idem;
1095 4371 1388 4442 stipatores
1413 4371 1576 4425 etiam
1603 4369 1758 4424 vario
1783 4368 1901 4424 cul-

298 4472 351 4519 tu
405 4463 475 4495 ⁸³⁸
502 4462 751 4525 facienda
797 4462 1075 4519 dictabam
1095 4462 1187 4517 ⁸³¹.
1216 4462 1320 4517 Alii
1344 4462 1485 4517 enim
1515 4462 1568 4516 in
1598 4460 1811 4531 palatiis
1832 4461 1901 4492 ⁸³⁸

297 4557 347 4612 ei
364 4556 711 4613 rcsidendum
731 4555 1045 4623 censebant,
1069 4564 1129 4611 ut
1149 4556 1426 4628 principes
1447 4555 1513 4611 ad
1543 4570 1601 4611 se
1626 4553 1905 4610 conﬂuen-

301 4654 379 4703 tes
420 4645 539 4717 ejus
582 4647 809 4717 imperio
853 4647 1213 4713 descrvirent,
1261 4662 1331 4702 ne
1355 4647 1503 4719 regia
1543 4646 1775 4717 dignitas
1820 4646 1904 4701 vi-
1963 4646 1967 4650 ’

298 4738 550 4810 lesceret,
589 4737 634 4793 si
664 4736 799 4793 alias
822 4746 1009 4808 utpote
1034 4738 1209 4808 inops,
1241 4736 1402 4792 alieni
1432 4735 1671 4809 suffragii
1696 4744 1906 4807 peteret

302 4844 452 4902 opes.
484 4828 545 4885 lu
575 4829 723 4885 omni
754 4829 918 4885 etiam
942 4829 1205 4901 dignitate
1242 4828 1293 4884 id
1314 4844 1436 4885 esse
1478 4828 1801 4894 cavendum,
1835 4842 1904 4882 ne

306 4926 363 4981 in
380 4924 679 4998 primordio
705 4924 941 4994 suscepti
978 4925 1224 4988 honoris,
1279 4924 1538 4994 segnities
1577 4933 1633 4977 et
1683 4922 1899 4997 ignavia

303 5019 562 5073 virtutem
587 5016 893 5073 habendam
909 5027 1186 5089 superent.
1210 5016 1346 5072 Nam
1367 5018 1411 5073 si
1440 5018 1492 5073 id
1518 5016 1580 5071 fit
1602 5016 1676 5051 ⁵³³
1694 5055 1714 5084 ,
1737 5024 1903 5071 totam

306 5113 470 5169 etiam
497 5127 614 5168 rem
648 5112 701 5167 in
731 5121 1108 5184 contemptum
1130 5122 1186 5169 et
1222 5113 1488 5170 vilitatem
1511 5112 1903 5183 pernitiosissi-

309 5221 395 5264 me
415 5206 796 5262 deventuram.
829 5204 933 5261 Alii
980 5220 1199 5276 quoque
1222 5222 1346 5261 eum
1398 5206 1535 5261 duce
1555 5205 1605 5260 ei
1658 5219 1906 5260 commo-

307 5301 538 5379 randum
571 5299 910 5360 asserelnant.
940 5313 1006 5353 co
1056 5298 1200 5369 quod
1236 5298 1553 5355 adolescens
1600 5302 1734 5353 tanti
1760 5296 1907 5367 prin-

310 5390 448 5463 cipis
477 5389 763 5462 prudentia
792 5389 1029 5447 simulet
1075 5390 1278 5471 virtute
1305 5390 1585 5447 informari
1613 5390 1898 5461 indigeret.

312 5478 427 5539 Sibi
457 5496 674 5555 quoque
704 5480 994 5538 utillimum
1036 5482 1177 5550 ﬁeri,
1201 5482 1250 5539 si
1290 5482 1526 5554 potentis
1556 5481 1897 5552 dispositioni

2002 4161 2230 4218 tentiam
2262 4158 2466 4215 habere
2494 4172 2563 4213 ex
2602 4158 2817 4226 integro
2848 4158 3052 4224 posset,
3088 4156 3148 4204 et
3170 4162 3267 4220 per
3289 4156 3411 4203 eum
3455 4153 3596 4201 stre-

2002 4271 2107 4311 nue
2126 4264 2286 4324 atque
2315 4251 2520 4307 utiliter
2545 4249 2725 4304 omnia
2752 4241 3122 4302 administrari
3152 4239 3413 4294 valerent.
3449 4236 3587 4303 Rex,

2002 4348 2249 4420 partibus
2276 4345 2514 4409 auditis,
2555 4341 2884 4399 sententiam
2942 4335 3170 4394 distulit.
3211 4332 3420 4390 Collato
3466 4344 3597 4389 vero

2004 4457 2127 4497 cum
2158 4441 2293 4496 duce
2332 4437 2581 4502 consilio,
2628 4434 2680 4490 ei
2729 4431 2926 4489 abinde
2970 4439 3080 4487 tota
3118 4438 3298 4484 mente
3351 4422 3599 4483 addictus

2004 4532 2159 4589 favit.

2075 4628 2131 4683 2.
2157 4625 2342 4683 Oratio
2366 4624 2437 4659 “"
2466 4620 2718 4679 Ludovici
2747 4619 2821 4653 '“
2862 4615 3004 4689 apud
3046 4618 3255 4681 ducem,
3298 4620 3600 4682 ceterosque

2004 4722 2277 4792 primates,
2324 4720 2381 4773 in
2411 4716 2483 4750 ⁸³⁸
2513 4713 2895 4770 Adalberouem
2922 4706 3380 4778 metropolitanum
3412 4701 3504 4758 ⁸³⁸.
3530 4732 3603 4744 ο-

2006 4814 2162 4885 Apud
2186 4827 2347 4885 quem
2372 4811 2616 4877 aliosque
2632 4821 2794 4878 quam
2820 4816 3044 4874 paucos,
3070 4797 3468 4872 praeteritorum
3492 4810 3601 4850 non

2008 4909 2297 4964 immemor
2318 4903 2398 4960 sic
2425 4908 2756 4972 conquestus
2776 4904 2894 4953 est:
2925 4914 2942 4946 ι
2972 4894 3134 4949 Pater
3162 4905 3317 4946 meus
3352 4889 3405 4943 in
3457 4886 3602 4958 egri-

2008 4999 2256 5055 tudinem
2291 5011 2396 5066 qua
2427 5003 2483 5049 et
2518 4991 2683 5064 periit
2729 4988 3011 5051 decidens,
3044 4984 3175 5039 mihi
3231 4980 3508 5054 prmeepit,
3540 4984 3602 5032 ut

2006 5102 2191 5148 vestro
2218 5086 2469 5152 consilio,
2500 5092 2686 5138 vestra
2736 5078 3113 5150 dispositione.
3147 5073 3296 5146 regni
3345 5084 3605 5143 procura-

2010 5187 2215 5242 tionem
2246 5183 2541 5246 haberem;
2574 5192 2673 5233 vos
2698 5175 2864 5231 etiam
2889 5171 3008 5227 loco
3038 5166 3296 5232 allinium,
3321 5164 3441 5219 loco
3468 5160 3605 5216 ami-

2009 5294 2197 5335 eorum
2231 5276 2301 5308 ⁸³³
2333 5275 2609 5336 ducerem,
2667 5266 2909 5337 nihilque
2958 5261 3217 5335 praecipui
3267 5263 3466 5329 praeter
3505 5269 3602 5310 ve-

2010 5382 2180 5429 stram
2213 5368 2499 5427 scientiam
2524 5362 2791 5420 adorirer.
2820 5358 2879 5415 Si
2904 5364 3084 5414 vestra
3110 5352 3213 5409 [ide
3234 5349 3595 5424 potirer,siue
3628 5426 3631 5427 ν

2007 5472 2175 5530 dubio
2196 5470 2440 5535 divitias,
2467 5465 2763 5527 exercitus,
2813 5457 3151 5515 munimenta
3180 5449 3356 5524 regni,
3389 5459 3604 5524 assere:

1598 5613 1837 5671 VARIIE
1874 5609 2283 5669 LECTIONES.

381 5718 450 5752 '“
480 5717 589 5784 cul,
618 5717 707 5774 die
759 5733 826 5773 ea:
875 5716 1100 5789 conject.

317 5788 386 5853 "9
413 5797 764 5865 cognatorum
804 5805 942 5848 corr.
968 5786 1300 5863 amicorum.

1202 5711 1273 5745 ⁸³⁸
1323 5729 1378 5786 p.
1421 5725 1642 5769 suarum
1697 5708 1913 5766 urbium
1971 5706 2164 5763 deleta.

2268 5699 2341 5735 ⁸³³
2389 5699 2464 5754 ita
2494 5713 2540 5751 c.
2647 5692 2717 5726 ⁸³⁸
2754 5690 2852 5759 Or,
2883 5688 2959 5758 vi,
2990 5692 3099 5756 cet,
3139 5683 3219 5757 in,
3262 5697 3319 5742 nt
3346 5696 3414 5740 ea:
3458 5690 3605 5766 coni.

3525 5880 3533 5893 λ
3576 5878 3593 5905 Ἃ
