  <div class='ocr_page' id='page_1' title='image "/cluster/home/n/w/nwhite01/storage/ocr_20150623/138/hvd.32044015471774/069.png"; bbox 0 0 4026 6312; ppageno 0'>
   <div class='ocr_carea' id='block_1_1' title="bbox 417 319 532 380">
    <p class='ocr_par' dir='ltr' id='par_1_1' title="bbox 417 319 532 380">
     <span class='ocr_line' id='line_1_1' title="bbox 417 319 532 380; baseline -0.009 0"><span class='ocrx_word' id='word_1_1' title='bbox 417 319 532 380; x_wconf 67' lang='grc'><strong>127</strong></span> 
     </span>
    </p>
   </div>
   <div class='ocr_carea' id='block_1_2' title="bbox 1505 289 2639 370">
    <p class='ocr_par' dir='ltr' id='par_1_2' title="bbox 1505 289 2639 370">
     <span class='ocr_line' id='line_1_2' title="bbox 1505 289 2639 370; baseline -0.003 -1"><span class='ocrx_word' id='word_1_2' title='bbox 1505 323 1510 330; x_wconf 85' lang='grc'><strong><em>-</em></strong></span> <span class='ocrx_word' id='word_1_3' title='bbox 1604 308 1888 370; x_wconf 70' lang='lat' dir='ltr'><strong>arenam</strong></span> <span class='ocrx_word' id='word_1_4' title='bbox 1932 289 1995 366; x_wconf 72' lang='lat' dir='ltr'><strong>s.’</strong></span> <span class='ocrx_word' id='word_1_5' title='bbox 2027 304 2293 366; x_wconf 81' lang='lat' dir='ltr'><strong>REMIGll</strong></span> <span class='ocrx_word' id='word_1_6' title='bbox 2330 305 2639 366; x_wconf 80' lang='lat' dir='ltr'><strong>MONACHI</strong></span> 
     </span>
    </p>
   </div>
   <div class='ocr_carea' id='block_1_3' title="bbox 421 427 3718 507">
    <p class='ocr_par' dir='ltr' id='par_1_3' title="bbox 421 427 3718 507">
     <span class='ocr_line' id='line_1_3' title="bbox 421 427 3718 507; baseline -0.005 -6"><span class='ocrx_word' id='word_1_7' title='bbox 421 441 516 501; x_wconf 83' lang='lat' dir='ltr'><strong>bat</strong></span> <span class='ocrx_word' id='word_1_8' title='bbox 540 453 628 498; x_wconf 90' lang='lat' dir='ltr'><strong>me</strong></span> <span class='ocrx_word' id='word_1_9' title='bbox 645 436 982 498; x_wconf 87' lang='lat' dir='ltr'><strong>habiturum.</strong></span> <span class='ocrx_word' id='word_1_10' title='bbox 1029 433 1161 507; x_wconf 64' lang='lat' dir='ltr'><strong>Quae</strong></span> <span class='ocrx_word' id='word_1_11' title='bbox 1204 451 1376 494; x_wconf 17' lang='lat' dir='ltr'><strong>mense</strong></span> <span class='ocrx_word' id='word_1_12' title='bbox 1396 436 1450 492; x_wconf 92' lang='lat' dir='ltr'><strong>in</strong></span> <span class='ocrx_word' id='word_1_13' title='bbox 1506 449 1595 491; x_wconf 92' lang='lat' dir='ltr'><strong>me</strong></span> <span class='ocrx_word' id='word_1_14' title='bbox 1642 436 1878 490; x_wconf 83' lang='lat' dir='ltr'><strong>maxime</strong></span> <span class='ocrx_word' id='word_1_15' title='bbox 1908 450 2012 490; x_wconf 88' lang='lat' dir='ltr'><strong>va-</strong></span> <span class='ocrx_word' id='word_1_16' title='bbox 2044 432 2090 490; x_wconf 75' lang='grc' dir='ltr'><strong>Α</strong></span> <span class='ocrx_word' id='word_1_17' title='bbox 2117 431 2268 501; x_wconf 85' lang='lat' dir='ltr'><strong>poris</strong></span> <span class='ocrx_word' id='word_1_18' title='bbox 2297 430 2655 486; x_wconf 90' lang='lat' dir='ltr'><strong>intolerabilis</strong></span> <span class='ocrx_word' id='word_1_19' title='bbox 2679 445 2785 486; x_wconf 91' lang='lat' dir='ltr'><strong>non</strong></span> <span class='ocrx_word' id='word_1_20' title='bbox 2810 427 3306 488; x_wconf 78' lang='lat' dir='ltr'><strong>deerat.Unde‘tmo</strong></span> <span class='ocrx_word' id='word_1_21' title='bbox 3333 435 3542 485; x_wconf 88' lang='lat' dir='ltr'><strong>tantum</strong></span> <span class='ocrx_word' id='word_1_22' title='bbox 3566 441 3718 486; x_wconf 79' lang='lat' dir='ltr'><strong>anno</strong></span> 
     </span>
    </p>
   </div>
   <div class='ocr_carea' id='block_1_4' title="bbox 421 524 2012 599">
    <p class='ocr_par' dir='ltr' id='par_1_4' title="bbox 421 524 2012 599">
     <span class='ocr_line' id='line_1_4' title="bbox 421 524 2012 599; baseline -0.006 -7"><span class='ocrx_word' id='word_1_23' title='bbox 421 534 496 592; x_wconf 88' lang='lat' dir='ltr'><strong>let</strong></span> <span class='ocrx_word' id='word_1_24' title='bbox 531 531 626 587; x_wconf 82' lang='lat'><strong>&#39;“.</strong></span> <span class='ocrx_word' id='word_1_25' title='bbox 657 530 880 587; x_wconf 87' lang='lat' dir='ltr'><strong>Placeat</strong></span> <span class='ocrx_word' id='word_1_26' title='bbox 931 529 1116 599; x_wconf 80' lang='lat' dir='ltr'><strong>itaque</strong></span> <span class='ocrx_word' id='word_1_27' title='bbox 1163 528 1445 584; x_wconf 89' lang='lat' dir='ltr'><strong>consilium</strong></span> <span class='ocrx_word' id='word_1_28' title='bbox 1490 524 1829 598; x_wconf 84' lang='lat' dir='ltr'><strong>profuturum</strong></span> <span class='ocrx_word' id='word_1_29' title='bbox 1861 527 2012 593; x_wconf 91' lang='lat' dir='ltr'><strong>dare,</strong></span> 
     </span>
    </p>
   </div>
   <div class='ocr_carea' id='block_1_5' title="bbox 421 620 2018 695">
    <p class='ocr_par' dir='ltr' id='par_1_5' title="bbox 421 620 2018 695">
     <span class='ocr_line' id='line_1_5' title="bbox 421 620 2018 695; baseline -0.007 -11"><span class='ocrx_word' id='word_1_30' title='bbox 421 625 777 684; x_wconf 88' lang='lat' dir='ltr'><strong>cumavobis</strong></span> <span class='ocrx_word' id='word_1_31' title='bbox 827 622 1081 695; x_wconf 90' lang='lat' dir='ltr'><strong>proposui</strong></span> <span class='ocrx_word' id='word_1_32' title='bbox 1141 637 1226 676; x_wconf 90' lang='lat' dir='ltr'><strong>me</strong></span> <span class='ocrx_word' id='word_1_33' title='bbox 1275 637 1382 676; x_wconf 94' lang='lat' dir='ltr'><strong>non</strong></span> <span class='ocrx_word' id='word_1_34' title='bbox 1431 621 1798 676; x_wconf 89' lang='lat' dir='ltr'><strong>discessurum</strong></span> <span class='ocrx_word' id='word_1_35' title='bbox 1833 620 1924 675; x_wconf 82' lang='grc'><strong>⁸³⁷.</strong></span> <span class='ocrx_word' id='word_1_36' title='bbox 1958 621 2018 676; x_wconf 91' lang='lat' dir='ltr'><strong>In</strong></span> 
     </span>
    </p>
   </div>
   <div class='ocr_carea' id='block_1_6' title="bbox 428 713 2020 779">
    <p class='ocr_par' dir='ltr' id='par_1_6' title="bbox 428 713 2020 779">
     <span class='ocr_line' id='line_1_6' title="bbox 428 713 2020 779; baseline -0.006 -3"><span class='ocrx_word' id='word_1_37' title='bbox 428 719 586 776; x_wconf 89' lang='lat' dir='ltr'><strong>vobis</strong></span> <span class='ocrx_word' id='word_1_38' title='bbox 605 719 748 774; x_wconf 90' lang='lat' dir='ltr'><strong>enim</strong></span> <span class='ocrx_word' id='word_1_39' title='bbox 789 732 966 772; x_wconf 89' lang='lat' dir='ltr'><strong>meum</strong></span> <span class='ocrx_word' id='word_1_40' title='bbox 997 713 1300 774; x_wconf 82' lang='lat' dir='ltr'><strong>consilium.</strong></span> <span class='ocrx_word' id='word_1_41' title='bbox 1335 713 1601 779; x_wconf 87' lang='lat' dir='ltr'><strong>animum,</strong></span> <span class='ocrx_word' id='word_1_42' title='bbox 1653 713 1920 777; x_wconf 79' lang='lat' dir='ltr'><strong>fortunas,</strong></span> <span class='ocrx_word' id='word_1_43' title='bbox 1945 713 2020 768; x_wconf 87' lang='lat' dir='ltr'><strong>si-</strong></span> 
     </span>
    </p>
   </div>
   <div class='ocr_carea' id='block_1_7' title="bbox 423 809 2020 878">
    <p class='ocr_par' dir='ltr' id='par_1_7' title="bbox 423 809 2020 878">
     <span class='ocr_line' id='line_1_7' title="bbox 423 809 2020 878; baseline -0.003 -9"><span class='ocrx_word' id='word_1_44' title='bbox 423 822 510 870; x_wconf 92' lang='lat' dir='ltr'><strong>tos</strong></span> <span class='ocrx_word' id='word_1_45' title='bbox 539 829 660 869; x_wconf 89' lang='lat' dir='ltr'><strong>esse</strong></span> <span class='ocrx_word' id='word_1_46' title='bbox 685 813 850 867; x_wconf 90' lang='lat' dir='ltr'><strong>volui.</strong></span> <span class='ocrx_word' id='word_1_47' title='bbox 895 810 1164 866; x_wconf 83' lang='lat' dir='ltr'><strong>Adalbero</strong></span> <span class='ocrx_word' id='word_1_48' title='bbox 1218 809 1513 865; x_wconf 82' lang='lat' dir='ltr'><strong>Remorum</strong></span> <span class='ocrx_word' id='word_1_49' title='bbox 1569 809 2020 878; x_wconf 87' lang='lat' dir='ltr'><strong>metropolitanus</strong></span> 
     </span>
    </p>
   </div>
   <div class='ocr_carea' id='block_1_8' title="bbox 423 903 2020 978">
    <p class='ocr_par' dir='ltr' id='par_1_8' title="bbox 423 903 2020 978">
     <span class='ocr_line' id='line_1_8' title="bbox 423 903 2020 978; baseline -0.002 -18"><span class='ocrx_word' id='word_1_50' title='bbox 423 906 733 978; x_wconf 85' lang='lat' dir='ltr'><strong>episcopus,</strong></span> <span class='ocrx_word' id='word_1_51' title='bbox 765 905 925 960; x_wconf 90' lang='lat' dir='ltr'><strong>homo</strong></span> <span class='ocrx_word' id='word_1_52' title='bbox 952 905 1192 960; x_wconf 92' lang='lat' dir='ltr'><strong>omnium</strong></span> <span class='ocrx_word' id='word_1_53' title='bbox 1225 920 1359 969; x_wconf 89' lang='lat' dir='ltr'><strong>quos</strong></span> <span class='ocrx_word' id='word_1_54' title='bbox 1407 904 1806 958; x_wconf 88' lang='lat' dir='ltr'><strong>terrasustinet</strong></span> <span class='ocrx_word' id='word_1_55' title='bbox 1853 903 2020 958; x_wconf 88' lang='lat' dir='ltr'><strong>scele-</strong></span> 
     </span>
    </p>
   </div>
   <div class='ocr_carea' id='block_1_9' title="bbox 425 994 2020 1066">
    <p class='ocr_par' dir='ltr' id='par_1_9' title="bbox 425 994 2020 1066">
     <span class='ocr_line' id='line_1_9' title="bbox 425 994 2020 1066; baseline -0.003 -12"><span class='ocrx_word' id='word_1_56' title='bbox 425 997 752 1061; x_wconf 88' lang='lat' dir='ltr'><strong>ratissimus,</strong></span> <span class='ocrx_word' id='word_1_57' title='bbox 813 1005 1124 1066; x_wconf 89' lang='lat' dir='ltr'><strong>contempto</strong></span> <span class='ocrx_word' id='word_1_58' title='bbox 1172 996 1342 1066; x_wconf 87' lang='lat' dir='ltr'><strong>patris</strong></span> <span class='ocrx_word' id='word_1_59' title='bbox 1394 995 1498 1049; x_wconf 92' lang='lat' dir='ltr'><strong>mei</strong></span> <span class='ocrx_word' id='word_1_60' title='bbox 1539 995 1784 1065; x_wconf 89' lang='lat' dir='ltr'><strong>imperio,</strong></span> <span class='ocrx_word' id='word_1_61' title='bbox 1832 994 2020 1050; x_wconf 88' lang='lat' dir='ltr'><strong>Ottoni</strong></span> 
     </span>
    </p>
   </div>
   <div class='ocr_carea' id='block_1_10' title="bbox 422 1087 2014 1158">
    <p class='ocr_par' dir='ltr' id='par_1_10' title="bbox 422 1087 2014 1158">
     <span class='ocr_line' id='line_1_10' title="bbox 422 1087 2014 1158; baseline -0.003 -11"><span class='ocrx_word' id='word_1_62' title='bbox 422 1091 756 1147; x_wconf 87' lang='lat' dir='ltr'><strong>Francorum</strong></span> <span class='ocrx_word' id='word_1_63' title='bbox 790 1091 931 1146; x_wconf 91' lang='lat' dir='ltr'><strong>hosti</strong></span> <span class='ocrx_word' id='word_1_64' title='bbox 974 1091 1027 1144; x_wconf 93' lang='lat' dir='ltr'><strong>in</strong></span> <span class='ocrx_word' id='word_1_65' title='bbox 1068 1089 1320 1144; x_wconf 90' lang='lat' dir='ltr'><strong>onmibus</strong></span> <span class='ocrx_word' id='word_1_66' title='bbox 1372 1087 1523 1142; x_wconf 79' lang='lat' dir='ltr'><strong>tavit.</strong></span> <span class='ocrx_word' id='word_1_67' title='bbox 1561 1087 1635 1141; x_wconf 83' lang='lat' dir='ltr'><strong>Eo</strong></span> <span class='ocrx_word' id='word_1_68' title='bbox 1671 1099 2014 1158; x_wconf 91' lang='lat' dir='ltr'><strong>cooperante,</strong></span> 
     </span>
    </p>
   </div>
   <div class='ocr_carea' id='block_1_11' title="bbox 425 1178 2022 1248">
    <p class='ocr_par' dir='ltr' id='par_1_11' title="bbox 425 1178 2022 1248">
     <span class='ocr_line' id='line_1_11' title="bbox 425 1178 2022 1248; baseline -0.003 -11"><span class='ocrx_word' id='word_1_69' title='bbox 425 1179 553 1239; x_wconf 89' lang='lat' dir='ltr'><strong>Otto</strong></span> <span class='ocrx_word' id='word_1_70' title='bbox 579 1181 879 1237; x_wconf 76' lang='lat' dir='ltr'><strong>exercitum</strong></span> <span class='ocrx_word' id='word_1_71' title='bbox 931 1181 1086 1234; x_wconf 91' lang='lat' dir='ltr'><strong>nohis</strong></span> <span class='ocrx_word' id='word_1_72' title='bbox 1111 1179 1341 1234; x_wconf 75' lang='lat' dir='ltr'><strong>induxit.</strong></span> <span class='ocrx_word' id='word_1_73' title='bbox 1376 1179 1506 1248; x_wconf 85' lang='lat' dir='ltr'><strong>Ejus</strong></span> <span class='ocrx_word' id='word_1_74' title='bbox 1556 1179 1854 1232; x_wconf 81' lang='lat' dir='ltr'><strong>subtilitate</strong></span> <span class='ocrx_word' id='word_1_75' title='bbox 1893 1178 2022 1234; x_wconf 86' lang='lat' dir='ltr'><strong>Gal-</strong></span> 
     </span>
    </p>
   </div>
   <div class='ocr_carea' id='block_1_12' title="bbox 428 1271 2018 1343">
    <p class='ocr_par' dir='ltr' id='par_1_12' title="bbox 428 1271 2018 1343">
     <span class='ocr_line' id='line_1_12' title="bbox 428 1271 2018 1343; baseline -0.001 -15"><span class='ocrx_word' id='word_1_76' title='bbox 428 1271 534 1328; x_wconf 91' lang='lat' dir='ltr'><strong>lias</strong></span> <span class='ocrx_word' id='word_1_77' title='bbox 565 1271 922 1343; x_wconf 75' lang='lat' dir='ltr'><strong>depopulatus</strong></span> <span class='ocrx_word' id='word_1_78' title='bbox 969 1281 1073 1325; x_wconf 91' lang='lat' dir='ltr'><strong>cst.</strong></span> <span class='ocrx_word' id='word_1_79' title='bbox 1115 1272 1192 1325; x_wconf 82' lang='lat' dir='ltr'><strong>Eo</strong></span> <span class='ocrx_word' id='word_1_80' title='bbox 1223 1272 1434 1326; x_wconf 87' lang='lat' dir='ltr'><strong>itineris</strong></span> <span class='ocrx_word' id='word_1_81' title='bbox 1499 1272 1664 1326; x_wconf 84' lang='lat' dir='ltr'><strong>duces</strong></span> <span class='ocrx_word' id='word_1_82' title='bbox 1706 1281 2018 1340; x_wconf 74' lang='lat' dir='ltr'><strong>przestante,</strong></span> 
     </span>
    </p>
   </div>
   <div class='ocr_carea' id='block_1_13' title="bbox 432 1362 2022 1436">
    <p class='ocr_par' dir='ltr' id='par_1_13' title="bbox 432 1362 2022 1436">
     <span class='ocr_line' id='line_1_13' title="bbox 432 1362 2022 1436; baseline -0.003 -15"><span class='ocrx_word' id='word_1_83' title='bbox 432 1363 742 1436; x_wconf 89' lang='lat' dir='ltr'><strong>indempnis</strong></span> <span class='ocrx_word' id='word_1_84' title='bbox 769 1379 892 1419; x_wconf 91' lang='lat' dir='ltr'><strong>cum</strong></span> <span class='ocrx_word' id='word_1_85' title='bbox 925 1364 1168 1418; x_wconf 76' lang='lat' dir='ltr'><strong>exercitu</strong></span> <span class='ocrx_word' id='word_1_86' title='bbox 1213 1363 1406 1418; x_wconf 81' lang='lat' dir='ltr'><strong>&#39;rediit.</strong></span> <span class='ocrx_word' id='word_1_87' title='bbox 1461 1362 1561 1430; x_wconf 85' lang='lat' dir='ltr'><strong>Qui</strong></span> <span class='ocrx_word' id='word_1_88' title='bbox 1625 1372 1682 1417; x_wconf 93' lang='lat' dir='ltr'><strong>ut</strong></span> <span class='ocrx_word' id='word_1_89' title='bbox 1709 1378 1897 1432; x_wconf 60' lang='lat' dir='ltr'><strong>poenas</strong></span> <span class='ocrx_word' id='word_1_90' title='bbox 1925 1379 2022 1432; x_wconf 89' lang='lat' dir='ltr'><strong>pro</strong></span> 
     </span>
    </p>
   </div>
   <div class='ocr_carea' id='block_1_14' title="bbox 424 1456 2020 1527">
    <p class='ocr_par' dir='ltr' id='par_1_14' title="bbox 424 1456 2020 1527">
     <span class='ocr_line' id='line_1_14' title="bbox 424 1456 2020 1527; baseline -0.003 -13"><span class='ocrx_word' id='word_1_91' title='bbox 424 1465 578 1514; x_wconf 77' lang='lat' dir='ltr'><strong>tanto</strong></span> <span class='ocrx_word' id='word_1_92' title='bbox 599 1457 894 1514; x_wconf 90' lang='lat' dir='ltr'><strong>commisso</strong></span> <span class='ocrx_word' id='word_1_93' title='bbox 921 1457 1116 1519; x_wconf 86' lang='lat' dir='ltr'><strong>solvat,</strong></span> <span class='ocrx_word' id='word_1_94' title='bbox 1159 1473 1370 1527; x_wconf 64' lang='lat' dir='ltr'><strong>{equum</strong></span> <span class='ocrx_word' id='word_1_95' title='bbox 1403 1467 1457 1510; x_wconf 90' lang='lat' dir='ltr'><strong>et</strong></span> <span class='ocrx_word' id='word_1_96' title='bbox 1503 1456 1633 1510; x_wconf 84' lang='lat' dir='ltr'><strong>utile</strong></span> <span class='ocrx_word' id='word_1_97' title='bbox 1686 1457 1900 1510; x_wconf 81' lang='lat' dir='ltr'><strong>videtur</strong></span> <span class='ocrx_word' id='word_1_98' title='bbox 1926 1456 2020 1523; x_wconf 78' lang='grc'><strong>⁸³⁸,</strong></span> 
     </span>
    </p>
   </div>
   <div class='ocr_carea' id='block_1_15' title="bbox 425 1552 2024 1624">
    <p class='ocr_par' dir='ltr' id='par_1_15' title="bbox 425 1552 2024 1624">
     <span class='ocr_line' id='line_1_15' title="bbox 425 1552 2024 1624; baseline 0.001 -18"><span class='ocrx_word' id='word_1_99' title='bbox 425 1552 684 1624; x_wconf 84' lang='lat' dir='ltr'><strong>quatinus</strong></span> <span class='ocrx_word' id='word_1_100' title='bbox 704 1553 992 1623; x_wconf 87' lang='lat' dir='ltr'><strong>pestilente</strong></span> <span class='ocrx_word' id='word_1_101' title='bbox 1022 1569 1353 1624; x_wconf 89' lang='lat' dir='ltr'><strong>compresso,</strong></span> <span class='ocrx_word' id='word_1_102' title='bbox 1412 1561 1586 1607; x_wconf 83' lang='lat' dir='ltr'><strong>metus</strong></span> <span class='ocrx_word' id='word_1_103' title='bbox 1621 1552 1899 1608; x_wconf 84' lang='lat' dir='ltr'><strong>adoriendi</strong></span> <span class='ocrx_word' id='word_1_104' title='bbox 1949 1561 2024 1608; x_wconf 86' lang='lat' dir='ltr'><strong>ta.</strong></span> 
     </span>
    </p>
   </div>
   <div class='ocr_carea' id='block_1_16' title="bbox 424 1642 1447 1716">
    <p class='ocr_par' dir='ltr' id='par_1_16' title="bbox 424 1642 1447 1716">
     <span class='ocr_line' id='line_1_16' title="bbox 424 1642 1447 1716; baseline -0.005 -15"><span class='ocrx_word' id='word_1_105' title='bbox 424 1642 525 1710; x_wconf 81' lang='lat' dir='ltr'><strong>lia,</strong></span> <span class='ocrx_word' id='word_1_106' title='bbox 554 1645 860 1716; x_wconf 88' lang='lat' dir='ltr'><strong>quibusque</strong></span> <span class='ocrx_word' id='word_1_107' title='bbox 888 1645 1070 1714; x_wconf 79' lang='lat' dir='ltr'><strong>pravis</strong></span> <span class='ocrx_word' id='word_1_108' title='bbox 1109 1643 1394 1700; x_wconf 79' lang='lat' dir='ltr'><strong>inferatur.</strong></span> <span class='ocrx_word' id='word_1_109' title='bbox 1430 1664 1447 1696; x_wconf 76' lang='grc' dir='ltr'><strong>ι</strong></span> 
     </span>
    </p>
   </div>
   <div class='ocr_carea' id='block_1_17' title="bbox 500 1734 2018 1808">
    <p class='ocr_par' dir='ltr' id='par_1_17' title="bbox 500 1734 2018 1808">
     <span class='ocr_line' id='line_1_17' title="bbox 500 1734 2018 1808; baseline -0.001 -16"><span class='ocrx_word' id='word_1_110' title='bbox 500 1734 556 1792; x_wconf 80' lang='lat'><strong>3.</strong></span> <span class='ocrx_word' id='word_1_111' title='bbox 581 1735 747 1808; x_wconf 86' lang='lat' dir='ltr'><strong>Cujus</strong></span> <span class='ocrx_word' id='word_1_112' title='bbox 775 1738 950 1792; x_wconf 89' lang='lat' dir='ltr'><strong>oratio</strong></span> <span class='ocrx_word' id='word_1_113' title='bbox 976 1738 1084 1792; x_wconf 87' lang='lat' dir='ltr'><strong>vim</strong></span> <span class='ocrx_word' id='word_1_114' title='bbox 1123 1738 1383 1792; x_wconf 82' lang='lat' dir='ltr'><strong>suadendi</strong></span> <span class='ocrx_word' id='word_1_115' title='bbox 1414 1754 1518 1792; x_wconf 93' lang='lat' dir='ltr'><strong>non</strong></span> <span class='ocrx_word' id='word_1_116' title='bbox 1551 1737 1761 1802; x_wconf 84' lang='lat' dir='ltr'><strong>habuit,</strong></span> <span class='ocrx_word' id='word_1_117' title='bbox 1789 1752 1854 1792; x_wconf 94' lang='lat' dir='ltr'><strong>eo</strong></span> <span class='ocrx_word' id='word_1_118' title='bbox 1876 1736 2018 1807; x_wconf 89' lang='lat' dir='ltr'><strong>quod</strong></span> 
     </span>
    </p>
   </div>
   <div class='ocr_carea' id='block_1_18' title="bbox 2118 520 3716 593">
    <p class='ocr_par' dir='ltr' id='par_1_18' title="bbox 2118 520 3716 593">
     <span class='ocr_line' id='line_1_18' title="bbox 2118 520 3716 593; baseline 0.001 -17"><span class='ocrx_word' id='word_1_119' title='bbox 2118 523 2258 593; x_wconf 92' lang='lat' dir='ltr'><strong>patri</strong></span> <span class='ocrx_word' id='word_1_120' title='bbox 2289 533 2584 593; x_wconf 87' lang='lat' dir='ltr'><strong>superstes,</strong></span> <span class='ocrx_word' id='word_1_121' title='bbox 2609 524 2668 578; x_wconf 84' lang='grc'><strong>11</strong></span> <span class='ocrx_word' id='word_1_122' title='bbox 2695 522 2816 578; x_wconf 87' lang='lat' dir='ltr'><strong>Kal.</strong></span> <span class='ocrx_word' id='word_1_123' title='bbox 2863 521 3007 578; x_wconf 84' lang='lat' dir='ltr'><strong>Junii</strong></span> <span class='ocrx_word' id='word_1_124' title='bbox 3030 523 3299 588; x_wconf 88' lang='lat' dir='ltr'><strong>deﬁtiens,</strong></span> <span class='ocrx_word' id='word_1_125' title='bbox 3329 530 3536 578; x_wconf 69' lang='lat' dir='ltr'><strong>naturae</strong></span> <span class='ocrx_word' id='word_1_126' title='bbox 3560 520 3716 578; x_wconf 69' lang='lat' dir='ltr'><strong>debio</strong></span> 
     </span>
    </p>
   </div>
   <div class='ocr_carea' id='block_1_19' title="bbox 2121 613 3718 686">
    <p class='ocr_par' dir='ltr' id='par_1_19' title="bbox 2121 613 3718 686">
     <span class='ocr_line' id='line_1_19' title="bbox 2121 613 3718 686; baseline 0.001 -16"><span class='ocrx_word' id='word_1_127' title='bbox 2121 624 2232 670; x_wconf 91' lang='lat' dir='ltr'><strong>tum</strong></span> <span class='ocrx_word' id='word_1_128' title='bbox 2261 615 2440 670; x_wconf 79' lang='lat' dir='ltr'><strong>solvit.</strong></span> <span class='ocrx_word' id='word_1_129' title='bbox 2463 613 2630 685; x_wconf 88' lang='lat' dir='ltr'><strong>Cujus</strong></span> <span class='ocrx_word' id='word_1_130' title='bbox 2668 616 2940 672; x_wconf 87' lang='lat' dir='ltr'><strong>discessus</strong></span> <span class='ocrx_word' id='word_1_131' title='bbox 2989 631 3054 672; x_wconf 88' lang='lat' dir='ltr'><strong>eo</strong></span> <span class='ocrx_word' id='word_1_132' title='bbox 3085 625 3328 686; x_wconf 88' lang='lat' dir='ltr'><strong>tempore</strong></span> <span class='ocrx_word' id='word_1_133' title='bbox 3359 614 3557 670; x_wconf 90' lang='lat' dir='ltr'><strong>accidit</strong></span> <span class='ocrx_word' id='word_1_134' title='bbox 3603 627 3718 684; x_wconf 89' lang='lat' dir='ltr'><strong>quo</strong></span> 
     </span>
    </p>
   </div>
   <div class='ocr_carea' id='block_1_20' title="bbox 2121 708 3712 780">
    <p class='ocr_par' dir='ltr' id='par_1_20' title="bbox 2121 708 3712 780">
     <span class='ocr_line' id='line_1_20' title="bbox 2121 708 3712 780; baseline 0 -16"><span class='ocrx_word' id='word_1_135' title='bbox 2121 718 2174 764; x_wconf 90' lang='lat' dir='ltr'><strong>et</strong></span> <span class='ocrx_word' id='word_1_136' title='bbox 2204 709 2606 780; x_wconf 84' lang='lat' dir='ltr'><strong>metropolitani</strong></span> <span class='ocrx_word' id='word_1_137' title='bbox 2656 710 2907 780; x_wconf 82' lang='lat' dir='ltr'><strong>purgatio</strong></span> <span class='ocrx_word' id='word_1_138' title='bbox 2930 709 2998 765; x_wconf 90' lang='lat' dir='ltr'><strong>de</strong></span> <span class='ocrx_word' id='word_1_139' title='bbox 3026 708 3255 778; x_wconf 84' lang='lat' dir='ltr'><strong>objectis</strong></span> <span class='ocrx_word' id='word_1_140' title='bbox 3283 709 3530 764; x_wconf 89' lang='lat' dir='ltr'><strong>habenda</strong></span> <span class='ocrx_word' id='word_1_141' title='bbox 3568 713 3712 764; x_wconf 84' lang='lat' dir='ltr'><strong>erat.</strong></span> 
     </span>
    </p>
   </div>
   <div class='ocr_carea' id='block_1_21' title="bbox 2121 799 3716 873">
    <p class='ocr_par' dir='ltr' id='par_1_21' title="bbox 2121 799 3716 873">
     <span class='ocr_line' id='line_1_21' title="bbox 2121 799 3716 873; baseline -0.001 -17"><span class='ocrx_word' id='word_1_142' title='bbox 2121 801 2328 856; x_wconf 85' lang='lat' dir='ltr'><strong>Aderat</strong></span> <span class='ocrx_word' id='word_1_143' title='bbox 2363 801 2528 872; x_wconf 82' lang='lat' dir='ltr'><strong>igitur</strong></span> <span class='ocrx_word' id='word_1_144' title='bbox 2566 803 2899 872; x_wconf 86' lang='lat' dir='ltr'><strong>purgandus,</strong></span> <span class='ocrx_word' id='word_1_145' title='bbox 2921 813 2972 857; x_wconf 92' lang='lat' dir='ltr'><strong>et</strong></span> <span class='ocrx_word' id='word_1_146' title='bbox 3005 803 3165 873; x_wconf 63' lang='lat' dir='ltr'><strong>regiae</strong></span> <span class='ocrx_word' id='word_1_147' title='bbox 3194 801 3463 873; x_wconf 88' lang='lat' dir='ltr'><strong>majestati</strong></span> <span class='ocrx_word' id='word_1_148' title='bbox 3495 799 3716 856; x_wconf 64' lang='lat' dir='ltr'><strong>satisfao</strong></span> 
     </span>
    </p>
   </div>
   <div class='ocr_carea' id='block_1_22' title="bbox 2123 892 3719 966">
    <p class='ocr_par' dir='ltr' id='par_1_22' title="bbox 2123 892 3719 966">
     <span class='ocr_line' id='line_1_22' title="bbox 2123 892 3719 966; baseline 0.001 -18"><span class='ocrx_word' id='word_1_149' title='bbox 2123 903 2332 948; x_wconf 90' lang='lat' dir='ltr'><strong>cturus.</strong></span> <span class='ocrx_word' id='word_1_150' title='bbox 2353 892 2458 950; x_wconf 86' lang='lat' dir='ltr'><strong>Sed</strong></span> <span class='ocrx_word' id='word_1_151' title='bbox 2481 895 2612 966; x_wconf 91' lang='lat' dir='ltr'><strong>regii</strong></span> <span class='ocrx_word' id='word_1_152' title='bbox 2631 895 2836 949; x_wconf 80' lang='lat' dir='ltr'><strong>funeris</strong></span> <span class='ocrx_word' id='word_1_153' title='bbox 2856 894 3188 957; x_wconf 88' lang='lat' dir='ltr'><strong>calamitate,</strong></span> <span class='ocrx_word' id='word_1_154' title='bbox 3214 895 3316 949; x_wconf 90' lang='lat' dir='ltr'><strong>hac</strong></span> <span class='ocrx_word' id='word_1_155' title='bbox 3346 893 3440 949; x_wconf 88' lang='lat' dir='ltr'><strong>lite</strong></span> <span class='ocrx_word' id='word_1_156' title='bbox 3466 907 3719 964; x_wconf 84' lang='lat' dir='ltr'><strong>suppres-</strong></span> 
     </span>
    </p>
   </div>
   <div class='ocr_carea' id='block_1_23' title="bbox 2121 982 3714 1056">
    <p class='ocr_par' dir='ltr' id='par_1_23' title="bbox 2121 982 3714 1056">
     <span class='ocr_line' id='line_1_23' title="bbox 2121 982 3714 1056; baseline 0.001 -18"><span class='ocrx_word' id='word_1_157' title='bbox 2121 1000 2202 1049; x_wconf 90' lang='lat' dir='ltr'><strong>sa,</strong></span> <span class='ocrx_word' id='word_1_158' title='bbox 2227 1001 2324 1040; x_wconf 92' lang='lat' dir='ltr'><strong>nec</strong></span> <span class='ocrx_word' id='word_1_159' title='bbox 2339 987 2710 1040; x_wconf 81' lang='lat' dir='ltr'><strong>controversia</strong></span> <span class='ocrx_word' id='word_1_160' title='bbox 2729 995 2910 1056; x_wconf 87' lang='lat' dir='ltr'><strong>partes</strong></span> <span class='ocrx_word' id='word_1_161' title='bbox 2937 986 3145 1050; x_wconf 86' lang='lat' dir='ltr'><strong>habuit,</strong></span> <span class='ocrx_word' id='word_1_162' title='bbox 3164 1000 3264 1041; x_wconf 91' lang='lat' dir='ltr'><strong>nec</strong></span> <span class='ocrx_word' id='word_1_163' title='bbox 3285 1000 3352 1040; x_wconf 76' lang='lat' dir='ltr'><strong>ex</strong></span> <span class='ocrx_word' id='word_1_164' title='bbox 3372 1000 3434 1040; x_wconf 88' lang='lat' dir='ltr'><strong>ea</strong></span> <span class='ocrx_word' id='word_1_165' title='bbox 3454 982 3714 1053; x_wconf 88' lang='lat' dir='ltr'><strong>juditium</strong></span> 
     </span>
    </p>
   </div>
   <div class='ocr_carea' id='block_1_24' title="bbox 2123 1078 3716 1150">
    <p class='ocr_par' dir='ltr' id='par_1_24' title="bbox 2123 1078 3716 1150">
     <span class='ocr_line' id='line_1_24' title="bbox 2123 1078 3716 1150; baseline 0.001 -18"><span class='ocrx_word' id='word_1_166' title='bbox 2123 1080 2524 1150; x_wconf 88' lang='lat' dir='ltr'><strong>promulgatum</strong></span> <span class='ocrx_word' id='word_1_167' title='bbox 2549 1078 2668 1134; x_wconf 77' lang='lat' dir='ltr'><strong>fuit.</strong></span> <span class='ocrx_word' id='word_1_168' title='bbox 2695 1079 2935 1134; x_wconf 90' lang='lat' dir='ltr'><strong>Plurima</strong></span> <span class='ocrx_word' id='word_1_169' title='bbox 2959 1093 3086 1134; x_wconf 88' lang='lat' dir='ltr'><strong>vero</strong></span> <span class='ocrx_word' id='word_1_170' title='bbox 3102 1078 3575 1134; x_wconf 86' lang='lat' dir='ltr'><strong>commiseratione</strong></span> <span class='ocrx_word' id='word_1_171' title='bbox 3596 1078 3716 1148; x_wconf 85' lang='lat' dir='ltr'><strong>ipse</strong></span> 
     </span>
    </p>
   </div>
   <div class='ocr_carea' id='block_1_25' title="bbox 2121 1171 3716 1244">
    <p class='ocr_par' dir='ltr' id='par_1_25' title="bbox 2121 1171 3716 1244">
     <span class='ocr_line' id='line_1_25' title="bbox 2121 1171 3716 1244; baseline -0.001 -16"><span class='ocrx_word' id='word_1_172' title='bbox 2121 1174 2408 1244; x_wconf 88' lang='lat' dir='ltr'><strong>episc0pus</strong></span> <span class='ocrx_word' id='word_1_173' title='bbox 2446 1173 2512 1228; x_wconf 88' lang='lat' dir='ltr'><strong>de</strong></span> <span class='ocrx_word' id='word_1_174' title='bbox 2539 1181 2711 1228; x_wconf 89' lang='lat' dir='ltr'><strong>morte</strong></span> <span class='ocrx_word' id='word_1_175' title='bbox 2743 1173 2884 1243; x_wconf 78' lang='lat' dir='ltr'><strong>regis</strong></span> <span class='ocrx_word' id='word_1_176' title='bbox 2928 1181 3257 1242; x_wconf 89' lang='lat' dir='ltr'><strong>conquestus</strong></span> <span class='ocrx_word' id='word_1_177' title='bbox 3287 1181 3392 1227; x_wconf 92' lang='lat' dir='ltr'><strong>est.</strong></span> <span class='ocrx_word' id='word_1_178' title='bbox 3421 1171 3716 1242; x_wconf 85' lang='lat' dir='ltr'><strong>Postquam</strong></span> 
     </span>
    </p>
   </div>
   <div class='ocr_carea' id='block_1_26' title="bbox 2127 1262 3714 1334">
    <p class='ocr_par' dir='ltr' id='par_1_26' title="bbox 2127 1262 3714 1334">
     <span class='ocr_line' id='line_1_26' title="bbox 2127 1262 3714 1334; baseline -0.001 -16"><span class='ocrx_word' id='word_1_179' title='bbox 2127 1275 2311 1318; x_wconf 90' lang='lat' dir='ltr'><strong>autem</strong></span> <span class='ocrx_word' id='word_1_180' title='bbox 2346 1265 2553 1334; x_wconf 89' lang='lat' dir='ltr'><strong>regium</strong></span> <span class='ocrx_word' id='word_1_181' title='bbox 2581 1262 2740 1317; x_wconf 81' lang='lat' dir='ltr'><strong>funus</strong></span> <span class='ocrx_word' id='word_1_182' title='bbox 2770 1273 3074 1328; x_wconf 90' lang='lat' dir='ltr'><strong>curassent,</strong></span> <span class='ocrx_word' id='word_1_183' title='bbox 3118 1263 3425 1333; x_wconf 90' lang='lat' dir='ltr'><strong>principum</strong></span> <span class='ocrx_word' id='word_1_184' title='bbox 3471 1264 3714 1331; x_wconf 91' lang='lat' dir='ltr'><strong>decreto,</strong></span> 
     </span>
    </p>
   </div>
   <div class='ocr_carea' id='block_1_27' title="bbox 2123 1354 3718 1426">
    <p class='ocr_par' dir='ltr' id='par_1_27' title="bbox 2123 1354 3718 1426">
     <span class='ocr_line' id='line_1_27' title="bbox 2123 1354 3718 1426; baseline 0.001 -17"><span class='ocrx_word' id='word_1_185' title='bbox 2123 1354 2440 1426; x_wconf 84' lang='lat' dir='ltr'><strong>Compendii</strong></span> <span class='ocrx_word' id='word_1_186' title='bbox 2468 1354 2764 1411; x_wconf 82' lang='lat' dir='ltr'><strong>tumulatus</strong></span> <span class='ocrx_word' id='word_1_187' title='bbox 2789 1366 2893 1419; x_wconf 90' lang='lat' dir='ltr'><strong>est,</strong></span> <span class='ocrx_word' id='word_1_188' title='bbox 2921 1369 3041 1410; x_wconf 92' lang='lat' dir='ltr'><strong>cum</strong></span> <span class='ocrx_word' id='word_1_189' title='bbox 3073 1355 3187 1426; x_wconf 90' lang='lat' dir='ltr'><strong>ipse</strong></span> <span class='ocrx_word' id='word_1_190' title='bbox 3209 1355 3399 1410; x_wconf 83' lang='lat' dir='ltr'><strong>vivens</strong></span> <span class='ocrx_word' id='word_1_191' title='bbox 3438 1368 3596 1410; x_wconf 85' lang='lat' dir='ltr'><strong>secus</strong></span> <span class='ocrx_word' id='word_1_192' title='bbox 3620 1369 3718 1424; x_wconf 86' lang='lat' dir='ltr'><strong>pa-</strong></span> 
     </span>
    </p>
   </div>
   <div class='ocr_carea' id='block_1_28' title="bbox 2126 1446 3717 1515">
    <p class='ocr_par' dir='ltr' id='par_1_28' title="bbox 2126 1446 3717 1515">
     <span class='ocr_line' id='line_1_28' title="bbox 2126 1446 3717 1515; baseline 0.003 -17"><span class='ocrx_word' id='word_1_193' title='bbox 2126 1455 2262 1499; x_wconf 89' lang='lat' dir='ltr'><strong>trem</strong></span> <span class='ocrx_word' id='word_1_194' title='bbox 2303 1447 2556 1500; x_wconf 89' lang='lat' dir='ltr'><strong>tutnttlari</strong></span> <span class='ocrx_word' id='word_1_195' title='bbox 2617 1446 2852 1515; x_wconf 87' lang='lat' dir='ltr'><strong>petierit.</strong></span> <span class='ocrx_word' id='word_1_196' title='bbox 2897 1447 2952 1501; x_wconf 90' lang='lat' dir='ltr'><strong>ld</strong></span> <span class='ocrx_word' id='word_1_197' title='bbox 2983 1457 3163 1502; x_wconf 89' lang='lat' dir='ltr'><strong>autem</strong></span> <span class='ocrx_word' id='word_1_198' title='bbox 3213 1446 3461 1502; x_wconf 86' lang='lat' dir='ltr'><strong>consulto</strong></span> <span class='ocrx_word' id='word_1_199' title='bbox 3508 1447 3717 1503; x_wconf 79' lang='lat' dir='ltr'><strong>factum</strong></span> 
     </span>
    </p>
   </div>
   <div class='ocr_carea' id='block_1_29' title="bbox 2124 1537 3719 1610">
    <p class='ocr_par' dir='ltr' id='par_1_29' title="bbox 2124 1537 3719 1610">
     <span class='ocr_line' id='line_1_29' title="bbox 2124 1537 3719 1610; baseline 0.003 -18"><span class='ocrx_word' id='word_1_200' title='bbox 2124 1547 2230 1602; x_wconf 90' lang='lat' dir='ltr'><strong>est,</strong></span> <span class='ocrx_word' id='word_1_201' title='bbox 2259 1552 2324 1592; x_wconf 90' lang='lat' dir='ltr'><strong>ne</strong></span> <span class='ocrx_word' id='word_1_202' title='bbox 2347 1537 2472 1592; x_wconf 91' lang='lat' dir='ltr'><strong>dum</strong></span> <span class='ocrx_word' id='word_1_203' title='bbox 2504 1538 2713 1593; x_wconf 88' lang='lat' dir='ltr'><strong>itineris</strong></span> <span class='ocrx_word' id='word_1_204' title='bbox 2744 1538 3134 1610; x_wconf 89' lang='lat' dir='ltr'><strong>longitudinem</strong></span> <span class='ocrx_word' id='word_1_205' title='bbox 3158 1554 3344 1595; x_wconf 91' lang='lat' dir='ltr'><strong>eorum</strong></span> <span class='ocrx_word' id='word_1_206' title='bbox 3369 1537 3719 1609; x_wconf 84' lang='lat' dir='ltr'><strong>quamplures</strong></span> 
     </span>
    </p>
   </div>
   <div class='ocr_carea' id='block_1_30' title="bbox 2124 1629 3720 1703">
    <p class='ocr_par' dir='ltr' id='par_1_30' title="bbox 2124 1629 3720 1703">
     <span class='ocr_line' id='line_1_30' title="bbox 2124 1629 3720 1703; baseline 0.002 -20"><span class='ocrx_word' id='word_1_207' title='bbox 2124 1629 2388 1692; x_wconf 85' lang='lat' dir='ltr'><strong>vitarent,</strong></span> <span class='ocrx_word' id='word_1_208' title='bbox 2420 1639 2524 1684; x_wconf 88' lang='lat' dir='ltr'><strong>eta</strong></span> <span class='ocrx_word' id='word_1_209' title='bbox 2561 1647 2619 1686; x_wconf 89' lang='lat' dir='ltr'><strong>se</strong></span> <span class='ocrx_word' id='word_1_210' title='bbox 2649 1631 2806 1686; x_wconf 80' lang='lat' dir='ltr'><strong>divisi</strong></span> <span class='ocrx_word' id='word_1_211' title='bbox 2844 1632 3202 1697; x_wconf 87' lang='lat' dir='ltr'><strong>discederent,</strong></span> <span class='ocrx_word' id='word_1_212' title='bbox 3235 1631 3312 1687; x_wconf 87' lang='lat' dir='ltr'><strong>rei</strong></span> <span class='ocrx_word' id='word_1_213' title='bbox 3340 1630 3567 1703; x_wconf 69' lang='lat' dir='ltr'><strong>publica:</strong></span> <span class='ocrx_word' id='word_1_214' title='bbox 3593 1630 3720 1687; x_wconf 87' lang='lat' dir='ltr'><strong>util-</strong></span> 
     </span>
    </p>
   </div>
   <div class='ocr_carea' id='block_1_31' title="bbox 2126 1721 3720 1796">
    <p class='ocr_par' dir='ltr' id='par_1_31' title="bbox 2126 1721 3720 1796">
     <span class='ocr_line' id='line_1_31' title="bbox 2126 1721 3720 1796; baseline 0.001 -19"><span class='ocrx_word' id='word_1_215' title='bbox 2126 1721 2312 1778; x_wconf 84' lang='lat' dir='ltr'><strong>limum</strong></span> <span class='ocrx_word' id='word_1_216' title='bbox 2335 1722 2644 1779; x_wconf 73' lang='lat' dir='ltr'><strong>diﬁ‘erretur</strong></span> <span class='ocrx_word' id='word_1_217' title='bbox 2670 1724 2993 1780; x_wconf 90' lang='lat' dir='ltr'><strong>consultum.</strong></span> <span class='ocrx_word' id='word_1_218' title='bbox 3025 1725 3234 1780; x_wconf 86' lang='lat' dir='ltr'><strong>Placuit</strong></span> <span class='ocrx_word' id='word_1_219' title='bbox 3257 1725 3439 1796; x_wconf 86' lang='lat' dir='ltr'><strong>itaque</strong></span> <span class='ocrx_word' id='word_1_220' title='bbox 3461 1735 3587 1780; x_wconf 89' lang='lat' dir='ltr'><strong>ante</strong></span> <span class='ocrx_word' id='word_1_221' title='bbox 3606 1724 3720 1780; x_wconf 85' lang='lat' dir='ltr'><strong>dis-</strong></span> 
     </span>
    </p>
   </div>
   <div class='ocr_carea' id='block_1_32' title="bbox 425 1802 2021 1902">
    <p class='ocr_par' dir='ltr' id='par_1_32' title="bbox 425 1828 2020 1902">
     <span class='ocr_line' id='line_1_32' title="bbox 425 1828 2020 1902; baseline -0.001 -17"><span class='ocrx_word' id='word_1_222' title='bbox 425 1830 862 1901; x_wconf 79' lang='lat' dir='ltr'><strong>suggestionibus</strong></span> <span class='ocrx_word' id='word_1_223' title='bbox 887 1831 1149 1885; x_wconf 86' lang='lat' dir='ltr'><strong>malorum</strong></span> <span class='ocrx_word' id='word_1_224' title='bbox 1177 1833 1226 1885; x_wconf 92' lang='lat' dir='ltr'><strong>in</strong></span> <span class='ocrx_word' id='word_1_225' title='bbox 1276 1847 1546 1886; x_wconf 89' lang='lat' dir='ltr'><strong>summum</strong></span> <span class='ocrx_word' id='word_1_226' title='bbox 1579 1831 1889 1902; x_wconf 85' lang='lat' dir='ltr'><strong>pontiﬁcem</strong></span> <span class='ocrx_word' id='word_1_227' title='bbox 1942 1828 2020 1885; x_wconf 80' lang='lat' dir='ltr'><strong>cf-</strong></span> 
     </span>
    </p>
   </div>
   <div class='ocr_carea' id='block_1_33' title="bbox 2126 1802 3717 1902">
    <p class='ocr_par' dir='ltr' id='par_1_33' title="bbox 2129 1818 3717 1890">
     <span class='ocr_line' id='line_1_33' title="bbox 2129 1818 3717 1890; baseline 0.001 -17"><span class='ocrx_word' id='word_1_228' title='bbox 2129 1833 2341 1874; x_wconf 89' lang='lat' dir='ltr'><strong>cessum</strong></span> <span class='ocrx_word' id='word_1_229' title='bbox 2373 1818 2684 1884; x_wconf 86' lang='lat' dir='ltr'><strong>convenire,</strong></span> <span class='ocrx_word' id='word_1_230' title='bbox 2713 1828 2768 1876; x_wconf 88' lang='lat' dir='ltr'><strong>et</strong></span> <span class='ocrx_word' id='word_1_231' title='bbox 2794 1835 2859 1873; x_wconf 82' lang='lat' dir='ltr'><strong>ex</strong></span> <span class='ocrx_word' id='word_1_232' title='bbox 2897 1820 3048 1890; x_wconf 85' lang='lat' dir='ltr'><strong>regni</strong></span> <span class='ocrx_word' id='word_1_233' title='bbox 3077 1819 3376 1876; x_wconf 91' lang='lat' dir='ltr'><strong>commodis</strong></span> <span class='ocrx_word' id='word_1_234' title='bbox 3407 1819 3717 1876; x_wconf 81' lang='lat' dir='ltr'><strong>consulere.</strong></span> 
     </span>
    </p>
   </div>
   <div class='ocr_carea' id='block_1_34' title="bbox 426 1920 2024 1995">
    <p class='ocr_par' dir='ltr' id='par_1_34' title="bbox 426 1920 2024 1995">
     <span class='ocr_line' id='line_1_34' title="bbox 426 1920 2024 1995; baseline -0.001 -17"><span class='ocrx_word' id='word_1_235' title='bbox 426 1920 652 1988; x_wconf 77' lang='lat' dir='ltr'><strong>feratus,</strong></span> <span class='ocrx_word' id='word_1_236' title='bbox 675 1923 1094 1993; x_wconf 68' lang='lat' dir='ltr'><strong>Drwterjustum</strong></span> <span class='ocrx_word' id='word_1_237' title='bbox 1125 1923 1302 1992; x_wconf 86' lang='lat' dir='ltr'><strong>aliqua</strong></span> <span class='ocrx_word' id='word_1_238' title='bbox 1359 1924 1574 1995; x_wconf 79' lang='lat' dir='ltr'><strong>indigna</strong></span> <span class='ocrx_word' id='word_1_239' title='bbox 1631 1924 1835 1978; x_wconf 81' lang='lat' dir='ltr'><strong>dixisse</strong></span> <span class='ocrx_word' id='word_1_240' title='bbox 1872 1923 2024 1977; x_wconf 88' lang='lat' dir='ltr'><strong>vide-</strong></span> 
     </span>
    </p>
   </div>
   <div class='ocr_carea' id='block_1_35' title="bbox 430 2011 2022 2084">
    <p class='ocr_par' dir='ltr' id='par_1_35' title="bbox 430 2011 2022 2084">
     <span class='ocr_line' id='line_1_35' title="bbox 430 2011 2022 2084; baseline -0.001 -16"><span class='ocrx_word' id='word_1_241' title='bbox 430 2022 606 2068; x_wconf 82' lang='lat' dir='ltr'><strong>retur.</strong></span> <span class='ocrx_word' id='word_1_242' title='bbox 629 2011 737 2068; x_wconf 91' lang='lat' dir='ltr'><strong>Pro</strong></span> <span class='ocrx_word' id='word_1_243' title='bbox 759 2023 912 2082; x_wconf 87' lang='lat' dir='ltr'><strong>parte</strong></span> <span class='ocrx_word' id='word_1_244' title='bbox 946 2023 1127 2067; x_wconf 89' lang='lat' dir='ltr'><strong>tamen</strong></span> <span class='ocrx_word' id='word_1_245' title='bbox 1157 2015 1204 2067; x_wconf 90' lang='lat' dir='ltr'><strong>ei</strong></span> <span class='ocrx_word' id='word_1_246' title='bbox 1232 2013 1438 2067; x_wconf 80' lang='lat' dir='ltr'><strong>fautum</strong></span> <span class='ocrx_word' id='word_1_247' title='bbox 1463 2024 1564 2075; x_wconf 84' lang='lat' dir='ltr'><strong>est,</strong></span> <span class='ocrx_word' id='word_1_248' title='bbox 1590 2029 1688 2083; x_wconf 90' lang='lat' dir='ltr'><strong>pro</strong></span> <span class='ocrx_word' id='word_1_249' title='bbox 1713 2023 1868 2084; x_wconf 89' lang='lat' dir='ltr'><strong>parte</strong></span> <span class='ocrx_word' id='word_1_250' title='bbox 1893 2029 2022 2068; x_wconf 92' lang='lat' dir='ltr'><strong>vero</strong></span> 
     </span>
    </p>
   </div>
   <div class='ocr_carea' id='block_1_36' title="bbox 426 2105 2019 2182">
    <p class='ocr_par' dir='ltr' id='par_1_36' title="bbox 426 2105 2019 2182">
     <span class='ocr_line' id='line_1_36' title="bbox 426 2105 2019 2182; baseline -0.003 -17"><span class='ocrx_word' id='word_1_251' title='bbox 426 2121 774 2182; x_wconf 88' lang='lat' dir='ltr'><strong>suppressum</strong></span> <span class='ocrx_word' id='word_1_252' title='bbox 801 2127 818 2172; x_wconf 75' lang='grc' dir='ltr'>ς</span> <span class='ocrx_word' id='word_1_253' title='bbox 849 2109 922 2163; x_wconf 91' lang='lat' dir='ltr'><strong>ita</strong></span> <span class='ocrx_word' id='word_1_254' title='bbox 948 2105 1148 2174; x_wconf 83' lang='lat' dir='ltr'><strong>tamen,</strong></span> <span class='ocrx_word' id='word_1_255' title='bbox 1183 2117 1242 2163; x_wconf 91' lang='lat' dir='ltr'><strong>ut</strong></span> <span class='ocrx_word' id='word_1_256' title='bbox 1263 2117 1318 2162; x_wconf 92' lang='lat' dir='ltr'><strong>et</strong></span> <span class='ocrx_word' id='word_1_257' title='bbox 1349 2109 1457 2179; x_wconf 86' lang='lat' dir='ltr'><strong>regi</strong></span> <span class='ocrx_word' id='word_1_258' title='bbox 1492 2107 1683 2177; x_wconf 87' lang='lat' dir='ltr'><strong>injuria</strong></span> <span class='ocrx_word' id='word_1_259' title='bbox 1713 2124 1818 2161; x_wconf 90' lang='lat' dir='ltr'><strong>non</strong></span> <span class='ocrx_word' id='word_1_260' title='bbox 1846 2108 2019 2172; x_wconf 91' lang='lat' dir='ltr'><strong>ﬁeret,</strong></span> 
     </span>
    </p>
   </div>
   <div class='ocr_carea' id='block_1_37' title="bbox 423 2199 2022 2272">
    <p class='ocr_par' dir='ltr' id='par_1_37' title="bbox 423 2199 2022 2272">
     <span class='ocr_line' id='line_1_37' title="bbox 423 2199 2022 2272; baseline -0.003 -14"><span class='ocrx_word' id='word_1_261' title='bbox 423 2200 652 2272; x_wconf 71' lang='lat' dir='ltr'><strong>etoperi</strong></span> <span class='ocrx_word' id='word_1_262' title='bbox 677 2200 889 2256; x_wconf 81' lang='lat' dir='ltr'><strong>nefario</strong></span> <span class='ocrx_word' id='word_1_263' title='bbox 919 2199 1028 2254; x_wconf 74' lang='lat' dir='ltr'><strong>dux</strong></span> <span class='ocrx_word' id='word_1_264' title='bbox 1059 2217 1165 2256; x_wconf 93' lang='lat' dir='ltr'><strong>non</strong></span> <span class='ocrx_word' id='word_1_265' title='bbox 1212 2201 1559 2255; x_wconf 89' lang='lat' dir='ltr'><strong>consentiens</strong></span> <span class='ocrx_word' id='word_1_266' title='bbox 1611 2209 1846 2270; x_wconf 90' lang='lat' dir='ltr'><strong>pareret.</strong></span> <span class='ocrx_word' id='word_1_267' title='bbox 1904 2199 2022 2253; x_wconf 75' lang='lat' dir='ltr'><strong>Rex</strong></span> 
     </span>
    </p>
   </div>
   <div class='ocr_carea' id='block_1_38' title="bbox 425 2293 2022 2366">
    <p class='ocr_par' dir='ltr' id='par_1_38' title="bbox 425 2293 2022 2366">
     <span class='ocr_line' id='line_1_38' title="bbox 425 2293 2022 2366; baseline -0.004 -14"><span class='ocrx_word' id='word_1_268' title='bbox 425 2299 584 2352; x_wconf 71' lang='lat' dir='ltr'><strong>tanto</strong></span> <span class='ocrx_word' id='word_1_269' title='bbox 605 2294 788 2350; x_wconf 92' lang='lat' dir='ltr'><strong>animo</strong></span> <span class='ocrx_word' id='word_1_270' title='bbox 813 2309 1076 2366; x_wconf 85' lang='lat' dir='ltr'><strong>praeceps,</strong></span> <span class='ocrx_word' id='word_1_271' title='bbox 1126 2294 1180 2349; x_wconf 91' lang='lat' dir='ltr'><strong>in</strong></span> <span class='ocrx_word' id='word_1_272' title='bbox 1223 2293 1696 2364; x_wconf 48' lang='lat' dir='ltr'><strong>metropolitannt‘n</strong></span> <span class='ocrx_word' id='word_1_273' title='bbox 1741 2301 2022 2362; x_wconf 87' lang='lat' dir='ltr'><strong>assumpto</strong></span> 
     </span>
    </p>
   </div>
   <div class='ocr_carea' id='block_1_39' title="bbox 432 2381 2020 2455">
    <p class='ocr_par' dir='ltr' id='par_1_39' title="bbox 432 2381 2020 2455">
     <span class='ocr_line' id='line_1_39' title="bbox 432 2381 2020 2455; baseline -0.002 -14"><span class='ocrx_word' id='word_1_274' title='bbox 432 2381 574 2442; x_wconf 83' lang='lat' dir='ltr'><strong>duce</strong></span> <span class='ocrx_word' id='word_1_275' title='bbox 599 2400 724 2442; x_wconf 91' lang='lat' dir='ltr'><strong>cum</strong></span> <span class='ocrx_word' id='word_1_276' title='bbox 748 2386 992 2440; x_wconf 82' lang='lat' dir='ltr'><strong>exercitu</strong></span> <span class='ocrx_word' id='word_1_277' title='bbox 1023 2385 1210 2440; x_wconf 79' lang='lat' dir='ltr'><strong>fertur.</strong></span> <span class='ocrx_word' id='word_1_278' title='bbox 1245 2386 1422 2455; x_wconf 87' lang='lat' dir='ltr'><strong>Ipsam</strong></span> <span class='ocrx_word' id='word_1_279' title='bbox 1447 2384 1636 2440; x_wconf 87' lang='lat' dir='ltr'><strong>urbem</strong></span> <span class='ocrx_word' id='word_1_280' title='bbox 1677 2385 1904 2455; x_wconf 91' lang='lat' dir='ltr'><strong>appetit,</strong></span> <span class='ocrx_word' id='word_1_281' title='bbox 1934 2394 2020 2438; x_wconf 84' lang='lat' dir='ltr'><strong>at-</strong></span> 
     </span>
    </p>
   </div>
   <div class='ocr_carea' id='block_1_40' title="bbox 425 2475 2022 2549">
    <p class='ocr_par' dir='ltr' id='par_1_40' title="bbox 425 2475 2022 2549">
     <span class='ocr_line' id='line_1_40' title="bbox 425 2475 2022 2549; baseline -0.001 -17"><span class='ocrx_word' id='word_1_282' title='bbox 425 2490 535 2549; x_wconf 85' lang='lat' dir='ltr'><strong>que</strong></span> <span class='ocrx_word' id='word_1_283' title='bbox 560 2475 866 2548; x_wconf 84' lang='lat' dir='ltr'><strong>irrumpere</strong></span> <span class='ocrx_word' id='word_1_284' title='bbox 891 2478 1190 2533; x_wconf 87' lang='lat' dir='ltr'><strong>contendit.</strong></span> <span class='ocrx_word' id='word_1_285' title='bbox 1222 2477 1520 2532; x_wconf 88' lang='lat' dir='ltr'><strong>Primatum</strong></span> <span class='ocrx_word' id='word_1_286' title='bbox 1582 2486 1761 2531; x_wconf 87' lang='lat' dir='ltr'><strong>tamen</strong></span> <span class='ocrx_word' id='word_1_287' title='bbox 1793 2476 2022 2532; x_wconf 89' lang='lat' dir='ltr'><strong>consilio</strong></span> 
     </span>
    </p>
   </div>
   <div class='ocr_carea' id='block_1_41' title="bbox 425 2567 2021 2641">
    <p class='ocr_par' dir='ltr' id='par_1_41' title="bbox 425 2567 2021 2641">
     <span class='ocr_line' id='line_1_41' title="bbox 425 2567 2021 2641; baseline -0.003 -15"><span class='ocrx_word' id='word_1_288' title='bbox 425 2583 580 2636; x_wconf 82' lang='lat' dir='ltr'><strong>usus,</strong></span> <span class='ocrx_word' id='word_1_289' title='bbox 612 2567 820 2639; x_wconf 80' lang='lat' dir='ltr'><strong>legatos</strong></span> <span class='ocrx_word' id='word_1_290' title='bbox 858 2571 1139 2640; x_wconf 68' lang='lat' dir='ltr'><strong>praemisit,</strong></span> <span class='ocrx_word' id='word_1_291' title='bbox 1172 2586 1267 2640; x_wconf 90' lang='lat' dir='ltr'><strong>per</strong></span> <span class='ocrx_word' id='word_1_292' title='bbox 1293 2586 1429 2640; x_wconf 92' lang='lat' dir='ltr'><strong>quos</strong></span> <span class='ocrx_word' id='word_1_293' title='bbox 1475 2578 1743 2641; x_wconf 65' lang='lat' dir='ltr'><strong>qutereret</strong></span> <span class='ocrx_word' id='word_1_294' title='bbox 1788 2586 1855 2624; x_wconf 93' lang='lat' dir='ltr'><strong>an</strong></span> <span class='ocrx_word' id='word_1_295' title='bbox 1907 2569 2021 2640; x_wconf 81' lang='lat' dir='ltr'><strong>epi-</strong></span> 
     </span>
    </p>
   </div>
   <div class='ocr_carea' id='block_1_42' title="bbox 429 2664 2021 2738">
    <p class='ocr_par' dir='ltr' id='par_1_42' title="bbox 429 2664 2021 2738">
     <span class='ocr_line' id='line_1_42' title="bbox 429 2664 2021 2738; baseline -0.003 -16"><span class='ocrx_word' id='word_1_296' title='bbox 429 2679 630 2738; x_wconf 83' lang='lat' dir='ltr'><strong>scopus</strong></span> <span class='ocrx_word' id='word_1_297' title='bbox 654 2666 932 2720; x_wconf 72' lang='lat' dir='ltr'><strong>resisteret</strong></span> <span class='ocrx_word' id='word_1_298' title='bbox 960 2667 1094 2736; x_wconf 90' lang='lat' dir='ltr'><strong>regi,</strong></span> <span class='ocrx_word' id='word_1_299' title='bbox 1120 2681 1187 2720; x_wconf 91' lang='lat' dir='ltr'><strong>an</strong></span> <span class='ocrx_word' id='word_1_300' title='bbox 1207 2683 1273 2720; x_wconf 76' lang='lat' dir='ltr'><strong>ex</strong></span> <span class='ocrx_word' id='word_1_301' title='bbox 1296 2664 1521 2733; x_wconf 89' lang='lat' dir='ltr'><strong>objectis</strong></span> <span class='ocrx_word' id='word_1_302' title='bbox 1543 2665 1761 2735; x_wconf 86' lang='lat' dir='ltr'><strong>purgari</strong></span> <span class='ocrx_word' id='word_1_303' title='bbox 1815 2671 2021 2718; x_wconf 88' lang='lat' dir='ltr'><strong>statuto</strong></span> 
     </span>
    </p>
   </div>
   <div class='ocr_carea' id='block_1_43' title="bbox 426 2756 2021 2829">
    <p class='ocr_par' dir='ltr' id='par_1_43' title="bbox 426 2756 2021 2829">
     <span class='ocr_line' id='line_1_43' title="bbox 426 2756 2021 2829; baseline -0.004 -15"><span class='ocrx_word' id='word_1_304' title='bbox 426 2764 674 2829; x_wconf 84' lang='lat' dir='ltr'><strong>tempore</strong></span> <span class='ocrx_word' id='word_1_305' title='bbox 704 2765 930 2827; x_wconf 90' lang='lat' dir='ltr'><strong>paratus</strong></span> <span class='ocrx_word' id='word_1_306' title='bbox 957 2769 1120 2812; x_wconf 90' lang='lat' dir='ltr'><strong>esset.</strong></span> <span class='ocrx_word' id='word_1_307' title='bbox 1175 2756 1232 2812; x_wconf 93' lang='lat' dir='ltr'><strong>Si</strong></span> <span class='ocrx_word' id='word_1_308' title='bbox 1262 2766 1453 2811; x_wconf 89' lang='lat' dir='ltr'><strong>contra</strong></span> <span class='ocrx_word' id='word_1_309' title='bbox 1483 2765 1676 2821; x_wconf 89' lang='lat' dir='ltr'><strong>staret,</strong></span> <span class='ocrx_word' id='word_1_310' title='bbox 1725 2771 1846 2810; x_wconf 90' lang='lat' dir='ltr'><strong>sese</strong></span> <span class='ocrx_word' id='word_1_311' title='bbox 1895 2770 2021 2809; x_wconf 78' lang='lat' dir='ltr'><strong>mox</strong></span> 
     </span>
    </p>
   </div>
   <div class='ocr_carea' id='block_1_44' title="bbox 426 2847 2021 2918">
    <p class='ocr_par' dir='ltr' id='par_1_44' title="bbox 426 2847 2021 2918">
     <span class='ocr_line' id='line_1_44' title="bbox 426 2847 2021 2918; baseline -0.003 -14"><span class='ocrx_word' id='word_1_312' title='bbox 426 2847 768 2904; x_wconf 85' lang='lat' dir='ltr'><strong>obsidionem</strong></span> <span class='ocrx_word' id='word_1_313' title='bbox 794 2848 912 2903; x_wconf 89' lang='lat' dir='ltr'><strong>urbi</strong></span> <span class='ocrx_word' id='word_1_314' title='bbox 957 2848 1330 2904; x_wconf 82' lang='lat' dir='ltr'><strong>adhibiturum</strong></span> <span class='ocrx_word' id='word_1_315' title='bbox 1380 2849 1644 2912; x_wconf 89' lang='lat' dir='ltr'><strong>dicerent,</strong></span> <span class='ocrx_word' id='word_1_316' title='bbox 1695 2860 2021 2918; x_wconf 87' lang='lat' dir='ltr'><strong>captamque</strong></span> 
     </span>
    </p>
   </div>
   <div class='ocr_carea' id='block_1_45' title="bbox 428 2937 2021 3010">
    <p class='ocr_par' dir='ltr' id='par_1_45' title="bbox 428 2937 2021 3010">
     <span class='ocr_line' id='line_1_45' title="bbox 428 2937 2021 3010; baseline -0.001 -16"><span class='ocrx_word' id='word_1_317' title='bbox 428 2937 619 2996; x_wconf 88' lang='lat' dir='ltr'><strong>urbem</strong></span> <span class='ocrx_word' id='word_1_318' title='bbox 648 2955 770 2995; x_wconf 91' lang='lat' dir='ltr'><strong>cum</strong></span> <span class='ocrx_word' id='word_1_319' title='bbox 801 2939 918 3009; x_wconf 92' lang='lat' dir='ltr'><strong>ipso</strong></span> <span class='ocrx_word' id='word_1_320' title='bbox 954 2940 1109 2996; x_wconf 89' lang='lat' dir='ltr'><strong>hoste</strong></span> <span class='ocrx_word' id='word_1_321' title='bbox 1153 2955 1614 3010; x_wconf 85' lang='lat' dir='ltr'><strong>compressurum.</strong></span> <span class='ocrx_word' id='word_1_322' title='bbox 1648 2937 1706 2993; x_wconf 89' lang='lat' dir='ltr'><strong>Si</strong></span> <span class='ocrx_word' id='word_1_323' title='bbox 1752 2954 1882 2993; x_wconf 89' lang='lat' dir='ltr'><strong>vero</strong></span> <span class='ocrx_word' id='word_1_324' title='bbox 1923 2939 2021 2992; x_wconf 87' lang='lat' dir='ltr'><strong>ob-</strong></span> 
     </span>
    </p>
   </div>
   <div class='ocr_carea' id='block_1_46' title="bbox 419 3026 2022 3102">
    <p class='ocr_par' dir='ltr' id='par_1_46' title="bbox 419 3026 2022 3102">
     <span class='ocr_line' id='line_1_46' title="bbox 419 3026 2022 3102; baseline 0 -18"><span class='ocrx_word' id='word_1_325' title='bbox 419 3026 584 3102; x_wconf 90' lang='lat' dir='ltr'><strong>jectis</strong></span> <span class='ocrx_word' id='word_1_326' title='bbox 613 3031 943 3101; x_wconf 89' lang='lat' dir='ltr'><strong>respondere</strong></span> <span class='ocrx_word' id='word_1_327' title='bbox 973 3046 1078 3086; x_wconf 94' lang='lat' dir='ltr'><strong>non</strong></span> <span class='ocrx_word' id='word_1_328' title='bbox 1108 3031 1402 3096; x_wconf 87' lang='lat' dir='ltr'><strong>dubitaret,</strong></span> <span class='ocrx_word' id='word_1_329' title='bbox 1445 3030 1661 3084; x_wconf 91' lang='lat' dir='ltr'><strong>obsides</strong></span> <span class='ocrx_word' id='word_1_330' title='bbox 1693 3029 1760 3083; x_wconf 90' lang='lat' dir='ltr'><strong>ab</strong></span> <span class='ocrx_word' id='word_1_331' title='bbox 1786 3043 1852 3084; x_wconf 89' lang='lat' dir='ltr'><strong>eo</strong></span> <span class='ocrx_word' id='word_1_332' title='bbox 1901 3042 2022 3084; x_wconf 90' lang='lat' dir='ltr'><strong>sese</strong></span> 
     </span>
    </p>
   </div>
   <div class='ocr_carea' id='block_1_47' title="bbox 427 3123 1726 3196">
    <p class='ocr_par' dir='ltr' id='par_1_47' title="bbox 427 3123 1726 3196">
     <span class='ocr_line' id='line_1_47' title="bbox 427 3123 1726 3196; baseline 0 -18"><span class='ocrx_word' id='word_1_333' title='bbox 427 3131 782 3195; x_wconf 80' lang='lat' dir='ltr'><strong>accepturum</strong></span> <span class='ocrx_word' id='word_1_334' title='bbox 807 3123 1225 3196; x_wconf 87' lang='lat' dir='ltr'><strong>ducturumque.</strong></span> <span class='ocrx_word' id='word_1_335' title='bbox 1723 3136 1726 3140; x_wconf 81' lang='lat'>‘</span> 
     </span>
    </p>
   </div>
   <div class='ocr_carea' id='block_1_48' title="bbox 2138 1909 3723 1982">
    <p class='ocr_par' dir='ltr' id='par_1_48' title="bbox 2138 1909 3723 1982">
     <span class='ocr_line' id='line_1_48' title="bbox 2138 1909 3723 1982; baseline 0.001 -16"><span class='ocrx_word' id='word_1_336' title='bbox 2138 1936 2141 1940; x_wconf 81' lang='grc'><strong>-</strong></span> <span class='ocrx_word' id='word_1_337' title='bbox 2200 1911 2252 1966; x_wconf 85' lang='grc'><strong>6.</strong></span> <span class='ocrx_word' id='word_1_338' title='bbox 2291 1909 2546 1982; x_wconf 84' lang='lat' dir='ltr'><strong>Purgalio</strong></span> <span class='ocrx_word' id='word_1_339' title='bbox 2572 1910 2916 1966; x_wconf 77' lang='lat' dir='ltr'><strong>Adalberom&#39;s</strong></span> <span class='ocrx_word' id='word_1_340' title='bbox 2945 1911 3009 1966; x_wconf 88' lang='lat' dir='ltr'><strong>de</strong></span> <span class='ocrx_word' id='word_1_341' title='bbox 3047 1911 3260 1982; x_wconf 79' lang='lat' dir='ltr'><strong>objectis</strong></span> <span class='ocrx_word' id='word_1_342' title='bbox 3281 1929 3312 1966; x_wconf 89' lang='lat' dir='ltr'><strong>a</strong></span> <span class='ocrx_word' id='word_1_343' title='bbox 3335 1911 3616 1967; x_wconf 82' lang='lat' dir='ltr'><strong>Ludovico.</strong></span> <span class='ocrx_word' id='word_1_344' title='bbox 3645 1939 3723 1954; x_wconf 90' lang='lat'><strong>-</strong></span> 
     </span>
    </p>
   </div>
   <div class='ocr_carea' id='block_1_49' title="bbox 2126 2002 3723 2075">
    <p class='ocr_par' dir='ltr' id='par_1_49' title="bbox 2126 2002 3723 2075">
     <span class='ocr_line' id='line_1_49' title="bbox 2126 2002 3723 2075; baseline 0.002 -18"><span class='ocrx_word' id='word_1_345' title='bbox 2126 2005 2334 2073; x_wconf 85' lang='lat' dir='ltr'><strong>Quibus</strong></span> <span class='ocrx_word' id='word_1_346' title='bbox 2357 2003 2657 2074; x_wconf 81' lang='lat' dir='ltr'><strong>dispositis,</strong></span> <span class='ocrx_word' id='word_1_347' title='bbox 2690 2003 2796 2058; x_wconf 83' lang='lat' dir='ltr'><strong>dux</strong></span> <span class='ocrx_word' id='word_1_348' title='bbox 2825 2003 2903 2059; x_wconf 91' lang='lat' dir='ltr'><strong>sic</strong></span> <span class='ocrx_word' id='word_1_349' title='bbox 2928 2019 3086 2060; x_wconf 89' lang='lat' dir='ltr'><strong>orsus</strong></span> <span class='ocrx_word' id='word_1_350' title='bbox 3107 2005 3272 2075; x_wconf 71' lang='lat' dir='ltr'><strong>erepit</strong></span> <span class='ocrx_word' id='word_1_351' title='bbox 3301 2022 3314 2059; x_wconf 90' lang='lat'><strong>:</strong></span> <span class='ocrx_word' id='word_1_352' title='bbox 3347 2022 3368 2057; x_wconf 80' lang='grc' dir='ltr'><strong>ι</strong></span> <span class='ocrx_word' id='word_1_353' title='bbox 3412 2003 3532 2060; x_wconf 83' lang='lat' dir='ltr'><strong>Huc</strong></span> <span class='ocrx_word' id='word_1_354' title='bbox 3549 2018 3614 2060; x_wconf 80' lang='lat' dir='ltr'><strong>ex</strong></span> <span class='ocrx_word' id='word_1_355' title='bbox 3637 2002 3723 2060; x_wconf 89' lang='lat' dir='ltr'><strong>lo-</strong></span> 
     </span>
    </p>
   </div>
   <div class='ocr_carea' id='block_1_50' title="bbox 2125 2095 3721 2166">
    <p class='ocr_par' dir='ltr' id='par_1_50' title="bbox 2125 2095 3721 2166">
     <span class='ocr_line' id='line_1_50' title="bbox 2125 2095 3721 2166; baseline 0.002 -15"><span class='ocrx_word' id='word_1_356' title='bbox 2125 2097 2208 2151; x_wconf 88' lang='lat' dir='ltr'><strong>cis</strong></span> <span class='ocrx_word' id='word_1_357' title='bbox 2236 2097 2466 2151; x_wconf 78' lang='lat' dir='ltr'><strong>diversis</strong></span> <span class='ocrx_word' id='word_1_358' title='bbox 2491 2097 2642 2166; x_wconf 87' lang='lat' dir='ltr'><strong>regio</strong></span> <span class='ocrx_word' id='word_1_359' title='bbox 2665 2096 2820 2166; x_wconf 90' lang='lat' dir='ltr'><strong>jussu</strong></span> <span class='ocrx_word' id='word_1_360' title='bbox 2869 2096 3069 2161; x_wconf 85' lang='lat' dir='ltr'><strong>vocati,</strong></span> <span class='ocrx_word' id='word_1_361' title='bbox 3099 2097 3166 2152; x_wconf 89' lang='lat' dir='ltr'><strong>ad</strong></span> <span class='ocrx_word' id='word_1_362' title='bbox 3207 2095 3602 2152; x_wconf 90' lang='lat' dir='ltr'><strong>discutiendum</strong></span> <span class='ocrx_word' id='word_1_363' title='bbox 3653 2111 3721 2154; x_wconf 79' lang='lat' dir='ltr'><strong>ea</strong></span> 
     </span>
    </p>
   </div>
   <div class='ocr_carea' id='block_1_51' title="bbox 2126 2189 3722 2262">
    <p class='ocr_par' dir='ltr' id='par_1_51' title="bbox 2126 2189 3722 2262">
     <span class='ocr_line' id='line_1_51' title="bbox 2126 2189 3722 2262; baseline 0.001 -17"><span class='ocrx_word' id='word_1_364' title='bbox 2126 2207 2247 2261; x_wconf 75' lang='lat' dir='ltr'><strong>qua:</strong></span> <span class='ocrx_word' id='word_1_365' title='bbox 2282 2205 2494 2245; x_wconf 90' lang='lat' dir='ltr'><strong>summo</strong></span> <span class='ocrx_word' id='word_1_366' title='bbox 2523 2190 2764 2260; x_wconf 91' lang='lat' dir='ltr'><strong>pontiﬁci</strong></span> <span class='ocrx_word' id='word_1_367' title='bbox 2791 2189 3121 2246; x_wconf 83' lang='lat' dir='ltr'><strong>Adalberoni</strong></span> <span class='ocrx_word' id='word_1_368' title='bbox 3145 2191 3355 2262; x_wconf 89' lang='lat' dir='ltr'><strong>objecta</strong></span> <span class='ocrx_word' id='word_1_369' title='bbox 3377 2198 3523 2256; x_wconf 89' lang='lat' dir='ltr'><strong>sunt,</strong></span> <span class='ocrx_word' id='word_1_370' title='bbox 3545 2189 3722 2246; x_wconf 78' lang='lat' dir='ltr'><strong>multa</strong></span> 
     </span>
    </p>
   </div>
   <div class='ocr_carea' id='block_1_52' title="bbox 2126 2279 3722 2352">
    <p class='ocr_par' dir='ltr' id='par_1_52' title="bbox 2126 2279 3722 2352">
     <span class='ocr_line' id='line_1_52' title="bbox 2126 2279 3722 2352; baseline 0 -14"><span class='ocrx_word' id='word_1_371' title='bbox 2126 2283 2230 2338; x_wconf 90' lang='lat' dir='ltr'><strong>ﬁde</strong></span> <span class='ocrx_word' id='word_1_372' title='bbox 2255 2291 2312 2336; x_wconf 87' lang='grc' dir='ltr'><strong>ιιι</strong></span> <span class='ocrx_word' id='word_1_373' title='bbox 2343 2291 2473 2352; x_wconf 91' lang='lat' dir='ltr'><strong>puto</strong></span> <span class='ocrx_word' id='word_1_374' title='bbox 2502 2281 2858 2336; x_wconf 87' lang='lat' dir='ltr'><strong>convenistis.</strong></span> <span class='ocrx_word' id='word_1_375' title='bbox 2888 2281 2995 2337; x_wconf 89' lang='lat' dir='ltr'><strong>Sed</strong></span> <span class='ocrx_word' id='word_1_376' title='bbox 3034 2282 3171 2338; x_wconf 72' lang='lat' dir='ltr'><strong>divae</strong></span> <span class='ocrx_word' id='word_1_377' title='bbox 3219 2281 3496 2338; x_wconf 69' lang='lat' dir='ltr'><strong>memoriae</strong></span> <span class='ocrx_word' id='word_1_378' title='bbox 3521 2279 3592 2314; x_wconf 80' lang='grc'><strong>⁸⁸³</strong></span> <span class='ocrx_word' id='word_1_379' title='bbox 3620 2295 3722 2338; x_wconf 75' lang='lat' dir='ltr'><strong>rex</strong></span> 
     </span>
    </p>
   </div>
   <div class='ocr_carea' id='block_1_53' title="bbox 2123 2372 3719 2444">
    <p class='ocr_par' dir='ltr' id='par_1_53' title="bbox 2123 2372 3719 2444">
     <span class='ocr_line' id='line_1_53' title="bbox 2123 2372 3719 2444; baseline 0.001 -18"><span class='ocrx_word' id='word_1_380' title='bbox 2123 2373 2215 2443; x_wconf 93' lang='lat' dir='ltr'><strong>qui</strong></span> <span class='ocrx_word' id='word_1_381' title='bbox 2248 2372 2586 2437; x_wconf 89' lang='lat' dir='ltr'><strong>intendebat,</strong></span> <span class='ocrx_word' id='word_1_382' title='bbox 2617 2373 2870 2442; x_wconf 88' lang='lat' dir='ltr'><strong>quoniam</strong></span> <span class='ocrx_word' id='word_1_383' title='bbox 2895 2372 2996 2428; x_wconf 91' lang='lat' dir='ltr'><strong>hac</strong></span> <span class='ocrx_word' id='word_1_384' title='bbox 3024 2374 3134 2428; x_wconf 89' lang='lat' dir='ltr'><strong>vita</strong></span> <span class='ocrx_word' id='word_1_385' title='bbox 3161 2375 3406 2444; x_wconf 87' lang='lat' dir='ltr'><strong>privatus</strong></span> <span class='ocrx_word' id='word_1_386' title='bbox 3427 2382 3534 2438; x_wconf 88' lang='lat' dir='ltr'><strong>est,</strong></span> <span class='ocrx_word' id='word_1_387' title='bbox 3582 2387 3719 2430; x_wconf 86' lang='lat' dir='ltr'><strong>con-</strong></span> 
     </span>
    </p>
   </div>
   <div class='ocr_carea' id='block_1_54' title="bbox 2127 2461 3720 2535">
    <p class='ocr_par' dir='ltr' id='par_1_54' title="bbox 2127 2461 3720 2535">
     <span class='ocr_line' id='line_1_54' title="bbox 2127 2461 3720 2535; baseline 0.003 -19"><span class='ocrx_word' id='word_1_388' title='bbox 2127 2463 2406 2516; x_wconf 67' lang='lat' dir='ltr'><strong>troversiaz</strong></span> <span class='ocrx_word' id='word_1_389' title='bbox 2435 2472 2635 2517; x_wconf 87' lang='lat' dir='ltr'><strong>statunt</strong></span> <span class='ocrx_word' id='word_1_390' title='bbox 2701 2461 2859 2517; x_wconf 82' lang='lat' dir='ltr'><strong>nobis</strong></span> <span class='ocrx_word' id='word_1_391' title='bbox 2913 2463 3313 2519; x_wconf 90' lang='lat' dir='ltr'><strong>discutiendum</strong></span> <span class='ocrx_word' id='word_1_392' title='bbox 3370 2463 3607 2535; x_wconf 89' lang='lat' dir='ltr'><strong>reliquit.</strong></span> <span class='ocrx_word' id='word_1_393' title='bbox 3657 2462 3720 2522; x_wconf 89' lang='lat' dir='ltr'><strong>Si</strong></span> 
     </span>
    </p>
   </div>
   <div class='ocr_carea' id='block_1_55' title="bbox 2124 2557 3722 2629">
    <p class='ocr_par' dir='ltr' id='par_1_55' title="bbox 2124 2557 3722 2629">
     <span class='ocr_line' id='line_1_55' title="bbox 2124 2557 3722 2629; baseline 0.001 -17"><span class='ocrx_word' id='word_1_394' title='bbox 2124 2574 2251 2629; x_wconf 78' lang='lat' dir='ltr'><strong>ergo</strong></span> <span class='ocrx_word' id='word_1_395' title='bbox 2282 2567 2479 2627; x_wconf 86' lang='lat' dir='ltr'><strong>praeter</strong></span> <span class='ocrx_word' id='word_1_396' title='bbox 2503 2572 2626 2611; x_wconf 90' lang='lat' dir='ltr'><strong>eum</strong></span> <span class='ocrx_word' id='word_1_397' title='bbox 2666 2565 2751 2612; x_wconf 89' lang='lat' dir='ltr'><strong>est</strong></span> <span class='ocrx_word' id='word_1_398' title='bbox 2799 2557 2889 2627; x_wconf 93' lang='lat' dir='ltr'><strong>qui</strong></span> <span class='ocrx_word' id='word_1_399' title='bbox 2944 2557 3227 2613; x_wconf 88' lang='lat' dir='ltr'><strong>intendere</strong></span> <span class='ocrx_word' id='word_1_400' title='bbox 3281 2557 3500 2623; x_wconf 89' lang='lat' dir='ltr'><strong>audeat,</strong></span> <span class='ocrx_word' id='word_1_401' title='bbox 3542 2570 3722 2627; x_wconf 87' lang='lat' dir='ltr'><strong>eoque</strong></span> 
     </span>
    </p>
   </div>
   <div class='ocr_carea' id='block_1_56' title="bbox 2124 2649 3716 2722">
    <p class='ocr_par' dir='ltr' id='par_1_56' title="bbox 2124 2649 3716 2722">
     <span class='ocr_line' id='line_1_56' title="bbox 2124 2649 3716 2722; baseline 0.002 -20"><span class='ocrx_word' id='word_1_402' title='bbox 2124 2650 2307 2704; x_wconf 90' lang='lat' dir='ltr'><strong>animo</strong></span> <span class='ocrx_word' id='word_1_403' title='bbox 2335 2649 2498 2716; x_wconf 91' lang='lat' dir='ltr'><strong>valet,</strong></span> <span class='ocrx_word' id='word_1_404' title='bbox 2542 2657 2600 2704; x_wconf 90' lang='lat' dir='ltr'><strong>ut</strong></span> <span class='ocrx_word' id='word_1_405' title='bbox 2641 2650 3005 2720; x_wconf 70' lang='lat' dir='ltr'><strong>exsequendte</strong></span> <span class='ocrx_word' id='word_1_406' title='bbox 3057 2650 3168 2706; x_wconf 91' lang='lat' dir='ltr'><strong>litis</strong></span> <span class='ocrx_word' id='word_1_407' title='bbox 3215 2659 3428 2721; x_wconf 89' lang='lat' dir='ltr'><strong>partem</strong></span> <span class='ocrx_word' id='word_1_408' title='bbox 3466 2649 3716 2722; x_wconf 84' lang='lat' dir='ltr'><strong>arripiat,</strong></span> 
     </span>
    </p>
   </div>
   <div class='ocr_carea' id='block_1_57' title="bbox 2124 2741 3720 2812">
    <p class='ocr_par' dir='ltr' id='par_1_57' title="bbox 2124 2741 3720 2812">
     <span class='ocr_line' id='line_1_57' title="bbox 2124 2741 3720 2812; baseline 0 -16"><span class='ocrx_word' id='word_1_409' title='bbox 2124 2743 2266 2796; x_wconf 86' lang='lat' dir='ltr'><strong>adsit</strong></span> <span class='ocrx_word' id='word_1_410' title='bbox 2295 2757 2502 2805; x_wconf 87' lang='lat' dir='ltr'><strong>coram,</strong></span> <span class='ocrx_word' id='word_1_411' title='bbox 2533 2742 2660 2812; x_wconf 89' lang='lat' dir='ltr'><strong>quid</strong></span> <span class='ocrx_word' id='word_1_412' title='bbox 2691 2744 2891 2798; x_wconf 87' lang='lat' dir='ltr'><strong>sentiat</strong></span> <span class='ocrx_word' id='word_1_413' title='bbox 2918 2742 3117 2808; x_wconf 90' lang='lat' dir='ltr'><strong>edicat,</strong></span> <span class='ocrx_word' id='word_1_414' title='bbox 3149 2743 3280 2797; x_wconf 91' lang='lat' dir='ltr'><strong>nihil</strong></span> <span class='ocrx_word' id='word_1_415' title='bbox 3331 2751 3578 2798; x_wconf 88' lang='lat' dir='ltr'><strong>metuens</strong></span> <span class='ocrx_word' id='word_1_416' title='bbox 3601 2741 3720 2796; x_wconf 79' lang='lat' dir='ltr'><strong>cri-</strong></span> 
     </span>
    </p>
   </div>
   <div class='ocr_carea' id='block_1_58' title="bbox 2124 2834 3760 2907">
    <p class='ocr_par' dir='ltr' id='par_1_58' title="bbox 2124 2834 3760 2907">
     <span class='ocr_line' id='line_1_58' title="bbox 2124 2834 3760 2907; baseline 0.003 -18"><span class='ocrx_word' id='word_1_417' title='bbox 2124 2835 2332 2890; x_wconf 87' lang='lat' dir='ltr'><strong>minato</strong></span> <span class='ocrx_word' id='word_1_418' title='bbox 2375 2834 2636 2888; x_wconf 83' lang='lat' dir='ltr'><strong>intendat.</strong></span> <span class='ocrx_word' id='word_1_419' title='bbox 2667 2835 2725 2890; x_wconf 89' lang='lat' dir='ltr'><strong>Si</strong></span> <span class='ocrx_word' id='word_1_420' title='bbox 2764 2851 2892 2892; x_wconf 86' lang='lat' dir='ltr'><strong>vera</strong></span> <span class='ocrx_word' id='word_1_421' title='bbox 2953 2837 3212 2907; x_wconf 81' lang='lat' dir='ltr'><strong>proferat,</strong></span> <span class='ocrx_word' id='word_1_422' title='bbox 3259 2835 3374 2906; x_wconf 90' lang='lat' dir='ltr'><strong>ejus</strong></span> <span class='ocrx_word' id='word_1_423' title='bbox 3424 2837 3718 2894; x_wconf 90' lang='lat' dir='ltr'><strong>verborum</strong></span> <span class='ocrx_word' id='word_1_424' title='bbox 3757 2903 3760 2906; x_wconf 31' lang='grc'>,</span> 
     </span>
    </p>
   </div>
   <div class='ocr_carea' id='block_1_59' title="bbox 2124 2928 3719 2997">
    <p class='ocr_par' dir='ltr' id='par_1_59' title="bbox 2124 2928 3719 2997">
     <span class='ocr_line' id='line_1_59' title="bbox 2124 2928 3719 2997; baseline 0.002 -14"><span class='ocrx_word' id='word_1_425' title='bbox 2124 2929 2516 2997; x_wconf 86' lang='lat' dir='ltr'><strong>approbatores</strong></span> <span class='ocrx_word' id='word_1_426' title='bbox 2538 2944 2634 2982; x_wconf 90' lang='lat' dir='ltr'><strong>nos</strong></span> <span class='ocrx_word' id='word_1_427' title='bbox 2659 2929 2776 2983; x_wconf 90' lang='lat' dir='ltr'><strong>sine</strong></span> <span class='ocrx_word' id='word_1_428' title='bbox 2808 2930 2970 2985; x_wconf 90' lang='lat' dir='ltr'><strong>dttbio</strong></span> <span class='ocrx_word' id='word_1_429' title='bbox 2997 2929 3234 2986; x_wconf 87' lang='lat' dir='ltr'><strong>habebit.</strong></span> <span class='ocrx_word' id='word_1_430' title='bbox 3261 2929 3412 2997; x_wconf 85' lang='lat' dir='ltr'><strong>Quod</strong></span> <span class='ocrx_word' id='word_1_431' title='bbox 3435 2931 3482 2987; x_wconf 87' lang='lat' dir='ltr'><strong>si</strong></span> <span class='ocrx_word' id='word_1_432' title='bbox 3511 2928 3719 2986; x_wconf 81' lang='lat' dir='ltr'><strong>calum-</strong></span> 
     </span>
    </p>
   </div>
   <div class='ocr_carea' id='block_1_60' title="bbox 2123 3020 3719 3093">
    <p class='ocr_par' dir='ltr' id='par_1_60' title="bbox 2123 3020 3719 3093">
     <span class='ocr_line' id='line_1_60' title="bbox 2123 3020 3719 3093; baseline 0 -15"><span class='ocrx_word' id='word_1_433' title='bbox 2123 3023 2307 3078; x_wconf 86' lang='lat' dir='ltr'><strong>uiator</strong></span> <span class='ocrx_word' id='word_1_434' title='bbox 2336 3024 2470 3078; x_wconf 77' lang='lat' dir='ltr'><strong>falsa</strong></span> <span class='ocrx_word' id='word_1_435' title='bbox 2504 3023 2798 3090; x_wconf 75' lang='lat' dir='ltr'><strong>conﬁnxit,</strong></span> <span class='ocrx_word' id='word_1_436' title='bbox 2853 3037 3043 3078; x_wconf 92' lang='lat' dir='ltr'><strong>vocem</strong></span> <span class='ocrx_word' id='word_1_437' title='bbox 3101 3023 3422 3093; x_wconf 89' lang='lat' dir='ltr'><strong>supprimat,</strong></span> <span class='ocrx_word' id='word_1_438' title='bbox 3459 3037 3528 3078; x_wconf 91' lang='lat' dir='ltr'><strong>ne</strong></span> <span class='ocrx_word' id='word_1_439' title='bbox 3579 3020 3719 3078; x_wconf 83' lang='lat' dir='ltr'><strong>tanti</strong></span> 
     </span>
    </p>
   </div>
   <div class='ocr_carea' id='block_1_61' title="bbox 2123 3113 3755 3190">
    <p class='ocr_par' dir='ltr' id='par_1_61' title="bbox 2123 3113 3755 3190">
     <span class='ocr_line' id='line_1_61' title="bbox 2123 3113 3755 3190; baseline -0.001 -18"><span class='ocrx_word' id='word_1_440' title='bbox 2123 3117 2380 3174; x_wconf 82' lang='lat' dir='ltr'><strong>facinoris</strong></span> <span class='ocrx_word' id='word_1_441' title='bbox 2406 3127 2649 3190; x_wconf 91' lang='lat' dir='ltr'><strong>argutus,</strong></span> <span class='ocrx_word' id='word_1_442' title='bbox 2692 3130 2884 3190; x_wconf 85' lang='lat' dir='ltr'><strong>poenas</strong></span> <span class='ocrx_word' id='word_1_443' title='bbox 2915 3115 3107 3171; x_wconf 90' lang='lat' dir='ltr'><strong>solvat.</strong></span> <span class='ocrx_word' id='word_1_444' title='bbox 3146 3134 3164 3166; x_wconf 70' lang='grc' dir='ltr'><strong>ι</strong></span> <span class='ocrx_word' id='word_1_445' title='bbox 3200 3113 3307 3170; x_wconf 90' lang='lat' dir='ltr'><strong>Ter</strong></span> <span class='ocrx_word' id='word_1_446' title='bbox 3359 3113 3755 3171; x_wconf 35' lang='lat' dir='ltr'><strong>acclamatum‘</strong></span> 
     </span>
    </p>
   </div>
   <div class='ocr_carea' id='block_1_62' title="bbox 505 3193 3722 3287">
    <p class='ocr_par' dir='ltr' id='par_1_62' title="bbox 505 3193 3722 3287">
     <span class='ocr_line' id='line_1_62' title="bbox 505 3193 3722 3287; baseline -0.001 -17"><span class='ocrx_word' id='word_1_447' title='bbox 505 3193 669 3270; x_wconf 32' lang='lat' dir='ltr'><strong>L&#39;Ad</strong></span> <span class='ocrx_word' id='word_1_448' title='bbox 687 3214 801 3270; x_wconf 72' lang='lat' dir='ltr'><strong>htec</strong></span> <span class='ocrx_word' id='word_1_449' title='bbox 825 3193 1276 3287; x_wconf 74' lang='lat' dir='ltr'><strong>metropolitarius</strong></span> <span class='ocrx_word' id='word_1_450' title='bbox 1305 3234 1318 3270; x_wconf 76' lang='grc' dir='ltr'>ε</span> <span class='ocrx_word' id='word_1_451' title='bbox 1349 3233 1367 3269; x_wconf 90' lang='grc'>‹</span> <span class='ocrx_word' id='word_1_452' title='bbox 1394 3214 1528 3271; x_wconf 88' lang='lat' dir='ltr'><strong>Cum</strong></span> <span class='ocrx_word' id='word_1_453' title='bbox 1555 3223 1788 3281; x_wconf 90' lang='lat' dir='ltr'><strong>constet,</strong></span> <span class='ocrx_word' id='word_1_454' title='bbox 1822 3216 2015 3285; x_wconf 90' lang='lat' dir='ltr'><strong>inquit,</strong></span> <span class='ocrx_word' id='word_1_455' title='bbox 2046 3201 2094 3268; x_wconf 86' lang='lat' dir='ltr'><strong>C</strong></span> <span class='ocrx_word' id='word_1_456' title='bbox 2126 3223 2228 3282; x_wconf 90' lang='lat' dir='ltr'><strong>est,</strong></span> <span class='ocrx_word' id='word_1_457' title='bbox 2260 3223 2320 3270; x_wconf 90' lang='lat' dir='ltr'><strong>nt</strong></span> <span class='ocrx_word' id='word_1_458' title='bbox 2346 3214 2555 3269; x_wconf 88' lang='lat' dir='ltr'><strong>delator</strong></span> <span class='ocrx_word' id='word_1_459' title='bbox 2574 3214 2924 3284; x_wconf 89' lang='lat' dir='ltr'><strong>procederet;</strong></span> <span class='ocrx_word' id='word_1_460' title='bbox 2956 3219 3040 3267; x_wconf 89' lang='lat' dir='ltr'><strong>ter</strong></span> <span class='ocrx_word' id='word_1_461' title='bbox 3061 3210 3128 3266; x_wconf 91' lang='lat' dir='ltr'><strong>ab</strong></span> <span class='ocrx_word' id='word_1_462' title='bbox 3157 3210 3409 3268; x_wconf 88' lang='lat' dir='ltr'><strong>omnibus</strong></span> <span class='ocrx_word' id='word_1_463' title='bbox 3461 3218 3722 3283; x_wconf 87' lang='lat' dir='ltr'><strong>negatum</strong></span> 
     </span>
    </p>
   </div>
   <div class='ocr_carea' id='block_1_63' title="bbox 427 3303 2021 3378">
    <p class='ocr_par' dir='ltr' id='par_1_63' title="bbox 427 3303 2021 3378">
     <span class='ocr_line' id='line_1_63' title="bbox 427 3303 2021 3378; baseline -0.001 -14"><span class='ocrx_word' id='word_1_464' title='bbox 427 3303 606 3364; x_wconf 85' lang='lat' dir='ltr'><strong>bonos</strong></span> <span class='ocrx_word' id='word_1_465' title='bbox 625 3321 871 3378; x_wconf 88' lang='lat' dir='ltr'><strong>quosque</strong></span> <span class='ocrx_word' id='word_1_466' title='bbox 896 3323 1186 3378; x_wconf 87' lang='lat' dir='ltr'><strong>pravorum</strong></span> <span class='ocrx_word' id='word_1_467' title='bbox 1237 3309 1524 3364; x_wconf 90' lang='lat' dir='ltr'><strong>calumniis</strong></span> <span class='ocrx_word' id='word_1_468' title='bbox 1553 3309 1768 3364; x_wconf 90' lang='lat' dir='ltr'><strong>assidue</strong></span> <span class='ocrx_word' id='word_1_469' title='bbox 1820 3308 2021 3363; x_wconf 86' lang='lat' dir='ltr'><strong>dilace-</strong></span> 
     </span>
    </p>
   </div>
   <div class='ocr_carea' id='block_1_64' title="bbox 427 3396 2022 3470">
    <p class='ocr_par' dir='ltr' id='par_1_64' title="bbox 427 3396 2022 3470">
     <span class='ocr_line' id='line_1_64' title="bbox 427 3396 2022 3470; baseline 0.001 -17"><span class='ocrx_word' id='word_1_470' title='bbox 427 3396 565 3464; x_wconf 89' lang='lat' dir='ltr'><strong>rari,</strong></span> <span class='ocrx_word' id='word_1_471' title='bbox 593 3413 702 3453; x_wconf 94' lang='lat' dir='ltr'><strong>non</strong></span> <span class='ocrx_word' id='word_1_472' title='bbox 732 3397 902 3452; x_wconf 90' lang='lat' dir='ltr'><strong>miror</strong></span> <span class='ocrx_word' id='word_1_473' title='bbox 930 3399 1058 3455; x_wconf 90' lang='lat' dir='ltr'><strong>huic</strong></span> <span class='ocrx_word' id='word_1_474' title='bbox 1080 3398 1291 3470; x_wconf 86' lang='lat' dir='ltr'><strong>injuriae</strong></span> <span class='ocrx_word' id='word_1_475' title='bbox 1330 3399 1507 3455; x_wconf 89' lang='lat' dir='ltr'><strong>locum</strong></span> <span class='ocrx_word' id='word_1_476' title='bbox 1537 3399 1824 3456; x_wconf 91' lang='lat' dir='ltr'><strong>accidisse.</strong></span> <span class='ocrx_word' id='word_1_477' title='bbox 1853 3399 2022 3455; x_wconf 81' lang='lat' dir='ltr'><strong>Multo</strong></span> 
     </span>
    </p>
   </div>
   <div class='ocr_carea' id='block_1_65' title="bbox 426 3487 2023 3564">
    <p class='ocr_par' dir='ltr' id='par_1_65' title="bbox 426 3487 2023 3564">
     <span class='ocr_line' id='line_1_65' title="bbox 426 3487 2023 3564; baseline 0.001 -20"><span class='ocrx_word' id='word_1_478' title='bbox 426 3487 660 3561; x_wconf 85' lang='lat' dir='ltr'><strong>amplius</strong></span> <span class='ocrx_word' id='word_1_479' title='bbox 712 3504 842 3546; x_wconf 89' lang='lat' dir='ltr'><strong>vero</strong></span> <span class='ocrx_word' id='word_1_480' title='bbox 866 3491 1034 3547; x_wconf 90' lang='lat' dir='ltr'><strong>miror</strong></span> <span class='ocrx_word' id='word_1_481' title='bbox 1089 3492 1337 3562; x_wconf 86' lang='lat' dir='ltr'><strong>egregios</strong></span> <span class='ocrx_word' id='word_1_482' title='bbox 1376 3492 1646 3564; x_wconf 87' lang='lat' dir='ltr'><strong>principes</strong></span> <span class='ocrx_word' id='word_1_483' title='bbox 1698 3501 1808 3548; x_wconf 85' lang='lat' dir='ltr'><strong>tam</strong></span> <span class='ocrx_word' id='word_1_484' title='bbox 1864 3492 2023 3553; x_wconf 75' lang='lat' dir='ltr'><strong>facile</strong></span> 
     </span>
    </p>
   </div>
   <div class='ocr_carea' id='block_1_66' title="bbox 425 3577 2022 3654">
    <p class='ocr_par' dir='ltr' id='par_1_66' title="bbox 425 3577 2022 3654">
     <span class='ocr_line' id='line_1_66' title="bbox 425 3577 2022 3654; baseline 0.004 -19"><span class='ocrx_word' id='word_1_485' title='bbox 425 3592 588 3652; x_wconf 86' lang='lat' dir='ltr'><strong>posse</strong></span> <span class='ocrx_word' id='word_1_486' title='bbox 613 3577 764 3646; x_wconf 90' lang='lat' dir='ltr'><strong>illici,</strong></span> <span class='ocrx_word' id='word_1_487' title='bbox 795 3590 852 3635; x_wconf 92' lang='lat' dir='ltr'><strong>ut</strong></span> <span class='ocrx_word' id='word_1_488' title='bbox 873 3582 1176 3637; x_wconf 89' lang='lat' dir='ltr'><strong>certissime</strong></span> <span class='ocrx_word' id='word_1_489' title='bbox 1225 3597 1345 3638; x_wconf 89' lang='lat' dir='ltr'><strong>esse</strong></span> <span class='ocrx_word' id='word_1_490' title='bbox 1369 3585 1594 3639; x_wconf 87' lang='lat' dir='ltr'><strong>credant</strong></span> <span class='ocrx_word' id='word_1_491' title='bbox 1620 3585 1762 3654; x_wconf 91' lang='lat' dir='ltr'><strong>quod</strong></span> <span class='ocrx_word' id='word_1_492' title='bbox 1791 3599 1892 3639; x_wconf 91' lang='lat' dir='ltr'><strong>nec</strong></span> <span class='ocrx_word' id='word_1_493' title='bbox 1921 3586 2022 3641; x_wconf 91' lang='lat' dir='ltr'><strong>sub</strong></span> 
     </span>
    </p>
   </div>
   <div class='ocr_carea' id='block_1_67' title="bbox 423 3673 2019 3748">
    <p class='ocr_par' dir='ltr' id='par_1_67' title="bbox 423 3673 2019 3748">
     <span class='ocr_line' id='line_1_67' title="bbox 423 3673 2019 3748; baseline 0.003 -19"><span class='ocrx_word' id='word_1_494' title='bbox 423 3673 611 3748; x_wconf 79' lang='lat' dir='ltr'><strong>judice</strong></span> <span class='ocrx_word' id='word_1_495' title='bbox 632 3675 706 3730; x_wconf 91' lang='lat' dir='ltr'><strong>sit</strong></span> <span class='ocrx_word' id='word_1_496' title='bbox 731 3675 1053 3739; x_wconf 91' lang='lat' dir='ltr'><strong>discussum,</strong></span> <span class='ocrx_word' id='word_1_497' title='bbox 1087 3686 1143 3732; x_wconf 87' lang='lat' dir='ltr'><strong>et</strong></span> <span class='ocrx_word' id='word_1_498' title='bbox 1173 3677 1215 3732; x_wconf 93' lang='lat' dir='ltr'><strong>si</strong></span> <span class='ocrx_word' id='word_1_499' title='bbox 1240 3677 1292 3731; x_wconf 91' lang='lat' dir='ltr'><strong>in</strong></span> <span class='ocrx_word' id='word_1_500' title='bbox 1319 3678 1659 3733; x_wconf 89' lang='lat' dir='ltr'><strong>diseutiendo</strong></span> <span class='ocrx_word' id='word_1_501' title='bbox 1687 3678 2019 3747; x_wconf 76' lang='lat' dir='ltr'><strong>conferatur,</strong></span> 
     </span>
    </p>
   </div>
   <div class='ocr_carea' id='block_1_68' title="bbox 428 3764 2019 3839">
    <p class='ocr_par' dir='ltr' id='par_1_68' title="bbox 428 3764 2019 3839">
     <span class='ocr_line' id='line_1_68' title="bbox 428 3764 2019 3839; baseline 0.003 -16"><span class='ocrx_word' id='word_1_502' title='bbox 428 3764 592 3823; x_wconf 85' lang='lat' dir='ltr'><strong>nullis</strong></span> <span class='ocrx_word' id='word_1_503' title='bbox 617 3766 917 3823; x_wconf 88' lang='lat' dir='ltr'><strong>rationibus</strong></span> <span class='ocrx_word' id='word_1_504' title='bbox 945 3768 1222 3839; x_wconf 89' lang='lat' dir='ltr'><strong>probabile</strong></span> <span class='ocrx_word' id='word_1_505' title='bbox 1247 3769 1358 3824; x_wconf 91' lang='lat' dir='ltr'><strong>ﬁat.</strong></span> <span class='ocrx_word' id='word_1_506' title='bbox 1392 3770 1545 3837; x_wconf 92' lang='lat' dir='ltr'><strong>Quod</strong></span> <span class='ocrx_word' id='word_1_507' title='bbox 1576 3771 1622 3826; x_wconf 91' lang='lat' dir='ltr'><strong>si</strong></span> <span class='ocrx_word' id='word_1_508' title='bbox 1664 3771 1869 3826; x_wconf 88' lang='lat' dir='ltr'><strong>credita</strong></span> <span class='ocrx_word' id='word_1_509' title='bbox 1903 3772 2019 3827; x_wconf 91' lang='lat' dir='ltr'><strong>dis-</strong></span> 
     </span>
    </p>
   </div>
   <div class='ocr_carea' id='block_1_69' title="bbox 431 3860 2024 3940">
    <p class='ocr_par' dir='ltr' id='par_1_69' title="bbox 431 3860 2024 3940">
     <span class='ocr_line' id='line_1_69' title="bbox 431 3860 2024 3940; baseline 0.002 -23"><span class='ocrx_word' id='word_1_510' title='bbox 431 3867 622 3917; x_wconf 84' lang='lat' dir='ltr'><strong>cutere</strong></span> <span class='ocrx_word' id='word_1_511' title='bbox 677 3860 898 3931; x_wconf 86' lang='lat' dir='ltr'><strong>placuit,</strong></span> <span class='ocrx_word' id='word_1_512' title='bbox 934 3877 1032 3916; x_wconf 92' lang='lat' dir='ltr'><strong>cur</strong></span> <span class='ocrx_word' id='word_1_513' title='bbox 1059 3862 1227 3940; x_wconf 84' lang='lat' dir='ltr'><strong>armis</strong></span> <span class='ocrx_word' id='word_1_514' title='bbox 1267 3872 1324 3918; x_wconf 93' lang='lat' dir='ltr'><strong>et</strong></span> <span class='ocrx_word' id='word_1_515' title='bbox 1351 3865 1595 3918; x_wconf 83' lang='lat' dir='ltr'><strong>exercitu</strong></span> <span class='ocrx_word' id='word_1_516' title='bbox 1633 3863 1685 3918; x_wconf 90' lang='lat' dir='ltr'><strong>id</strong></span> <span class='ocrx_word' id='word_1_517' title='bbox 1746 3865 2024 3934; x_wconf 82' lang='lat' dir='ltr'><strong>exigitur?</strong></span> 
     </span>
    </p>
   </div>
   <div class='ocr_carea' id='block_1_70' title="bbox 428 3950 2024 4026">
    <p class='ocr_par' dir='ltr' id='par_1_70' title="bbox 428 3950 2024 4026">
     <span class='ocr_line' id='line_1_70' title="bbox 428 3950 2024 4026; baseline 0.002 -16"><span class='ocrx_word' id='word_1_518' title='bbox 428 3950 620 4010; x_wconf 82' lang='lat' dir='ltr'><strong>Nonne</strong></span> <span class='ocrx_word' id='word_1_519' title='bbox 639 3968 768 4024; x_wconf 84' lang='lat' dir='ltr'><strong>ergo</strong></span> <span class='ocrx_word' id='word_1_520' title='bbox 791 3954 893 4008; x_wconf 90' lang='lat' dir='ltr'><strong>alia</strong></span> <span class='ocrx_word' id='word_1_521' title='bbox 923 3970 1021 4025; x_wconf 89' lang='lat' dir='ltr'><strong>pro</strong></span> <span class='ocrx_word' id='word_1_522' title='bbox 1045 3955 1167 4010; x_wconf 91' lang='lat' dir='ltr'><strong>aliis</strong></span> <span class='ocrx_word' id='word_1_523' title='bbox 1194 3971 1292 4010; x_wconf 90' lang='lat' dir='ltr'><strong>nos</strong></span> <span class='ocrx_word' id='word_1_524' title='bbox 1313 3955 1556 4026; x_wconf 85' lang='lat' dir='ltr'><strong>cogitare</strong></span> <span class='ocrx_word' id='word_1_525' title='bbox 1596 3954 1840 4010; x_wconf 80' lang='lat' dir='ltr'><strong>faciunt?</strong></span> <span class='ocrx_word' id='word_1_526' title='bbox 1868 3957 1924 4010; x_wconf 90' lang='lat' dir='ltr'><strong>Si</strong></span> <span class='ocrx_word' id='word_1_527' title='bbox 1956 3957 2024 4014; x_wconf 92' lang='lat' dir='ltr'><strong>de</strong></span> 
     </span>
    </p>
   </div>
   <div class='ocr_carea' id='block_1_71' title="bbox 429 4044 2020 4118">
    <p class='ocr_par' dir='ltr' id='par_1_71' title="bbox 429 4044 2020 4118">
     <span class='ocr_line' id='line_1_71' title="bbox 429 4044 2020 4118; baseline 0.001 -18"><span class='ocrx_word' id='word_1_528' title='bbox 429 4044 729 4116; x_wconf 68' lang='lat' dir='ltr'><strong>praeteritis</strong></span> <span class='ocrx_word' id='word_1_529' title='bbox 753 4046 954 4117; x_wconf 89' lang='lat' dir='ltr'><strong>agitur,</strong></span> <span class='ocrx_word' id='word_1_530' title='bbox 984 4061 1172 4116; x_wconf 87' lang='lat' dir='ltr'><strong>regum</strong></span> <span class='ocrx_word' id='word_1_531' title='bbox 1221 4045 1450 4101; x_wconf 89' lang='lat' dir='ltr'><strong>salutem</strong></span> <span class='ocrx_word' id='word_1_532' title='bbox 1503 4045 1768 4100; x_wconf 91' lang='lat' dir='ltr'><strong>hactenus</strong></span> <span class='ocrx_word' id='word_1_533' title='bbox 1817 4048 2020 4118; x_wconf 86' lang='lat' dir='ltr'><strong>Optavi.</strong></span> 
     </span>
    </p>
   </div>
   <div class='ocr_carea' id='block_1_72' title="bbox 428 4134 2022 4209">
    <p class='ocr_par' dir='ltr' id='par_1_72' title="bbox 428 4134 2022 4209">
     <span class='ocr_line' id='line_1_72' title="bbox 428 4134 2022 4209; baseline 0.001 -17"><span class='ocrx_word' id='word_1_534' title='bbox 428 4134 633 4192; x_wconf 84' lang='lat' dir='ltr'><strong>Eorum</strong></span> <span class='ocrx_word' id='word_1_535' title='bbox 659 4152 829 4208; x_wconf 89' lang='lat' dir='ltr'><strong>genus</strong></span> <span class='ocrx_word' id='word_1_536' title='bbox 873 4137 1036 4192; x_wconf 91' lang='lat' dir='ltr'><strong>colui.</strong></span> <span class='ocrx_word' id='word_1_537' title='bbox 1093 4137 1403 4208; x_wconf 90' lang='lat' dir='ltr'><strong>Principum</strong></span> <span class='ocrx_word' id='word_1_538' title='bbox 1434 4153 1650 4209; x_wconf 90' lang='lat' dir='ltr'><strong>quoque</strong></span> <span class='ocrx_word' id='word_1_539' title='bbox 1698 4141 1980 4194; x_wconf 91' lang='lat' dir='ltr'><strong>commoda</strong></span> <span class='ocrx_word' id='word_1_540' title='bbox 2004 4179 2022 4207; x_wconf 93' lang='lat'><strong>,</strong></span> 
     </span>
    </p>
   </div>
   <div class='ocr_carea' id='block_1_73' title="bbox 427 4233 2024 4307">
    <p class='ocr_par' dir='ltr' id='par_1_73' title="bbox 427 4233 2024 4307">
     <span class='ocr_line' id='line_1_73' title="bbox 427 4233 2024 4307; baseline 0.001 -17"><span class='ocrx_word' id='word_1_541' title='bbox 427 4248 529 4307; x_wconf 91' lang='lat' dir='ltr'><strong>pro</strong></span> <span class='ocrx_word' id='word_1_542' title='bbox 562 4233 772 4289; x_wconf 87' lang='lat' dir='ltr'><strong>ratione</strong></span> <span class='ocrx_word' id='word_1_543' title='bbox 810 4233 1008 4288; x_wconf 89' lang='lat' dir='ltr'><strong>amavi.</strong></span> <span class='ocrx_word' id='word_1_544' title='bbox 1070 4233 1126 4288; x_wconf 95' lang='lat' dir='ltr'><strong>Si</strong></span> <span class='ocrx_word' id='word_1_545' title='bbox 1177 4235 1242 4289; x_wconf 91' lang='lat' dir='ltr'><strong>de</strong></span> <span class='ocrx_word' id='word_1_546' title='bbox 1275 4235 1652 4304; x_wconf 82' lang='lat' dir='ltr'><strong>praesentibus,</strong></span> <span class='ocrx_word' id='word_1_547' title='bbox 1686 4235 1831 4306; x_wconf 84' lang='lat' dir='ltr'><strong>regis</strong></span> <span class='ocrx_word' id='word_1_548' title='bbox 1869 4235 2024 4306; x_wconf 89' lang='lat' dir='ltr'><strong>jussa</strong></span> 
     </span>
    </p>
   </div>
   <div class='ocr_carea' id='block_1_74' title="bbox 427 4324 2024 4396">
    <p class='ocr_par' dir='ltr' id='par_1_74' title="bbox 427 4324 2024 4396">
     <span class='ocr_line' id='line_1_74' title="bbox 427 4324 2024 4396; baseline 0.001 -16"><span class='ocrx_word' id='word_1_549' title='bbox 427 4324 626 4396; x_wconf 80' lang='lat' dir='ltr'><strong>exequi</strong></span> <span class='ocrx_word' id='word_1_550' title='bbox 653 4339 759 4379; x_wconf 93' lang='lat' dir='ltr'><strong>non</strong></span> <span class='ocrx_word' id='word_1_551' title='bbox 781 4339 1003 4388; x_wconf 88' lang='lat' dir='ltr'><strong>moror;</strong></span> <span class='ocrx_word' id='word_1_552' title='bbox 1032 4324 1250 4380; x_wconf 83' lang='lat' dir='ltr'><strong>obsides</strong></span> <span class='ocrx_word' id='word_1_553' title='bbox 1281 4340 1418 4395; x_wconf 92' lang='lat' dir='ltr'><strong>quos</strong></span> <span class='ocrx_word' id='word_1_554' title='bbox 1461 4325 1597 4388; x_wconf 92' lang='lat' dir='ltr'><strong>vult,</strong></span> <span class='ocrx_word' id='word_1_555' title='bbox 1631 4327 1818 4393; x_wconf 86' lang='lat' dir='ltr'><strong>trado;</strong></span> <span class='ocrx_word' id='word_1_556' title='bbox 1856 4327 2024 4382; x_wconf 83' lang='lat' dir='ltr'><strong>ratio-</strong></span> 
     </span>
    </p>
   </div>
   <div class='ocr_carea' id='block_1_75' title="bbox 430 4418 2025 4488">
    <p class='ocr_par' dir='ltr' id='par_1_75' title="bbox 430 4418 2025 4488">
     <span class='ocr_line' id='line_1_75' title="bbox 430 4418 2025 4488; baseline 0.001 -11"><span class='ocrx_word' id='word_1_557' title='bbox 430 4434 556 4477; x_wconf 89' lang='lat' dir='ltr'><strong>nem</strong></span> <span class='ocrx_word' id='word_1_558' title='bbox 582 4427 775 4476; x_wconf 91' lang='lat' dir='ltr'><strong>contra</strong></span> <span class='ocrx_word' id='word_1_559' title='bbox 801 4418 1012 4488; x_wconf 88' lang='lat' dir='ltr'><strong>objecta</strong></span> <span class='ocrx_word' id='word_1_560' title='bbox 1059 4419 1344 4476; x_wconf 89' lang='lat' dir='ltr'><strong>intendere</strong></span> <span class='ocrx_word' id='word_1_561' title='bbox 1387 4437 1496 4476; x_wconf 92' lang='lat' dir='ltr'><strong>non</strong></span> <span class='ocrx_word' id='word_1_562' title='bbox 1543 4419 1752 4478; x_wconf 82' lang='lat' dir='ltr'><strong>dill‘ero.</strong></span> <span class='ocrx_word' id='word_1_563' title='bbox 1791 4442 1810 4476; x_wconf 74' lang='grc' dir='ltr'><strong>ι</strong></span> <span class='ocrx_word' id='word_1_564' title='bbox 1844 4422 2025 4479; x_wconf 87' lang='lat' dir='ltr'><strong>Factis</strong></span> 
     </span>
    </p>
   </div>
   <div class='ocr_carea' id='block_1_76' title="bbox 427 4512 2024 4595">
    <p class='ocr_par' dir='ltr' id='par_1_76' title="bbox 427 4512 2024 4595">
     <span class='ocr_line' id='line_1_76' title="bbox 427 4512 2024 4595; baseline 0.001 -25"><span class='ocrx_word' id='word_1_565' title='bbox 427 4527 560 4586; x_wconf 78' lang='lat' dir='ltr'><strong>ergo</strong></span> <span class='ocrx_word' id='word_1_566' title='bbox 609 4512 888 4584; x_wconf 89' lang='lat' dir='ltr'><strong>utrimque</strong></span> <span class='ocrx_word' id='word_1_567' title='bbox 928 4513 1264 4595; x_wconf 76' lang='lat' dir='ltr'><strong>rationibus,</strong></span> <span class='ocrx_word' id='word_1_568' title='bbox 1322 4513 1540 4572; x_wconf 85' lang='lat' dir='ltr'><strong>obsides</strong></span> <span class='ocrx_word' id='word_1_569' title='bbox 1577 4515 1744 4582; x_wconf 89' lang='lat' dir='ltr'><strong>dedit,</strong></span> <span class='ocrx_word' id='word_1_570' title='bbox 1778 4515 2024 4589; x_wconf 80' lang='lat' dir='ltr'><strong>Ragene-</strong></span> 
     </span>
    </p>
   </div>
   <div class='ocr_carea' id='block_1_77' title="bbox 2125 3315 2230 3362">
    <p class='ocr_par' dir='ltr' id='par_1_77' title="bbox 2125 3315 2230 3362">
     <span class='ocr_line' id='line_1_77' title="bbox 2125 3315 2230 3362; baseline -0.019 0"><span class='ocrx_word' id='word_1_571' title='bbox 2125 3315 2230 3362; x_wconf 90' lang='lat' dir='ltr'><strong>est.</strong></span> 
     </span>
    </p>
   </div>
   <div class='ocr_carea' id='block_1_78' title="bbox 2196 3395 3721 3470">
    <p class='ocr_par' dir='ltr' id='par_1_78' title="bbox 2196 3395 3721 3470">
     <span class='ocr_line' id='line_1_78' title="bbox 2196 3395 3721 3470; baseline -0.003 -14"><span class='ocrx_word' id='word_1_572' title='bbox 2196 3401 2249 3456; x_wconf 93' lang='lat'><strong>7.</strong></span> <span class='ocrx_word' id='word_1_573' title='bbox 2280 3400 2396 3455; x_wconf 81' lang='lat' dir='ltr'><strong>Dux</strong></span> <span class='ocrx_word' id='word_1_574' title='bbox 2424 3400 2606 3470; x_wconf 88' lang='lat' dir='ltr'><strong>itaque</strong></span> <span class='ocrx_word' id='word_1_575' title='bbox 2631 3399 2828 3455; x_wconf 92' lang='lat' dir='ltr'><strong>iterum</strong></span> <span class='ocrx_word' id='word_1_576' title='bbox 2857 3399 3072 3455; x_wconf 91' lang='lat' dir='ltr'><strong>locutus</strong></span> <span class='ocrx_word' id='word_1_577' title='bbox 3092 3398 3170 3454; x_wconf 89' lang='lat' dir='ltr'><strong>ait</strong></span> <span class='ocrx_word' id='word_1_578' title='bbox 3201 3415 3215 3452; x_wconf 91' lang='lat'><strong>:</strong></span> <span class='ocrx_word' id='word_1_579' title='bbox 3251 3415 3272 3450; x_wconf 82' lang='grc' dir='ltr'><strong>ι</strong></span> <span class='ocrx_word' id='word_1_580' title='bbox 3301 3397 3357 3453; x_wconf 92' lang='lat' dir='ltr'><strong>Si</strong></span> <span class='ocrx_word' id='word_1_581' title='bbox 3383 3396 3450 3453; x_wconf 92' lang='lat' dir='ltr'><strong>lis</strong></span> <span class='ocrx_word' id='word_1_582' title='bbox 3471 3395 3584 3467; x_wconf 88' lang='lat' dir='ltr'><strong>jam</strong></span> <span class='ocrx_word' id='word_1_583' title='bbox 3606 3396 3721 3453; x_wconf 79' lang='lat' dir='ltr'><strong>&#39;de-</strong></span> 
     </span>
    </p>
   </div>
   <div class='ocr_carea' id='block_1_79' title="bbox 2125 3488 3720 3563">
    <p class='ocr_par' dir='ltr' id='par_1_79' title="bbox 2125 3488 3720 3563">
     <span class='ocr_line' id='line_1_79' title="bbox 2125 3488 3720 3563; baseline -0.003 -15"><span class='ocrx_word' id='word_1_584' title='bbox 2125 3491 2278 3557; x_wconf 91' lang='lat' dir='ltr'><strong>cidit,</strong></span> <span class='ocrx_word' id='word_1_585' title='bbox 2302 3492 2428 3563; x_wconf 87' lang='lat' dir='ltr'><strong>quia</strong></span> <span class='ocrx_word' id='word_1_586' title='bbox 2459 3491 2550 3563; x_wconf 90' lang='lat' dir='ltr'><strong>qui</strong></span> <span class='ocrx_word' id='word_1_587' title='bbox 2583 3491 2829 3547; x_wconf 86' lang='lat' dir='ltr'><strong>intendat</strong></span> <span class='ocrx_word' id='word_1_588' title='bbox 2862 3506 2968 3546; x_wconf 92' lang='lat' dir='ltr'><strong>non</strong></span> <span class='ocrx_word' id='word_1_589' title='bbox 2995 3498 3098 3555; x_wconf 91' lang='lat' dir='ltr'><strong>est,</strong></span> <span class='ocrx_word' id='word_1_590' title='bbox 3150 3488 3572 3560; x_wconf 89' lang='lat' dir='ltr'><strong>metropolitano</strong></span> <span class='ocrx_word' id='word_1_591' title='bbox 3623 3495 3720 3544; x_wconf 86' lang='lat' dir='ltr'><strong>ut-</strong></span> 
     </span>
    </p>
   </div>
   <div class='ocr_carea' id='block_1_80' title="bbox 2124 3579 3721 3656">
    <p class='ocr_par' dir='ltr' id='par_1_80' title="bbox 2124 3579 3721 3656">
     <span class='ocr_line' id='line_1_80' title="bbox 2124 3579 3721 3656; baseline -0.002 -17"><span class='ocrx_word' id='word_1_592' title='bbox 2124 3594 2251 3656; x_wconf 90' lang='lat' dir='ltr'><strong>pote</strong></span> <span class='ocrx_word' id='word_1_593' title='bbox 2281 3585 2397 3640; x_wconf 91' lang='lat' dir='ltr'><strong>viro</strong></span> <span class='ocrx_word' id='word_1_594' title='bbox 2423 3584 2592 3639; x_wconf 91' lang='lat' dir='ltr'><strong>nobili</strong></span> <span class='ocrx_word' id='word_1_595' title='bbox 2621 3594 2676 3640; x_wconf 89' lang='lat' dir='ltr'><strong>et</strong></span> <span class='ocrx_word' id='word_1_596' title='bbox 2701 3583 2870 3639; x_wconf 89' lang='lat' dir='ltr'><strong>multa</strong></span> <span class='ocrx_word' id='word_1_597' title='bbox 2909 3581 3174 3654; x_wconf 88' lang='lat' dir='ltr'><strong>sapientia</strong></span> <span class='ocrx_word' id='word_1_598' title='bbox 3203 3580 3392 3637; x_wconf 90' lang='lat' dir='ltr'><strong>inclito</strong></span> <span class='ocrx_word' id='word_1_599' title='bbox 3417 3579 3721 3637; x_wconf 86' lang='lat' dir='ltr'><strong>cedendum</strong></span> 
     </span>
    </p>
   </div>
   <div class='ocr_carea' id='block_1_81' title="bbox 2126 3672 3718 3747">
    <p class='ocr_par' dir='ltr' id='par_1_81' title="bbox 2126 3672 3718 3747">
     <span class='ocr_line' id='line_1_81' title="bbox 2126 3672 3718 3747; baseline -0.004 -12"><span class='ocrx_word' id='word_1_600' title='bbox 2126 3687 2231 3734; x_wconf 89' lang='lat' dir='ltr'><strong>est.</strong></span> <span class='ocrx_word' id='word_1_601' title='bbox 2261 3676 2344 3732; x_wconf 88' lang='lat' dir='ltr'><strong>Ab</strong></span> <span class='ocrx_word' id='word_1_602' title='bbox 2373 3678 2475 3733; x_wconf 88' lang='lat' dir='ltr'><strong>hac</strong></span> <span class='ocrx_word' id='word_1_603' title='bbox 2498 3693 2629 3747; x_wconf 80' lang='lat' dir='ltr'><strong>ergo</strong></span> <span class='ocrx_word' id='word_1_604' title='bbox 2649 3675 2950 3747; x_wconf 89' lang='lat' dir='ltr'><strong>suspitione</strong></span> <span class='ocrx_word' id='word_1_605' title='bbox 2991 3674 3208 3745; x_wconf 86' lang='lat' dir='ltr'><strong>penitus</strong></span> <span class='ocrx_word' id='word_1_606' title='bbox 3234 3672 3517 3739; x_wconf 87' lang='lat' dir='ltr'><strong>discedite,</strong></span> <span class='ocrx_word' id='word_1_607' title='bbox 3564 3686 3718 3728; x_wconf 86' lang='lat' dir='ltr'><strong>sum-</strong></span> 
     </span>
    </p>
   </div>
   <div class='ocr_carea' id='block_1_82' title="bbox 2125 3763 3723 3840">
    <p class='ocr_par' dir='ltr' id='par_1_82' title="bbox 2125 3763 3723 3840">
     <span class='ocr_line' id='line_1_82' title="bbox 2125 3763 3723 3840; baseline -0.003 -15"><span class='ocrx_word' id='word_1_608' title='bbox 2125 3786 2381 3840; x_wconf 90' lang='lat' dir='ltr'><strong>mumque</strong></span> <span class='ocrx_word' id='word_1_609' title='bbox 2409 3769 2694 3840; x_wconf 73' lang='lat' dir='ltr'><strong>prtesnlem</strong></span> <span class='ocrx_word' id='word_1_610' title='bbox 2723 3766 2894 3821; x_wconf 91' lang='lat' dir='ltr'><strong>multo</strong></span> <span class='ocrx_word' id='word_1_611' title='bbox 2922 3768 3130 3822; x_wconf 90' lang='lat' dir='ltr'><strong>honore</strong></span> <span class='ocrx_word' id='word_1_612' title='bbox 3175 3764 3428 3821; x_wconf 79' lang='lat' dir='ltr'><strong>excolite.</strong></span> <span class='ocrx_word' id='word_1_613' title='bbox 3483 3763 3723 3820; x_wconf 82' lang='lat' dir='ltr'><strong>Revere-</strong></span> 
     </span>
    </p>
   </div>
   <div class='ocr_carea' id='block_1_83' title="bbox 2125 3857 3722 3932">
    <p class='ocr_par' dir='ltr' id='par_1_83' title="bbox 2125 3857 3722 3932">
     <span class='ocr_line' id='line_1_83' title="bbox 2125 3857 3722 3932; baseline -0.005 -12"><span class='ocrx_word' id='word_1_614' title='bbox 2125 3865 2258 3921; x_wconf 90' lang='lat' dir='ltr'><strong>mini</strong></span> <span class='ocrx_word' id='word_1_615' title='bbox 2283 3865 2429 3920; x_wconf 91' lang='lat' dir='ltr'><strong>hunc</strong></span> <span class='ocrx_word' id='word_1_616' title='bbox 2464 3863 2622 3918; x_wconf 84' lang='lat' dir='ltr'><strong>talem</strong></span> <span class='ocrx_word' id='word_1_617' title='bbox 2652 3863 2849 3928; x_wconf 88' lang='lat' dir='ltr'><strong>virum,</strong></span> <span class='ocrx_word' id='word_1_618' title='bbox 2883 3871 2939 3916; x_wconf 91' lang='lat' dir='ltr'><strong>et</strong></span> <span class='ocrx_word' id='word_1_619' title='bbox 2959 3868 3173 3932; x_wconf 69' lang='lat' dir='ltr'><strong>quanta:</strong></span> <span class='ocrx_word' id='word_1_620' title='bbox 3215 3858 3450 3922; x_wconf 88' lang='lat' dir='ltr'><strong>virtutis,</strong></span> <span class='ocrx_word' id='word_1_621' title='bbox 3502 3857 3722 3929; x_wconf 81' lang='lat' dir='ltr'><strong>sapien-</strong></span> 
     </span>
    </p>
   </div>
   <div class='ocr_carea' id='block_1_84' title="bbox 2126 3950 3722 4036">
    <p class='ocr_par' dir='ltr' id='par_1_84' title="bbox 2126 3950 3722 4036">
     <span class='ocr_line' id='line_1_84' title="bbox 2126 3950 3722 4036; baseline -0.003 -22"><span class='ocrx_word' id='word_1_622' title='bbox 2126 3960 2236 4025; x_wconf 65' lang='lat' dir='ltr'><strong>tite,</strong></span> <span class='ocrx_word' id='word_1_623' title='bbox 2261 3958 2562 4013; x_wconf 88' lang='lat' dir='ltr'><strong>nobilitatis</strong></span> <span class='ocrx_word' id='word_1_624' title='bbox 2599 3957 2690 4024; x_wconf 89' lang='lat' dir='ltr'><strong>sit,</strong></span> <span class='ocrx_word' id='word_1_625' title='bbox 2723 3956 2990 4036; x_wconf 86' lang='lat' dir='ltr'><strong>hactenus</strong></span> <span class='ocrx_word' id='word_1_626' title='bbox 3041 3954 3353 4026; x_wconf 70' lang='lat' dir='ltr'><strong>prtedieate.</strong></span> <span class='ocrx_word' id='word_1_627' title='bbox 3385 3950 3524 4019; x_wconf 88' lang='lat' dir='ltr'><strong>Quid</strong></span> <span class='ocrx_word' id='word_1_628' title='bbox 3570 3951 3722 4009; x_wconf 85' lang='lat' dir='ltr'><strong>enim</strong></span> 
     </span>
    </p>
   </div>
   <div class='ocr_carea' id='block_1_85' title="bbox 2124 4043 3723 4123">
    <p class='ocr_par' dir='ltr' id='par_1_85' title="bbox 2124 4043 3723 4123">
     <span class='ocr_line' id='line_1_85' title="bbox 2124 4043 3723 4123; baseline -0.003 -17"><span class='ocrx_word' id='word_1_629' title='bbox 2124 4051 2347 4123; x_wconf 91' lang='lat' dir='ltr'><strong>prodest</strong></span> <span class='ocrx_word' id='word_1_630' title='bbox 2375 4050 2730 4121; x_wconf 86' lang='lat' dir='ltr'><strong>suspitionem</strong></span> <span class='ocrx_word' id='word_1_631' title='bbox 2757 4049 2982 4113; x_wconf 90' lang='lat' dir='ltr'><strong>habere,</strong></span> <span class='ocrx_word' id='word_1_632' title='bbox 3015 4048 3102 4102; x_wconf 90' lang='lat' dir='ltr'><strong>cui</strong></span> <span class='ocrx_word' id='word_1_633' title='bbox 3127 4053 3182 4102; x_wconf 84' lang='lat' dir='ltr'><strong>in</strong></span> <span class='ocrx_word' id='word_1_634' title='bbox 3209 4045 3404 4118; x_wconf 87' lang='lat' dir='ltr'><strong>jnditio</strong></span> <span class='ocrx_word' id='word_1_635' title='bbox 3433 4059 3541 4101; x_wconf 92' lang='lat' dir='ltr'><strong>non</strong></span> <span class='ocrx_word' id='word_1_636' title='bbox 3566 4043 3723 4101; x_wconf 85' lang='lat' dir='ltr'><strong>fuere</strong></span> 
     </span>
    </p>
   </div>
   <div class='ocr_carea' id='block_1_86' title="bbox 2125 4135 3717 4222">
    <p class='ocr_par' dir='ltr' id='par_1_86' title="bbox 2125 4135 3717 4222">
     <span class='ocr_line' id='line_1_86' title="bbox 2125 4135 3717 4222; baseline -0.001 -29"><span class='ocrx_word' id='word_1_637' title='bbox 2125 4141 2271 4196; x_wconf 88' lang='lat' dir='ltr'><strong>vires</strong></span> <span class='ocrx_word' id='word_1_638' title='bbox 2295 4141 2584 4212; x_wconf 87' lang='lat' dir='ltr'><strong>quicquam</strong></span> <span class='ocrx_word' id='word_1_639' title='bbox 2621 4139 2849 4196; x_wconf 86' lang='lat' dir='ltr'><strong>dicere?</strong></span> <span class='ocrx_word' id='word_1_640' title='bbox 2885 4159 2904 4192; x_wconf 72' lang='grc' dir='ltr'><strong>ι</strong></span> <span class='ocrx_word' id='word_1_641' title='bbox 2935 4138 3174 4222; x_wconf 58' lang='lat' dir='ltr'><strong>Ergof“o</strong></span> <span class='ocrx_word' id='word_1_642' title='bbox 3215 4153 3429 4194; x_wconf 91' lang='lat' dir='ltr'><strong>summo</strong></span> <span class='ocrx_word' id='word_1_643' title='bbox 3449 4135 3717 4208; x_wconf 86' lang='lat' dir='ltr'><strong>pontiﬁci,</strong></span> 
     </span>
    </p>
   </div>
   <div class='ocr_carea' id='block_1_87' title="bbox 2127 4227 3721 4306">
    <p class='ocr_par' dir='ltr' id='par_1_87' title="bbox 2127 4227 3721 4306">
     <span class='ocr_line' id='line_1_87' title="bbox 2127 4227 3721 4306; baseline -0.004 -15"><span class='ocrx_word' id='word_1_644' title='bbox 2127 4235 2231 4291; x_wconf 85' lang='lat' dir='ltr'><strong>dux</strong></span> <span class='ocrx_word' id='word_1_645' title='bbox 2286 4235 2622 4304; x_wconf 89' lang='lat' dir='ltr'><strong>reliquorum</strong></span> <span class='ocrx_word' id='word_1_646' title='bbox 2662 4235 2956 4306; x_wconf 89' lang='lat' dir='ltr'><strong>primatum</strong></span> <span class='ocrx_word' id='word_1_647' title='bbox 3007 4246 3296 4294; x_wconf 86' lang='lat' dir='ltr'><strong>consensu,</strong></span> <span class='ocrx_word' id='word_1_648' title='bbox 3356 4227 3721 4301; x_wconf 58' lang='lat' dir='ltr'><strong>exsequenda;</strong></span> 
     </span>
    </p>
   </div>
   <div class='ocr_carea' id='block_1_88' title="bbox 2126 4321 3721 4396">
    <p class='ocr_par' dir='ltr' id='par_1_88' title="bbox 2126 4321 3721 4396">
     <span class='ocr_line' id='line_1_88' title="bbox 2126 4321 3721 4396; baseline -0.003 -13"><span class='ocrx_word' id='word_1_649' title='bbox 2126 4328 2354 4384; x_wconf 91' lang='lat' dir='ltr'><strong>rationis</strong></span> <span class='ocrx_word' id='word_1_650' title='bbox 2383 4328 2644 4383; x_wconf 89' lang='lat' dir='ltr'><strong>honorem</strong></span> <span class='ocrx_word' id='word_1_651' title='bbox 2667 4327 2734 4382; x_wconf 90' lang='lat' dir='ltr'><strong>de</strong></span> <span class='ocrx_word' id='word_1_652' title='bbox 2767 4325 2998 4380; x_wconf 88' lang='lat' dir='ltr'><strong>utilitate</strong></span> <span class='ocrx_word' id='word_1_653' title='bbox 3020 4325 3170 4396; x_wconf 90' lang='lat' dir='ltr'><strong>regni</strong></span> <span class='ocrx_word' id='word_1_654' title='bbox 3194 4323 3462 4388; x_wconf 88' lang='lat' dir='ltr'><strong>attribuit,</strong></span> <span class='ocrx_word' id='word_1_655' title='bbox 3487 4338 3552 4378; x_wconf 90' lang='lat' dir='ltr'><strong>eo</strong></span> <span class='ocrx_word' id='word_1_656' title='bbox 3571 4321 3721 4394; x_wconf 87' lang='lat' dir='ltr'><strong>quod</strong></span> 
     </span>
    </p>
   </div>
   <div class='ocr_carea' id='block_1_89' title="bbox 2125 4413 3718 4491">
    <p class='ocr_par' dir='ltr' id='par_1_89' title="bbox 2125 4413 3718 4491">
     <span class='ocr_line' id='line_1_89' title="bbox 2125 4413 3718 4491; baseline -0.003 -16"><span class='ocrx_word' id='word_1_657' title='bbox 2125 4421 2241 4491; x_wconf 85' lang='lat' dir='ltr'><strong>ipse</strong></span> <span class='ocrx_word' id='word_1_658' title='bbox 2269 4420 2577 4475; x_wconf 89' lang='lat' dir='ltr'><strong>divinarum</strong></span> <span class='ocrx_word' id='word_1_659' title='bbox 2604 4428 2658 4474; x_wconf 92' lang='lat' dir='ltr'><strong>et</strong></span> <span class='ocrx_word' id='word_1_660' title='bbox 2690 4419 3048 4473; x_wconf 90' lang='lat' dir='ltr'><strong>humanarum</strong></span> <span class='ocrx_word' id='word_1_661' title='bbox 3080 4432 3260 4472; x_wconf 89' lang='lat' dir='ltr'><strong>rerum</strong></span> <span class='ocrx_word' id='word_1_662' title='bbox 3285 4415 3511 4472; x_wconf 91' lang='lat' dir='ltr'><strong>scientia</strong></span> <span class='ocrx_word' id='word_1_663' title='bbox 3537 4413 3718 4471; x_wconf 78' lang='lat' dir='ltr'><strong>excel-</strong></span> 
     </span>
    </p>
   </div>
   <div class='ocr_carea' id='block_1_90' title="bbox 2127 4512 3716 4586">
    <p class='ocr_par' dir='ltr' id='par_1_90' title="bbox 2127 4512 3716 4586">
     <span class='ocr_line' id='line_1_90' title="bbox 2127 4512 3716 4586; baseline -0.001 -16"><span class='ocrx_word' id='word_1_664' title='bbox 2127 4513 2263 4572; x_wconf 90' lang='lat' dir='ltr'><strong>leret</strong></span> <span class='ocrx_word' id='word_1_665' title='bbox 2293 4524 2456 4586; x_wconf 89' lang='lat' dir='ltr'><strong>atque</strong></span> <span class='ocrx_word' id='word_1_666' title='bbox 2504 4513 2770 4570; x_wconf 67' lang='lat' dir='ltr'><strong>facundia:</strong></span> <span class='ocrx_word' id='word_1_667' title='bbox 2811 4512 3130 4569; x_wconf 83' lang='lat' dir='ltr'><strong>ellicaeitate</strong></span> <span class='ocrx_word' id='word_1_668' title='bbox 3168 4513 3458 4584; x_wconf 91' lang='lat' dir='ltr'><strong>plurimum</strong></span> <span class='ocrx_word' id='word_1_669' title='bbox 3487 4512 3716 4568; x_wconf 88' lang='lat' dir='ltr'><strong>valeret.</strong></span> 
     </span>
    </p>
   </div>
   <div class='ocr_carea' id='block_1_91' title="bbox 426 4570 3715 4678">
    <p class='ocr_par' dir='ltr' id='par_1_91' title="bbox 426 4570 3715 4678">
     <span class='ocr_line' id='line_1_91' title="bbox 426 4570 3715 4678; baseline 0 -17"><span class='ocrx_word' id='word_1_670' title='bbox 426 4621 552 4662; x_wconf 86' lang='lat' dir='ltr'><strong>rum</strong></span> <span class='ocrx_word' id='word_1_671' title='bbox 595 4605 773 4660; x_wconf 90' lang='lat' dir='ltr'><strong>virum</strong></span> <span class='ocrx_word' id='word_1_672' title='bbox 807 4604 1120 4672; x_wconf 90' lang='lat' dir='ltr'><strong>militarem,</strong></span> <span class='ocrx_word' id='word_1_673' title='bbox 1161 4589 1443 4663; x_wconf 86' lang='lat' dir='ltr'><strong>nobilitate</strong></span> <span class='ocrx_word' id='word_1_674' title='bbox 1468 4615 1523 4662; x_wconf 92' lang='lat' dir='ltr'><strong>et</strong></span> <span class='ocrx_word' id='word_1_675' title='bbox 1560 4606 1761 4664; x_wconf 91' lang='lat' dir='ltr'><strong>divitiis</strong></span> <span class='ocrx_word' id='word_1_676' title='bbox 1791 4608 2020 4676; x_wconf 88' lang='lat' dir='ltr'><strong>elarttm,</strong></span> <span class='ocrx_word' id='word_1_677' title='bbox 2047 4570 2100 4632; x_wconf 70' lang='grc' dir='ltr'><strong>Β</strong></span> <span class='ocrx_word' id='word_1_678' title='bbox 2196 4609 2249 4665; x_wconf 89' lang='grc'><strong>8.</strong></span> <span class='ocrx_word' id='word_1_679' title='bbox 2279 4607 2478 4665; x_wconf 84' lang='lat' dir='ltr'><strong>Factus</strong></span> <span class='ocrx_word' id='word_1_680' title='bbox 2506 4609 2688 4678; x_wconf 90' lang='lat' dir='ltr'><strong>itaque</strong></span> <span class='ocrx_word' id='word_1_681' title='bbox 2716 4622 2839 4662; x_wconf 91' lang='lat' dir='ltr'><strong>cum</strong></span> <span class='ocrx_word' id='word_1_682' title='bbox 2869 4607 3006 4663; x_wconf 89' lang='lat' dir='ltr'><strong>duce</strong></span> <span class='ocrx_word' id='word_1_683' title='bbox 3053 4606 3293 4662; x_wconf 90' lang='lat' dir='ltr'><strong>omnium</strong></span> <span class='ocrx_word' id='word_1_684' title='bbox 3331 4605 3564 4669; x_wconf 87' lang='lat' dir='ltr'><strong>medius,</strong></span> <span class='ocrx_word' id='word_1_685' title='bbox 3585 4604 3661 4659; x_wconf 91' lang='lat' dir='ltr'><strong>ait</strong></span> <span class='ocrx_word' id='word_1_686' title='bbox 3699 4619 3715 4662; x_wconf 91' lang='lat'><strong>:</strong></span> 
     </span>
    </p>
   </div>
   <div class='ocr_carea' id='block_1_92' title="bbox 427 4696 1497 4772">
    <p class='ocr_par' dir='ltr' id='par_1_92' title="bbox 427 4696 1497 4772">
     <span class='ocr_line' id='line_1_92' title="bbox 427 4696 1497 4772; baseline 0.004 -20"><span class='ocrx_word' id='word_1_687' title='bbox 427 4697 719 4772; x_wconf 89' lang='lat' dir='ltr'><strong>pluresque</strong></span> <span class='ocrx_word' id='word_1_688' title='bbox 745 4696 881 4754; x_wconf 89' lang='lat' dir='ltr'><strong>alios</strong></span> <span class='ocrx_word' id='word_1_689' title='bbox 906 4699 1034 4754; x_wconf 91' lang='lat' dir='ltr'><strong>dum</strong></span> <span class='ocrx_word' id='word_1_690' title='bbox 1062 4699 1175 4770; x_wconf 89' lang='lat' dir='ltr'><strong>regi</strong></span> <span class='ocrx_word' id='word_1_691' title='bbox 1207 4699 1497 4756; x_wconf 79' lang='lat' dir='ltr'><strong>snﬂlceret.</strong></span> 
     </span>
    </p>
   </div>
   <div class='ocr_carea' id='block_1_93' title="bbox 418 4787 2023 4863">
    <p class='ocr_par' dir='ltr' id='par_1_93' title="bbox 418 4787 2023 4863">
     <span class='ocr_line' id='line_1_93' title="bbox 418 4787 2023 4863; baseline 0.005 -20"><span class='ocrx_word' id='word_1_692' title='bbox 418 4797 423 4803; x_wconf 77' lang='lat'><strong><em>‘</em></strong></span> <span class='ocrx_word' id='word_1_693' title='bbox 501 4788 555 4843; x_wconf 84' lang='lat'><strong>5.</strong></span> <span class='ocrx_word' id='word_1_694' title='bbox 586 4788 772 4844; x_wconf 76' lang='lat' dir='ltr'><strong>Obitus</strong></span> <span class='ocrx_word' id='word_1_695' title='bbox 800 4787 1070 4846; x_wconf 84' lang='lat' dir='ltr'><strong>Ludovici.</strong></span> <span class='ocrx_word' id='word_1_696' title='bbox 1101 4821 1170 4832; x_wconf 94' lang='lat'><strong><em>—</em></strong></span> <span class='ocrx_word' id='word_1_697' title='bbox 1196 4792 1311 4848; x_wconf 77' lang='lat' dir='ltr'><strong>Rex</strong></span> <span class='ocrx_word' id='word_1_698' title='bbox 1342 4792 1527 4863; x_wconf 90' lang='lat' dir='ltr'><strong>itaque</strong></span> <span class='ocrx_word' id='word_1_699' title='bbox 1545 4795 1846 4850; x_wconf 79' lang='lat' dir='ltr'><strong>exercitum</strong></span> <span class='ocrx_word' id='word_1_700' title='bbox 1872 4809 2023 4851; x_wconf 86' lang='lat' dir='ltr'><strong>amo-</strong></span> 
     </span>
    </p>
   </div>
   <div class='ocr_carea' id='block_1_94' title="bbox 426 4877 2022 4951">
    <p class='ocr_par' dir='ltr' id='par_1_94' title="bbox 426 4877 2022 4951">
     <span class='ocr_line' id='line_1_94' title="bbox 426 4877 2022 4951; baseline 0.006 -16"><span class='ocrx_word' id='word_1_701' title='bbox 426 4879 529 4947; x_wconf 89' lang='lat' dir='ltr'><strong>vit,</strong></span> <span class='ocrx_word' id='word_1_702' title='bbox 559 4877 1021 4951; x_wconf 88' lang='lat' dir='ltr'><strong>Silvanectimque</strong></span> <span class='ocrx_word' id='word_1_703' title='bbox 1061 4881 1297 4938; x_wconf 91' lang='lat' dir='ltr'><strong>devenit.</strong></span> <span class='ocrx_word' id='word_1_704' title='bbox 1349 4882 1452 4939; x_wconf 89' lang='lat' dir='ltr'><strong>Ubi</strong></span> <span class='ocrx_word' id='word_1_705' title='bbox 1499 4885 1627 4940; x_wconf 91' lang='lat' dir='ltr'><strong>dum</strong></span> <span class='ocrx_word' id='word_1_706' title='bbox 1654 4888 1896 4942; x_wconf 59' lang='lat' dir='ltr'><strong>aestivam</strong></span> <span class='ocrx_word' id='word_1_707' title='bbox 1931 4901 2022 4944; x_wconf 86' lang='lat' dir='ltr'><strong>ve-</strong></span> 
     </span>
    </p>
   </div>
   <div class='ocr_carea' id='block_1_95' title="bbox 427 4973 2021 5050">
    <p class='ocr_par' dir='ltr' id='par_1_95' title="bbox 427 4973 2021 5050">
     <span class='ocr_line' id='line_1_95' title="bbox 427 4973 2021 5050; baseline 0.005 -19"><span class='ocrx_word' id='word_1_708' title='bbox 427 4973 704 5031; x_wconf 90' lang='lat' dir='ltr'><strong>nationem</strong></span> <span class='ocrx_word' id='word_1_709' title='bbox 733 4983 1033 5042; x_wconf 80' lang='lat' dir='ltr'><strong>exerceret,</strong></span> <span class='ocrx_word' id='word_1_710' title='bbox 1086 4978 1325 5047; x_wconf 90' lang='lat' dir='ltr'><strong>pedestri</strong></span> <span class='ocrx_word' id='word_1_711' title='bbox 1355 4977 1508 5050; x_wconf 88' lang='lat' dir='ltr'><strong>lapsu</strong></span> <span class='ocrx_word' id='word_1_712' title='bbox 1545 4981 1818 5049; x_wconf 87' lang='lat' dir='ltr'><strong>decidens,</strong></span> <span class='ocrx_word' id='word_1_713' title='bbox 1849 4983 2021 5040; x_wconf 87' lang='lat' dir='ltr'><strong>multo</strong></span> 
     </span>
    </p>
   </div>
   <div class='ocr_carea' id='block_1_96' title="bbox 427 5066 2024 5147">
    <p class='ocr_par' dir='ltr' id='par_1_96' title="bbox 427 5066 2024 5147">
     <span class='ocr_line' id='line_1_96' title="bbox 427 5066 2024 5147; baseline 0.006 -24"><span class='ocrx_word' id='word_1_714' title='bbox 427 5067 603 5140; x_wconf 88' lang='lat' dir='ltr'><strong>epatis</strong></span> <span class='ocrx_word' id='word_1_715' title='bbox 638 5066 826 5123; x_wconf 91' lang='lat' dir='ltr'><strong>dolore</strong></span> <span class='ocrx_word' id='word_1_716' title='bbox 855 5077 1085 5124; x_wconf 79' lang='lat' dir='ltr'><strong>vexatus</strong></span> <span class='ocrx_word' id='word_1_717' title='bbox 1110 5079 1214 5125; x_wconf 92' lang='lat' dir='ltr'><strong>est.</strong></span> <span class='ocrx_word' id='word_1_718' title='bbox 1232 5070 1364 5126; x_wconf 79' lang='lat' dir='ltr'><strong>Nam</strong></span> <span class='ocrx_word' id='word_1_719' title='bbox 1385 5073 1514 5143; x_wconf 90' lang='lat' dir='ltr'><strong>quia</strong></span> <span class='ocrx_word' id='word_1_720' title='bbox 1546 5073 1598 5129; x_wconf 92' lang='lat' dir='ltr'><strong>in</strong></span> <span class='ocrx_word' id='word_1_721' title='bbox 1628 5087 1786 5145; x_wconf 88' lang='lat' dir='ltr'><strong>epate</strong></span> <span class='ocrx_word' id='word_1_722' title='bbox 1809 5075 2024 5147; x_wconf 82' lang='lat' dir='ltr'><strong>sangui-</strong></span> 
     </span>
    </p>
   </div>
   <div class='ocr_carea' id='block_1_97' title="bbox 433 5159 2026 5236">
    <p class='ocr_par' dir='ltr' id='par_1_97' title="bbox 433 5159 2026 5236">
     <span class='ocr_line' id='line_1_97' title="bbox 433 5159 2026 5236; baseline 0.006 -20"><span class='ocrx_word' id='word_1_723' title='bbox 433 5160 520 5216; x_wconf 88' lang='lat' dir='ltr'><strong>nis</strong></span> <span class='ocrx_word' id='word_1_724' title='bbox 546 5160 728 5216; x_wconf 89' lang='lat' dir='ltr'><strong>sedem</strong></span> <span class='ocrx_word' id='word_1_725' title='bbox 774 5159 969 5232; x_wconf 88' lang='lat' dir='ltr'><strong>pbisici</strong></span> <span class='ocrx_word' id='word_1_726' title='bbox 992 5161 1300 5232; x_wconf 88' lang='lat' dir='ltr'><strong>perhibent,</strong></span> <span class='ocrx_word' id='word_1_727' title='bbox 1331 5181 1394 5220; x_wconf 92' lang='lat' dir='ltr'><strong>ea</strong></span> <span class='ocrx_word' id='word_1_728' title='bbox 1426 5167 1553 5222; x_wconf 89' lang='lat' dir='ltr'><strong>sede</strong></span> <span class='ocrx_word' id='word_1_729' title='bbox 1583 5183 1865 5236; x_wconf 90' lang='lat' dir='ltr'><strong>concussa,</strong></span> <span class='ocrx_word' id='word_1_730' title='bbox 1899 5186 2026 5226; x_wconf 87' lang='lat' dir='ltr'><strong>san-</strong></span> 
     </span>
    </p>
   </div>
   <div class='ocr_carea' id='block_1_98' title="bbox 430 5251 2023 5332">
    <p class='ocr_par' dir='ltr' id='par_1_98' title="bbox 430 5251 2023 5332">
     <span class='ocr_line' id='line_1_98' title="bbox 430 5251 2023 5332; baseline 0.007 -23"><span class='ocrx_word' id='word_1_731' title='bbox 430 5255 551 5328; x_wconf 84' lang='lat' dir='ltr'><strong>guis</strong></span> <span class='ocrx_word' id='word_1_732' title='bbox 575 5251 630 5310; x_wconf 87' lang='lat' dir='ltr'><strong>in</strong></span> <span class='ocrx_word' id='word_1_733' title='bbox 659 5255 1017 5311; x_wconf 91' lang='lat' dir='ltr'><strong>emathoicam</strong></span> <span class='ocrx_word' id='word_1_734' title='bbox 1071 5255 1393 5312; x_wconf 90' lang='lat' dir='ltr'><strong>redundavit</strong></span> <span class='ocrx_word' id='word_1_735' title='bbox 1444 5259 1590 5329; x_wconf 87' lang='lat'><strong>(987,</strong></span> <span class='ocrx_word' id='word_1_736' title='bbox 1622 5259 1732 5316; x_wconf 80' lang='lat' dir='ltr'><strong>Mai</strong></span> <span class='ocrx_word' id='word_1_737' title='bbox 1763 5262 1877 5332; x_wconf 73' lang='lat'><strong>22).</strong></span> <span class='ocrx_word' id='word_1_738' title='bbox 1924 5263 2023 5320; x_wconf 90' lang='lat' dir='ltr'><strong>Cui</strong></span> 
     </span>
    </p>
   </div>
   <div class='ocr_carea' id='block_1_99' title="bbox 430 5348 2024 5424">
    <p class='ocr_par' dir='ltr' id='par_1_99' title="bbox 430 5348 2024 5424">
     <span class='ocr_line' id='line_1_99' title="bbox 430 5348 2024 5424; baseline 0.007 -23"><span class='ocrx_word' id='word_1_739' title='bbox 430 5349 654 5419; x_wconf 84' lang='lat' dir='ltr'><strong>sanguis</strong></span> <span class='ocrx_word' id='word_1_740' title='bbox 673 5348 923 5419; x_wconf 92' lang='lat' dir='ltr'><strong>copiosus</strong></span> <span class='ocrx_word' id='word_1_741' title='bbox 952 5364 1050 5420; x_wconf 90' lang='lat' dir='ltr'><strong>per</strong></span> <span class='ocrx_word' id='word_1_742' title='bbox 1075 5365 1238 5407; x_wconf 91' lang='lat' dir='ltr'><strong>nares</strong></span> <span class='ocrx_word' id='word_1_743' title='bbox 1260 5359 1316 5406; x_wconf 88' lang='lat' dir='ltr'><strong>et</strong></span> <span class='ocrx_word' id='word_1_744' title='bbox 1339 5351 1516 5424; x_wconf 88' lang='lat' dir='ltr'><strong>gulam</strong></span> <span class='ocrx_word' id='word_1_745' title='bbox 1535 5351 2024 5412; x_wconf 83' lang='lat' dir='ltr'><strong>dillluebat.Mami-</strong></span> 
     </span>
    </p>
   </div>
   <div class='ocr_carea' id='block_1_100' title="bbox 429 5437 2022 5518">
    <p class='ocr_par' dir='ltr' id='par_1_100' title="bbox 429 5437 2022 5518">
     <span class='ocr_line' id='line_1_100' title="bbox 429 5437 2022 5518; baseline 0.006 -19"><span class='ocrx_word' id='word_1_746' title='bbox 429 5437 498 5499; x_wconf 66' lang='lat'><strong>1::</strong></span> <span class='ocrx_word' id='word_1_747' title='bbox 518 5441 794 5498; x_wconf 90' lang='lat' dir='ltr'><strong>doloribus</strong></span> <span class='ocrx_word' id='word_1_748' title='bbox 816 5443 1049 5500; x_wconf 89' lang='lat' dir='ltr'><strong>assiduis</strong></span> <span class='ocrx_word' id='word_1_749' title='bbox 1076 5444 1451 5518; x_wconf 91' lang='lat' dir='ltr'><strong>pulsabantur.</strong></span> <span class='ocrx_word' id='word_1_750' title='bbox 1482 5447 1686 5506; x_wconf 84' lang='lat' dir='ltr'><strong>Fervor</strong></span> <span class='ocrx_word' id='word_1_751' title='bbox 1710 5452 1874 5508; x_wconf 91' lang='lat' dir='ltr'><strong>totius</strong></span> <span class='ocrx_word' id='word_1_752' title='bbox 1898 5469 2022 5508; x_wconf 89' lang='lat' dir='ltr'><strong>cor-</strong></span> 
     </span>
    </p>
   </div>
   <div class='ocr_carea' id='block_1_101' title="bbox 2130 4697 3721 4772">
    <p class='ocr_par' dir='ltr' id='par_1_101' title="bbox 2130 4697 3721 4772">
     <span class='ocr_line' id='line_1_101' title="bbox 2130 4697 3721 4772; baseline 0 -20"><span class='ocrx_word' id='word_1_753' title='bbox 2130 4719 2151 4752; x_wconf 79' lang='grc' dir='ltr'><strong>ι</strong></span> <span class='ocrx_word' id='word_1_754' title='bbox 2187 4699 2335 4772; x_wconf 82' lang='lat' dir='ltr'><strong>Rege</strong></span> <span class='ocrx_word' id='word_1_755' title='bbox 2388 4708 2577 4755; x_wconf 90' lang='lat' dir='ltr'><strong>nostro</strong></span> <span class='ocrx_word' id='word_1_756' title='bbox 2603 4700 2848 4770; x_wconf 88' lang='lat' dir='ltr'><strong>piissimo</strong></span> <span class='ocrx_word' id='word_1_757' title='bbox 2890 4700 3032 4754; x_wconf 89' lang='lat' dir='ltr'><strong>inter</strong></span> <span class='ocrx_word' id='word_1_758' title='bbox 3066 4698 3456 4754; x_wconf 88' lang='lat' dir='ltr'><strong>intellectibilia</strong></span> <span class='ocrx_word' id='word_1_759' title='bbox 3486 4697 3721 4753; x_wconf 84' lang='lat' dir='ltr'><strong>transla-</strong></span> 
     </span>
    </p>
   </div>
   <div class='ocr_carea' id='block_1_102' title="bbox 2126 4792 3721 4867">
    <p class='ocr_par' dir='ltr' id='par_1_102' title="bbox 2126 4792 3721 4867">
     <span class='ocr_line' id='line_1_102' title="bbox 2126 4792 3721 4867; baseline -0.001 -16"><span class='ocrx_word' id='word_1_760' title='bbox 2126 4804 2204 4862; x_wconf 90' lang='lat' dir='ltr'><strong>to,</strong></span> <span class='ocrx_word' id='word_1_761' title='bbox 2231 4794 2412 4867; x_wconf 89' lang='lat' dir='ltr'><strong>magni</strong></span> <span class='ocrx_word' id='word_1_762' title='bbox 2438 4795 2592 4850; x_wconf 89' lang='lat' dir='ltr'><strong>ducis</strong></span> <span class='ocrx_word' id='word_1_763' title='bbox 2618 4803 3032 4864; x_wconf 88' lang='lat' dir='ltr'><strong>ceterorumque</strong></span> <span class='ocrx_word' id='word_1_764' title='bbox 3061 4793 3365 4865; x_wconf 89' lang='lat' dir='ltr'><strong>principum</strong></span> <span class='ocrx_word' id='word_1_765' title='bbox 3400 4792 3721 4849; x_wconf 82' lang='lat' dir='ltr'><strong>benivolen-</strong></span> 
     </span>
    </p>
   </div>
   <div class='ocr_carea' id='block_1_103' title="bbox 2121 4889 3719 4964">
    <p class='ocr_par' dir='ltr' id='par_1_103' title="bbox 2121 4889 3719 4964">
     <span class='ocr_line' id='line_1_103' title="bbox 2121 4889 3719 4964; baseline -0.001 -16"><span class='ocrx_word' id='word_1_766' title='bbox 2121 4893 2198 4948; x_wconf 89' lang='lat' dir='ltr'><strong>tia</strong></span> <span class='ocrx_word' id='word_1_767' title='bbox 2243 4895 2311 4948; x_wconf 90' lang='lat' dir='ltr'><strong>ab</strong></span> <span class='ocrx_word' id='word_1_768' title='bbox 2358 4891 2588 4962; x_wconf 83' lang='lat' dir='ltr'><strong>objectis</strong></span> <span class='ocrx_word' id='word_1_769' title='bbox 2637 4900 2922 4964; x_wconf 86' lang='lat' dir='ltr'><strong>purgatus,</strong></span> <span class='ocrx_word' id='word_1_770' title='bbox 2965 4890 3042 4945; x_wconf 90' lang='lat' dir='ltr'><strong>rei</strong></span> <span class='ocrx_word' id='word_1_771' title='bbox 3095 4891 3324 4961; x_wconf 75' lang='lat' dir='ltr'><strong>publicae</strong></span> <span class='ocrx_word' id='word_1_772' title='bbox 3369 4889 3719 4947; x_wconf 85' lang='lat' dir='ltr'><strong>consulturus</strong></span> 
     </span>
    </p>
   </div>
   <div class='ocr_carea' id='block_1_104' title="bbox 2123 4981 3716 5053">
    <p class='ocr_par' dir='ltr' id='par_1_104' title="bbox 2123 4981 3716 5053">
     <span class='ocr_line' id='line_1_104' title="bbox 2123 4981 3716 5053; baseline -0.003 -12"><span class='ocrx_word' id='word_1_773' title='bbox 2123 4985 2362 5041; x_wconf 91' lang='lat' dir='ltr'><strong>consedi.</strong></span> <span class='ocrx_word' id='word_1_774' title='bbox 2398 4983 2507 5039; x_wconf 84' lang='lat' dir='ltr'><strong>Nec</strong></span> <span class='ocrx_word' id='word_1_775' title='bbox 2533 4983 2680 5039; x_wconf 89' lang='lat' dir='ltr'><strong>sedet</strong></span> <span class='ocrx_word' id='word_1_776' title='bbox 2705 4983 2885 5037; x_wconf 90' lang='lat' dir='ltr'><strong>animo</strong></span> <span class='ocrx_word' id='word_1_777' title='bbox 2907 5025 2922 5050; x_wconf 93' lang='lat'><strong>,</strong></span> <span class='ocrx_word' id='word_1_778' title='bbox 2951 4991 3009 5036; x_wconf 88' lang='grc' dir='ltr'><strong>ιιι</strong></span> <span class='ocrx_word' id='word_1_779' title='bbox 3037 4982 3326 5053; x_wconf 90' lang='lat' dir='ltr'><strong>quicquam</strong></span> <span class='ocrx_word' id='word_1_780' title='bbox 3358 4981 3460 5036; x_wconf 90' lang='lat' dir='ltr'><strong>nisi</strong></span> <span class='ocrx_word' id='word_1_781' title='bbox 3483 4983 3550 5036; x_wconf 91' lang='lat' dir='ltr'><strong>ad</strong></span> <span class='ocrx_word' id='word_1_782' title='bbox 3587 4997 3716 5052; x_wconf 86' lang='lat' dir='ltr'><strong>pro-</strong></span> 
     </span>
    </p>
   </div>
   <div class='ocr_carea' id='block_1_105' title="bbox 2127 5074 3717 5146">
    <p class='ocr_par' dir='ltr' id='par_1_105' title="bbox 2127 5074 3717 5146">
     <span class='ocr_line' id='line_1_105' title="bbox 2127 5074 3717 5146; baseline -0.001 -14"><span class='ocrx_word' id='word_1_783' title='bbox 2127 5077 2328 5134; x_wconf 78' lang='lat' dir='ltr'><strong>fectum</strong></span> <span class='ocrx_word' id='word_1_784' title='bbox 2388 5077 2463 5132; x_wconf 93' lang='lat' dir='ltr'><strong>rei</strong></span> <span class='ocrx_word' id='word_1_785' title='bbox 2515 5076 2739 5146; x_wconf 64' lang='lat' dir='ltr'><strong>publica:</strong></span> <span class='ocrx_word' id='word_1_786' title='bbox 2797 5075 3031 5131; x_wconf 88' lang='lat' dir='ltr'><strong>edicam.</strong></span> <span class='ocrx_word' id='word_1_787' title='bbox 3083 5074 3380 5130; x_wconf 90' lang='lat' dir='ltr'><strong>Commune</strong></span> <span class='ocrx_word' id='word_1_788' title='bbox 3428 5075 3717 5131; x_wconf 90' lang='lat' dir='ltr'><strong>consilium</strong></span> 
     </span>
    </p>
   </div>
   <div class='ocr_carea' id='block_1_106' title="bbox 2127 5165 3718 5243">
    <p class='ocr_par' dir='ltr' id='par_1_106' title="bbox 2127 5165 3718 5243">
     <span class='ocr_line' id='line_1_106' title="bbox 2127 5165 3718 5243; baseline -0.001 -18"><span class='ocrx_word' id='word_1_789' title='bbox 2127 5186 2334 5243; x_wconf 66' lang='lat' dir='ltr'><strong>quaero,</strong></span> <span class='ocrx_word' id='word_1_790' title='bbox 2377 5169 2501 5240; x_wconf 88' lang='lat' dir='ltr'><strong>quia</strong></span> <span class='ocrx_word' id='word_1_791' title='bbox 2533 5169 2786 5224; x_wconf 89' lang='lat' dir='ltr'><strong>omnibus</strong></span> <span class='ocrx_word' id='word_1_792' title='bbox 2815 5169 3075 5241; x_wconf 85' lang='lat' dir='ltr'><strong>prodesse</strong></span> <span class='ocrx_word' id='word_1_793' title='bbox 3104 5169 3282 5238; x_wconf 90' lang='lat' dir='ltr'><strong>cupio.</strong></span> <span class='ocrx_word' id='word_1_794' title='bbox 3329 5165 3463 5222; x_wconf 87' lang='lat' dir='ltr'><strong>Cum</strong></span> <span class='ocrx_word' id='word_1_795' title='bbox 3501 5167 3718 5224; x_wconf 89' lang='lat' dir='ltr'><strong>videam</strong></span> 
     </span>
    </p>
   </div>
   <div class='ocr_carea' id='block_1_107' title="bbox 2126 5262 3722 5336">
    <p class='ocr_par' dir='ltr' id='par_1_107' title="bbox 2126 5262 3722 5336">
     <span class='ocr_line' id='line_1_107' title="bbox 2126 5262 3722 5336; baseline -0.003 -15"><span class='ocrx_word' id='word_1_796' title='bbox 2126 5282 2234 5322; x_wconf 91' lang='lat' dir='ltr'><strong>non</strong></span> <span class='ocrx_word' id='word_1_797' title='bbox 2267 5279 2456 5321; x_wconf 91' lang='lat' dir='ltr'><strong>omnes</strong></span> <span class='ocrx_word' id='word_1_798' title='bbox 2484 5265 2761 5336; x_wconf 88' lang='lat' dir='ltr'><strong>principes</strong></span> <span class='ocrx_word' id='word_1_799' title='bbox 2806 5262 3017 5329; x_wconf 88' lang='lat' dir='ltr'><strong>adesse,</strong></span> <span class='ocrx_word' id='word_1_800' title='bbox 3060 5278 3290 5334; x_wconf 90' lang='lat' dir='ltr'><strong>quorum</strong></span> <span class='ocrx_word' id='word_1_801' title='bbox 3319 5277 3535 5334; x_wconf 89' lang='lat' dir='ltr'><strong>quoque</strong></span> <span class='ocrx_word' id='word_1_802' title='bbox 3589 5278 3722 5334; x_wconf 65' lang='lat' dir='ltr'><strong>prua</strong></span> 
     </span>
    </p>
   </div>
   <div class='ocr_carea' id='block_1_108' title="bbox 2128 5355 3718 5430">
    <p class='ocr_par' dir='ltr' id='par_1_108' title="bbox 2128 5355 3718 5430">
     <span class='ocr_line' id='line_1_108' title="bbox 2128 5355 3718 5430; baseline -0.001 -16"><span class='ocrx_word' id='word_1_803' title='bbox 2128 5359 2311 5415; x_wconf 91' lang='lat' dir='ltr'><strong>dentia</strong></span> <span class='ocrx_word' id='word_1_804' title='bbox 2343 5369 2398 5414; x_wconf 89' lang='lat' dir='ltr'><strong>et</strong></span> <span class='ocrx_word' id='word_1_805' title='bbox 2421 5358 2698 5430; x_wconf 82' lang='lat' dir='ltr'><strong>diligentia</strong></span> <span class='ocrx_word' id='word_1_806' title='bbox 2750 5373 2837 5414; x_wconf 91' lang='lat' dir='ltr'><strong>res</strong></span> <span class='ocrx_word' id='word_1_807' title='bbox 2882 5357 3034 5429; x_wconf 85' lang='lat' dir='ltr'><strong>regni</strong></span> <span class='ocrx_word' id='word_1_808' title='bbox 3070 5356 3443 5412; x_wconf 87' lang='lat' dir='ltr'><strong>administrari</strong></span> <span class='ocrx_word' id='word_1_809' title='bbox 3475 5355 3718 5424; x_wconf 85' lang='lat' dir='ltr'><strong>valeant,</strong></span> 
     </span>
    </p>
   </div>
   <div class='ocr_carea' id='block_1_109' title="bbox 2133 5449 3719 5525">
    <p class='ocr_par' dir='ltr' id='par_1_109' title="bbox 2133 5449 3719 5525">
     <span class='ocr_line' id='line_1_109' title="bbox 2133 5449 3719 5525; baseline -0.001 -16"><span class='ocrx_word' id='word_1_810' title='bbox 2133 5455 2273 5510; x_wconf 87' lang='lat' dir='ltr'><strong>ratio</strong></span> <span class='ocrx_word' id='word_1_811' title='bbox 2299 5454 2559 5525; x_wconf 91' lang='lat' dir='ltr'><strong>querendi</strong></span> <span class='ocrx_word' id='word_1_812' title='bbox 2587 5453 2731 5524; x_wconf 86' lang='lat' dir='ltr'><strong>regis</strong></span> <span class='ocrx_word' id='word_1_813' title='bbox 2757 5463 2818 5508; x_wconf 89' lang='lat' dir='ltr'><strong>ut</strong></span> <span class='ocrx_word' id='word_1_814' title='bbox 2839 5453 2972 5509; x_wconf 90' lang='lat' dir='ltr'><strong>mihi</strong></span> <span class='ocrx_word' id='word_1_815' title='bbox 2996 5452 3210 5508; x_wconf 86' lang='lat' dir='ltr'><strong>videtur</strong></span> <span class='ocrx_word' id='word_1_816' title='bbox 3238 5453 3305 5509; x_wconf 90' lang='lat' dir='ltr'><strong>ad</strong></span> <span class='ocrx_word' id='word_1_817' title='bbox 3329 5461 3541 5524; x_wconf 88' lang='lat' dir='ltr'><strong>tempus</strong></span> <span class='ocrx_word' id='word_1_818' title='bbox 3567 5449 3719 5508; x_wconf 82' lang='lat' dir='ltr'><strong>dill’e-</strong></span> 
     </span>
    </p>
   </div>
   <div class='ocr_carea' id='block_1_110' title="bbox 1725 5616 2408 5676">
    <p class='ocr_par' dir='ltr' id='par_1_110' title="bbox 1725 5616 2408 5676">
     <span class='ocr_line' id='line_1_110' title="bbox 1725 5616 2408 5676; baseline 0.003 -4"><span class='ocrx_word' id='word_1_819' title='bbox 1725 5616 1958 5674; x_wconf 69' lang='lat' dir='ltr'><strong>VARL’E</strong></span> <span class='ocrx_word' id='word_1_820' title='bbox 1996 5617 2408 5676; x_wconf 82' lang='lat' dir='ltr'><strong>LECTIONES.</strong></span> 
     </span>
    </p>
   </div>
   <div class='ocr_carea' id='block_1_111' title="bbox 418 5748 3719 5847">
    <p class='ocr_par' dir='ltr' id='par_1_111' title="bbox 418 5748 3719 5847">
     <span class='ocr_line' id='line_1_111' title="bbox 418 5748 3719 5847; baseline 0.003 -37"><span class='ocrx_word' id='word_1_821' title='bbox 418 5748 1012 5847; x_wconf 46' lang='lat' dir='ltr'><strong>&#39;_“:”_dv._set_nper_qtte</strong></span> <span class='ocrx_word' id='word_1_822' title='bbox 1037 5755 1162 5847; x_wconf 81' lang='lat' dir='ltr'><strong>dum</strong></span> <span class='ocrx_word' id='word_1_823' title='bbox 1183 5757 1382 5847; x_wconf 58' lang='lat' dir='ltr'><strong>invita</strong></span> <span class='ocrx_word' id='word_1_824' title='bbox 1413 5758 1580 5847; x_wconf 29' lang='lat' dir='ltr'><strong>fuero-</strong></span> <span class='ocrx_word' id='word_1_825' title='bbox 1595 5761 1936 5847; x_wconf 63' lang='lat' dir='ltr'><strong>potissimum</strong></span> <span class='ocrx_word' id='word_1_826' title='bbox 1967 5763 2442 5847; x_wconf 25' lang='lat' dir='ltr'><strong>vigebitldeleta;</strong></span> <span class='ocrx_word' id='word_1_827' title='bbox 2469 5763 2623 5847; x_wconf 50' lang='grc' dir='ltr'><strong>ξδ’-(ξ.</strong></span> <span class='ocrx_word' id='word_1_828' title='bbox 2660 5762 2773 5847; x_wconf 80' lang='lat' dir='ltr'><strong>fore</strong></span> <span class='ocrx_word' id='word_1_829' title='bbox 2801 5762 3045 5847; x_wconf 53' lang='lat' dir='ltr'><strong>deletum.</strong></span> <span class='ocrx_word' id='word_1_830' title='bbox 3124 5763 3193 5795; x_wconf 77' lang='grc'><strong>⁸⁸⁸</strong></span> <span class='ocrx_word' id='word_1_831' title='bbox 3218 5779 3268 5818; x_wconf 92' lang='lat' dir='ltr'><strong>v.</strong></span> <span class='ocrx_word' id='word_1_832' title='bbox 3310 5761 3543 5847; x_wconf 60' lang='lat' dir='ltr'><strong>Equum</strong></span> <span class='ocrx_word' id='word_1_833' title='bbox 3562 5775 3719 5820; x_wconf 64' lang='lat' dir='ltr'><strong>nemo</strong></span> 
     </span>
    </p>
   </div>
   <div class='ocr_carea' id='block_1_112' title="bbox 419 5829 3717 5910">
    <p class='ocr_par' dir='ltr' id='par_1_112' title="bbox 419 5829 3717 5910">
     <span class='ocr_line' id='line_1_112' title="bbox 419 5829 3717 5910; baseline 0.004 -32"><span class='ocrx_word' id='word_1_834' title='bbox 419 5829 544 5910; x_wconf 34' lang='lat' dir='ltr'><strong>aque</strong></span> <span class='ocrx_word' id='word_1_835' title='bbox 567 5830 631 5880; x_wconf 88' lang='lat' dir='ltr'><strong>ut</strong></span> <span class='ocrx_word' id='word_1_836' title='bbox 653 5838 852 5900; x_wconf 86' lang='lat' dir='ltr'><strong>pravus</strong></span> <span class='ocrx_word' id='word_1_837' title='bbox 873 5829 1019 5900; x_wconf 85' lang='lat' dir='ltr'><strong>justo</strong></span> <span class='ocrx_word' id='word_1_838' title='bbox 1043 5829 1302 5902; x_wconf 83' lang='lat' dir='ltr'><strong>supplitio</strong></span> <span class='ocrx_word' id='word_1_839' title='bbox 1330 5829 1674 5907; x_wconf 81' lang='lat' dir='ltr'><strong>dampnetur,</strong></span> <span class='ocrx_word' id='word_1_840' title='bbox 1703 5835 1830 5893; x_wconf 89' lang='lat' dir='ltr'><strong>utile</strong></span> <span class='ocrx_word' id='word_1_841' title='bbox 1859 5850 1988 5893; x_wconf 90' lang='lat' dir='ltr'><strong>vero</strong></span> <span class='ocrx_word' id='word_1_842' title='bbox 2017 5829 2076 5894; x_wconf 72' lang='lat' dir='ltr'><strong>ut</strong></span> <span class='ocrx_word' id='word_1_843' title='bbox 2105 5835 2294 5894; x_wconf 83' lang='lat' dir='ltr'><strong>deleta.</strong></span> <span class='ocrx_word' id='word_1_844' title='bbox 2371 5836 2442 5868; x_wconf 72' lang='grc' dir='ltr'><strong>η’</strong></span> <span class='ocrx_word' id='word_1_845' title='bbox 2469 5835 2529 5891; x_wconf 92' lang='lat' dir='ltr'><strong>D.</strong></span> <span class='ocrx_word' id='word_1_846' title='bbox 2555 5835 2624 5890; x_wconf 86' lang='lat' dir='ltr'><strong>M.</strong></span> <span class='ocrx_word' id='word_1_847' title='bbox 2656 5836 2838 5891; x_wconf 71' lang='lat' dir='ltr'><strong>codex.</strong></span> <span class='ocrx_word' id='word_1_848' title='bbox 2916 5835 2986 5869; x_wconf 78' lang='lat'><strong>“°</strong></span> <span class='ocrx_word' id='word_1_849' title='bbox 3011 5845 3240 5909; x_wconf 87' lang='lat' dir='ltr'><strong>purgato</strong></span> <span class='ocrx_word' id='word_1_850' title='bbox 3277 5851 3330 5892; x_wconf 90' lang='lat' dir='ltr'><strong>e.</strong></span> <span class='ocrx_word' id='word_1_851' title='bbox 3360 5829 3606 5892; x_wconf 74' lang='lat' dir='ltr'><strong>deletum.</strong></span> <span class='ocrx_word' id='word_1_852' title='bbox 3710 5844 3717 5850; x_wconf 84' lang='lat'><em>‘</em></span> 
     </span>
    </p>
   </div>
  </div>
