4026 6312
239 373 348 432 129

1170 365 1648 428 HISTORIARUM
1679 362 1853 423 LIBRI
1880 363 2233 435 QUATUOR.
2270 364 2490 422 ~LIB.
2518 365 2613 423 ιν.

3404 366 3512 427 I30

238 488 414 543 renda
441 491 545 550 est,
571 490 630 538 ut
651 489 854 540 statuto
876 489 1113 555 tempore
1142 493 1197 539 et
1215 499 1404 540 omnes
1426 485 1479 538 in
1505 497 1668 537 unum
1697 496 1826 537 con-
1852 461 1904 522 Α
2000 480 2087 534 ll.
2131 477 2315 534 Oratio
2335 479 2406 523 ιδ’
2437 476 2820 549 metropolitani
2852 476 2921 519 ³⁸⁸
2943 495 3035 550 pro
3060 477 3212 535 duce.
3243 511 3310 521 —
3339 479 3512 538 Κπο-

237 577 434 642 ﬂuant,
459 586 515 632 et
543 575 969 645 uniuscujusque
1003 576 1142 632 ratio
1164 575 1378 632 climata
1407 584 1462 630 et
1494 576 1545 630 in
1592 574 1826 630 medium

237 667 477 740 prolata,
520 683 672 721 suam
725 668 1009 721 utilitatem
1038 667 1426 722 accommodet.
1469 665 1622 721 Unde
1655 673 1711 720 et
1735 680 1830 718 vo-

237 761 326 815 bis
365 760 458 830 qui
491 761 577 815 hie
612 759 912 815 consulturi
943 759 1148 814 adestis
1201 759 1432 829 placeat,
1476 772 1572 811 vos
1618 769 1828 810 mecum

238 867 444 922 magno
475 851 593 905 duci
622 860 967 904 sacramento
991 849 1224 920 alligari,
1251 858 1306 904 et
1332 863 1516 903 coram
1564 846 1833 917 spondere

237 943 307 999 de
343 943 592 1014 principe
621 943 908 997 statuendo
930 958 1024 996 vos
1047 941 1181 996 nihil
1205 941 1534 1010 quesituros,
1559 938 1690 994 nihil
1720 952 1834 992 mo-

235 1035 461 1103 lituros,
488 1036 661 1091 donec
692 1037 744 1090 in
774 1052 938 1089 unum
979 1035 1283 1099 redeamus,
1315 1045 1370 1088 et
1396 1033 1476 1088 sic
1497 1033 1562 1088 de
1590 1031 1834 1086 habendo

234 1131 492 1202 principe
523 1130 803 1200 agitemus.
835 1128 1132 1182 Plurimum
1165 1128 1312 1183 enim
1342 1126 1508 1192 valet,
1563 1124 1833 1180 delibera-

239 1222 382 1277 tioni
411 1220 530 1275 dari
563 1222 794 1291 spatium
829 1220 1087 1290 temporis
1140 1236 1156 1285 ;
1192 1219 1244 1273 iu
1290 1235 1398 1289 quo
1437 1230 1837 1287 quamcumque

238 1327 362 1368 rem
391 1313 623 1382 quisque
669 1311 941 1375 discutiat,
965 1321 1022 1366 et
1049 1311 1349 1366 discussam
1391 1310 1559 1364 multa
1613 1309 1839 1379 diligen-

241 1405 320 1458 tia
377 1404 564 1474 poliat.
609 1423 627 1456 ι
683 1403 812 1458 Haze
865 1404 1135 1458 sententia
1170 1403 1239 1458 ab
1283 1403 1533 1459 omnibus
1588 1409 1839 1470 suscepta

236 1498 521 1555 laudatur.
550 1497 904 1554 Sacramento
931 1499 1112 1568 itaque
1152 1497 1276 1553 duci
1319 1497 1624 1566 alligantur.
1676 1493 1840 1550 'fem-

239 1605 348 1661 pus
379 1589 639 1645 redeundi
675 1598 730 1645 et
759 1589 1116 1646 conveniendi
1169 1589 1537 1646 constituitur.
1571 1587 1660 1642 Sic
1707 1601 1842 1656 quo-

240 1695 354 1752 que
376 1696 406 1735 a
430 1696 491 1736 se
513 1679 674 1735 soluti
702 1689 846 1736 sunt.
1833 1737 1841 1747 ι

312 1771 370 1828 9.
398 1770 716 1842 Conquestio
766 1769 954 1824 Karoli
989 1770 1128 1840 apud
1175 1769 1632 1840 metropolitanum
1657 1766 1721 1820 de
1757 1782 1840 1820 re-

1928 569 2014 626 lus
2039 585 2133 642 spe
2164 571 2314 641 regni
2355 570 2630 635 decidens,
2671 569 2851 625 animo
2880 570 3118 636 turbato,
3159 571 3212 626 in
3242 571 3513 640 Belgicam

1929 666 2033 721 iter
2057 666 2300 722 dimovit.
2327 666 2577 722 Preterea
2605 675 2847 737 tempore
2871 669 3188 732 constituto.
3215 667 3513 723 Galliarum

1928 760 2411 832 priueipesjurati.
2450 759 2739 816 Silvanecti
2764 761 2975 816 collecti
3018 770 3164 816 sunt.
3215 759 3424 828 Quibus
3457 759 3513 814 in

1931 852 2080 907 curia
2133 852 2514 917 residentibus,
2563 853 2699 908 duce
2736 863 3009 908 annuente
3062 852 3513 923 metropolitanns

1933 943 2013 998 sic
2053 943 2263 998 locutus
2292 951 2410 997 est:
2452 961 2471 995 ι
2510 942 2654 998 Diva:
2675 944 2952 999 memoria:
2979 943 3049 976 ⁸⁵³
3089 942 3363 999 Ludovico
3402 941 3520 996 sine

1935 1034 2120 1090 liberis
2156 1033 2272 1089 orbi
2313 1033 2384 1076 ἰδ
2410 1035 2708 1098 subtracto,
2741 1035 3072 1104 querendum
3103 1033 3270 1089 multa
3317 1032 3523 1089 delibe-

1937 1126 2145 1181 ratione
2171 1123 2294 1191 fuit,
2330 1124 2422 1195 qui
2471 1123 2589 1194 ejus
2622 1125 2771 1181 vices
2799 1125 2851 1180 in
2900 1141 3066 1197 regno
3120 1125 3412 1197 suppleret,
3453 1137 3525 1178 ne

1940 1237 2028 1277 res
2079 1219 2288 1292 publica
2320 1221 2526 1289 absque
2555 1219 2916 1290 gubernatore
2957 1218 3200 1291 neglecta
3228 1215 3525 1273 labefacta-

1938 1323 2111 1368 retur.
2152 1312 2306 1368 Unde
2342 1320 2397 1366 et
2440 1309 2744 1380 hujusmodi
2789 1311 3062 1382 negotium
3120 1323 3288 1380 nuper
3332 1307 3523 1364 diferri

1939 1404 2072 1459 utile
2124 1403 2399 1469 duximus,
2455 1411 2514 1456 ut
2551 1404 2923 1474 unusquisque
2970 1404 3113 1473 quod
3156 1401 3447 1473 singularis
3489 1414 3524 1454 a

1941 1495 2051 1551 Deo
2079 1503 2262 1550 datum
2285 1495 2534 1559 haberet,
2565 1495 2653 1549 hic
2679 1510 2863 1549 coram
2891 1494 3182 1551 consulens
3211 1504 3332 1564 post
3352 1490 3525 1548 edun-

1943 1585 2127 1652 deret;
2181 1598 2238 1640 ut
2282 1585 2524 1640 collectis
2570 1586 2904 1658 singulorum
2960 1586 3267 1648 sententiis,
3313 1597 3527 1640 summa

1946 1679 2110 1734 totius
2154 1678 2368 1734 consilii
2395 1693 2460 1732 ex
2495 1678 2868 1754 multitudinis
2907 1694 3084 1734 massa
3113 1678 3526 1734 deformaretur.

1945 1769 2205 1826 Reductis
2239 1786 2370 1842 ergo
2406 1769 2520 1839 jam
2551 1787 2697 1826 nunc
2722 1771 2877 1826 nobis
2904 1771 2955 1826 in
2983 1787 3173 1837 unum,
3206 1770 3382 1826 multa
3403 1785 3532 1841 pru-

239 1878 367 1934 gno.
391 1824 695 1916 —lnterea
745 1861 974 1916 Karolus
1026 1861 1119 1930 qui
1169 1861 1345 1915 fuerat
1370 1859 1616 1914 Lotharii
1649 1858 1836 1924 frater,
1870 1824 1918 1886 Β
1946 1862 2148 1928 dentia,
2181 1824 2349 1917 multos
2380 1865 2504 1927 tide,
2537 1864 2826 1918 videndum
2858 1875 2963 1920 est.
2997 1881 3065 1919 ne
3104 1872 3198 1918 aut
3225 1864 3409 1919 odium
3445 1878 3534 1916 ra-

247 1954 509 2013 Ludovici
538 1967 784 2025 patruus,
817 1955 1004 2009 Remis
1047 1953 1517 2024 metroliolitanum
1575 1951 1724 2013 adiit,
1759 1959 1841 2004 at-

244 2061 349 2118 que
379 2047 466 2102 sic
495 2046 562 2101 de
591 2061 758 2116 regno
792 2061 915 2100 eum
946 2045 1240 2099 convenit:
1275 2064 1292 2095 ι
1337 2044 1602 2100 Omnibus
1653 2049 1840 2096 notum

247 2150 352 2207 est,
369 2149 531 2212 pater
545 2139 869 2204 venerande,
887 2137 1010 2206 jure
1037 2137 1366 2192 hereditario
1395 2137 1592 2191 debere
1615 2133 1768 2188 fratri
1789 2138 1846 2188 et

258 2232 441 2304 nepoti
471 2246 559 2286 me
583 2230 893 2287 succedere.
931 2228 1082 2284 Licet
1113 2229 1256 2284 enim
1299 2244 1330 2281 a
1370 2227 1538 2281 fratre
1566 2225 1631 2280 de
1679 2238 1844 2294 regno

243 2321 433 2396 pulsus
455 2321 586 2388 sim,
611 2331 793 2376 tamen
823 2329 1014 2374 natura
1042 2319 1174 2374 nihil
1206 2319 1578 2386 humanitatis
1598 2317 1729 2370 mihi
1753 2317 1844 2371 dc-

243 2415 492 2488 rogavit;
545 2430 667 2471 cum
721 2414 976 2470 omnibus
1020 2412 1282 2469 membris
1334 2423 1492 2467 natus
1541 2427 1677 2474 sum,
1727 2411 1846 2466 sine

243 2510 444 2580 quibus
493 2509 672 2580 quivis
707 2509 777 2564 ad
821 2508 1140 2580 dignitatem
1193 2506 1491 2578 quamlibet
1541 2503 1844 2576 promoveri

244 2615 349 2657 non
401 2601 601 2671 potuit.
651 2599 749 2655 His
797 2600 960 2654 etiam
1015 2616 1122 2655 non
1179 2615 1358 2662 careo,
1404 2613 1523 2669 quze
1563 2598 1616 2650 in
1651 2611 1844 2668 regna-

245 2693 381 2749 turis
436 2692 787 2764 quibuslibet,
831 2693 1128 2764 plurimum
1183 2694 1333 2762 queri
1388 2691 1582 2758 solent,
1628 2704 1844 2761 genere,

247 2793 297 2840 et
336 2793 401 2840 ut
439 2786 670 2840 audeam
717 2786 936 2841 virtute.
991 2785 1100 2841 Cur
1130 2801 1259 2857 ergo
1306 2802 1334 2839 a
1396 2783 1592 2840 finibus
1645 2782 1848 2853 ejectus

251 2890 402 2946 sum,
434 2892 573 2948 quos
603 2892 634 2931 a
664 2878 962 2948 majoribus
1018 2877 1152 2932 meis
1199 2892 1478 2948 possessos
1505 2892 1660 2931 nemo
1699 2876 1850 2930 dubi-

255 2975 357 3035 tat,
403 2983 528 3022 cum
575 2967 742 3022 frater
793 2985 899 3023 non
930 2968 1023 3033 sit,
1051 2984 1324 3039 neposque
1352 2967 1566 3033 obierit,
1610 2967 1848 3038 prolem-

251 3073 360 3131 que
419 3057 622 3113 nullam
685 3059 1035 3130 reliquerint?
1093 3060 1253 3116 Pater
1304 3077 1400 3117 nos
1465 3062 1599 3118 duos
1653 3061 1851 3116 fratres

1947 1954 2146 2008 tionem
2192 1953 2432 2022 dissipet,
2472 1964 2563 2006 aut
2608 1969 2760 2008 amor
2802 1955 3086 2010 veritatem
3131 1963 3376 2009 enervet.
3412 1951 3531 2007 Non

1947 2047 2257 2117 ignoramus
2288 2045 2540 2099 Karolum
2585 2046 2824 2102 fautores
2851 2062 2978 2102 suos
3022 2047 3243 2112 habere,
3283 2044 3378 2116 qui
3406 2059 3532 2100 eum

1947 2139 2164 2210 dignum
2197 2155 2362 2209 regno
2406 2155 2473 2194 ex
2523 2151 2805 2209 parentum
2847 2140 3134 2196 collatione
3183 2138 3534 2194 contendant.

1949 2230 2055 2287 Sed
2084 2232 2130 2286 si
2155 2233 2220 2286 de
2245 2235 2345 2287 hoc
2385 2233 2582 2304 agitur,
2603 2236 2713 2288 nec
2766 2249 2991 2305 regnum
3038 2233 3162 2302 jure
3207 2231 3535 2308 hereditario

1949 2323 2270 2393 adquiritur,
2323 2341 2423 2380 nec
2473 2327 2527 2378 in
2563 2340 2787 2396 regnum
2837 2326 3234 2397 prouuivendus
3281 2333 3388 2390 est,
3425 2322 3530 2380 nisi

1948 2432 2108 2487 quem
2136 2432 2240 2473 non
2271 2416 2442 2472 solum
2465 2419 2711 2489 corporis
2742 2419 3015 2484 nobilitas,
3039 2418 3130 2474 sed
3164 2426 3218 2474 et
3250 2416 3415 2473 animi
3441 2432 3536 2472 sa-

1948 2509 2152 2580 pientia
2183 2509 2416 2565 illustrat
2459 2510 2593 2566 fides
2631 2513 2828 2577 munit,
2883 2511 3302 2582 magnanimitas
3331 2510 3532 2566 firmat.

1950 2601 2203 2672 Legimus
2229 2601 2280 2655 in
2315 2602 2600 2659 annalibus
2623 2603 2914 2659 clarissimi
2944 2605 3158 2675 generis
3197 2603 3538 2673 imperatori-

1949 2695 2050 2749 bus
2101 2693 2311 2762 ignavia
2367 2699 2434 2750 ab
2481 2694 2743 2763 dignitate
2783 2696 3152 2767 pmcipitatis,
3194 2694 3330 2750 alios
3376 2692 3539 2749 modo

1951 2799 2133 2854 pares,
2162 2788 2322 2840 modo
2350 2786 2586 2851 impares
2623 2788 2968 2841 successisse.
3007 2787 3111 2841 Sed
3141 2786 3268 2856 quid
3315 2784 3537 2856 dignum

1953 2874 2152 2930 Karolo
2183 2874 2418 2930 conferri
2449 2885 2648 2946 p0test,
2672 2891 2831 2945 quem
2866 2877 2998 2931 fides
3022 2893 3128 2931 non
3164 2876 3317 2948 regit,
3354 2885 3540 2947 torpor

1951 2975 2192 3034 enervat,
2220 2976 2495 3036 postremo
2521 2968 2610 3038 qui
2645 2977 2794 3022 tanta
2817 2969 3008 3039 capitis
3033 2968 3416 3023 imnunutione
3443 2967 3538 3022 he-

1952 3063 2088 3128 bnit,
2118 3073 2175 3118 ut
2205 3074 2433 3118 externo
2459 3063 2572 3134 regi
2599 3063 2803 3118 servire
2835 3079 2940 3118 non
2978 3062 3270 3128 horruerit,
3313 3071 3368 3118 et
3404 3076 3539 3117 uxo-

252 3151 576 3222 superstites
634 3150 869 3222 reliquit.
943 3152 1132 3208 Frater
1194 3168 1482 3225 rcgnormn
1549 3155 1846 3210 dominium
1874 3191 1922 3257 ο
1957 3171 2070 3211 rem
2103 3155 2170 3212 de
2200 3156 2420 3211 militari
2450 3156 2639 3212 ordine
2664 3155 2767 3211 sibi
2807 3157 3066 3226 imparem
3099 3154 3354 3210 duxerit?
3389 3153 3540 3224 Quo-

254 3249 430 3298 totnm
484 3243 746 3313 possedit,
788 3243 1030 3314 nihilque
1086 3245 1214 3299 mihi
1242 3246 1532 3301 concessit.
1571 3246 1680 3317 Ego
1739 3245 1848 3300 fra-

258 3333 330 3388 tri
380 3331 653 3398 subditus,
695 3334 930 3389 fideliter
979 3352 1085 3390 non
1137 3335 1317 3391 minus
1361 3336 1481 3391 aliis
1533 3337 1772 3391 militavi.
1802 3338 1847 3392 A

256 3441 367 3498 quo
397 3436 645 3499 tempore
674 3427 868 3494 fateor,
897 3429 1031 3484 nihil
1061 3431 1189 3485 mihi
1243 3431 1424 3486 carius
1471 3430 1640 3486 fuisse
1673 3431 1849 3486 salute

256 3516 462 3573 fratris.
497 3517 756 3588 Abjectus
783 3536 912 3593 ergo
933 3531 987 3577 et
1029 3521 1214 3577 infelix
1244 3539 1350 3592 quo
1408 3539 1493 3578 me
1523 3524 1701 3594 potius
1733 3541 1850 3579 ver-

259 3617 390 3676 tam,
417 3624 544 3667 cum
574 3613 735 3668 etiam
766 3616 946 3670 omnia
992 3616 1208 3685 generis
1235 3617 1338 3672 mei
1394 3617 1648 3688 praesidia
1675 3618 1849 3674 extin-

260 3711 344 3758 cta
379 3704 527 3759 sint?
566 3707 710 3772 Quos
738 3719 932 3776 praeter
957 3723 1051 3764 vos
1098 3709 1337 3763 omnium
1371 3710 1719 3765 honestarum
1765 3724 1852 3764 rc-

261 3811 377 3852 rum
405 3813 574 3870 egens
601 3800 862 3870 appellem
886 3801 908 3854 ?
934 3800 1041 3856 Pcr
1067 3818 1205 3872 quos
1237 3803 1337 3858 nisi
1363 3819 1458 3872 per
1488 3819 1583 3858 vos
1609 3802 1849 3874 paternis

262 3885 564 3944 honoribus
601 3892 892 3946 restituar?
925 3892 1139 3948 Utinam
1177 3895 1306 3949 mihi
1337 3894 1675 3966 fortunisque
1716 3895 1850 3950 meis

265 3975 526 4035 honestus
550 3981 730 4037 exitus
761 3983 1064 4039 accidisset.
1099 3984 1236 4051 Quid
1281 3988 1425 4041 enim
1467 3987 1708 4055 ahjcctus
1737 4001 1850 4056 spe.

265 4071 536 4126 ctantibus
566 4072 668 4126 nisi
695 4074 1061 4144 spectaculum
1093 4091 1212 4132 esse
1254 4079 1481 4147 potero?
1512 4077 1721 4150 Tangat
1754 4095 1850 4134 vos

265 4161 441 4235 aliqua
470 4164 828 4222 humanitatis
852 4165 1145 4223 miseratio.
1172 4168 1557 4241 Compatimini
1579 4171 1742 4226 tantis
1771 4173 1852 4226 in-

262 4253 417 4329 juriis
441 4258 687 4331 fatigato.
723 4279 742 4314 ι

334 4351 419 4407 10.
464 4351 758 4423 Postquam
797 4352 1027 4410 Karolus
1073 4354 1232 4411 finem
1289 4356 1642 4428 querimoniae
1698 4357 1848 4425 fecit,

263 4443 714 4516 metropolitanus
735 4446 919 4502 animo
944 4447 1207 4503 immobili
1233 4449 1300 4490 δι’
1333 4451 1651 4520 persistens,
1679 4466 1852 4521 pauca

1941 3249 2114 3305 modo
2141 3263 2271 3320 ergo
2301 3264 2530 3319 magnus
2557 3247 2666 3302 dux
2716 3247 2949 3317 patietur
2995 3248 3062 3302 de
3109 3248 3222 3302 suis
3272 3245 3536 3302 militibus

1953 3339 2211 3396 feminam
2244 3352 2511 3410 sumptam
2537 3339 2780 3410 reginam
2807 3338 2944 3404 fieri,
2976 3334 3189 3407 sibique
3229 3335 3540 3398 dominari?

1951 3433 2234 3500 Quomodo
2263 3433 2428 3503 capiti
2458 3448 2560 3506 suo
2581 3433 2873 3502 praeponet,
2905 3431 3059 3498 cujus
3085 3443 3241 3501 pares
3278 3436 3335 3484 et
3374 3427 3540 3484 etiam

1952 3528 2188 3597 majores
2210 3528 2310 3583 sibi
2343 3543 2516 3599 genua
2538 3526 2781 3590 ﬂectunt,
2814 3525 3146 3596 pedibusque
3181 3537 3377 3578 manus
3416 3535 3542 3592 sup-

1951 3619 2199 3691 ponunt?
2225 3619 2576 3674 Considerate
2605 3634 2717 3673 rem
2747 3617 3052 3688 diligenter,
3078 3624 3132 3672 et
3157 3613 3411 3674 Karolum
3439 3627 3538 3670 sua

1953 3713 2124 3782 magis
2151 3711 2303 3781 culpa
2336 3711 2726 3782 praecipitatum
2772 3724 2932 3779 quam
2976 3707 3150 3762 aliena
3199 3707 3400 3761 videte.
3440 3700 3541 3758 Rei

1951 3803 2177 3874 publica:
2207 3803 2591 3856 beatitudinem
2622 3802 2791 3872 magis
2829 3816 2992 3872 quam
3033 3799 3398 3855 calamitatem
3446 3812 3544 3868 op-

1956 3906 2080 3951 tate.
2119 3895 2173 3950 Si
2198 3911 2316 3949 eam
2346 3893 2625 3948 infelicem
2662 3893 2774 3946 fieri
2806 3893 2987 3953 vultis,
3034 3893 3288 3946 Kal-olunt
3324 3905 3542 3960 promo-

1952 4001 2096 4046 vete.
2135 3989 2192 4044 Si
2243 3987 2595 4051 fortunatam,
2626 3986 2901 4056 egregium
2952 3985 3142 4040 ducem
3173 3983 3452 4054 Hugonem
3486 3982 3542 4036 in

1955 4097 2178 4152 regnum
2209 4088 2490 4134 coronate.
2543 4076 2621 4131 Ne
2661 4091 2790 4146 ergo
2841 4075 3024 4129 Κποιί
3073 4089 3226 4128 amor
3273 4086 3542 4144 quemque

1956 4175 2167 4241 illiciat,
2207 4190 2302 4228 nec
2328 4172 2509 4227 odium
2532 4171 2687 4226 ducis
2711 4169 2779 4224 ab
2806 4169 3039 4224 utilitate
3054 4169 3325 4224 communi
3355 4182 3543 4238 quem-

1954 4265 2085 4321 libet
2116 4273 2382 4320 anwveat.
2408 4262 2540 4316 Nam
2582 4263 2626 4317 si
2668 4263 2867 4316 bonum
2892 4261 3234 4332 vituperetis,
3272 4260 3542 4330 quomodo

1954 4359 2155 4415 malum
2205 4357 2525 4413 laudabilis?
2586 4355 2643 4411 Si
2704 4356 2906 4410 malum
2960 4355 3210 4419 laudetis,
3267 4354 3541 4426 quomodo

1956 4453 2154 4508 bonum
2181 4449 2576 4519 contempnetis
2597 4449 2619 4501 ?
2642 4448 2748 4503 Sed
2780 4447 2975 4502 talibus
3001 4446 3131 4517 quid
3164 4445 3544 4500 interminatur

264 4535 555 4591 admodum
583 4537 632 4592 ei
659 4541 938 4609 respondit
969 4557 981 4594 :
1021 4559 1038 4592 ι
1067 4540 1225 4608 Cum,
1257 4542 1528 4612 inquiens,
1555 4545 1854 4614 pcrjuriset
1882 4567 1931 4629 ο
1961 4546 2070 4615 ipsa
2104 4543 2401 4598 Diviuitas?
2437 4539 2544 4605 Vw,
2571 4540 2761 4610 inquit.
2783 4539 2870 4608 qui
2893 4539 3068 4593 dicitis
3095 4536 3292 4592 malum
3327 4536 3540 4603 bonum,

263 4629 567 4702 sacrilegis,
597 4630 821 4702 aliisque
862 4631 1084 4689 nefariis
1124 4635 1433 4690 hominibus
1475 4636 1590 4704 ipsc
1639 4651 1851 4705 semper

263 4719 475 4776 deditus
501 4719 692 4788 fueris,
713 4738 813 4778 nec
841 4722 909 4777 ab
939 4723 1017 4778 eis
1039 4725 1218 4779 adhuc
1243 4727 1522 4782 discedere
1546 4727 1694 4793 velis,
1719 4744 1850 4798 quo-

261 4815 423 4868 modo
446 4830 544 4886 per
575 4815 707 4871 tales
733 4825 787 4871 et
814 4813 1241 4874 cumtalibus'ad
1274 4821 1634 4892 principatum
1666 4822 1852 4878 venire

264 4907 506 4963 moliris?
540 4928 558 4962 ι
581 4909 661 4964 Ad
694 4910 808 4965 haec
832 4909 1029 4966 Karolo
1055 4911 1442 4983 respondente,
1459 4930 1566 4969 non
1598 4926 1852 4984 oportere

262 5013 384 5055 sese
414 5015 544 5055 suos
570 5001 841 5068 deserere,
878 5003 970 5057 sed
1005 5004 1182 5072 potius
1223 5005 1357 5061 alios
1387 5006 1693 5076 adquirere,
1735 5007 1851 5077 epi-

262 5104 458 5163 scopus
471 5093 616 5148 intra
631 5109 689 5150 se
705 5094 1039 5166 recogitabat
1063 5114 1078 5150 :
1100 5115 1120 5148 ‹
1140 5096 1298 5164 Cum,
1315 5098 1586 5168 inquiens,
1609 5099 1852 5155 omnium

265 5187 593 5260 dignitatum
637 5207 777 5247 nunc
809 5207 991 5262 egens,
1036 5193 1218 5264 pravis
1264 5194 1566 5266 quibusque
1609 5211 1854 5253 annexus

268 5289 349 5335 est
394 5297 626 5353 quorum
679 5284 933 5340 sotietate
982 5285 1130 5342 nullo
1171 5287 1335 5343 modo
1387 5303 1574 5344 carere
1612 5287 1748 5355 vult,
1799 5289 1854 5344 in

271 5385 530 5443 quantam
565 5377 853 5448 pernitiem
880 5377 1145 5434 bonorum
1192 5389 1358 5447 esset,
1401 5380 1446 5434 si
1493 5380 1699 5437 electus
1730 5395 1854 5452 pro-

272 5466 484 5524 cederet
539 5468 593 5524 in
641 5468 806 5527 faces.
849 5490 868 5524 ι
923 5471 1162 5528 Tandem
1203 5472 1322 5528 sine
1371 5474 1676 5544 principum
1723 5489 1853 5530 con-

274 5572 432 5615 sensu
458 5575 518 5616 se
540 5577 703 5633 super
721 5562 824 5618 hoc
850 5561 986 5618 nihil
1018 5562 1284 5618 facturum
1312 5565 1665 5635 respondens,
1697 5565 1765 5621 ab
1789 5581 1855 5624 eo

247 5649 507 5712 .dimoms
538 5661 638 5710 est.

347 5863 415 5902 ’δ’
443 5867 715 5928 obstinato
734 5886 894 5949 supra
917 5871 1086 5943 patilo
1111 5871 1197 5928 vel
1229 5873 1487 5930 immobili
1521 5895 1560 5928 τε
1585 5879 1616 5927 (1

1957 4641 2148 4692 bonum
2179 4635 2396 4699 nmium,
2425 4646 2670 4705 ponentes
2705 4634 2870 4689 lucem
2919 4630 3176 4702 tenebras,
3219 4642 3267 4688 et
3306 4632 3542 4688 tenebras

1957 4728 2126 4783 lucent
2167 4727 2324 4798 (lsai.
2354 4742 2406 4794 v,
2440 4725 2555 4797 20).
2587 4725 2909 4782 Promovete
2958 4727 3122 4795 igitur
3146 4724 3300 4781 vobis
3325 4725 3540 4790 ducem,

1959 4832 2102 4888 actu,
2133 4821 2436 4886 nobilitate,
2459 4821 2630 4892 copiis
2653 4820 3209 4892 clarissimum,quem
3239 4835 3343 4876 non
3368 4819 3542 4877 solum

1959 4915 2036 4970 rei
2065 4913 2313 4986 publicai,
2343 4914 2436 4969 sed
2461 4924 2516 4968 et
2542 4914 2872 4984 privatarum
2902 4929 3084 4968 rerum
3130 4921 3362 4970 tutorem
3393 4911 3547 4968 inve-

1958 5007 2138 5062 nietis.
2167 5006 2286 5076 Ipsa
2313 5005 2431 5074 ejus
2457 4999 2813 5061 benivOlentia
2838 5004 3070 5072 favente,
3104 5020 3226 5061 eum
3261 5021 3358 5077 pro
3385 5012 3543 5075 patre

1954 5099 2242 5155 habebitis.
2259 5099 2390 5167 Quis
2405 5099 2633 5155 enimad
2659 5115 2779 5154 eum
2805 5098 3067 5172 confugit,
3095 5109 3150 5156 et
3178 5095 3540 5170 patrocinium

1953 5207 2059 5246 non
2096 5191 2336 5245 invenit?
2382 5190 2513 5258 Quis
2563 5185 2784 5247 suorum
2832 5184 3412 5258 auxiliis'destitulus,
3440 5203 3542 5261 per

1951 5299 2075 5340 eum
2105 5285 2218 5340 suis
2242 5299 2347 5340 non
2378 5276 2662 5339 restitutus
2687 5283 2828 5339 fuit?
2849 5303 2867 5336 ι

1949 5398 1952 5402 '
2025 5377 2112 5432 12.
2155 5376 2299 5446 (987,
2327 5376 2458 5431 Jun.
2491 5376 2568 5448 l.)
2603 5374 2874 5431 Promotio
2914 5375 3155 5448 Hugonis
3197 5375 3252 5430 in
3302 5381 3538 5449 regnum.

1956 5500 2028 5512 —
2052 5469 2164 5526 Hac
2186 5469 2452 5526 sententia
2491 5469 2829 5542 promulgata
2861 5478 2915 5525 et
2935 5470 3003 5526 ab
3030 5469 3281 5527 omnibus
3296 5469 3536 5538 laudata,

1957 5567 2065 5622 dux
2108 5565 2350 5622 omnium
2391 5580 2654 5622 consensu
2698 5565 2750 5619 in
2798 5579 3020 5636 regnum
3062 5573 3430 5634 promovetur,
3482 5570 3543 5622 et

1870 5709 1874 5714 λ
1957 5676 2055 5732 per
2084 5657 2556 5741 metropolitanum
2582 5657 2822 5728 aliosque
2851 5655 3132 5728 episcopos
3160 5654 3408 5715 Noviomt
3442 5671 3536 5715 co-

1544 5775 1779 5835 VARI/Ii
1818 5779 2226 5836 LECTIONES.

2403 5879 2472 5911 ’δ’
2509 5879 2566 5931 Π.
2595 5876 2660 5931 .\l.
2739 5875 2809 5910 ⁸⁸⁸⁸
2842 5874 3029 5932 abhac
3067 5874 3175 5932 vita
3216 5888 3353 5930 corr.
3393 5867 3528 5927 orbi.
