3988 5362
480 441 580 505 131
674 490 681 497 .

1647 443 1925 507 RICHERI
1962 446 2023 505 S.
2061 446 2323 508 REMlGll
2360 448 2671 508 MONACHI

3654 454 3764 514 139.

480 559 726 629 ronatus,
747 559 939 629 Gallis,
976 526 1300 629 Brittannis,
1338 560 1506 618 Dahis
1547 560 1721 633 (121),
1750 561 2062 633 Aquitanis,
2092 551 2146 612 Α
2173 562 2329 619 turis.
2378 562 2616 620 Suadeat
2661 561 3059 621 vobis-saltem
3112 562 3394 637 sanguinis
3451 566 3765 624 communis

481 651 694 720 Gothis,
721 651 991 727 Hispanis,
1016 653 1396 722 Wasconibus,
1426 669 1524 711 rex
1551 653 1622 687 ⁸⁸⁵
1650 654 1906 711 Kalendis
1933 654 2061 711 Jun.

480 753 834 816 praerogatur.
880 743 1122 833 Stipatus
1156 746 1339 817 itaque
1378 761 1669 819 regnorum
1706 746 2061 817 principibus,

482 850 635 892 more
667 836 816 908 regio
840 837 1058 894 decreta
1107 838 1256 904 fecit,
1309 837 1563 909 legesque
1608 836 1868 893 condidit.
1900 836 2063 893 Felici

482 943 737 987 successu
762 930 945 986 omnia
990 929 1469 1002 ordinans,’atque
1509 931 1861 987 distribuens.
1909 930 1977 986 Et
2006 938 2066 986 ut

478 1019 799 1079 beatitudini
834 1038 946 1080 suae
974 1026 1344 1096 responderet,
1379 1025 1550 1081 multo
1577 1039 1835 1082 successu
1883 1039 2064 1081 rerum

480 1115 837 1173 secundarum
866 1116 1097 1185 levatus,
1144 1119 1213 1175 ad
1235 1119 1460 1175 multam
1511 1120 1767 1191 pietatem
1810 1119 2062 1175 intendit.

486 1205 658 1277 thue
676 1216 801 1279 post
824 1210 908 1265 sui
934 1209 1235 1268 discessum
1263 1228 1292 1266 a
1320 1213 1453 1279 vita,
1492 1213 1748 1269 heredem
1771 1222 1981 1270 certum
2010 1213 2065 1268 in

477 1312 645 1369 regno
672 1300 1021 1373 relinqueret,
1058 1319 1177 1360 sese
1204 1304 1509 1361 consultum
1560 1320 1683 1365 cum
1730 1304 2066 1376 principibus

477 1392 723 1448 contulit.
768 1393 838 1449 Et
863 1396 1063 1453 collato
1091 1414 1213 1453 cum
1238 1400 1320 1454 eis
1354 1398 1597 1464 consilio,
1629 1397 1923 1454 Remorum
1954 1413 2068 1453 me-

477 1482 863 1553 tropolitanum
888 1487 1199 1544 Aurelianis
1220 1489 1288 1545 de
1314 1492 1674 1561 promotiome
1692 1490 1786 1544 lilii
1813 1490 1896 1545 sui
1928 1487 2065 1545 Rot-

476 1571 620 1631 berti
664 1575 719 1631 in
745 1592 975 1650 regnum
1013 1581 1165 1653 prius
1206 1598 1305 1653 per
1352 1583 1583 1654 legatos,
1624 1591 1747 1654 post
1800 1599 1898 1655 per
1947 1597 2068 1639 sese

477 1669 749 1724 convenit.
777 1669 877 1726 Cui
907 1687 1030 1727 cum
1075 1675 1525 1752 metropolitanus
1568 1691 1678 1731 non
1727 1684 1877 1732 recte
1907 1691 2067 1747 posse

478 1758 655 1814 creari
684 1758 756 1792 “‘
777 1760 911 1825 duos
940 1778 1094 1836 reges
1121 1766 1176 1820 in
1197 1768 1386 1823 eodem
1412 1774 1554 1824 anno
1580 1769 1952 1840 responderet,
1977 1767 2067 1822 ille

477 1863 603 1904 mox
636 1850 920 1920 epistolam
955 1869 987 1909 a
1022 1856 1159 1912 duce
1198 1859 1470 1915 citerioris
1501 1860 1775 1929 Hispaniae
1822 1859 2065 1915 Borrello

478 1939 700 1996 missam
749 1944 1014 2013 protulit,
1065 1963 1186 2018 quae
1234 1948 1426 2005 ducem
1481 1959 1753 2019 petentem
1803 1949 2058 2022 sulfragia
2088 1932 2136 1991 Β

477 2040 669 2088 contra
693 2033 955 2092 barbaros
975 2037 1267 2095 indicabat.
1294 2039 1415 2095 Jam
1446 2043 1612 2097 etiam
1639 2042 1911 2113 Hispania:
1940 2060 2063 2115 par-

478 2128 588 2178 tem
616 2123 864 2181 hostibus
912 2143 1049 2198 pene
1096 2141 1456 2203 expugnatam
1508 2135 1806 2202 asserebat,
1857 2144 1913 2190 et
1955 2135 2061 2191 nisi

477 2210 622 2269 intra
653 2230 868 2293 menses
891 2218 1077 2275 decem
1107 2222 1292 2292 copias
1328 2238 1360 2278 a
1382 2222 1554 2279 Gallis
1584 2225 1833 2297 accipiat,
1862 2224 2064 2283 barba-

476 2305 554 2362 ris
583 2314 751 2364 totam
781 2310 835 2366 in
865 2311 1193 2370 deditionem
1223 2317 1599 2373 transituram.
1630 2318 1854 2375 Petebat
1878 2321 2062 2392 itaque

474 2399 706 2458 alterum
729 2420 908 2477 regem
936 2409 1132 2475 creari,
1160 2419 1219 2465 ut
1262 2412 1305 2466 si
1345 2410 1540 2468 bellico
1566 2413 1793 2468 tumultu
1823 2413 1894 2447 “7
1929 2415 2061 2471 duo-

426 2492 433 2497 ’
474 2508 596 2572 rum
619 2494 758 2551 alter
783 2497 1076 2568 decideret,
1105 2503 1170 2558 de
1198 2504 1440 2576 principe
1465 2521 1571 2561 non
1614 2505 1878 2563 dillideret
1904 2523 2062 2563 exer-

474 2586 637 2644 citus.
660 2587 803 2646 Fieri
831 2607 1044 2663 quoque
1064 2597 1338 2652 asserebat
1360 2613 1538 2667 posse,
1566 2614 1691 2671 rege
1712 2600 2060 2671 interempto,

473 2685 533 2732 et
561 2679 737 2751 patria
757 2682 1018 2743 desolata.
1048 2687 1338 2757 primatum
1367 2689 1717 2761 discordiam,
1763 2707 2060 2762 pravorum

473 2779 666 2827 contra
697 2772 869 2832 bonos
896 2778 1247 2846 tirannidem,
1270 2788 1326 2836 et
1349 2780 1474 2837 inde
1496 2781 1664 2839 totius
1692 2783 1866 2855 gentis
1886 2782 2060 2854 capti-

473 2859 722 2931 vitatem.

546 2952 636 3008 15.
665 2954 836 3028 (988.)
864 2956 1135 3016 Promotio
1158 2962 1394 3018 Rotberti
1419 2965 1475 3020 in
1506 2982 1742 3037 regnum.
1765 2997 1837 3010 —
1866 2966 2061 3022 Metro-

472 3041 746 3114 politanus
761 3048 840 3104 sic
864 3065 1023 3119 posse
1048 3052 1163 3107 ﬁeri
1196 3054 1518 3126 intelligens,
1562 3057 1723 3112 dictis
1751 3057 1914 3129 regiis
1943 3073 2062 3113 ces«

471 3134 563 3191 sit.
602 3134 673 3191 Et
709 3138 835 3209 quia
883 3148 1011 3197 tunc
1064 3143 1118 3197 in
1170 3144 1452 3200 nativitate
1506 3145 1719 3201 Domini
1769 3163 2061 3217 regnorum

473 3225 745 3298 principes
769 3241 1133 3289 convenerant
1163 3235 1230 3289 ad
1270 3234 1657 3290 celebrandum
1702 3238 1863 3306 regiae
1905 3252 2062 3293 coro-

2165 656 2396 714 allinitas
2426 657 2518 712 “9.
2569 657 2805 715 Suadeat
2849 667 2907 714 et
2953 657 3206 716 nobilitas
3255 675 3365 716 non
3399 658 3759 732 neglegenda.

2166 748 2406 807 Suadeat
2432 760 2487 807 et
2514 751 2971 822 recompensatio,
3011 765 3133 824 quae
3161 751 3233 809 sit
3268 766 3375 809 non
3414 751 3534 810 sine
3572 750 3765 809 multi-

2162 842 2290 915 plici
2314 844 2493 900 fructu
2515 844 2778 901 reditura.
2825 864 2845 898 ι

2238 977 2324 1033 lt).
2365 976 2489 1034 Mox
2512 992 2701 1034 omnes
2729 977 2984 1035 commoti
3024 975 3119 1044 "°,
3157 976 3419 1034 auxilium
3460 976 3760 1051 spondent,

2163 1078 2219 1124 et
2251 1084 2370 1125 sese
2406 1069 2472 1125 ad
2499 1070 2867 1126 auxiliandum
2909 1071 3317 1142 promptissime
3362 1079 3576 1143 parant.
3607 1069 3762 1138 Quo-

2163 1175 2283 1214 rum
2321 1158 2549 1215 consilio
2597 1176 2767 1228 usus,
2821 1160 3195 1231 exploratores
3251 1159 3482 1218 Karolus
3537 1160 3763 1217 mittere

2165 1254 2327 1325 cepit,
2356 1269 2449 1325 qm
2472 1254 2739 1326 sagaciter
2763 1255 3178 1325 perpenderent,
3207 1252 3253 1309 si
3275 1268 3381 1324 qua
3412 1252 3764 1323 oportunitas

2162 1356 2395 1419 pateret,
2431 1364 2539 1419 qua
2568 1346 2886 1403 Laudunum
2918 1347 3128 1419 ingredi
3158 1347 3380 1403 valeret.
3439 1348 3641 1404 Directi
3674 1347 3764 1403 in-

2162 1441 2568 1512 vestigaverunt
2590 1440 3168 1512 deprehenderuntque
3192 1440 3397 1497 nullum
3423 1441 3627 1496 aditum
3659 1454 3764 1512 pa—

2165 1540 2298 1586 tere.
2320 1529 2454 1586 Cum
2483 1532 2802 1601 quibusdam
2838 1539 3017 1588 tamen
3056 1532 3263 1588 civibus
3301 1539 3574 1589 secretum
3616 1546 3761 1589 con-

2167 1624 2358 1692 tulere,
2385 1625 2476 1696 qui
2501 1624 2570 1656 ⁸⁸η
2604 1623 2853 1680 cll'ectum
2883 1626 3102 1703 negotio
3129 1635 3450 1697 quererent.
3476 1626 3597 1695 Quo
3618 1634 3767 1683 tem-

2163 1731 2294 1789 pore
2313 1716 2580 1772 Adalbero
2607 1715 2846 1784 ejusdem
2873 1718 3024 1773 urbis
3058 1718 3362 1790 episcopus,
3409 1719 3522 1774 suis
3545 1719 3763 1775 civibus

2162 1807 2455 1879 plusjusto
2483 1807 2709 1880 injurias
2736 1809 2803 1865 de
2842 1808 2960 1881 lege
3002 1810 3218 1882 agraria
3262 1811 3558 1883 irrogabat.
3599 1810 3764 1868 Unde

2164 1902 2379 1973 quidam
2408 1904 2475 1959 ab
2503 1918 2569 1958 eo
2592 1902 2823 1959 latenter
2844 1902 3406 1981 animodiscedentes,
3438 1904 3762 1961 benivolen-

2164 1994 2401 2065 tiamque
2427 1994 2762 2064 simulantes,
2792 1995 3226 2067 exploratoribus
3252 1996 3509 2054 Karolum
3549 2012 3672 2054 sese
3694 1996 3760 2053 in

2161 2086 2350 2140 urbem
2375 2094 2689 2157 recepturos
2706 2087 3052 2157 promittunt.

2235 2200 2321 2255 16.
2364 2201 2606 2268 Qualiter
2630 2201 2865 2259 Karolus
2889 2203 3207 2261 Laudunum
3244 2206 3509 2279 ingressus
3548 2208 3636 2263 sit.
3670 2240 3751 2251 —

2163 2290 2286 2379 M0}
2317 2294 2479 2348 etiam
2503 2293 2652 2351 urbis
2681 2295 3043 2366 proditionem
3089 2297 3134 2353 si
3165 2297 3399 2354 Karolus
3427 2299 3608 2355 veniat
3637 2300 3763 2373 pol-

2162 2384 2415 2453 licentur,
2446 2395 2500 2441 et
2525 2386 2567 2441 si
2593 2388 2673 2443 eis
2702 2387 2772 2428 ⁸³³
2798 2404 2895 2444 sua
2916 2388 3174 2456 dimittat,
3205 2398 3258 2445 et
3288 2389 3509 2462 insuper
3538 2399 3759 2464 augeat.

2163 2475 2545 2547 Exploratores
2567 2466 2728 2548 pacto
2753 2481 3108 2536 sacramentis
3131 2480 3368 2549 ﬁrmato,
3401 2482 3518 2538 hinc
3556 2480 3758 2540 Karolc

2164 2579 2460 2639 reportant.
2491 2569 2584 2626 llle
2606 2586 2729 2626 mox
2759 2571 2872 2627 suis
2890 2587 3026 2642 quos
3054 2573 3335 2643 superiore
3364 2575 3762 2644 conquestione

2163 2663 2517 2726 excitaverat,
2561 2661 2663 2717 hoc
2703 2664 3016 2718 mandatum
3051 2664 3284 2735 aperuit.
3334 2663 3437 2733 Qui
3472 2665 3761 2721 unanimes

2162 2760 2431 2823 oportuno
2462 2761 2702 2824 tempore
2731 2753 2963 2822 collecti,
2996 2755 3044 2811 ei
3082 2771 3205 2813 sese
3231 2756 3498 2813 obtulere.
3527 2755 3642 2823 llle,
3663 2770 3764 2813 co—

2162 2845 2267 2918 piis
2291 2846 2604 2917 assumptis,
2631 2845 2950 2903 Laudunum
2977 2848 3104 2903 dum
3134 2848 3212 2904 sol
3238 2849 3514 2906 occideret
3550 2858 3761 2919 tempe-

2163 2938 2332 2993 stivus
2356 2937 2594 3005 advenit,
2626 2938 2880 3010 misitque
2919 2940 3291 3011 exploratores
3323 2941 3389 2997 ad
3413 2939 3751 3023 transfugas,

2163 3033 2377 3104 utquid
2417 3043 2564 3090 esset
2597 3034 2865 3104 agendum
2914 3035 3200 3092 referrent.
3253 3035 3519 3092 Latebant
3572 3035 3763 3107 itaque

2165 3122 2307 3179 inter
2333 3124 2616 3180 vinearum
2647 3126 2862 3183 dumeta
2902 3135 2959 3182 et
2994 3143 3188 3201 sepes;
3224 3127 3400 3198 parati
3438 3126 3626 3183 urbem
3668 3126 3759 3182 in-

2164 3214 2313 3286 gredi
2336 3214 2381 3269 si
2416 3214 2632 3270 fortuna
2657 3215 2991 3282 admitteret,
3020 3225 3076 3271 et
3101 3216 3268 3272 armis
3306 3215 3503 3282 obniti,
3531 3215 3577 3271 si
3601 3230 3765 3272 even-

474 3319 711 3376 nationis
747 3321 1033 3392 honorem,
1081 3325 1136 3380 in
1180 3326 1400 3383 basilica
1457 3337 1659 3384 sancta:
1706 3304 1897 3386 crucis
1943 3329 2062 3401 ejus
2089 3304 2135 3368 (ἶ
2167 3316 2254 3401 Ψδ
2289 3307 2348 3401 id
2380 3307 2618 3365 mare"
2657 3309 2760 3377 Qui
2792 3309 2941 3365 miSSi
2986 3308 3203 3365 {miram
3245 3309 3313 3365 ad
3370 3308 3614 3376 ίηδίάίθδν
3661 3322 3765 3379 per

474 3411 644 3467 lilium
670 3412 992 3473 Rotbertum
1020 3418 1245 3476 Francis
1277 3419 1624 3476 laudantibus
1655 3430 1877 3492 accepta
1927 3437 2062 3493 pur-

472 3514 609 3573 pura
639 3505 1007 3578 sollempniter
1033 3512 1336 3577 coronavit,
1360 3523 1414 3567 et
1442 3527 1474 3567 a
1508 3512 1658 3569 Mosa
1700 3512 1865 3569 ﬂuvio
1893 3528 2063 3585 usque

474 3591 750 3653 Oceanum
770 3600 1200 3659 occidentalibus
1218 3619 1399 3676 regem
1424 3604 1665 3675 praefecit
1694 3617 1749 3663 et
1771 3608 2059 3665 ordinavit.

475 3682 648 3742 Tanta
671 3689 937 3747 industria
953 3701 1117 3764 atque
1134 3694 1374 3751 sollertia
1401 3695 1631 3763 clarum,
1656 3706 1717 3754 ut
1741 3707 1796 3755 et
1822 3700 1876 3755 in
1902 3700 2064 3757 rebus

472 3779 799 3839 militaribus
822 3786 1176 3854 praecelleret,
1201 3796 1256 3842 et
1284 3789 1483 3845 divinis
1505 3805 1569 3846 ac
1596 3786 1879 3848 canonicis
1904 3793 2063 3849 insti-

473 3873 972 3935 tutisclarissimus
998 3880 1318 3949 haberetur;
1378 3882 1706 3939 liberalibus
1744 3885 1939 3941 studiis
1976 3885 2063 3942 in-

476 3965 757 4023 cumberet
780 3967 872 4036 “',
908 3970 1283 4042 episcoporum
1306 3972 1471 4028 etiam
1514 3973 1721 4028 sinodis
1750 3974 2061 4041 interesset,

471 4062 531 4112 et
558 4072 681 4113 cum
706 4058 787 4114 eis
810 4074 1006 4117 causas
1041 4062 1454 4119 accclesiasticas
1481 4064 1771 4119 discuteret
1797 4079 1860 4120 ac
1887 4065 2064 4121 deter-

475 4148 736 4207 minaret.

544 4239 633 4295 14.
694 4239 1004 4313 Conquestio
1074 4239 1266 4299 Karuli
1311 4246 1451 4315 apud
1503 4247 1700 4302 amicos
1749 4248 1814 4303 de
1878 4265 2057 4320 regno.

470 4327 771 4389 -—lnterea
815 4332 1046 4390 Karolus
1091 4334 1231 4404 apud
1262 4335 1467 4393 amicos
1499 4346 1556 4394 et
1603 4348 1866 4411 cognatos
1912 4349 2061 4395 motu

472 4424 794 4497 gravissimo
850 4428 1101 4483 movebat
1127 4429 1424 4498 querelam,
1456 4439 1618 4500 atque
1649 4432 1702 4486 in
1743 4432 1825 4487 sui
1874 4430 2065 4486 suifra-

466 4513 621 4589 'gium
651 4517 1007 4587 querimoniis
1032 4520 1323 4577 excitabat.
1371 4520 1471 4589 Qui
1501 4521 1741 4579 lacrimis
1785 4523 2061 4581 suffusus:

2166 3399 2282 3456 loca
2307 3398 2604 3457 constituta
2646 3410 2701 3457 et
2744 3411 2891 3469 nota,
2922 3401 3291 3474 proditoribus
3330 3409 3652 3467 occurrunt,
3705 3405 3764 3463 et

2165 3493 2421 3549 Karolum
2470 3509 2595 3549 cum
2645 3493 2817 3549 multo
2854 3493 3098 3564 equitatu
3144 3493 3428 3550 advenisse
3478 3492 3759 3547 nuntiant.

2167 3583 2484 3642 Proditores
2522 3585 2714 3657 gavisi,
2741 3585 3113 3655 exploratores
3141 3586 3444 3651 remittunt,
3474 3593 3528 3641 et
3559 3583 3764 3641 Karolo

2166 3679 2275 3735 cito
2308 3679 2496 3734 adesse
2533 3678 2812 3734 mandant.
2848 3678 3055 3746 Quibus
3087 3678 3342 3749 cognitis,
3375 3675 3609 3732 Karolus
3638 3690 3763 3732 cum

2166 3771 2279 3829 suis
2292 3786 2389 3843 per
2408 3771 2608 3828 montis
2622 3770 2826 3827 devexa
2838 3772 2988 3827 urbis
3001 3780 3213 3842 portam
3237 3786 3520 3844 aggressus
3531 3779 3636 3827 est.
3656 3770 3767 3828 Sed

2164 3865 2355 3937 vigiles
2386 3880 2510 3919 cum
2535 3880 2603 3920 ex
2628 3863 2848 3920 fremitu
2873 3880 3156 3936 equorum,
3173 3874 3228 3922 et
3260 3866 3440 3936 aliqua
3485 3864 3768 3922 collisione

2166 3969 2445 4009 armorum
2466 3953 2678 4025 aliquos
2707 3954 2900 4011 adesse
2924 3956 3312 4026 persentirent,
3337 3965 3394 4011 et
3421 3971 3647 4026 quinam
3670 3970 3762 4010 es-

2166 4056 2289 4103 sent
2310 4064 2340 4102 a
2372 4062 2529 4103 muro
2561 4048 2941 4112 inclamarent,
2973 4047 3357 4120 lapidibusque
3399 4046 3563 4117 jactis
3602 4063 3768 4120 urge-

2167 4147 2308 4207 rent,
2339 4142 2642 4211 proditores
2677 4156 2800 4196 mox
2825 4140 3034 4212 aliquos
3061 4156 3181 4197 esse
3205 4140 3272 4196 de
3298 4140 3509 4196 civibus
3532 4154 3767 4212 respou-

2168 4234 2382 4290 derunt.
2398 4232 2516 4300 Quo
2535 4242 2844 4290 commento
2871 4234 3142 4305 corruptis
3158 4234 3431 4305 vigilibus,
3459 4234 3765 4289 introrsum

2168 4336 2377 4399 portam
2427 4337 2798 4399 aperuerunt,
2845 4335 3011 4399 atque
3048 4328 3348 4384 exercitum
3400 4327 3518 4398 ipso
3569 4314 3769 4398 crepu-

2167 4418 2319 4475 sculo
2356 4429 2706 4491 exceperunt.
2760 4418 2884 4477 Mox
2925 4421 3202 4487 exercitus
3250 4419 3441 4475 urbem
3493 4418 3764 4490 implevit.

2166 4512 2344 4570 Porlte
2372 4515 2534 4570 etiam
2564 4529 2631 4570 ne
2663 4515 2785 4585 quis
2815 4512 3121 4585 aufugeret,
3163 4511 3479 4570 custodibus
3502 4512 3767 4569 adhibitis

481 4630 501 4665 ι
526 4611 711 4679 Video,
735 4612 931 4683 inquit,
947 4622 1159 4670 aetatem
1180 4629 1355 4670 meam
1382 4616 1698 4685 procedere,
1713 4625 1769 4672 et
1785 4632 1871 4672 me
1889 4617 2062 4688 ipsum
2095 4680 2132 4688 _
2168 4626 2411 4682 pervasa:
2437 4618 2583 4666 sunt.
2614 4609 2720 4665 Alii
2751 4610 2936 4682 itaque
2982 4608 3347 4679 personabant
3384 4608 3619 4675 bucinis,
3669 4606 3767 4664 alii

473 4702 530 4759 in
561 4702 695 4769 dies,
718 4705 1025 4774 patrimonii
1054 4706 1219 4762 rebus
1246 4706 1393 4762 exui.
1424 4705 1577 4763 Unde
1611 4722 1711 4763 nec
1737 4706 1853 4763 sine
1893 4707 2059 4763 lacri-
2090 4680 2151 4741 Ῑ)
2169 4704 2391 4760 vocibus
2437 4703 2759 4768 fremebant,
2804 4703 2895 4758 alii
2927 4718 3206 4761 armorum
3257 4702 3437 4758 sonitu
3469 4699 3768 4757 tumultua-

472 4794 579 4861 rnis
603 4795 855 4867 parvulos
886 4810 1036 4854 meos
1063 4797 1309 4868 aspicere
1334 4797 1508 4864 valeo,
1543 4797 1775 4854 infelicis
1806 4798 2055 4869 germina
2163 4796 2383 4853 bantur.
2415 4796 2569 4853 Unde
2620 4795 2766 4851 cives
2823 4794 3025 4860 territi,
3079 4803 3264 4863 utpote
3313 4793 3405 4865 qui
3438 4789 3767 4865 ignorabant

470 4888 663 4961 patris.
694 4887 899 4955 Quibus
924 4888 1104 4959 potius
1124 4898 1315 4946 auctor
1333 4905 1453 4947 sum
1480 4888 1646 4945 futuri
1669 4888 2056 4959 doloris,quam
2166 4886 2294 4959 quid
2325 4896 2491 4955 esset,
2519 4895 2573 4943 et
2612 4886 2679 4942 de
2723 4885 2973 4942 domibus
3011 4883 3360 4952 cbullientes,
3406 4882 3658 4955 profugio
3703 4897 3766 4938 se

472 4980 714 5039 honoris.
744 4979 887 5037 Satis
915 4981 1102 5038 infelix
1123 4990 1277 5053 pater
1300 4982 1398 5049 fui,
1431 4984 1523 5054 qui
1550 4983 1692 5038 natis
1737 4984 1931 5038 adesse
1968 4981 2059 5037 vix
2167 4981 2384 5052 eripere
2434 4980 2793 5037 conabantur.
2849 4978 3095 5046 Quorum
3144 4977 3236 5033 alii
3273 4976 3643 5033 mcclesiarum
3676 4989 3766 5031 se-

475 5073 764 5112 nlinunndn
787 5073 931 5112 nnlni
985 5072 1089 5112 god
1113 5074 1302 5112 gallons
1350 5090 1445 5112 vnc
1481 5074 1633 5112 mmini
1681 5074 1943 5112 nnncnliln
1963 5073 2060 5112 (In-
2167 5072 2333 5112 ρνριῖα
2370 5087 2429 5112 Ωιι
2457 5071 2799 5112 nnnllllnltnnl
2869 5069 2956 5112 alii
2990 5068 3222 5112 rlivprci'e
3247 5067 3489 5112 latibulis
3528 5082 3587 5112 ςρ
3611 5067 3766 5112 alan-
