4026 6312
522 411 631 474 155

1622 403 1899 463 RICHERI
1925 402 1986 463 S.
2016 400 2278 464 REMIGII
2310 392 2618 460 ΜΟΝΑοἢί

3685 398 3794 464 136

522 534 580 584 et
606 524 855 581 tubarum
874 521 1122 595 clangore
1148 519 1369 588 turbati,
1390 519 1459 577 ab
1476 518 1609 575 urbe
1633 518 1789 575 sedes
1802 528 2104 574 mutavere.
2132 501 2185 561 Α
2208 513 2566 573 examinanda
2606 502 2861 585 juditium
2884 554 2900 581 ,
2962 519 3025 570 ut
3071 519 3167 569 aut
3223 519 3407 569 vestro
3468 476 3794 585 approbetur

523 614 661 674 Nam
692 627 871 674 castra
914 632 1038 674 cum
1086 616 1223 672 cibis
1250 624 1305 670 et
1347 614 1509 669 rebus
1553 611 1803 668 omnibus
1829 610 2111 682 absumpta

523 706 763 763 videbat.
801 706 955 763 Unde
979 706 1277 762 exercitum
1308 706 1374 761 ad
1412 715 1619 774 tempus
1648 702 1904 758 reducere
1928 702 2112 772 dispo-

523 798 655 862 suit.
684 807 744 854 ut
772 799 1002 855 reditum
1047 796 1399 870 amplioribus
1444 796 1615 868 c0piis
1652 805 1773 868 post
1803 802 2112 867 appararet.

524 888 658 961 Quae
693 892 875 947 omnia
903 891 1133 964 Augusti
1158 900 1401 961 tempore
1434 897 1646 960 patrata
1681 896 1827 943 sunt.

593 981 685 1038 24.
727 981 911 1040 Obitus
934 982 1279 1038 Adalberonis
1305 981 1378 1014 ⁸⁸⁸
1400 978 1783 1051 metropolitani
1811 977 1902 1033 ⁸³⁸.
1928 1007 1997 1018 -
2016 974 2115 1032 His

476 1070 488 1089 ‘
524 1070 601 1128 ita
633 1072 799 1144 gestis
842 1088 950 1128 non
997 1072 1168 1128 multo
1196 1081 1319 1143 post
1345 1069 1791 1141 metropolitanus
1822 1068 1876 1124 in
1904 1067 2111 1140 egritu-

523 1161 705 1220 dinem
735 1162 1007 1229 decidens,
1044 1179 1166 1235 qua:
1195 1178 1226 1219 a
1273 1161 1463 1219 Grecis
1491 1177 1692 1218 causon
1740 1177 1772 1216 a
1799 1158 2005 1217 Latinis
2034 1160 2116 1214 in-

523 1254 775 1311 cendium
798 1255 1015 1321 dicitur,
1059 1270 1156 1327 per
1206 1256 1411 1327 legatos
1440 1255 1551 1327 regi
1585 1263 1712 1309 tunc
1751 1252 1944 1308 Parisii
1967 1267 2116 1307 com-

525 1350 764 1407 moranti
792 1350 1076 1417 indicavit,
1104 1365 1227 1407 sese
1257 1354 1310 1405 in
1344 1364 1563 1422 gravem
1594 1347 1940 1404 valitudinem
1970 1344 2116 1401 deci-

523 1440 707 1508 disse;
762 1440 906 1497 unde
952 1450 1010 1498 et
1051 1440 1101 1495 ei
1149 1441 1560 1502 maturandum.
1614 1454 1682 1494 ne
1739 1435 1972 1492 Karolus
2021 1433 2116 1506 qui

520 1540 704 1585 cetera
764 1526 965 1586 Remos
1018 1539 1182 1585 etiam
1238 1531 1579 1600 pervaderet.
1630 1527 1770 1593 Rex,
1805 1528 1994 1582 accitis
2021 1526 2116 1596 qui

525 1620 779 1688 aderant,
826 1637 953 1677 mox
981 1621 1060 1678 ire
1085 1622 1366 1692 disposuit.
1415 1623 1532 1689 Quo
1563 1622 1617 1676 in
1649 1620 1844 1676 itinere
1874 1619 2117 1689 aliquan-

523 1706 695 1783 tisper
736 1709 1020 1778 tardante,
1061 1728 1184 1768 cum
1238 1711 1683 1783 metropolitanus
1738 1709 2116 1764 insomnietate

528 1800 801 1875 simulque
845 1811 900 1859 et
943 1806 1141 1861 mentis
1182 1805 1506 1861 alienatione
1550 1805 1775 1859 nimium
1805 1817 2111 1871 vexaretur,

2211 608 2493 674 examine,
2525 615 2619 662 aut
2664 607 3018 679 improbetur.
3063 608 3157 664 llle
3209 606 3559 679 petitionibus
3606 608 3792 665 instat.

2212 699 2506 757 Potestatis
2530 708 2724 755 vestra:
2749 700 2839 768 sit,
2871 712 3053 757 utrum
3082 701 3225 771 quod
3248 700 3381 771 petit
3408 698 3659 771 accipiat.
3683 696 3798 754 Nec

2211 808 2345 850 vero
2385 793 2440 849 in
2483 808 2753 865 quoquam
2792 793 2841 848 ei
2883 809 2915 849 a
2963 809 3050 849 me
3078 792 3287 847 fautum
3316 800 3417 847 est.
3465 789 3611 847 Nihil
3632 790 3798 847 etiam

2214 887 2591 945 deliberatum.
2637 886 2902 958 Quicquid
2956 886 3009 941 id
3059 885 3219 951 foret,
3268 876 3573 940 utile'duxi
3606 882 3674 939 ad
3703 898 3801 939 ve-

2214 992 2383 1037 stram
2420 978 2618 1035 deferri
2650 977 2849 1034 debere
2880 985 3264 1043 censuram,ut
3286 977 3333 1031 si
3365 976 3649 1031 honestum
3680 975 3804 1041 ﬁat,

2215 1072 2369 1127 vobis
2396 1071 2684 1127 utilitatem
2711 1080 2767 1127 et
2796 1071 2925 1126 mihi
2956 1070 3181 1142 gloriam
3205 1079 3496 1141 comparet.
3534 1066 3593 1125 Si
3616 1079 3806 1125 autem

2214 1164 2609 1236 pernitiosum,
2664 1178 2765 1235 ego
2817 1163 3033 1234 quidem
3059 1161 3258 1217 nullius
3310 1160 3567 1234 perﬁdiae,
3604 1158 3807 1218 nullius

2214 1255 2346 1323 doli,
2388 1256 2584 1311 nullius
2612 1255 2830 1311 fallatia:
2876 1256 3091 1327 penitus
3132 1271 3351 1327 arguar.
3388 1256 3493 1311 Vos
3533 1268 3663 1309 vero
3709 1260 3811 1309 aut

2216 1330 2425 1406 sull‘ecti
2456 1349 2567 1405 doli
2592 1349 2785 1404 falsam
2811 1349 3122 1420 opinionem
3154 1364 3279 1403 cum
3319 1346 3503 1403 doloso
3524 1344 3806 1412 subibitis,

2216 1451 2312 1497 aut
2349 1444 2394 1499 si
2418 1458 2544 1504 non,
2579 1443 2634 1497 in
2659 1443 2992 1497 desertorem
3021 1456 3216 1496 manus
3240 1439 3457 1495 assidue
3479 1436 3805 1495 exseretis.»

2290 1534 2380 1589 27.
2422 1534 2701 1605 Responsio
2732 1533 2799 1566 ⁸⁶¹
2831 1534 3024 1588 civium
3061 1534 3131 1586 ad
3170 1550 3340 1605 regem
3362 1531 3458 1585 ⁸⁸³.
3482 1530 3653 1586 -—Ad
3685 1530 3809 1585 haec

2218 1626 2364 1682 cives
2424 1644 2437 1681 :
2498 1647 2515 1678 ς
2554 1625 3231 1696 Cum,inquiunt,vestrze
3277 1624 3576 1694 majestatis
3636 1623 3808 1689 dono,

2217 1716 2447 1788 eligendi
2474 1717 2677 1771 domini
2700 1718 2846 1787 optio
2872 1717 3029 1772 nobis
3055 1718 3181 1771 data
3211 1717 3300 1782 sit,
3326 1716 3490 1771 inulta
3520 1716 3646 1782 ﬁde,
3664 1712 3816 1770 mul-

2221 1817 2276 1864 to
2308 1809 2522 1880 ingenio
2552 1807 2864 1864 enitendum
2909 1817 2993 1863 est
3020 1808 3115 1874 ⁸⁸⁸,
3148 1817 3209 1863 ιιι
3247 1817 3303 1863 et
3334 1807 3496 1878 regias
3525 1802 3817 1877 dignitatis

524 1891 783 1965 nullaque
818 1895 945 1951 crisi
995 1911 1183 1953 omnes
1225 1898 1338 1953 dies
1376 1898 1606 1953 cretieos
1647 1897 1774 1952 huic
1823 1897 2114 1968 egritudini
2146 1867 2192 1928 Β
2219 1867 2496 1973 derogatio
2520 1901 2665 1971 nulla
2685 1900 2778 1955 ﬁat
2809 1942 2823 1967 ,
2850 1910 2904 1956 et
2934 1916 3033 1956 nos
3063 1899 3212 1956 falsm
3260 1867 3662 1956 criminationis
3702 1912 3812 1954 no-

522 1987 837 2043 commodos
869 1989 1177 2060 praeteriret
1196 2030 1210 2052 ,
1261 1988 1538 2045 dissolutis
1565 1988 1847 2044 elementis
1876 1988 2116 2044 debitum

523 2073 878 2135 humanitatis
904 2096 938 2134 x
964 2080 1066 2135 Kal
1103 2080 1264 2137 Febr.
1283 2080 1514 2136 exsolvit
1540 2080 1686 2152 (990,
1708 2079 1835 2135 Jan.
1867 2080 1979 2153 23).
2000 2081 2117 2148 Qua

523 2162 614 2224 die
646 2183 743 2225 rex
768 2172 1121 2242 tempestivus
1143 2174 1464 2239 adventans,
1498 2173 1629 2228 urbe
1654 2183 1904 2243 receptus
1929 2183 2031 2228 est.
2058 2173 2117 2227 in

521 2261 798 2333 exsequiis
823 2264 988 2319 etiam
1016 2264 1308 2335 pontificis,
1365 2265 1597 2337 plurima
1640 2266 2116 2339 commiseratione

521 2352 818 2409 condoluit.
881 2353 994 2411 Nec
1048 2371 1178 2412 vero
1230 2356 1346 2413 sine
1401 2356 1641 2412 lacrimis
1689 2357 1895 2427 aliquot
1939 2357 2007 2412 de
2051 2372 2117 2412 eo

522 2443 889 2516 querimonias
940 2447 1163 2516 habuit;
1214 2464 1409 2520 corpus
1456 2465 1670 2520 quoque
1711 2448 1881 2504 multo
1911 2449 2118 2504 honore

525 2535 820 2607 sepultura:
842 2538 1011 2595 dedit.
1037 2539 1197 2595 Cives
1219 2542 1440 2597 domino
1469 2542 1777 2608 destitutos,
1806 2542 1943 2597 mira
1966 2541 2116 2596 beni-

520 2623 760 2683 volentia
797 2627 1001 2684 solatus
1045 2639 1149 2686 est.
1177 2630 1278 2698 Qui
1321 2632 1387 2687 de
1410 2632 1669 2687 ﬁdelitate
1712 2631 1823 2704 regi
1850 2630 2117 2687 servanda

521 2724 581 2774 et
605 2716 740 2775 urbe
785 2720 981 2776 tuenda
1012 2721 1348 2793 interrogati,
1383 2723 1544 2779 ﬁdem
1586 2724 1796 2794 jurant,
1834 2723 1983 2779 urbis
2014 2724 2119 2779 tui«

523 2805 728 2865 tionem
780 2810 1127 2881 pollicentur.
1186 2813 1391 2881 Quibus
1444 2824 1788 2872 sacramento
1842 2816 2115 2885 astrictis,

522 2901 710 2975 eisque
762 2903 1015 2964 libertate
1069 2907 1303 2979 eligendi
1363 2908 1564 2964 domini
1602 2923 1762 2979 quem
1807 2909 2008 2964 vellent
2049 2909 2119 2966 ab

522 3008 651 3069 rege
678 3012 961 3065 concessa,
995 3015 1092 3055 rex
1118 3000 1186 3055 ah
1213 2999 1292 3056 eis
1318 3000 1553 3055 dimotus
1582 3000 1853 3055 Parisium
1880 3002 2114 3057 devenit.

591 3084 684 3141 25.
729 3085 1002 3154 Quomodo
1046 3088 1303 3159 Arnulfus
1325 3089 1393 3122 ⁸⁸⁷
1415 3090 1917 3162 archiepiscopatum
1939 3090 2006 3124 '”
2031 3108 2119 3164 pe-

522 3175 712 3233 tiit.—
729 3178 831 3235 Ubi
859 3194 983 3235 cum
1009 3181 1075 3235 de
1102 3180 1423 3236 liberalitate
1443 3191 1498 3237 et
1525 3182 1629 3237 fide
1658 3181 1855 3237 civium
1887 3182 2118 3239 Remen-

522 3270 663 3329 sium
715 3272 867 3329 lartus
903 3284 1231 3342 moraretur,
1262 3274 1523 3333 Arnulfus
1553 3275 1799 3332 Lotharii
1830 3277 1971 3333 filius
2018 3293 2115 3348 per

2221 2005 2355 2062 tam,
2390 2011 2693 2066 cusamque
2721 1994 2885 2049 futuri
2916 1994 3243 2049 incommodi
3267 1994 3517 2049 vitemus.
3544 1989 3814 2049 Arnulfus

2219 2104 2377 2159 quem
2420 2088 2579 2158 paulo
2626 2097 2752 2142 ante
2797 2096 3160 2141 memoratum
3196 2085 3521 2147 audivimus,
3567 2098 3596 2137 a
3648 2081 3815 2139 nobis

2218 2176 2391 2251 imper
2421 2181 2559 2236 idem
2590 2178 2943 2249 expoposcit;
2970 2178 3207 2249 plurima
3251 2177 3356 2233 ﬁde
3379 2177 3421 2233 si
3452 2177 3556 2232 hoc
3584 2174 3682 2231 ﬂat
3720 2188 3816 2231 re-

2218 2275 2300 2347 gis
2360 2274 2642 2330 commoda
2699 2288 2817 2329 sese
2864 2280 3243 2327 exsecuturum
3289 2268 3602 2340 pollicens;
3672 2280 3812 2339 erga

2218 2367 2365 2423 cives
2402 2382 2509 2422 non
2550 2365 2816 2421 modicam
2864 2364 3283 2420 benivolentiam
3332 2361 3663 2417 habiturum.
3696 2357 3813 2417 Sed

2218 2461 2345 2532 quia
2375 2459 2493 2531 ejus
2520 2469 2705 2531 utpote
2731 2459 3094 2515 adolescentis
3139 2475 3322 2515 mores
3352 2456 3689 2529 affectusque
3714 2456 3808 2512 in-

2219 2562 2401 2610 certos
2437 2553 2721 2618 habemus,
2755 2562 2970 2609 nostras
3018 2550 3359 2607 solummodo
3412 2550 3651 2606 rationes
3698 2563 3813 2604 non

2218 2643 2466 2700 sufficere
2503 2644 2569 2699 ad
2597 2644 2712 2699 haec
2739 2644 3085 2699 arbitramur.
3129 2643 3323 2698 Adsint
3352 2657 3482 2713 ergo
3520 2640 3614 2712 qui
3644 2639 3811 2696 vobis

2219 2736 2272 2791 id
2300 2737 2546 2791 suadent.
2600 2735 2957 2792 Conferamus
3015 2734 3288 2804 utrimque
3329 2732 3589 2788 rationes.
3647 2729 3814 2786 Dicat

2218 2826 2349 2898 quid
2386 2828 2617 2899 quisque
2659 2827 2845 2898 potius
2864 2827 3102 2898 cogitet;
3137 2824 3264 2896 quid
3311 2823 3674 2895 potissimum,
3735 2833 3817 2878 ne

2220 2921 2552 2989 abscondat;
2602 2929 2663 2976 ut
2704 2929 2760 2977 et
2792 2935 2860 2976 ex
2892 2921 3121 2976 honesto
3146 2918 3318 2990 gloria
3359 2918 3432 2974 sit
3476 2913 3810 2984 communis,

2219 3020 2275 3068 et
2318 3028 2385 3068 ex
2411 3014 2657 3085 pernitim
2688 3011 3088 3069 incommodum
3110 3027 3262 3082 teque
3290 3010 3616 3083 patiamur.»

2290 3104 2380 3161 28.
2423 3103 2695 3160 Promotio
2745 3104 2955 3174 Amulli
2993 3103 3081 3157 ⁵⁸⁸.
3104 3135 3172 3145 ——
3207 3103 3324 3159 Rex
3356 3102 3554 3159 civium
3584 3105 3812 3155 senten-

2143 3233 2191 3299 α
2222 3195 2352 3252 tiam
2383 3196 2664 3269 adprobat,
2696 3206 2754 3251 ut
2784 3211 2968 3252 coram
3006 3196 3309 3252 deliberent
3330 3195 3505 3266 jubet.
3534 3190 3810 3299 Rationes

2220 3304 2404 3346 coram
2452 3289 2727 3361 disposita:
2776 3298 2923 3345 sunt.
2972 3286 3256 3345 Arnulfutn
3314 3288 3495 3359 itaque
3545 3285 3593 3342 si
3657 3281 3811 3357 quod

521 3363 789 3436 quosdam
825 3364 899 3398 ⁸⁵⁸
946 3367 1095 3437 regis
1138 3366 1427 3437 stipatores
1470 3368 1539 3423 ab
1587 3384 1711 3440 rege
1750 3370 2113 3440 episcopatum

2220 3381 2450 3453 spondet
2476 3379 2661 3447 faciat,
2703 3380 2923 3452 dignum
2950 3394 3163 3435 summo
3200 3377 3503 3434 sacerdotio
3526 3382 3806 3433 asserunt.

520 3455 833 3527 expetebat,
863 3456 1123 3512 Karolum
1159 3472 1375 3529 quoque
1406 3467 1658 3529 patruum
1713 3474 1834 3537 sese
1868 3460 2113 3515 desertm

2218 3473 2407 3546 Itaque
2431 3484 2682 3541 vocatus,
2708 3484 2763 3529 et
2794 3482 2920 3530 ante
2948 3489 3128 3545 regem
3168 3472 3440 3528 admissus
3463 3478 3569 3527 est.
3598 3467 3704 3537 Qui
3734 3467 3810 3525 de

522 3563 647 3607 ιύω
671 3551 912 3618 mandi“:
943 3551 1104 3607 ﬁdem
1126 3552 1384 3623 spondet;
1410 3552 1659 3624 regisque
1693 3552 1944 3623 il'll'l‘iam
1976 3552 2117 3608 υιιυ-
2218 3564 2325 3621 ﬁde
2356 3564 2600 3621 habenda
2648 3579 2777 3638 erga
2827 3579 3012 3634 regem
3060 3552 3388 3629 seiscitatus,
3443 3560 3510 3617 ad
3557 3559 3807 3616 omnium

522 3656 681 3712 rum;
738 3655 926 3721 contra
960 3645 1143 3701 hostes
1178 3646 1343 3700 etiam
1380 3645 1523 3717 regis
1551 3645 1782 3718 plurima
1822 3647 2066 3702 nisurum
2096 3662 2111 3701 :

2218 3667 2343 3713 vota
2396 3656 2789 3713 modestissime
2847 3654 3142 3727 respondit.
3183 3654 3266 3709 Ad
3319 3644 3625 3711 coenobium
3672 3665 3809 3723 ergo

522 3736 714 3792 urbem
760 3734 1078 3791 Laudunum
1116 3736 1183 3792 ab
1223 3737 1470 3793 hostibus
1507 3752 1827 3809 pervasam,
1863 3738 1918 3793 in
1960 3737 2113 3793 brevi

2220 3749 2611 3804 monachorum
2644 3749 2816 3803 sancti
2850 3746 3081 3818 Remigii
3117 3747 3260 3817 quod
3289 3747 3357 3802 ab
3387 3738 3519 3802 urbe
3558 3759 3671 3800 uno
3700 3743 3810 3798 mi-

522 3827 886 3886 redditurum.
942 3828 1096 3901 Regii
1151 3830 1441 3900 stipatores
1496 3830 1700 3896 laetati,
1745 3831 2113 3902 episcopatum

2218 3839 2379 3895 liario
2414 3841 2577 3895 situm
2612 3847 2718 3904 est,
2768 3839 2858 3894 ubi
2888 3838 3157 3893 ordinatio
3185 3838 3563 3908 episcoporum
3593 3848 3663 3891 ex
3696 3849 3809 3891 an-

522 3920 727 3993 petcnti
751 3937 913 3994 quam
944 3922 1054 3979 cito
1083 3922 1202 3978 dari
1229 3924 1490 3988 suadent,
1537 3923 1648 3994 regi
1676 3921 1750 3977 nil
1776 3922 2113 3994 perditurum
2218 3929 2368 4000 tiquo
2398 3929 2643 3984 habenda
2672 3936 2776 3994 est,
2822 3944 2852 3983 ει
2894 3942 3020 3998 rege
3072 3936 3126 3984 et
3174 3927 3501 3998 primatibus
3533 3926 3803 3984 deductus

523 4026 856 4084 asserentes,
881 4017 927 4073 si
945 4017 1046 4073 sibi
1070 4016 1366 4073 militaturo
1387 4026 1442 4072 et
1465 4015 1624 4072 ﬁdem
1657 4025 1940 4071 servatum
1970 4013 2113 4085 quod
2216 4031 2319 4078 est.
2367 4020 2468 4078 Ubi
2498 4037 2595 4077 rex
2644 4036 2766 4077 cum
2812 4035 3030 4077 suorum
3082 4020 3292 4076 medius
3343 4019 3624 4085 resideret,
3678 4025 3807 4091 post

520 4109 661 4182 petit
704 4110 988 4181 largiatur-
1033 4108 1198 4166 Μυιιο
1234 4110 1397 4165 etiam
1435 4109 1535 4165 sibi
1560 4106 1935 4180 profuturum.
1973 4109 2017 4163 si
2059 4106 2140 4163 id-
2214 4115 2441 4173 consilia
2494 4115 2636 4187 apud
2689 4130 2818 4171 suos
2844 4115 3105 4172 secessim
3158 4114 3368 4177 habita,
3427 4110 3635 4169 liberali
3688 4111 3808 4169 elo-

520 4198 708 4270 faciat,
731 4201 874 4272 quod
908 4216 1032 4256 cum
1051 4199 1253 4256 factum
1283 4201 1376 4266 sit,
1400 4201 1640 4255 omnium
1680 4198 1909 4254 salutem
1974 4197 2107 4254 affe-

523 4300 658 4349 Ctet.
707 4290 825 4347 Rex
856 4305 1045 4348 eorum
1098 4289 1442 4346 suasionibus
1492 4289 1879 4360 adquiescens,
1912 4289 2110 4347 Remos

522 4384 761 4453 devenit,
789 4385 999 4443 civibus
1028 4386 1171 4441 hanc
1193 4384 1509 4456 petitionem
1533 4393 1873 4451 ostensurus,
1903 4398 1970 4438 ne
2000 4398 2112 4439 ma-

523 4475 697 4537 leﬁdaa
720 4477 1029 4551 sponsionis
1054 4486 1332 4533 teneretur
1356 4476 1641 4533 obnoxius.

2213 4210 2342 4281 quio
2370 4209 2450 4265 sic
2477 4207 2673 4264 allatus
2698 4217 2781 4263 est
2812 4226 2825 4262 :
2861 4227 2880 4260 ι
2915 4207 3062 4263 Divze
3112 4207 3391 4262 memoria:
3418 4203 3489 4238 ⁸⁸⁸
3519 4204 3802 4263 Ludovico

2211 4301 2455 4359 Lotharii
2484 4299 2593 4357 ﬁlio
2618 4300 2737 4357 orbi
2766 4300 3064 4366 subtracto,
3097 4298 3143 4354 si
3191 4298 3373 4369 proles
3413 4294 3800 4370 superfuisset,

2210 4408 2333 4451 eam
2383 4394 2486 4450 sibi
2529 4393 2858 4450 successisse
2915 4391 3135 4462 dignum
3173 4388 3335 4448 foret.
3369 4390 3506 4459 Quia
3539 4404 3672 4446 vero
3708 4388 3817 4446 re-'

2210 4486 2312 4558 gite
2343 4484 2682 4558 generationi
2709 4482 2983 4539 successio
3010 4482 3156 4539 nulla
3181 4491 3287 4550 est,
3323 4481 3488 4551 idque
3545 4478 3805 4538 omnibus

592 4569 685 4628 26.
725 4569 912 4628 Oratio
935 4571 1068 4642 regis
1089 4568 1159 4602 ’δ’
1180 4569 1248 4624 ad
1269 4569 1400 4624 εὶυεδ
1426 4568 1721 4624 Remum-
1753 4597 1825 4608 --
1844 4567 1911 4624 El
1939 4568 2110 4626 omni-
2135 4616 2187 4679 Β
2211 4578 2284 4634 ita
2312 4576 2428 4633 fore
2454 4583 2628 4646 patet,
2655 4575 2823 4631 vestri
2866 4583 3295 4643 caeterorumque
3325 4572 3658 4644 principum,
3706 4585 3807 4627 eo-

520 4663 626 4724 bus
677 4663 977 4729 accersitis,
1020 4662 1100 4719 sic
1152 4661 1364 4719 locutus
1408 4662 1485 4717 ait
1526 4679 1540 4717 :
1575 4679 1594 4715 ι
1658 4661 1925 4729 Quoniam
1981 4661 2107 4718 ﬁdei

523 4769 874 4820 exsecutores
921 4775 1019 4817 vos
1065 4758 1313 4832 probavi,
1356 4774 1457 4815 nec
1503 4772 1590 4814 me
1642 4774 1672 4813 a
1721 4758 1827 4813 ﬁde
1870 4757 2107 4814 alienum

523 4851 897 4925 experiemini.
927 4850 1062 4908 Cum
1105 4852 1249 4907 enim
1275 4850 1346 4907 sit
1384 4849 1538 4918 fides,
1578 4866 1700 4906 cum
1730 4848 1873 4920 quod
1907 4848 2109 4905 dicitur

523 4944 608 5012 fit,
637 4942 765 5017 quia
811 4958 909 5000 vos
941 4942 996 4998 id
1034 4941 1230 4999 fecisse
1257 4941 1537 5014 perspitio,
1569 4950 1624 4997 et
1653 4956 1739 4997 me
1764 4940 1978 5011 penitus
2008 4939 2107 4995 ob-

523 5051 773 5096 servasse
817 5036 963 5094 idem
1009 5037 1204 5093 fateor.
1253 5035 1511 5093 Arnulfus
1562 5036 1700 5092 divae
1730 5034 2005 5092 memoriae
2033 5033 2105 5069 ’θ’

2215 4685 2337 4727 rum
2384 4669 2549 4725 etiam
2596 4670 2686 4739 qui
2744 4668 2797 4723 in
2852 4668 3073 4723 militari
3124 4667 3315 4723 ordine
3360 4665 3596 4739 potiores
3640 4671 3806 4723 erant

2214 4762 2434 4835 optione
2462 4768 2796 4832 assumptus,
2843 4758 3154 4831 praemineo.
3186 4756 3341 4814 Nunc
3365 4772 3495 4814 vero
3539 4755 3801 4828 quoniam

2212 4869 2281 4911 ex
2319 4854 2457 4909 linea
2492 4852 2656 4925 regali
2687 4851 2774 4908 hic
2810 4851 2953 4921 unde
2980 4866 3159 4907 sermo
3183 4859 3268 4907 est
3308 4849 3457 4906 solus
3503 4848 3801 4921 superfuit,

2212 4962 2282 5005 ne
2330 4945 2464 5002 tanti
2510 4945 2679 5016 patris
2735 4960 2931 5001 nomen
2985 4944 3163 5000 adhuc
3210 4942 3482 5000 oblivione
3529 4940 3798 5011 fuscetur,

2211 5040 2358 5098 hunc
2389 5040 2734 5112 superstitem
2764 5038 2992 5111 alicujus
3014 5027 3297 5108 dignitatis
3327 5038 3533 5095 honore
3557 5051 3802 5110 expopo-

521 5130 766 5189 Lotharii
796 5146 865 5189 ex
893 5130 1194 5188 concubina
1223 5128 1382 5196 ﬁlius,
1419 5129 1580 5201 hujus
1617 5128 1759 5185 sedis
1788 5128 2107 5201 dignitatem
2211 5132 2395 5189 scistis
2423 5131 2634 5187 donari.
2661 5129 2721 5186 Si
2765 5145 2895 5202 ergo
2939 5130 3063 5186 ﬁdei
3086 5128 3369 5186 servandae
3404 5128 3498 5201 jus
3544 5126 3803 5201 pollicea-

520 5238 620 5298 per
652 5223 863 5297 aliquos
913 5222 1005 5296 qui
1055 5222 1188 5278 mihi
1243 5220 1506 5277 assistunt
1548 5220 1802 5291 expetiit;
1854 5222 2110 5293 quiequid
2211 5235 2320 5294 tur,
2370 5224 2521 5282 urbis
2570 5225 2852 5282 tuitionem
2892 5224 3174 5298 spondeat,
3223 5222 3470 5279 hostibus
3524 5222 3692 5279 etiam
3739 5222 3800 5279 'in

520 5318 679 5376 nobis
704 5333 879 5392 nuper
906 5317 1219 5391 derogatum
1252 5324 1334 5372 est
1374 5330 1436 5371 se
1485 5314 1864 5371 restituturum
1905 5314 2113 5386 pollici-
2209 5315 2358 5373 nullo
2378 5330 2501 5373 sese
2525 5304 3071 5381 communicaturum,
3092 5314 3258 5369 immo
3283 5312 3405 5369 illos
3425 5311 3805 5386 impetiturum

521 5415 651 5479 tus;
700 5426 910 5469 necnon
961 5419 1019 5468 et
1071 5417 1261 5467 contra
1309 5408 1494 5466 hostes
1546 5408 1718 5465 multa
1771 5408 2107 5466 moliturum.
2210 5408 2515 5480 promittat,
2543 5406 2712 5463 vestri
2753 5406 2935 5478 juditii
2962 5420 3196 5462 censura
3227 5403 3526 5461 concedere
3574 5403 3627 5461 ei
3679 5404 3806 5479 epi-

522 5503 687 5578 Cujus
733 5504 1123 5579 promissiones
1174 5510 1231 5560 et
1280 5500 1462 5569 fidem,
1514 5500 1584 5559 ad
1616 5511 1859 5560 vestrum
1902 5500 2106 5559 contuli
2213 5510 2496 5574 scapatum
2523 5515 2631 5559 non
2655 5500 2901 5575 pigebit;
2930 5500 3007 5558 ita
3032 5511 3209 5558 tamen
3240 5500 3621 5559 utsecundum
3664 5515 3809 5575 pru-
3878 5562 3886 5569 ,

1804 5688 2043 5747 VARIAE
2080 5687 2489 5749 LECTIONES.

593 5804 837 5894 mintho,
863 5825 968 5883 0po
991 5810 1213 5894 abscisa.
1382 5810 1663 5894 A_r_nulfus,
1687 5814 1860 5878 archi,
1886 5828 1941 5869 m
1963 5812 2192 5894 abscisa.
2237 5811 2336 5894 f“
2362 5826 2465 5894 per.
2482 5808 2658 5894 burch
2675 5808 2922 5894 deletam.
2996 5812 3067 5847 "’
3100 5814 3244 5888 regis
3262 5813 3550 5872 abscisum.
3623 5809 3696 5852 ⁸⁸⁸
3727 5806 3796 5870 D.

522 5877 599 5943 ὶΙ.
673 5880 744 5916 ⁸⁸⁸
771 5881 845 5952 i0,
873 5877 962 5941 eiu
980 5882 1207 5940 abscisa.
1282 5884 1352 5918 “'
1381 5885 1593 5942 videtur
1615 5877 1777 5958 supra
1805 5902 1917 5958 pos.
1943 5894 2046 5944 est.
2120 5883 2194 5918 '“
2221 5884 2299 5943 Ar
2323 5877 2515 5941 abscis.
2590 5879 2662 5926 ⁸⁸⁵
2700 5882 2764 5939 Ι).
2805 5883 2876 5940 Μ.
