3988 5362
179 287 272 343 15⁸1

1101 283 1576 341 HISTORIARUM
1611 281 1792 336 LlBRl
1821 278 2176 346 QUATUOR.
2215 315 2284 323 —
2322 284 2448 340 LIB.
2489 283 2578 338 ιν.

3322 286 3423 341 158

181 397 409 454 dentiam
439 396 844 453 ordinationem
863 437 880 462 ,
905 397 1230 452 sacramenti
1261 397 1586 452 auctoritate
1616 395 1747 450 mihi
1780 376 1822 433 Α
1854 393 1992 462 guis,
2017 394 2144 448 illud
2167 404 2344 450 tamen
2367 385 2647 451 infortunii
2677 409 2846 467 genus
2875 393 3261 460 arbitrabatur,
3288 399 3433 466 quod
3471 469 3473 472 j

181 505 410 546 conexus
437 489 528 543 sit.
545 508 566 541 ι

239 579 326 634 29.
367 577 686 648 Cirographi
712 577 784 612 m
807 580 1076 647 scriptum.
1126 609 1198 618 —
1254 597 1272 630 ς
1306 578 1378 633 Et
1430 587 1489 633 ut
1538 579 1754 649 penitus

178 670 363 725 mentis
391 678 715 740 conceptum
764 670 1024 740 aperiam,
1061 677 1182 738 post
1224 671 1519 740 jurationis
1571 685 1754 724 sacra-

177 772 435 827 mentum,
472 763 864 832 cirographum
887 763 954 815 ab
997 776 1062 815 eo
1116 761 1462 816 scribendum
1493 770 1644 829 puto.
1697 761 1754 815 lu

176 867 274 921 quo
319 851 722 905 maledictionis
774 849 1062 903 anathema
1112 850 1377 904 habeatur
1421 847 1753 916 hujusmodi,

177 945 310 1013 quod
350 944 402 998 ei
443 944 791 1013 imprazcetur
817 956 914 1011 pro
949 941 1194 995 felicibus
1221 940 1631 1001 contumeliosa,
1659 953 1756 1008 pro

177 1036 499 1089 salutaribus
545 1033 870 1104 pernitiosa,
889 1047 987 1101 pro
1015 1032 1257 1086 honestis
1287 1033 1486 1099 turpia,
1513 1044 1611 1098 pro
1635 1029 1755 1083 diu-

177 1127 427 1180 turnitate
469 1133 730 1194 punctum
749 1165 764 1190 ,
822 1139 919 1193 pro
939 1114 1152 1178 honore
1180 1131 1543 1192 contemptum
1563 1162 1578 1186 ,
1603 1131 1676 1186 et,
1701 1130 1758 1176 ut

178 1225 338 1270 totum
379 1215 778 1278 concludatur,
823 1228 919 1282 pro
959 1213 1212 1268 omnibus
1241 1213 1395 1267 bonis
1433 1212 1612 1266 omnia
1645 1226 1758 1264 ma-

178 1306 241 1358 la.
274 1305 429 1370 Quod
460 1304 626 1358 etiam
654 1302 970 1372 bipertitum
1001 1301 1117 1356 ﬁeri
1143 1301 1336 1370 placet.
1361 1299 1602 1355 Alterum
1629 1299 1758 1353 mihi

177 1396 267 1448 sibi
301 1394 536 1449 alterum
582 1393 932 1449 concedatur.
952 1392 1294 1462 Quandoque
1339 1392 1503 1446 etiam
1549 1391 1651 1444 hoc
1683 1390 1757 1444 illi

176 1484 466 1538 calumnias
497 1484 732 1553 ingeret,
775 1483 821 1537 si
857 1483 1086 1551 turpiter
1117 1498 1146 1536 a
1169 1481 1271 1536 ﬁde
1311 1483 1561 1538 declinet.
1596 1500 1614 1532 ι
1646 1481 1759 1536 Hac

176 1575 507 1645 promulgata
547 1573 851 1636 sententia,
890 1573 942 1626 id
982 1573 1052 1626 ita
1085 1572 1388 1627 faciendum
1419 1573 1486 1626 ab
1508 1571 1759 1627 omnibus

177 1649 444 1722 laudatum
491 1674 599 1721 est.
633 1665 886 1720 Procedit
925 1665 1106 1734 itaque
1151 1663 1648 1719 Arnulfus'coram.
1699 1661 1756 1716 Si

178 1758 226 1811 id
275 1757 559 1812 inventum
582 1757 822 1820 ‘_laudet,
871 1755 1188 1810 consulitur.
1243 1756 1326 1809 An
1379 1755 1458 1809 sic
1503 1754 1762 1824 suscipiat

179 1846 308 1915 quod
337 1847 490 1916 petit,
523 1847 856 1901 sciscitatur.
893 1844 987 1899 Ille
1013 1843 1232 1898 honoris
1267 1843 1524 1912 cupidus,
1576 1843 1763 1896 inven-

179 1941 280 1986 tum
309 1934 514 1988 laudat.
557 1934 694 1990 Sese
728 1933 806 1988 sic
831 1948 989 2003 posse
1015 1931 1289 2001 suscipere
1319 1939 1612 1985 asseverat.
1639 1928 1762 1985 Jus-

178 2039 260 2078 sus
296 2026 481 2094 itaque
507 2025 892 2096 cirographum
916 2024 1223 2092 bipertitum
1249 2021 1475 2078 notavit.
1523 2021 1656 2092 Regi
1690 2020 1761 2074 ai-

181 2122 365 2178 terum,
397 2114 637 2169 alterum
670 2115 772 2169 sibi
802 2114 1055 2168 servavit.

243 2205 329 2258 50.
372 2204 692 2258 Eukaristia
719 2203 792 2236 ⁸⁸⁸
807 2220 970 2257 causa
1015 2204 1320 2273 perditionis
1346 2203 1493 2257 data.
1517 2232 1585 2242 —
1607 2201 1761 2269 Quod

178 2308 292 2347 cum
327 2293 439 2362 regi
451 2294 686 2362 penitus
714 2292 1001 2358 sufﬁceret,
1028 2293 1303 2363 episcopis
1332 2301 1535 2358 tamen,
1565 2301 1626 2346 ut
1652 2290 1760 2346 fer-

180 2393 279 2448 tur,
297 2398 406 2437 non
428 2383 648 2438 satisid
663 2384 834 2438 visum
857 2393 960 2450 est,
990 2384 1091 2438 nisi
1119 2383 1248 2437 illud
1263 2383 1427 2438 etiam
1449 2384 1759 2448 adderetur,

179 2475 305 2529 utin
329 2476 631 2531 missarum
654 2475 1016 2532 celebratione
1037 2475 1389 2531 eukaristiam
1408 2491 1438 2528 a
1469 2474 1758 2530 sacerdote

176 2573 436 2630 sumeret,
479 2580 715 2634 eamque
743 2566 1059 2634 perditionis
1083 2581 1297 2621 causam
1328 2565 1430 2619 sibi
1454 2565 1760 2634 imprecan-

179 2655 239 2706 do
262 2667 454 2708 coram
486 2661 724 2722 optaret,
753 2655 797 2708 si
831 2653 990 2708 ﬁdem
1027 2655 1274 2710 violando
1303 2667 1540 2722 unquam
1579 2653 1763 2708 deser-

179 2749 257 2794 tor
283 2741 474 2797 ﬁeret.
521 2741 675 2809 Quod
703 2751 760 2797 et
792 2741 993 2798 factum
1024 2743 1148 2797 fuit.
1181 2743 1314 2797 Nam
1342 2741 1594 2798 sacerdos
1623 2742 1763 2796 inter

178 2833 588 2898 celebrandum,
621 2832 970 2888 eukaristiam
1000 2833 1213 2903 optulit,
1238 2842 1294 2888 et
1323 2833 1411 2887 ille
1433 2847 1762 2902 consequen-

180 2931 257 2976 ter
304 2924 566 2991 sumpsit,
600 2933 760 2993 atque
788 2922 1124 2992 adjuditium
1148 2925 1250 2979 sibi
1279 2924 1393 2978 ﬁeri
1423 2925 1667 2994 optavit,
1713 2923 1760 2978 si

179 3015 282 3070 ullo
333 3019 502 3071 modo
559 3015 681 3070 ﬁdei
739 3017 965 3072 violator
1014 3018 1292 3072 existeret.
1340 3015 1494 3084 Quod
1541 3017 1758 3072 tandem

183 3105 287 3174 regi
317 3114 375 3158 et
400 3104 726 3173 primatibus
755 3106 912 3160 ﬁdem
941 3106 1089 3161 fecit.

242 3195 335 3249 31.
379 3194 737 3263 Reprehensio
764 3197 827 3227 ⁸⁸⁷
861 3197 924 3250 de
953 3197 1153 3250 eodem.
1175 3227 1246 3237 —
1279 3195 1561 3252 Nonnullis
1585 3205 1762 3253 tamen

180 3296 403 3350 quorum
437 3298 594 3338 mens
615 3285 885 3355 purgatior
905 3294 1023 3339 erat
1068 3285 1332 3340 nefarium
1353 3295 1408 3343 et
1428 3295 1616 3342 contra
1643 3286 1766 3342 ﬁdei

175 3372 254 3440 ius
276 3375 332 3428 id
360 3375 634 3430 creditum
659 3384 758 3430 est.
787 3375 914 3446 Ejus
937 3377 1080 3431 modi
1103 3377 1244 3430 enim
1267 3386 1472 3432 naturae
1492 3377 1766 3431 hominem

181 3480 294 3520 esse
332 3465 585 3530 aiebant,
611 3465 847 3522 utl'acile
877 3482 974 3536 per
999 3482 1118 3523 sese
1163 3477 1543 3538 corrumpatur
1583 3469 1638 3522 in
1684 3483 1763 3533 se,

182 3557 410 3626 amplius
444 3572 580 3612 vero
611 3557 1018 3627 impulsiouibus
1041 3561 1107 3614 ad
1131 3559 1392 3629 ﬂagitium
1420 3559 1763 3614 extrinsecus

181 3659 331 3714 posse
382 3647 661 3716 pertrahi.
698 3646 1024 3703 Asserebant
1058 3663 1270 3718 quoque
1296 3663 1360 3702 ex
1405 3647 1640 3702 decretis
1673 3663 1767 3718 .pa-

183 3745 338 3802 trum,
371 3746 437 3792 et
467 3737 540 3770 ⁸⁸⁸
574 3752 845 3792 canonum
889 3738 1128 3808 scriptis,
1178 3753 1354 3808 neque
1413 3737 1638 3792 invitum
1696 3739 1764 3791 ad

182 3825 534 3880 eucaristiam
577 3825 983 3896 impellendum,
1013 3842 1187 3896 neque
1213 3827 1556 3882 eucaristiam
1587 3826 1764 3896 perdi-
1797 3843 1809 3848 τ

183 3915 340 3970 tionis
373 3930 550 3970 causa
573 3916 822 3986 cuiquam
851 3916 1200 3983 offerendam,
1230 3933 1352 3972 cum
1381 3917 1768 3988 redemptionis

183 4008 352 4076 gratia
401 4017 462 4063 et
495 4009 804 4078 petentibus
838 4008 1188 4076 oll‘erendam,
1237 4020 1294 4066 et
1339 4011 1522 4067 invitis
1567 4027 1769 4083 negan-

185 4098 300 4152 dam
329 4099 670 4152 credendum
695 4099 788 4153 sit.
838 4100 1119 4172 indignum
1147 4102 1311 4156 etiam
1350 4103 1521 4158 videri
1571 4119 1767 4174 panem

183 4189 506 4257 angelorum
537 4197 593 4242 et
617 4189 896 4244 hominum
952 4199 1157 4247 temere
1188 4193 1423 4262 indignis
1457 4193 1599 4260 dari,
1641 4211 1764 4251 cum

183 4273 288 4342 ipsa
320 4275 599 4330 Divinitas
630 4286 684 4331 et
712 4278 1018 4334 immundos
1056 4281 1367 4350 abhorreat,
1394 4292 1451 4337 et
1478 4299 1643 4354 puros
1668 4285 1758 4336 mi-

1856 483 1971 552 ipse
1995 494 2266 554 superstes
2300 487 2364 541 de
2387 487 2561 556 patrio
2587 500 2782 554 genere
2813 485 3016 541 nullum
3047 496 3239 555 prater
3263 486 3434 542 Κειτο-

1853 572 1962 626 lum
1989 574 2240 629 habebat.
2271 575 2628 630 Miserrimum
2657 593 2870 648 quoque
2913 579 3014 633 sibi
3043 573 3258 644 videri,‘
3284 579 3329 633 si
3382 580 3430 634 is

1855 661 2060 716 honore
2100 661 2457 720 frustraretur
2483 707 2497 728 ,
2531 667 2581 720 in
2629 683 2737 738 quo
2786 667 2902 722 solo
2943 684 3066 737 spes
3117 671 3434 726 restituendi

1856 767 2024 822 genus
2065 764 2349 822 paternum
2418 758 2518 810 sita
2549 757 2708 812 l'oret.
2746 757 2951 813 Patrue
2985 761 3168 828 itaque
3207 761 3433 816 misere-

1858 843 2075 908 scebat;
2111 844 2258 898 illum
2278 846 2570 914 cogitabat,
2601 847 2746 901 illum
2777 847 3178 920 colebat,[illum
3211 865 3308 920 pro
3333 864 3431 918 pa-o

1860 931 2102 987 rentibus
2141 934 2482 988 carissimum
2536 937 2786 991 habebat.
2835 938 2989 1006 Apud
3037 955 3196 1006 quem
3241 938 3436 994 collato

1859 1023 2102 1088 consilio,
2134 1025 2394 1093 querebat
2424 1040 2655 1092 quonam
2689 1027 2846 1082 modo
2872 1029 2924 1082 in
2952 1029 3166 1084 culmen
3210 1029 3438 1084 honoris

1860 1110 2007 1166 illum
2035 1115 2329 1182 provehere
2367 1123 2570 1183 posset,
2609 1115 2686 1170 sic
2713 1125 2893 1172 tamen
2919 1127 2980 1173 ut
3023 1118 3136 1188 ipse
3169 1121 3310 1191 regis
3339 1121 3437 1176 de-

1859 1210 2039 1256 SCI‘IOI‘
2065 1219 2170 1257 non
2199 1214 2507 1274 appareret.

1929 1292 2017 1347 35.
2055 1293 2338 1348 Remorum
2367 1298 2561 1366 captio.
2597 1323 2667 1337 -——
2704 1297 2867 1367 Cujus
2916 1301 2990 1354 rei
3039 1303 3304 1356 rationem
3356 1304 3438 1358 sic

1862 1380 1976 1436 ﬁeri
2022 1382 2408 1448 arbitrabatur,
2465 1394 2524 1438 ut
2578 1397 2904 1443 statueretur
2948 1389 3016 1421 ⁸⁸⁸
3047 1399 3275 1461 tempus,
3331 1409 3438 1462 quo

1860 1475 2120 1544 primates
2144 1486 2275 1545 quot
2303 1487 2504 1547 posset,
2540 1479 2592 1533 in
2628 1480 2759 1535 urbe
2788 1481 2898 1536 acsi
2931 1482 3132 1551 aliquid
3182 1499 3438 1555 magnum

1861 1567 2207 1622 ordinaturus
2232 1569 2345 1638 ipse
2369 1569 2667 1640 colligeret.
2701 1573 2851 1628 Tunc
2892 1574 3053 1628 etiam
3085 1573 3313 1630 Karolus
3341 1592 3440 1645 per

1865 1658 2039 1712 noctis
2067 1659 2276 1714 silentia
2307 1675 2430 1714 cum
2477 1662 2717 1716 exercitu
2761 1662 2826 1716 ad
2879 1673 3064 1732 portas
3097 1664 3248 1718 urbis
3273 1665 3440 1719 adre-

1866 1747 2024 1802 niret.
2055 1747 2164 1803 Nec
2193 1757 2318 1804 tunc
2346 1750 2559 1805 deesset
2584 1751 2674 1821 qui
2702 1754 2964 1808 exercitui
2996 1755 3223 1809 irruenti
3251 1763 3440 1824 portas

1865 1839 2146 1905 panderet,
2172 1837 2387 1906 juratus
2413 1841 2610 1895 secreti
2642 1841 2800 1897 ﬁdem
2828 1842 2922 1896 “7°.
2953 1843 3238 1899 Exercitus
3268 1845 3444 1900 intro-

1866 1927 2063 1982 missus
2093 1928 2281 1983 urbem
2306 1929 2606 1994 invaderet,
2636 1940 2798 2002 atque
2823 1948 2942 1987 sese
2970 1948 3090 1988 cum
3120 1933 3445 2002 primatibus

1863 2015 2105 2071 collectis
2149 2019 2658 2087 comprehenderet,
2719 2023 2827 2076 vim
2875 2023 3123 2087 inferret,
3166 2039 3228 2078 ac
3285 2037 3444 2094 erga-

1862 2108 2004 2163 stulo
2039 2109 2106 2141 ⁸⁷¹
2139 2111 2470 2166 detruderet.
2496 2112 2680 2182 Itaque
2707 2113 2908 2169 factum
2933 2113 3090 2180 foret,
3123 2123 3183 2168 ut
3211 2124 3266 2169 et
3292 2115 3440 2184 regia

1861 2209 2102 2270 potestas
2149 2201 2535 2266 inﬁrmaretur,
2588 2212 2642 2258 et
2681 2213 2874 2274 patruo
2907 2205 3080 2260 virtus
3121 2205 3441 2260 dominandi

1862 2299 2196 2361 augesceret,
2224 2306 2325 2347 nec
2357 2292 2469 2361 ipse
2498 2293 2741 2347 desertor
2768 2293 3060 2348 videretur.
3093 2292 3246 2361 Quod
3275 2302 3331 2349 et
3360 2293 3436 2348 ef-

1861 2377 2065 2434 fectum
2097 2382 2304 2436 habuit.

1932 2469 2019 2523 54.
2063 2469 2128 2525 G.
2161 2481 2216 2526 et
2254 2473 2315 2527 V.
2345 2473 2594 2539 comites,
2625 2485 2785 2545 atque
2823 2476 2958 2532 alios
3000 2476 3145 2531 viros
3193 2475 3440 2531 consula-

1862 2573 1950 2614 res
1973 2560 2042 2592 ⁸⁷¹
2089 2560 2299 2616 invitat.
2328 2563 2591 2630 Quiddam
2635 2582 2888 2636 magnum
2919 2582 3036 2621 sese
3064 2567 3443 2621 ordinaturum

1862 2651 2123 2717 mandat;
2162 2653 2300 2707 unde
2328 2665 2385 2709 et
2431 2656 2658 2710 multum
2706 2659 2786 2712 eis
2813 2659 3218 2711 maturandum.
3251 2659 3330 2712 Illi
3365 2658 3441 2712 si-

1863 2755 1932 2796 ne
1963 2741 2220 2797 dilatione
2275 2744 2631 2809 advenerunt,
2661 2745 2714 2798 in
2756 2747 3015 2815 obsequio
3042 2747 3244 2801 domini
3290 2761 3449 2816 para-

1863 2830 2104 2886 tissimos
2149 2847 2207 2886 se
2247 2831 2700 2888 demonstrantes.
2733 2834 2992 2890 Arnulfus
3037 2835 3142 2890 alia
3191 2849 3290 2906 pro
3321 2835 3444 2889 aliis

1863 2920 2020 2984 dans,
2051 2923 2193 2990 quod
2219 2937 2346 2976 vere
2380 2923 2599 2978 molitur
2622 2924 2839 2993 penitus
2866 2925 3188 2979 dissimulat.
3212 2926 3294 2980 Ad
3316 2925 3446 2994 quid

1864 3011 2043 3078 potius
2072 3013 2342 3076 intendat,
2371 3028 2560 3068 omnes
2587 3013 2862 3084 ignorant.
2891 3005 2995 3068 ‘Uni
3023 3022 3230 3068 tantum
3255 3014 3322 3068 de
3352 3030 3448 3068 cu-

1857 3099 1948 3169 jus
1981 3104 2348 3159 taciturnitate
2377 3113 2432 3160 et
2463 3103 2566 3160 ﬁde
2593 3121 2698 3161 non
2727 3104 3016 3169 dillidebat,
3055 3105 3104 3159 id
3132 3114 3298 3159 totum
3325 3120 3448 3159 cre-

1867 3193 2024 3248 dulus
2068 3193 2359 3248 commisit.
2405 3192 2520 3260 Qua
2558 3205 2716 3250 nocte
2746 3188 2975 3250 Karolus
2997 3195 3068 3226 ⁸⁷³
3110 3195 3450 3249 iutromiten-

1867 3281 1970 3336 dus
1997 3281 2068 3314 W’
2100 3291 2245 3337 esset
2287 3283 2535 3352 aperuit;
2564 3293 2619 3337 et
2644 3293 2703 3337 ut
2729 3293 2857 3339 tunc
2893 3294 3175 3354 portarum
3207 3285 3388 3340 claves
3417 3301 3452 3340 a

1867 3387 1966 3426 suo
2008 3371 2258 3426 cervicali
2311 3371 2544 3437 tolleret,
2581 3374 2878 3442 urbemque
2919 3374 3144 3429 armatis
3190 3375 3447 3444 aperiret,

1861 3463 2041 3533 jussit.
2073 3461 2182 3518 Nec
2211 3462 2378 3517 multo
2404 3473 2547 3533 post,
2573 3480 2678 3520 nox
2707 3468 2792 3520 cui
2811 3468 2916 3522 'hoc
2955 3467 3252 3522 debebatur
3297 3465 3450 3539 ﬂagi-

1872 3554 2023 3616 tium,
2057 3551 2227 3607 all‘uit.
2246 3552 2474 3608 Karolus
2501 3571 2622 3610 cum
2653 3557 2892 3612 exercitu
2915 3565 3159 3625 tempore
3187 3559 3448 3627 deputato

1871 3644 1939 3698 ad
1968 3652 2156 3712 portas
2183 3645 2336 3699 urbis
2359 3655 2656 3701 nocturnus
2685 3646 2855 3701 all‘uit.
2891 3648 3124 3717 Algerus
3153 3649 3441 3720 presbyter

1867 3763 1937 3773 —
1961 3735 2041 3788 sic
2061 3733 2204 3786 enim
2234 3735 2525 3788 vocabatur
2549 3764 2617 3774 ——
2637 3738 2932 3790 introrsum
2968 3751 3090 3790 cum
3117 3737 3364 3793 clavibus
3390 3755 3449 3793 se

1870 3834 2190 3896 praesentem
2219 3826 2423 3881 habuit.
2455 3827 2501 3881 Α
2524 3842 2632 3895 quo
2653 3842 2776 3881 mox
2802 3836 2970 3896 portae
2991 3828 3278 3896 patefacta:
3301 3840 3449 3893 sunt,

1871 3919 2255 3988 exercitusque
2281 3919 2647 3974 intromissus.
2684 3918 2823 3975 Urbs
2863 3933 3076 3990 quoque
3120 3936 3151 3974 a
3186 3921 3456 3990 praedoni-

1871 4009 1972 4064 bus
2003 4010 2213 4080 direpta
2243 4021 2298 4064 et
2329 4010 2581 4079 spoliata.

1939 4098 2031 4156 55.
2072 4099 2282 4169 Amulli
2335 4101 2406 4133 ⁸⁷⁸
2450 4118 2767 4172 suorumque
2809 4102 2980 4172 captio
3031 4101 3124 4157 ⁵⁷⁸.
3173 4133 3245 4144 --
3300 4103 3454 4159 Unde

1873 4208 1996 4248 cum
2044 4193 2248 4248 clamor
2293 4206 2389 4262 per
2407 4193 2594 4248 urbem
2627 4193 2802 4258 ﬁeret,
2835 4194 3206 4264 tumultusque
3239 4193 3453 4250 discur-

1875 4283 2108 4338 rentium
2175 4284 2321 4338 cives
2369 4285 2616 4340 incautos
2663 4285 2947 4351 excitaret,
2985 4285 3247 4340 Arnull'us
3293 4301 3452 4355 teque

183 4380 235 4418 ra
268 4368 549 4436 parcitate
577 4368 772 4434 foveat,
807 4370 959 4440 juxta
997 4373 1138 4440 quod
1179 4376 1441 4444 scriptum
1489 4385 1572 4430 est
1601 4394 1616 4430 :
1651 4373 1770 4444 Spi-
1797 4411 1846 4470 ι)
1874 4373 2146 4429 turbatum
2187 4373 2423 4428 clamore
2449 4389 2570 4429 sese
2617 4375 2855 4429 simulat.
2888 4376 2954 4429 Et
2985 4376 3192 4446 ﬁngens
3224 4385 3452 4436 metum,

183 4460 310 4513 ritus
341 4469 564 4513 sanctus
592 4459 882 4530 disciplina:
909 4463 1118 4534 effugiet
1148 4465 1353 4533 ﬁctum,
1382 4477 1432 4520 et
1478 4467 1679 4535 auferet
1708 4484 1762 4521 se

186 4567 213 4601 α
251 4553 666 4620 cogitationibus
693 4571 812 4624 qua
839 4566 960 4609 sunt
983 4557 1092 4611 sine
1123 4558 1410 4625 intellectu,
1441 4569 1491 4615 et
1520 4563 1766 4630 corripie-

185 4647 264 4690 tur
291 4657 325 4692 α
356 4642 750 4708 superveniente
778 4642 1050 4713 iniquitate
1073 4641 1222 4716 (Sap.
1257 4664 1297 4712 ι,
1327 4645 1404 4718 5).
1443 4648 1525 4702 Ab
1551 4649 1765 4718 episco-

183 4727 261 4794 pis
286 4744 431 4800 ergo
459 4728 750 4785 Remorum
785 4733 1061 4790 dioceseos
1105 4737 1387 4792 ordinatus
1426 4738 1683 4793 Arnullus
1712 4748 1766 4794 et

184 4821 612 4878 sacerdotalibus
671 4823 855 4878 infulis
890 4826 1142 4881 decenter
1188 4829 1475 4898 insignitus
1511 4839 1614 4885 est.
1653 4829 1766 4888 Nec

188 4912 352 4964 multo
386 4923 527 4982 post,
561 4931 589 4967 a
621 4930 759 4984 papa
794 4915 1040 4973 Romano
1070 4920 1296 4976 missum
1326 4922 1635 4989 apostolicae
1664 4939 1762 4978 au-

190 5005 456 5058 ctoritatis
483 5005 705 5076 pallium
735 5009 984 5076 sumpsit.

254 5095 346 5149 52.
393 5093 542 5159 Quod
584 5096 818 5166 amplius
867 5098 1010 5167 justo
1051 5099 1310 5155 Karolum
1357 5102 1612 5173 Arnulfus
1638 5104 1767 5161 dile-

1874 4463 2064 4517 turrim
2115 4463 2270 4530 petiit
2317 4474 2480 4532 atque
2527 4466 2861 4520 conscendit.
2915 4466 3084 4532 Quem
3116 4468 3348 4523 comites
3380 4467 3452 4499 ⁸⁷⁸

1871 4555 2065 4620 secuti,
2117 4563 2237 4623 post
2276 4569 2334 4609 se
2391 4556 2528 4609 ostia
2583 4557 2928 4613 ohserovere.
2984 4558 3217 4614 Karolus
3256 4560 3459 4614 Arnul-

1870 4645 1982 4697 tum
2023 4645 2342 4713 perquirens
2387 4659 2487 4699 nec
2513 4645 2808 4716 reperiens,
2842 4648 3058 4702 ubinam
3087 4647 3283 4703 lateret
3308 4663 3461 4702 scru-

1871 4738 2108 4790 tabatur.
2156 4733 2255 4789 Cui
2304 4750 2427 4790 cum
2480 4737 2804 4804 proderetur
2850 4739 2904 4793 in
2959 4739 3127 4794 turris
3174 4738 3459 4793 cacumine

1870 4827 2082 4893 latere,
2137 4828 2276 4882 ostio
2334 4842 2459 4880 mox
2509 4829 2762 4884 custodes
2793 4830 3060 4886 adhibuit.
3113 4831 3178 4886 Et
3206 4828 3460 4896 quoniam

1870 4934 1975 4974 nec
2002 4921 2182 4975 cibum
2224 4932 2325 4973 nec
2358 4934 2510 4972 arma
2544 4929 2669 4973 ante
2691 4927 3103 4992 congesserant,
3139 4919 3336 4975 Karolo
3374 4930 3463 4969 cc-

1869 5015 2030 5078 dunt,
2063 5023 2227 5082 atque
2255 5029 2283 5066 a
2317 5013 2452 5066 turri
2504 5014 2718 5084 egressi
2738 5026 2885 5072 sunt.

1947 5103 2038 5159 56.
2075 5103 2568 5173 Comprehensique
2599 5114 2651 5159 et
2675 5105 2990 5165 Laudunum
3023 5106 3192 5169 ducti,
3223 5095 3469 5156 custodi—
