3988 5362
548 332 667 389 139·

1637 327 1912 385 RICHERI
1936 328 1996 384 S.
2029 330 2289 388 REMIGII
2325 331 2633 391 MONACHI

3704 346 3809 403 NO

545 454 839 522 querente,
905 438 1235 503 unanimiter
1305 445 1670 519 refragantur.
1742 444 1935 503 Odium
1992 461 2122 517 ergo
2149 452 2198 511 Α
2226 449 2375 506 brevi
2410 451 2718 523 adepturus.
2751 452 3022 512 Processit
3045 433 3315 515 exercitus
3340 468 3569 532 uterque
3591 501 3607 526 ,
3633 459 3811 517 donec

547 542 819 612 utrimque
844 541 1130 608 simulant;
1166 542 1311 613 pium
1341 541 1590 598 atfectum
1618 540 1766 595 nullo
1806 541 1965 595 modo
1994 555 2126 610 prn-
2225 535 2366 590 alter
2414 536 2642 593 alterum
2674 540 2726 594 iu
2765 551 3051 614 prospectu
3084 543 3334 614 haberet;
3372 557 3428 603 et
3474 549 3553 604 sic
3578 555 3810 620 uterque

546 635 696 689 dunt.
732 632 814 688 Ab
844 641 1072 704 utroque
1099 634 1435 704 querimonia
1458 633 1712 688 nonnulla
1740 633 2121 699 simulabatur,

550 739 617 779 eo
646 723 790 793 quod
834 724 973 779 alter
1013 725 1283 788 desertor,
1335 724 1474 779 alter
1521 724 1743 780 invasor
1789 725 2012 781 alterius
2056 725 2124 780 ab

543 824 773 885 utroque
794 817 1169 872 euuntiaretur
1200 816 1292 869 ⁸⁷⁷.
1326 814 1565 870 Tandem
1618 814 1874 871 Arunlfus
1920 816 1991 852 ⁵⁷⁸
2035 831 2123 870 sa-

543 914 820 961 cramento
858 905 1012 961 fidem
1044 905 1267 972 faciens,
1320 905 1567 961 libertate
1594 907 1797 976 potitus
1837 916 1920 963 est
1957 915 2010 963 et
2055 906 2121 962 ad

540 1010 636 1049 sua
669 1010 937 1050 reversus.
970 994 1168 1051 Karolo
1201 996 1398 1050 exinde
1435 996 1489 1050 in
1538 996 1787 1052 omnibus
1825 996 1975 1051 favit.
2026 996 2120 1052 Jus

539 1097 750 1152 quoque
800 1082 947 1148 fidei,
999 1084 1111 1153 regi
1142 1083 1471 1138 servandum
1491 1124 1505 1150 ,
1533 1084 1749 1153 penitus
1780 1084 2011 1153 abrupit.
2051 1083 2116 1140 G.

536 1184 592 1231 et
621 1177 685 1232 ν.
712 1191 810 1247 per
834 1176 951 1234 dies
980 1176 1193 1248 aliquot
1237 1192 1457 1233 carcere
1505 1178 1741 1244 detrusi,
1791 1193 1897 1233 nou
1949 1178 2121 1234 multo

532 1278 655 1340 post
682 1279 1028 1325 sacramento
1056 1271 1294 1336 astricti,
1334 1270 1513 1325 redire
1541 1269 1788 1339 permissi
1830 1277 1973 1324 sunt.
2014 1268 2120 1323 Ka-

532 1357 679 1414 rolus
706 1373 854 1430 ergo,
889 1358 1028 1414 felici
1057 1374 1309 1415 successu
1361 1360 1609 1430 insignis,
1662 1359 1953 1414 Remorum
2000 1374 2117 1415 me-

534 1448 785 1518 tropolim
832 1463 956 1503 cum
1019 1449 1277 1506 Lauduuo
1303 1490 1317 1515 ,
1348 1464 1413 1506 ac
1455 1449 1771 1517 Suesionis,
1818 1464 2116 1522 earumque

531 1541 742 1610 Oppidis
771 1541 1024 1612 optinuit.

602 1634 692 1687 57.
733 1632 968 1704 Impetus
999 1635 1068 1668 ⁸⁷⁸
1098 1619 1336 1706 [lagonis
1366 1634 1458 1694 ⁸⁸η.
1486 1664 1557 1676 -
1583 1634 1694 1692 Nec
1725 1635 1894 1692 defuit
1920 1636 2011 1707 qui
2063 1636 2116 1691 id

533 1726 601 1781 ad
630 1726 777 1797 regis
824 1727 895 1759 ⁸⁸⁸
924 1743 1082 1785 aures
1110 1728 1439 1800 perferrent.
1480 1727 1596 1797 Qua
1646 1744 1741 1784 rex
1789 1728 2112 1784 contumelia

2225 625 2364 683 fixus
2392 627 2641 684 herebat.
2679 628 2963 703 Utrimque
2995 648 3101 689 non
3130 636 3474 694 mediocriter
3499 638 3807 694 dubitatum

2223 727 2343 785 est,
2371 735 2492 776 cum
2521 721 2749 779 Karolus
2778 725 2855 779 rei
2889 727 3137 784 militaris
3166 728 3399 800 inopiam
3435 730 3685 796 haberet,
3714 746 3806 785 re-

2222 825 2342 882 gem
2372 826 2501 868 vero
2524 813 2736 870 animus
2758 815 2841 870 sui
2882 816 3141 873 facinoris
3183 821 3433 875 conscius
3477 830 3666 877 contra
3713 820 3811 892 jus

2222 914 2383 971 agere
2412 901 2481 933 ⁸⁸³
2512 912 2798 973 argueret,
2858 919 2981 959 cum
3013 904 3266 960 Karolum
3319 919 3543 978 paterno
3597 908 3809 963 honore

2222 994 2550 1064 spoliaverit,
2580 1004 2742 1067 atque
2766 997 2917 1068 regni
2938 996 3060 1066 jura
3083 997 3135 1052 iu
3158 1012 3277 1054 sese
3303 997 3674 1054 transfuderit.
3708 999 3811 1055 His

2221 1095 2447 1155 uterque
2468 1086 2663 1142 bereus
2684 1087 3032 1157 persistebat.
3059 1087 3299 1142 Tandem
3322 1089 3531 1142 ratione
3557 1101 3806 1159 congrua

2222 1191 2251 1230 a
2282 1176 2602 1246 primatibus
2647 1176 2759 1247 regi
2793 1185 3105 1246 suggestum
3145 1186 3228 1233 est
3256 1177 3642 1248 aliquantiSper
3675 1191 3804 1232 cum

2220 1272 2460 1328 exercitu
2489 1273 2757 1327 standum.
2795 1271 2853 1326 Si
2903 1272 3073 1327 hostis
3112 1272 3462 1335 adventaret,
3495 1271 3807 1325 comminus

2218 1362 2705 1434 congrediendum;
2738 1362 2781 1418 si
2829 1360 3007 1417 nullus
3034 1360 3346 1427 lacessiret,
3395 1376 3517 1417 cum
3556 1361 3805 1437 exercitu

2218 1452 2575 1509 redeundum.
2610 1451 2719 1507 Nec
2752 1453 2931 1508 minus
2959 1467 2990 1507 a
3030 1451 3226 1507 Karolo
3269 1452 3409 1507 idem
3438 1452 3803 1507 deliberatum

2219 1540 2339 1595 fuit.
2364 1539 2517 1595 Unde
2537 1541 2662 1610 quia
2690 1548 2918 1611 uterque
2945 1541 3207 1607 constitit,
3237 1549 3466 1610 uterque
3485 1541 3585 1597 sibi
3607 1542 3798 1597 cessit.

2218 1631 2332 1706 Rex
2359 1632 2655 1688 exercitum
2688 1632 2935 1701 reduxit;
2979 1631 3210 1688 Karolus
3236 1647 3367 1690 vero
3399 1632 3644 1690 Lauduni
3672 1648 3801 1691 sese

2218 1723 2443 1794 recepit.

524 1796 847 1886 perstrictus
889 1818 1017 1892 quid
1059 1796 1185 1874 inde
1219 1820 1484 1891 agendum
1512 1796 1669 1875 foret
1699 1819 2104 1876 sciscitabatur.
2144 1796 2188 1856 Β
2285 1813 2374 1869 40.
2414 1813 2560 1886 (991)
2590 1811 2657 1870 0.
2688 1813 2895 1870 interea
2938 1812 3237 1869 Drocarum
3278 1810 3425 1885 (l2?)
3452 1814 3698 1885 cupidus,
3725 1815 3801 1872 de

534 1906 920 1979 Comperitque
950 1925 1057 1964 non
1090 1910 1363 1979 precibus,
1413 1925 1521 1966 non
1571 1909 1751 1977 donis,
1786 1910 1879 1966 sed
1906 1910 2112 1967 viribus

525 2006 581 2053 et
608 1998 776 2053 armis
800 1998 1046 2055 invocata
1068 2000 1361 2056 Divinitate
1383 2001 1485 2056 hoc
1512 2015 1633 2056 esse
1654 1999 2107 2056 labefactandam.

524 2088 631 2145 Sex
658 2089 804 2145 milia
836 2090 1017 2161 itaque
1065 2091 1295 2146 militum
1359 2090 1578 2162 collegit
1626 2091 1681 2146 in
1728 2090 1999 2146 tirannum
2031 2090 2111 2146 ire

523 2181 844 2251 disponens;
874 2182 1208 2239 obsidionem
1232 2182 1279 2238 ei
1331 2181 1590 2238 adbibere
1628 2183 1870 2252 cupiens,
1922 2182 1969 2237 si
2018 2195 2113 2237 co-

518 2271 624 2342 piae
646 2272 748 2329 sibi
774 2272 1073 2341 sufﬁciant;
1126 2283 1182 2330 et
1204 2275 1249 2329 si
1278 2274 1328 2329 ei
1356 2272 1483 2328 felix
1513 2273 1656 2329 adsit
1698 2272 1937 2340 fortuna,
1986 2282 2107 2329 tau-

522 2364 612 2419 diu
671 2364 723 2420 id
772 2367 1111 2423 committere
1153 2367 1362 2434 volens,
1414 2368 1584 2423 donec
1636 2377 1731 2423 aut
1778 2367 1945 2423 armis
2017 2377 2110 2423 aut

516 2454 699 2512 inedia
754 2457 969 2513 hostem
1018 2459 1340 2529 praecipitet.
1393 2458 1765 2514 Proficiscitur
1808 2472 1939 2530 ergo
1990 2472 2105 2512 ma-

518 2550 812 2619 gnanimis.
862 2551 929 2606 Et
959 2565 1058 2621 per
1089 2560 1286 2608 terram
1318 2550 1478 2606 unde‘
1505 2565 1774 2607 annonam
1804 2550 1989 2606 hostes
2014 2566 2106 2606 as-

513 2641 824 2709 portahaut,
855 2641 1151 2697 exercitum
1183 2641 1366 2697 duxit.
1392 2640 1564 2709 Quam
1592 2640 1753 2698 etiam
1772 2640 1986 2710 penitus
2015 2641 2108 2695 de-

517 2731 807 2803 populatus
837 2733 1169 2800 combussit;
1197 2733 1277 2789 sic
1304 2731 1580 2797 etferatus,
1612 2740 1673 2786 ut
1703 2746 1804 2787 nec
1833 2731 2106 2803 tugurium

514 2820 705 2876 saltem
734 2821 983 2877 deliranti
1014 2822 1141 2877 anui
1189 2822 1539 2893 relinqueret.
1580 2820 1711 2877 Post
1747 2821 1931 2876 animo
1964 2835 2103 2891 prm-

513 2910 664 2981 eipiti
709 2911 1009 2965 exercitum
1042 2911 1095 2966 in
1123 2912 1332 2966 hostem
1365 2919 1688 2979 retorquens
1709 2949 1722 2974 ,
1754 2908 2095 2964 obsidionem

516 3001 776 3058 adhibere
804 3002 1102 3058 nitebatur.
1134 3000 1367 3057 Karolus
1423 3016 1547 3057 cum
1588 3008 1714 3054 ante
1767 3000 1870 3055 sibi
1917 3000 2104 3071 copias

518 3100 813 3162 parasset,
870 3093 1107 3149 venienti
1162 3093 1417 3150 resistere
1480 3091 1712 3148 viriliter
1780 3092 2099 3148 conabatur.

2213 1904 2457 1961 Lauduni
2485 1906 2735 1976 captione
2782 1920 2904 1962 sese
2947 1905 3237 1977 plurimum
3264 1905 3504 1962 diuidere
3540 1906 3681 1977 apud
3709 1920 3800 1960 re-

2213 2010 2333 2067 gem
2364 1996 2619 2051 simulate
2646 1996 3006 2066 querebatur,
3035 2010 3159 2051 eum
3208 1997 3349 2052 aries
3372 1998 3618 2064 cesserit,
3650 1997 3802 2053 mili-

2214 2094 2402 2157 tesque
2437 2087 2643 2143 viribus
2694 2087 3033 2153 ditliderent,
3088 2087 3256 2142 immo
3311 2088 3476 2143 etiam
3504 2090 3636 2145 urbs
3673 2090 3798 2159 ipsa

2210 2178 2570 2235 iuaccessibili
2614 2174 2721 2235 situ
2761 2178 3072 2235 obnitentes
3118 2187 3482 2249 contempnat.
3515 2178 3629 2235 Rex
3680 2193 3802 2235 me-

2209 2282 2335 2323 rore
2375 2267 2687 2340 confectus,
2736 2268 2805 2324 ab
2849 2265 2915 2323 Ο.
2947 2266 3186 2323 subsidia
3227 2268 3399 2337 petit;
3448 2281 3568 2323 sese
3617 2268 3797 2323 vicem

2209 2368 2743 2428 recompensaturum
2763 2398 2779 2424 ,
2827 2358 2874 2414 si
2903 2357 3088 2428 copias
3114 2358 3454 2429 suppeditet,
3480 2367 3535 2414 et
3565 2359 3632 2413 ad
3655 2359 3801 2413 inte-

2205 2465 2363 2521 grum
2393 2450 2585 2506 urbem
2613 2461 2902 2522 expugnet.
2936 2450 3087 2518 Quod
3115 2451 3161 2506 si
3196 2451 3665 2523 inpraesentiarum
3697 2452 3802 2507 ali-

2206 2543 2335 2613 quid
2356 2543 2498 2613 quod
2526 2543 2859 2614 largiendum
2883 2542 2954 2597 sit
2979 2551 3146 2613 petat,
3172 2544 3291 2599 sine
3317 2542 3481 2599 dubio
3506 2557 3626 2599 sese
3653 2543 3796 2598 libeo-

2207 2631 2395 2688 raliter
2445 2633 2833 2690 exhibiturum.
2905 2632 2969 2689 0.
3040 2633 3287 2690 Lauduui
3347 2634 3797 2706 inpugnationem

2206 2722 2473 2793 simulque
2495 2734 2550 2778 et
2569 2724 2870 2794 captionem
2903 2723 2955 2778 in
2982 2723 3230 2793 proxime
3251 2722 3556 2794 pollicetur,
3589 2723 3634 2778 si
3668 2733 3797 2778 tau-

2207 2821 2320 2868 tum
2374 2826 2406 2865 a
2453 2828 2580 2883 rege
2628 2813 2833 2868 Drocas
2862 2813 3110 2883 accipiat.
3145 2810 3260 2867 Rex
3288 2813 3537 2868 vincendi
3564 2813 3797 2884 gloriam

2203 2902 2447 2972 cupiens,
2474 2903 2674 2972 petenti
2702 2911 2940 2958 castrum
2966 2904 3295 2959 commodat.
3320 2902 3507 2959 Palam
3533 2905 3795 2963 omnibus

2204 2993 2370 3059 cedit,
2413 2993 2834 3064 promissionum
2866 2995 2931 3050 de
2959 2993 3221 3049 Lauduuo
3250 2993 3522 3051 credulus.
3556 2994 3621 3052 0.
3656 3011 3798 3067 quo-

2209 3099 2315 3155 que
2341 3073 2533 3140 urbem
2561 3085 2818 3141 amissam
2845 3086 2897 3141 in
2926 3085 3075 3142 brevi
3100 3100 3224 3142 sese
3250 3087 3582 3143 redditurum
3612 3088 3796 3159 palam

514 3146 762 3250 Quatuor
775 3184 921 3239 milia
938 3185 1139 3239 etenim
1164 3193 1521 3257 pugnatorum
1544 3182 1788 3238 Lauduni
1813 3182 2105 3254 collegerat
2129 3146 2177 3210 Ο
2207 3178 2460 3234 omnibus
2488 3179 2739 3249 spondet.
2771 3178 3020 3235 Castrum
3052 3195 3182 3252 ergo
3225 3196 3255 3236 a
3306 3196 3431 3253 rege
3469 3197 3795 3241 concessum

512 3275 804 3345 animoque
828 3274 1156 3341 ﬁrmaverat,
1189 3285 1246 3331 ut
1268 3276 1314 3331 si
1338 3291 1445 3332 non
1464 3274 1835 3347 impeteretur,
1853 3275 2102 3347 quiesce-

517 3374 640 3432 ret;
678 3373 733 3421 et
758 3366 1058 3434 resisteret,
1088 3367 1133 3422 si
1163 3376 1466 3437 urgeretur.

586 3454 676 3511 38.
704 3452 979 3511 Exercitus
1001 3455 1069 3489 ⁸⁸⁸
1098 3457 1356 3528 tripertito
1376 3456 1445 3489 ⁸⁸*
1473 3456 1748 3512 ordinatur
1786 3455 1876 3510 ⁸⁸⁸.
1902 3455 2103 3512 —Rex

519 3547 732 3603 interea
779 3548 1076 3603 exercitum
1108 3548 1401 3616 inducens,
1434 3548 1617 3606 Karoli
1657 3548 1923 3622 legionem
1954 3548 2103 3603 ordi-

510 3644 699 3692 natam
746 3646 1039 3709 pugnatum
1083 3638 1249 3695 videt.
1300 3638 1609 3694 Exercitum
1654 3654 1785 3711 ergo
1829 3639 2102 3710 tripertito

514 3728 726 3797 dividit,
749 3744 817 3784 ne
837 3729 1038 3786 multus
1062 3730 1335 3786 exercitus
1351 3770 1366 3795 ,
1399 3729 1539 3785 mole
1558 3729 1650 3785 ’sui
1674 3737 1952 3801 gravatus,
1976 3745 2105 3801 pro-

506 3819 645 3890 priis
673 3819 879 3875 viribus
914 3820 1287 3876 frustraretur.
1330 3819 1464 3877 Tres
1495 3820 1679 3890 itaque
1718 3820 1867 3876 acies
1895 3821 2104 3876 consti-

509 3909 652 3975 tuit,
690 3908 918 3978 primam
945 3909 1071 3964 belli
1120 3910 1326 3981 primos
1379 3910 1611 3980 impetus
1663 3909 1736 3945 ⁸⁸⁸
1796 3909 2092 3977 inituram;

509 4004 801 4058 secundam
833 4020 953 4073 quae
983 4004 1184 4060 labenti
1222 4011 1600 4070 succurreret,
1630 4003 1884 4075 viresque
1917 4004 2093 4061 refer-

507 4100 629 4156 ret;
653 4091 871 4146 tertiam
895 4107 1022 4148 vero
1051 4094 1236 4163 spoliis
1254 4094 1545 4164 eripiendis
1565 4094 1853 4150 ordinavit.
1884 4093 2093 4161 Quibus

511 4183 592 4236 sic
619 4182 805 4237 divisis
849 4191 904 4238 et
944 4184 1226 4250 ordinatis,
1285 4184 1457 4253 prima
1491 4184 1637 4240 acies
1690 4184 1860 4257 signis
1907 4187 2103 4242 erectis

509 4287 870 4342 congressum
894 4288 1018 4329 cum
1045 4289 1173 4347 rege
1198 4273 1517 4343 incedebat;
1548 4273 1768 4344 reliqua:
1820 4276 1939 4332 dum
1968 4276 2101 4334 locis

508 4362 818 4417 constitutis
852 4372 1057 4433 paratae
1079 4379 1400 4420 succurrere
1436 4364 1878 4435 opperiebantur.

2207 3267 2411 3337 absque
2437 3281 2589 3323 mora
2626 3268 2802 3337 petit,
2833 3277 3142 3325 castrenses
3181 3270 3283 3326 sibi
3315 3274 3641 3328 sacramenti
3667 3272 3798 3342 jure

2206 3367 2520 3423 annectens,
2544 3359 2730 3429 eisque
2753 3360 2886 3415 alios
2902 3360 3105 3430 aliquot
3132 3376 3360 3432 quorum
3390 3363 3513 3418 fidei
3540 3362 3795 3435 vigorem

2206 3449 2414 3507 sciebat
2440 3449 2732 3505 assotians.
2756 3449 2924 3521 Regia
2949 3451 3163 3521 negotia
3186 3452 3383 3508 exinde
3410 3452 3615 3507 utiliter
3669 3461 3791 3510 sat-

2206 3555 2391 3613 agens.
2419 3539 2584 3610 Cuius
2627 3550 2807 3596 tamen
2840 3541 3133 3598 voluntatis
3159 3542 3381 3599 etl‘ectus
3419 3543 3599 3601 nullus
3642 3545 3750 3601 fuit
3773 3586 3793 3613 ,

2203 3649 2271 3690 eo
2315 3635 2458 3705 quod
2507 3635 2827 3706 tempestiva
2862 3634 2936 3667 ⁸⁸⁸
2976 3636 3129 3691 urbis
3153 3637 3385 3705 proditio
3431 3644 3683 3703 vetaret,
3719 3646 3782 3696 et

2204 3738 2364 3780 casus
2389 3725 2654 3793 repentini
2682 3724 2840 3779 aliter
2870 3724 2987 3781 fieri
3015 3734 3328 3796 arguerent.

2274 3815 2363 3870 41.
2400 3812 2619 3870 Subtilis
2661 3813 2733 3848 ³⁸⁸
2762 3816 3079 3870 machinatio
3116 3816 3190 3849 ⁸⁸⁸
3218 3819 3273 3872 in
3299 3815 3564 3873 Karolum
3607 3826 3660 3873 et
3684 3816 3793 3872 Ar-

2216 3902 2517 3973 nulfum.-—-
2533 3904 2615 3959 Ab
2643 3904 2747 3961 hoc
2788 3912 3033 3974 tempore
3058 3905 3329 3963 Adalhero
3351 3905 3796 3963 Laudunensium

2210 3994 2517 4064 episcopus,
2546 3994 2637 4065 qui
2664 4001 2791 4049 ante
2816 4008 2849 4047 a
2879 3993 3077 4049 Karolo
3098 4003 3289 4065 captus
3314 3993 3617 4067 aufugerat,
3637 3996 3793 4052 omni

2204 4086 2418 4156 ingenio
2444 4086 2864 4156 oportunitatem
2894 4086 3199 4156 quaerebat,
3227 4100 3333 4157 qua
3372 4100 3529 4142 versa
3578 4086 3697 4142 vice
3733 4097 3796 4142 et

2202 4178 2521 4235 Laudunum
2567 4185 2822 4248 caperet,
2879 4186 2935 4234 et
2982 4176 3237 4233 Karolum
3280 4178 3789 4249 comprehenderet.

2202 4272 2436 4340 Legatos
2489 4273 2671 4342 itaque
2715 4271 3020 4342 bujusmodi
3077 4273 3279 4345 negotii
3323 4273 3792 4342 ofﬁciosissimus,

2201 4363 2429 4421 Arnulfo
2463 4362 2733 4436 dirigens,
2785 4365 3115 4430 amicitiam,
3172 4363 3367 4432 fidem,
3414 4366 3796 4437 suppetiarum

581 4454 671 4510 39.
707 4454 936 4511 Karolus
956 4472 1078 4511 cum
1108 4465 1339 4527 quatuor
1364 4456 1581 4512 milibus
1609 4456 1800 4513 obvius
1824 4458 2097 4528 procedit,
2126 4493 2180 4556 Β
2204 4458 2446 4514 subsidia
2489 4456 2732 4511 mandat.
2786 4456 2848 4512 Ei
2880 4466 3095 4528 quoque
3121 4464 3308 4527 utpote
3342 4474 3442 4515 suo
3467 4459 3790 4531 metropoli-

513 4562 783 4602 smmam
837 4547 1185 4603 Divinitatem
1242 4548 1501 4606 invocans
1558 4557 1620 4604 ut
1676 4549 1746 4604 ab
1799 4549 2097 4606 innumeris

509 4653 714 4710 paucos
739 4647 1019 4711 protegat;
1054 4639 1384 4696 multitudini
1412 4656 1517 4697 uon
1550 4639 1846 4708 fidendum,
1883 4649 1939 4697 et
1960 4656 2096 4711 pau-

504 4731 658 4788 citati
682 4746 788 4787 uon
810 4731 1154 4787 diuidendum
1182 4732 1535 4789 demonstret.
1559 4732 1727 4801 Quem
1757 4732 2095 4789 incedentem

508 4822 767 4879 Arnulfus
788 4822 1152 4879 comitabatur
1176 4838 1303 4885 suos
1331 4824 1645 4888 adhortans,
1678 4832 1740 4879 ut
1760 4824 1945 4881 animo
1971 4823 2095 4880 forti

507 4924 735 4971 starent.
773 4914 1016 4972 Ordinati
1051 4924 1105 4970 et
1131 4916 1345 4972 indivisi
1380 4916 1754 4988 procederent.
1793 4917 1869 4970 De
1921 4917 2093 4973 victo-

507 5005 589 5060 ria
619 5023 647 5060 a
671 5007 779 5062 Deo
802 5007 948 5065 nullo
971 5008 1133 5064 modo
1160 5007 1486 5065 diuiderent.
1512 5008 1569 5064 Si
1594 5008 1823 5063 viriliter
1846 5008 2097 5063 invocato

508 5095 624 5151 Deo
651 5105 876 5155 starent.
908 5115 1032 5156 cum
1062 5099 1230 5155 multa
1259 5099 1430 5172 gloria
1456 5108 1513 5155 et
1549 5098 1693 5156 fama
1725 5099 2005 5156 victoriam
2037 5100 2094 5155 in

2206 4558 2335 4604 tano
2372 4561 2492 4602 sese
2517 4546 2653 4601 velle
2681 4547 3042 4602 reconciliari.
3080 4547 3194 4603 Sibi
3225 4549 3390 4604 etiam
3422 4547 3636 4619 injuria:
3662 4563 3794 4605 esse

2204 4640 2346 4712 quod
2374 4638 2651 4710 transfuga
2675 4648 2729 4693 et
2748 4640 2995 4696 desertor
3014 4640 3305 4706 diceretur,
3320 4630 3398 4698 eo
3424 4645 3567 4713 quod
3584 4643 3797 4700 Karolo

2200 4742 2325 4805 post
2362 4732 2524 4788 fidem
2555 4732 2749 4791 factam
2790 4748 2895 4789 non
2924 4732 3215 4789 obsecutus
3256 4734 3345 4789 sit.
3379 4733 3445 4789 Et
3475 4734 3520 4790 si
3549 4750 3787 4790 vacuum

2202 4826 2305 4883 sibi
2342 4834 2507 4890 esset,
2540 4840 2571 4879 a
2600 4838 2660 4879 se
2690 4823 2743 4880 id
2772 4823 3054 4881 dedecoris
3078 4825 3215 4883 velle
3245 4823 3499 4896 ahjicere.
3533 4826 3617 4882 Ad
3664 4827 3794 4898 ejus

2202 4915 2575 4973 celsitudinem
2598 4914 2776 4970 redire
2799 4914 2964 4978 velle,
2991 4924 3045 4971 et
3072 4914 3251 4971 Karoli
3281 4916 3576 4972 amicitiam
3599 4925 3791 4987 utpote

2204 5007 2409 5063 domini
2437 5022 2558 5063 sese
2580 5015 2790 5077 optare.
2819 5006 2976 5064 Unde
2999 5018 3055 5064 et
3075 5008 3177 5065 sibi
3204 5024 3545 5079 quocumque
3569 5008 3789 5065 libitum

2202 5098 2342 5156 foret
2384 5098 2777 5156 occurrendum
2827 5098 3130 5155 mandaret.
3167 5097 3426 5155 Aruulfus
3472 5098 3788 5155 simulatam

1815 5262 2050 5320 VARIE
2088 5258 2489 5320 LECTIONES.
