4026 6312
208 347 311 403 ιιι

1142 346 1617 406 lllSTOBlARUM
1668 346 1847 405 LIBRI
1887 345 2242 415 QUATUOR.
2266 378 2333 386 —
2358 347 2499 419 ILIB.
2530 348 2618 403 Ν.

3375 356 3481 409 ΗΞ

202 464 370 520 ﬁdem
400 464 646 521 nesciens
670 505 686 529 ,
728 465 930 537 legatos
951 464 1197 521 fallentes
1235 466 1479 537 excipit;
1524 474 1581 521 et
1605 472 1790 536 utpote
1817 474 1864 530 Α
1896 462 2066 518 rebat.
2113 463 2180 518 Et
2223 478 2345 520 cum
2374 473 2559 522 tecnas
2590 466 2739 541 (l25)
2786 468 3130 539 supperiores
3178 468 3478 537 effunderet

198 556 334 612 boni
355 556 582 628 alicujus
611 559 836 613 nuntios
864 557 1254 613 humanissime
1283 559 1535 613 honorat.
1560 555 1666 611 Per
1691 558 1792 613 bos
1860 552 1865 557 ’
1894 554 1963 585 ⁸⁸⁸
1990 594 2005 619 ,
2039 555 2327 625 gratulatio
2365 556 2488 613 inde
2533 573 2765 629 spesque
2814 561 2965 615 urbis
3011 561 3318 631 repetenda:
3367 575 3476 617 non

200 642 393 716 ﬁaque
413 645 589 701 locum
613 661 721 716 quo
741 647 1019 703 occursuri
1044 655 1099 701 et
1125 647 1226 709 sibi
1250 647 1562 703 eollocutori
1584 647 1786 713 forent,

197 731 530 789 letabuudus
552 734 821 805 designat.
845 735 922 790 Illi
965 750 1024 791 se
1051 737 1326 806 decepisse
1354 737 1522 803 letali,
1555 738 1669 792 haec
1694 738 1791 793 do-

1898 646 2112 701 modica
2164 657 2304 703 erat.
2334 647 2445 704 Nec
2491 650 2662 705 multo
2714 661 2834 720 post
2861 652 3120 707 Arnulfus
3148 650 3476 709 Adalberoni

1889 735 2099 804 legatos
2118 736 2322 808 dirigit,
2339 738 2523 795 Karoli
2540 741 2767 812 gratiam
2786 742 2885 798 sibi
2904 743 3165 799 indultum
3182 733 3477 800 liberaliter

198 822 355 878 mino
376 822 640 879 referunt.
669 824 771 892 Qui
800 825 1015 881 fallatis:
1038 826 1389 882 seminarium
1416 828 1623 883 utiliter
1642 828 1788 897 posi-
1889 824 2091 882 indicat
2111 868 2125 894 ,
2156 837 2317 898 atque
2334 844 2465 884 cum
2493 832 2661 888 multa
2692 830 2984 890 ambitione
3004 836 3380 906 excipiendum
3421 836 3477 892 in

192 921 316 967 tum
335 916 708 982 considerans,
730 916 947 972 alcioris
962 918 1383 973 machinamenti
1402 918 1555 974 dolos
1572 918 1789 989 prodire
1893 917 2103 973 urbem.
2137 920 2407 976 Honorem
2430 934 2645 994 quoque
2674 927 2879 996 absque
2910 942 3062 981 mora
3103 934 3471 996 recepturum.

191 1019 360 1074 posse
390 1006 642 1060 advertit.
672 1006 801 1062 Post
830 1007 946 1063 haec
980 1008 1035 1062 in
1059 1008 1237 1064 locum
1261 1017 1522 1065 statutum
1553 1009 1656 1064 sibi
1694 1023 1787 1065 oc-
1890 1005 2046 1063 Unde
2077 1024 2179 1064 nec
2208 1025 2390 1066 moras
2420 1011 2652 1081 faceret,
2685 1017 2779 1071 sed
2804 1017 3118 1086 quantotius
3154 1017 3472 1086 adveniret,

190 1104 463 1160 currunt;
485 1096 821 1165 amplexibus
847 1098 1090 1167 pluribus
1118 1108 1282 1170 atque
1300 1100 1501 1156 osculis
1522 1099 1624 1155 sibi
1650 1114 1784 1155 con-

186 1187 566 1257 gratulantes;
594 1199 770 1246 tantos
792 1192 862 1245 ibi
893 1193 1327 1248 demonstrantes
1347 1192 1572 1250 aﬂ'ectus
1591 1190 1783 1260 animi,

186 1286 252 1332 ut
283 1279 431 1335 nulla
461 1281 733 1336 simulatio
752 1322 767 1347 ,
798 1282 976 1338 nullus
999 1284 1152 1338 dolus
1181 1287 1474 1339 videretur.

280 1370 378 1423 42.
391 1371 737 1427 Adalberonis
752 1370 821 1407 ⁸⁸⁸
840 1374 1021 1428 dolosa
1044 1377 1360 1432 machinatio
1382 1376 1616 1432 ³⁸⁸.-Αι
1635 1385 1783 1448 post-

190 1473 371 1528 quam
399 1461 538 1515 satis
568 1463 1049 1533 amplexationum,
1087 1466 1393 1521 osculorum
1420 1468 1553 1523 satis
1577 1466 1780 1524 factum

176 1558 296 1615 est,
317 1549 599 1606 Adalbero
623 1568 792 1621 penes
811 1561 971 1623 quem
1005 1555 1366 1614 simulationis
1391 1558 1556 1623 color,
1589 1569 1645 1614 et
1670 1560 1780 1615 doli

185 1653 333 1695 onus
376 1649 535 1707 erat,
576 1643 850 1699 incautum
909 1646 988 1702 sic
1040 1647 1189 1718 prior
1216 1649 1544 1720 alloquitur:
1576 1667 1595 1702 ι
1632 1651 1780 1707 Idem

184 1745 377 1799 casus,
411 1734 709 1804 eademque
736 1737 952 1792 fortuna
972 1777 987 1802 ,
1016 1739 1205 1795 ambos
1234 1755 1331 1796 nos
1360 1742 1497 1797 male
1516 1743 1777 1812 perstrin-

1885 1094 2190 1166 largitatem
2220 1100 2515 1169 pollicitam
2538 1115 2884 1174 experturus.

1951 1188 2042 1242 44.
2078 1189 2339 1245 Adalbero
2368 1192 2436 1224 ⁸⁹⁰
2463 1193 2809 1252 Κανοιιιηι·ει
2838 1199 3119 1270 Arnulfum
3165 1216 3465 1257 sacrameno

1882 1288 1935 1332 to
1949 1279 2017 1310 ⁵⁹⁰
2031 1281 2218 1352 decipit
2241 1280 2330 1336 “9°.
2345 1284 2612 1342 Adalbero
2640 1288 2757 1343 sine
2770 1289 3028 1346 dilatione
3046 1293 3100 1347 in
3128 1292 3247 1348 loco
3264 1296 3467 1351 consti-

1883 1377 1997 1425 tuto
2017 1371 2211 1428 Karolo
2231 1373 2523 1431 etArnulfo
2538 1378 2742 1435 accitus
2758 1382 3018 1436 occurrit.
3039 1382 3083 1436 A
3103 1384 3297 1453 quibus
3320 1384 3471 1441 beni-

1881 1461 2058 1531 gniter
2085 1472 2343 1533 exceptus
2365 1506 2381 1532 ,
2426 1482 2534 1522 non
2567 1470 2896 1527 mediocrem
2929 1472 3158 1529 letitiam
3204 1479 3464 1547 repperit.

1882 1550 1941 1608 Si
1978 1555 2109 1624 quid
2155 1556 2441 1614 discordia:
2482 1564 2794 1632 prmeessit,
2841 1566 2945 1622 levi
2976 1577 3031 1623 et
3061 1584 3187 1624 raro
3220 1585 3472 1628 sermone

1881 1649 2086 1699 tactum
2146 1650 2481 1717 prmeriere.
2534 1648 2632 1708 Jus
2661 1656 2911 1713 amicitiae
2936 1659 3087 1729 inter
3125 1676 3245 1718 sese
3274 1665 3470 1721 exinde

1878 1735 2109 1807 anplius
2159 1740 2481 1810 colendum,
2546 1745 2776 1803 diversis
2824 1751 3130 1809 rationibus
3191 1755 3461 1812 extulere.

183 1822 307 1889 gn;
341 1825 482 1879 unde
526 1833 581 1881 ει
622 1827 763 1882 idem
795 1829 1076 1884 consilium
1109 1831 1406 1903 eademque
1455 1835 1596 1889 ratio
1623 1835 1779 1891 nobis
1806 1825 1853 1884 Β
1882 1826 2092 1895 Quanta
2144 1833 2307 1887 etiam
2354 1838 2712 1895 commoditas
2739 1841 2810 1897 sit
2839 1844 3118 1913 profutura
3142 1845 3187 1902 si
3225 1848 3466 1903 amicitia

181 1915 464 1984 captanda
499 1916 731 1973 videtur.
787 1917 970 1989 Nuper
1009 1921 1156 1975 enim
1201 1924 1361 1979 ambo
1384 1923 1556 1994 lapsi,
1585 1941 1682 1981 vos
1708 1927 1778 1983 ab

180 2004 370 2074 gratia
416 2007 562 2077 regis
583 2047 600 2074 ,
633 2022 735 2080 ego
755 2024 786 2064 a
814 2009 996 2065 Karoli
1027 2012 1262 2068 amicitia
1295 2014 1490 2069 decidi.
1521 2014 1676 2071 Unde
1722 2026 1780 2072 et

172 2108 339 2150 nunc
362 2111 457 2151 vos
483 2096 703 2167 Karolo,
733 2114 833 2169 ego
854 2102 965 2173 regi
991 2102 1167 2159 faveo.
1198 2102 1290 2160 Ille
1311 2105 1487 2172 vobis,
1515 2106 1617 2162 iste
1643 2108 1775 2163 mihi

174 2189 595 2257 promptissime
621 2192 823 2247 credit.
846 2192 903 2249 Si
934 2194 1118 2265 itaque
1151 2211 1249 2265 per
1275 2212 1373 2253 vos
1394 2197 1580 2255 Karoli
1621 2216 1776 2257 amor

176 2276 325 2331 mihi
355 2279 688 2347 restituatur,
715 2282 860 2353 regis
891 2285 1063 2355 gratia
1088 2285 1241 2342 vobis
1263 2301 1369 2342 non
1398 2288 1595 2345 aberit.
1622 2289 1776 2357 Quod

166 2375 236 2421 et
262 2365 419 2424 facto
442 2369 655 2427 diliicile
685 2386 793 2428 non
822 2373 948 2429 erit.
979 2374 1237 2432 Karolum
1269 2379 1436 2451 igitur
1464 2382 1775 2449 convenite,

173 2465 235 2512 et
270 2472 381 2528 pro
427 2476 513 2516 me
535 2462 587 2519 Ii
629 2462 771 2520 forte
799 2467 1134 2523 concesserit
1173 2477 1345 2525 orate.
1400 2470 1477 2527 De
1513 2473 1617 2528 ﬁde
1647 2475 1781 2546 erga'

184 2562 326 2603 eum
373 2550 616 2609 habenda
643 2592 661 2622 ,
699 2555 865 2612 multa
911 2559 1091 2615 dicere
1138 2576 1245 2616 non
1294 2561 1485 2620 inutile
1530 2566 1654 2622 erit.
1699 2566 1777 2624 Dc

176 2637 388 2705 quibus
419 2640 465 2694 si
496 2643 624 2712 quid
653 2645 705 2699 ei
736 2644 960 2702 dubium
1001 2650 1176 2705 visum
1207 2650 1374 2709 fuerit
1397 2693 1412 2719 ,
1453 2663 1578 2726 post
1605 2656 1773 2713 dicite

174 2730 526 2798 probandum
589 2739 963 2795 sacramentis.
994 2739 1053 2796 Si
1082 2742 1169 2798 his
1201 2744 1543 2816 episcopatus
1598 2749 1776 2805 reddi-

175 2818 336 2873 derit
399 2823 581 2880 sedem
627 2828 810 2884 adsint
845 2841 1157 2890 sanctorum
1211 2837 1493 2909 reliquias,
1548 2851 1777 2910 paratus

177 2923 313 2965 sum
362 2910 521 2970 ﬁdem
548 2914 753 2975 facere.
801 2919 861 2977 Si
914 2922 1018 2980 hoc
1050 2927 1186 2982 satis
1220 2930 1325 2984 erit
1354 2939 1410 2985 et
1435 2932 1771 3004 reddiderit,

179 3001 252 3057 de
331 3006 476 3075 regis
544 3011 716 3080 gratia
789 3012 1082 3082 plurimum
1170 3020 1446 3079 conﬁdite.
1518 3024 1577 3081 In
1671 3001 1773 3082 hac

176 3089 372 3164 lingua
414 3104 472 3151 et
513 3113 705 3167 manu,
733 3116 838 3172 pax
873 3105 979 3160 sita
1007 3116 1092 3164 est
1120 3117 1177 3164 et
1200 3111 1535 3170 dissidentia.
1568 3098 1769 3188 Regem

1878 1920 2018 1978 bene
2067 1923 2148 1979 usi
2173 1925 2305 1993 sint,
2330 1942 2687 1999 sepenumero
2715 1935 2967 1991 retulere.
2996 1937 3210 2005 Quanta
3239 1952 3456 2012 quoque

1876 2005 2070 2077 gloria,
2100 2020 2334 2081 quantus
2358 2014 2557 2083 honor,
2584 2027 2848 2087 quantum
2869 2024 3207 2091 praesidium.
3232 2005 3462 2084 Necnon

1877 2106 1932 2152 et
1959 2098 2088 2155 illud
2123 2101 2346 2158 libatum
2386 2116 2516 2174 est,
2575 2109 2629 2163 itt
2666 2110 2815 2167 brevi
2866 2113 2981 2169 ﬁeri
3020 2126 3205 2184 posse,
3248 2127 3304 2174 et
3347 2130 3459 2174 sua:

1877 2194 2050 2262 partis
2093 2199 2534 2267 provectionem,
2583 2212 2633 2259 et
2677 2203 2915 2262 hostium
2945 2210 3460 2281 'prmcipitationem.

1878 2278 2129 2353 Nihilque
2156 2285 2240 2341 his
2272 2285 2339 2320 ⁸⁹¹
2372 2289 2587 2347 obstare
2612 2308 2770 2363 posse
2789 2336 2804 2362 ,
2829 2297 2876 2352 si
2913 2278 3025 2354 sola
3050 2299 3315 2358 Divinitas
3355 2320 3462 2360 non

1877 2370 2154 2462 impediat.
2185 2375 2242 2432 Si
2274 2388 2397 2434 vota
2427 2395 2525 2436 sua
2554 2381 2781 2441 ell'ectus
2811 2400 3194 2460 consequatur,
3222 2394 3469 2462 quando-

1877 2475 1981 2531 que
2009 2456 2247 2522 iuturum
2271 2508 2286 2536 ,
2319 2478 2379 2525 ut
2402 2486 2499 2541 per
2524 2488 2644 2530 sese
2672 2491 2758 2531 res
2789 2478 3000 2547 publica
3031 2483 3201 2538 multo
3231 2486 3457 2553 honore,

1876 2552 2044 2608 multa
2073 2556 2266 2626 gloria,
2299 2562 2601 2619 cumuletur
2628 2575 2684 2620 et
2715 2565 2924 2624 ﬂoreat.
2948 2569 3045 2627 llis
3080 2573 3240 2629 dictis
3267 2552 3456 2631 saera—

1877 2656 2060 2703 mento
2089 2651 2191 2706 sibi
2236 2655 2431 2709 annexi
2462 2665 2589 2713 sunt
2616 2698 2631 2723 ,
2677 2668 2840 2730 atque
2872 2677 2902 2716 a
2933 2679 2992 2718 se
3018 2664 3266 2736 digressi.
3292 2669 3462 2723 Λαρι-

1874 2736 2007 2794 bero
2037 2742 2148 2812 regi
2183 2758 2242 2798 se
2270 2745 2497 2801 contulit
2521 2788 2536 2813 ,
2562 2765 2682 2820 qua:
2707 2761 2890 2821 egerat
2917 2755 3213 2824 explicans.
3255 2754 3463 2826 Quibus

1876 2843 1971 2885 rex
2006 2833 2207 2889 auditis
2232 2874 2248 2900 ,
2292 2838 2566 2907 negotium
2589 2843 2881 2911 approbat,
2911 2847 3193 2902 Amulium
3224 2865 3346 2906 sese
3370 2867 3462 2908 re-

1873 2932 2157 2993 cepturum
2198 2927 2244 2983 si
2268 2930 2449 2985 veniat
2480 2932 2765 3003 pollicetur
2791 2975 2808 3004 ,
2837 2937 2954 3009 ejus
2986 2943 3362 3012 purgationem
3390 2944 3462 3001 de

1873 3014 2100 3084 objectis
2144 3033 2202 3074 se
2232 3030 2424 3091 sponte
2472 3025 2802 3082 auditurum.
2834 3029 2900 3083 Et
2927 3031 2974 3086 si
3007 3041 3152 3088 recte
3177 3043 3461 3105 purgetur,

1873 3121 1980 3162 non
2009 3108 2206 3165 minori
2253 3113 2427 3181 gratia
2475 3130 2637 3185 quatn
2669 3126 2796 3174 ante
2824 3119 3153 3178 habendum.
3181 3125 3457 3182 Adalbero

185 3184 372 3240 adibo,
427 3186 778 3248 commodum
825 3198 1095 3265 quoddam
1143 3205 1458 3273 spondet”,
1493 3210 1633 3277 quod
1650 3179 1769 3264 ςιοη
1796 3179 1844 3245 C
1880 3196 1995 3253 haec
2038 3179 2277 3257 Amulio
2315 3179 2508 3259 refert;
2565 3204 2769 3279 Regem
2830 3198 3175 3280 benivolum,
3225 3179 3461 3272 clemen-

180 3275 360 3331 solum
384 3278 486 3334 sibi
524 3280 618 3336 sed
641 3294 697 3337 et
720 3288 955 3355 posteris
981 3290 1052 3344 sit
1075 3292 1440 3362 profuturum.
1474 3275 1636 3355 Dolos
1666 3300 1775 3356 Ka-

181 3367 291 3424 mli
314 3371 607 3440 proferam.
641 3375 865 3435 Incaqu
917 3382 1083 3457 nimis
1114 3388 1553 3460 metropolitano,
1587 3394 1774 3465 prteju-

190 3459 389 3516 ditium
417 3462 621 3521 factum
642 3483 918 3539 asseram;
949 3482 1003 3528 et
1024 3477 1167 3547 quod
1194 3481 1408 3550 penitus
1437 3459 1544 3538 hoc
1565 3459 1771 3542 metro-

181 3551 486 3619 politanum
516 3560 775 3628 peniteat,
798 3565 1070 3625 nonnullis
1101 3570 1605 3640 amplificationibus
1627 3590 1774 3633 asse-

185 3642 410 3697 vetabo.
440 3644 771 3720 Rexrsuapte
793 3652 927 3709 mihi
950 3656 1242 3725 credulus,
1269 3660 1373 3715 hoc
1402 3663 1770 3731 gratissimum

190 3731 438 3802 accipiet.
462 3734 532 3790 Et
555 3738 682 3807 quia
709 3740 825 3796 haec
854 3743 995 3799 ratio
1012 3746 1288 3818 utrimque
1327 3751 1638 3820 agitabitur,
1666 3755 1772 3811 duo

190 3825 469 3881 commoda
499 3827 807 3900 gignentur.
840 3832 918 3889 Ex
952 3836 1148 3906 quibus
1176 3839 1387 3897 duobus
1416 3844 1632 3901 tertium
1657 3846 1771 3902 elu-

186 3912 348 4002 cebit.
394 3913 532 3971 Nam
583 3934 707 3974 cum
758 3930 815 3977 et
867 3924 1022 3982 vobis
1071 3929 1248 3999 gratia
1302 3945 1521 4002 regum,
1559 3935 1769 3992 etmihi

193 3999 371 4059 Karoli
400 4006 677 4075 reddetur,
705 4026 803 4083 per
829 4029 931 4071 nos
976 3999 1628 4089 consequenter‘aliorum
1654 4026 1767 4082 uti-

196 4088 314 4150 litas
334 4100 762 4166 comparabitur.
788 4103 894 4161 Sed
917 4107 1004 4162 hic
1019 4107 1132 4176 jam
1161 4088 1449 4168 verborum
1472 4113 1625 4183 linis;
1651 4114 1768 4185 jam

192 4198 329 4241 nunc
382 4188 527 4245 dicta
578 4190 738 4250 factis
790 4198 1108 4267 probentur.
1164 4220 1183 4254 ‹
1220 4203 1479 4275 Datisque
1533 4208 1766 4265 strictim

193 4275 408 4343 osculis,
436 4284 704 4350 promissa
735 4288 957 4357 polliciti
995 4292 1065 4347 ab
1093 4307 1153 4348 se
1185 4293 1413 4365 digressi
1443 4308 1570 4354 sunt
1600 4300 1695 4355 ⁸⁸⁷.

257 4365 347 4422 43.
388 4370 646 4443 Antulfus
684 4376 756 4409 ⁸⁸⁸
784 4395 881 4449 per
903 4381 1257 4451 ignorantiam
1288 4386 1359 4418 ⁸⁸⁸
1384 4386 1647 4446 Karolum
1671 4409 1766 4463 pas

207 4462 377 4514 tntum
389 4462 467 4496 ³⁸⁸
488 4465 1038 4527 «daein—Amulius
1063 4473 1313 4531 Karolum
1328 4487 1517 4549 petens
1536 4462 1767 4540 Adalbe-

196 4559 377 4605 roncm
414 4556 725 4627 magttilieat
751 4558 1097 4631 deceptorem
1117 4528 1386 4635 nescienrs,
1418 4569 1574 4626 valde
1601 4573 1765 4629 etiam
1793 4528 1848 4594 Β

196 4637 530 4704 profuturum
575 4647 806 4713 asserit,
837 4649 1107 4721 iidemque
1137 4666 1478 4712 servaturum
1520 4668 1767 4717 testatur.

196 4722 425 4784 Tandem
468 4734 524 4787 in
569 4750 635 4789 eo
665 4737 739 4791 nil
765 4739 1138 4820 dubitandum
1171 4746 1428 4804 seductus
1452 4754 1766 4820 persuadet.

196 4815 433 4886 Karolus,
462 4829 645 4896 nepoti
680 4818 867 4888 favens
888 4876 904 4900 ,
952 4850 1072 4890 sese
1101 4837 1151 4891 id
1185 4815 1470 4897 facturum-
1505 4848 1770 4915 spondet,

195 4910 554 4985 episcopatum
600 4922 679 4979 sic
717 4925 1199 4987 'redditttrum'non
1237 4933 1444 4990 abnuit.
1474 4910 1610 4993 Dum
1650 4910 1769 4996 haec

198 5004 333 5068 apud
354 5006 604 5067 Karolum
634 5016 863 5072 lideliter
889 5022 1302 5094 ordinabantur,
1328 5028 1595 5086 Adalbero
1624 5036 1767 5103 apud

201 5104 371 5163 regem
392 5099 455 5156 de
484 5101 683 5161 Karolo
710 5116 766 5162 et
791 5109 1020 5167 Arnulfo
1055 5115 1311 5187 urbisque
1340 5122 1592 5192 captione
1618 5099 1764 5196 qua:-

1880 3297 2029 3356 tem,
2083 3291 2188 3347 sibi
2235 3295 2452 3350 asserit.
2503 3296 2642 3352 Eum
2687 3299 2849 3355 etiam
2916 3301 3032 3373 ejus
3076 3306 3456 3376 purgationem

1876 3387 2067 3451 sponte
2088 3382 2277 3439 audire
2305 3385 2443 3441 velle
2463 3427 2479 3455 ,
2507 3388 2698 3460 suique
2721 3391 2950 3461 gratiam
2977 3394 3095 3451 sine
3123 3412 3278 3453 mora
3324 3394 3453 3455 redi

1875 3471 2022 3527 dere.
2057 3473 2210 3531 Unde
2230 3484 2285 3530 et
2308 3477 2357 3532 ei
2382 3491 2503 3534 esse
2528 3482 2908 3545 maturandum
2927 3524 2943 3551 ,
2975 3494 3030 3540 ct
3059 3490 3370 3557 quantntius
3398 3490 3452 3546 id

1872 3566 2186 3635 petendum.
2223 3568 2377 3626 Otius
2417 3586 2547 3644 ergo
2570 3588 2748 3645 regem
2778 3577 3081 3635 adeundum
3106 3622 3121 3647 ,
3150 3598 3218 3638 ne
3247 3584 3456 3655 aliquo-

1872 3670 1995 3713 rum
2037 3660 2191 3719 dolus
2240 3665 2524 3722 consilium
2572 3669 2878 3741 abrumpat.
2928 3674 3012 3731 Ad
3044 3686 3226 3749 regem
3267 3680 3453 3751 itaque

1874 3750 2034 3807 ambo
2071 3752 2300 3822 profecti
2338 3764 2486 3812 sunt.

1940 3838 2029 3899 45.
2070 3845 2326 3917 Amulius
2361 3851 2431 3903 ad
2466 3866 2635 3922 regem
2674 3854 2746 3887 ⁸⁹¹
2772 3871 2828 3910 se
2863 3860 3080 3914 contulit
3123 3848 3195 3894 δ”
3229 3867 3460 3933 gratiam

1871 3932 1938 3988 ab
1983 3933 2055 3967 ⁸⁸³
2100 3951 2162 3991 eo
2199 3935 2270 3968 ⁸⁸³
2312 3949 2620 4010 accepturus
2665 3937 2757 3997 ⁸⁸³.
2789 3964 2857 3986 -
2885 3947 3146 4006 Arnull‘us
3188 3932 3464 4011 admissus

1871 4024 2008 4096 regi,
2041 4025 2111 4082 ab
2138 4040 2204 4084 eo
2227 4028 2471 4084 osculum
2500 4032 2728 4104 accepit.
2761 4034 2830 4090 Et
2859 4051 2981 4095 eum
3013 4039 3079 4095 de
3104 4039 3336 4111 objectis
3361 4044 3462 4099 ali-

1869 4129 2033 4185 quam
2072 4120 2382 4189 purgationi
2424 4135 2644 4193 Operam
2683 4125 2815 4182 dare
2844 4128 3036 4196 vellet,
3067 4144 3165 4187 rex
3196 4134 3300 4189 sibi
3343 4136 3461 4190 suis

1869 4206 2035 4264 licere
2071 4209 2249 4277 dixit,
2288 4219 2350 4267 ut
2385 4228 2416 4268 a
2462 4215 2754 4283 praeteritis
2793 4219 3134 4290 quiesceret,
3165 4234 3221 4279 et
3260 4226 3459 4282 exinde

1870 4298 1972 4354 sibi
2014 4299 2176 4355 ﬁdem
2215 4301 2601 4360 inviolabiliter
2631 4320 2895 4366 servaret.
2929 4310 3060 4370 Sese
3095 4316 3311 4385 penitus
3348 4333 3456 4372 non

1868 4390 2121 4461 ignorare
2164 4392 2419 4450 Karolum
2467 4396 2518 4451 ei
2562 4397 2674 4453 vim
2724 4401 3010 4471 intulisse,
3047 4414 3104 4461 et
3144 4422 3353 4464 summa
3403 4410 3461 4464 id

1872 4482 2269 4539 necessitudine
2297 4482 2495 4540 factum
2515 4526 2530 4552 ,
2562 4497 2621 4543 ut
2652 4490 2718 4544 ad
2750 4499 2962 4564 tempus
2986 4512 3016 4550 a
3049 4512 3107 4551 se
3135 4498 3457 4566 discederet,

1874 4581 1928 4627 et
1957 4572 2155 4630 Karolo
2183 4576 2347 4631 etiam
2388 4578 2576 4641 nolens
2605 4579 2830 4639 faveret.
2872 4585 2977 4643 Sed
3008 4588 3133 4657 quia
3164 4591 3215 4644 id
3253 4591 3460 4648 factum

1873 4672 2011 4729 erat,
2042 4665 2183 4733 quod
2213 4665 2525 4723 labefactari
2557 4685 2663 4724 non
2693 4676 2934 4743 poterat‘,
2968 4678 3135 4734 multa
3167 4681 3377 4737 ratione
3402 4684 3457 4739 ei

1872 4767 1994 4809 esse
2026 4756 2313 4811 videndum
2341 4798 2356 4824 ,
2395 4767 2455 4813 ut
2494 4761 2708 4831 amissae
2747 4766 2895 4821 urbis
2938 4768 3230 4840 dampnum
3276 4775 3458 4844 aliquo

1875 4846 2035 4901 modo
2064 4847 2353 4917 suppleret.
2388 4848 2444 4905 Si
2477 4852 2666 4908 urbem
2696 4855 2897 4913 habere
2926 4869 2984 4914 ut
3027 4871 3151 4918 ante
3186 4879 3292 4919 non
3330 4882 3456 4935 pose

1872 4946 1989 5003 set,
2022 4938 2212 4993 saltem
2256 4940 2511 4997 Karolum
2545 4944 2612 4998 ad
2644 4961 2703 5000 se
2733 4936 2963 5016 transire
2983 4952 3188 5010 faceret
3212 4996 3227 5020 ,
3276 4967 3356 5025 ut,
3392 4966 3452 5014 se

1871 5032 2261 5098 consentiente,
2313 5036 2454 5104 quod
2484 5048 2795 5105 pervaserat
2826 5052 3051 5100 teneret.
3085 5047 3209 5104 llaec
3238 5059 3293 5104 ct
3337 5065 3456 5105 ams

1866 5123 2038 5194 pliora
2085 5125 2344 5182 Amulius
2393 5142 2514 5184 sese
2562 5127 2835 5189 facturum
2881 5137 3187 5213 pollicetur,
3244 5150 3455 5199 tantum

1528 5237 1766 5295 VAle
1804 5236 2206 5297 LECTIONES.

272 5320 336 5355 ⁸³⁸
370 5327 738 5405 Adelberonis,

212 5404 315 5465 fuit,
354 5412 414 5465 pa
464 5402 689 5460 abscisa.

356 5457 367 5465 _
862 5457 889 5466 ι.
933 5457 1095 5472 uno.
1152 5457 1210 5473 ou
1232 5457 1307 5475 nu
1397 5457 1470 5479 υῡσ

208 5457 287 5515 his
305 5468 473 5525 codex.
498 5471 568 5504 ⁵³³
591 5492 789 5548 regem,
814 5483 876 5550 it,
897 5457 934 5540 ἰλ
962 5500 1047 5556 eo,
1074 5457 1228 5546 turus:
1250 5457 1470 5549 absc’isa.

772 5345 1240 5442 :ztsa‘chi‘n'ab‘scisn.
1315 5353 1386 5385 ⁸³⁷
1415 5356 1796 5442 abscesserunt
1816 5378 1976 5442 supra
1995 5362 2163 5442 posito
2288 5377 2346 5442 se
2394 5363 2626 5442 digressi
2654 5376 2778 5442 sunt
2809 5372 2991 5427 codex.
3068 5373 3141 5408 ⁸⁸⁸
3167 5375 3447 5442 Arnulfus,

2288 5412 2344 5418 _-
2398 5412 2446 5418 _-
2492 5412 2622 5421 .--ω
2809 5412 2991 5427 mw...
3167 5412 3424 5431 ωηυιιηδ

765 5412 1095 5517 ’δῖεοοριτὶιιθι
1152 5438 1307 5517 supra
1360 5426 1529 5503 posito
1575 5412 1893 5486 effunderet.
1926 5412 2110 5487 codex.
2186 5433 2257 5466 “9°
2285 5435 2351 5502 Α,
2380 5412 2537 5503 safd,
2572 5438 2797 5494 abscisa.
2873 5442 2940 5477 ³⁹¹
2972 5447 3052 5499 eis
3084 5463 3242 5516 supra
3284 5412 3449 5517 posit;

1712 5689 1945 5751 ΝυΤιΕ.

282 5748 632 5832 “multum
666 5770 847 5841 artes;
