3988 5362
528 335 631 391 “3

1636 306 1913 369 RlCllERl
1951 305 2010 363 S.
2052 305 2312 364 REMIGII
2350 305 2657 365 MONACHI

3689 299 3800 357 ιιι

526 457 585 505 ιιι
622 445 767 520 regis
788 443 962 517 gratia
997 441 1098 498 sibi
1140 436 1417 499 reddatur,
1460 440 1514 487 et
1554 430 1669 501 ipse
1713 425 1853 497 apud
1881 439 2004 479 eum
2044 428 2102 476 ιιι
2130 402 2182 462 Α
2207 421 2344 487 stis,
2375 420 2637 490 nobisque
2681 417 3028 475 eukaristiam
3075 414 3429 489 porrexistis,
3483 414 3797 486 aliquorum

528 513 971 609 metrdpolitanus
995 534 1314 588 honoretur.
1354 525 1468 578 Rex
1499 520 1728 592 gratiam
1764 513 1984 571 indulsit.
2007 554 2022 579 ,
2053 518 2108 564 et

526 641 586 688 ut
625 630 912 703 plurimum
946 639 1126 682 coram
1165 637 1223 676 se
1262 619 1521 674 honorem
1556 611 1783 666 haberet
1814 604 2103 662 concessit.

533 695 682 783 Unde
711 731 766 777 et
800 720 998 775 factum
1025 724 1145 780 est,
1175 720 1236 767 ut
1280 712 1331 764 in
1371 705 1599 779 prandio
1636 702 1722 755 die
1762 699 1951 754 eadem
1996 695 2106 763 regi

528 819 737 881 dexter,
786 811 1054 867 Adalbero
1110 806 1308 875 reginae
1354 789 1505 854 levus
1552 794 1835 851 resideret.
1866 791 1982 863 ‘llis
2033 789 2107 842 ita

528 925 647 965 sese
679 879 1023 965 habentibus,
1044 894 1299 952 Arnull‘us
1345 892 1412 946 ab
1446 904 1568 960 rege
1612 888 1844 942 dimotus
1879 890 1982 938 est.
2014 879 2110 933 Mi—

527 1017 645 1058 ram
690 997 829 1069 regis
867 987 1279 1049 benivolentiam
1326 980 1522 1038 Karolo
1573 976 1847 1033 indicavit.
1897 972 2109 1039 Quanto

527 1065 983 1166 quoquevhonore
1013 1081 1153 1153 apud
1185 1092 1308 1135 eum
1344 1074 1560 1131 habitus
1590 1071 1660 1126 sit
1702 1067 2012 1137 explicans,
2045 1065 2109 1119 de

527 1160 859 1256 ejus‘gratia
900 1175 1190 1248 plurimum
1236 1166 1590 1241 gloriabatur.
1636 1160 1675 1213 A
1717 1173 1823 1228 quo
1872 1164 2111 1225 tempore

527 1278 670 1349 regis
695 1251 752 1330 et
779 1269 964 1329 Καιοιί
992 1260 1484 1324 reconciliationem
1512 1264 1674 1326 atque
1703 1251 1938 1308 favorem
1966 1263 2111 1319 qua:-

528 1370 700 1425 rebat.

596 1461 687 1517 46.
730 1455 980 1527 Exceptio
1007 1452 1079 1487 ⁸⁸³
1120 1444 1460 1505 Adalberonis
1504 1460 1534 1497 a
1565 1437 1764 1496 Karolo
1794 1436 1865 1471 ⁸⁸³
1890 1466 1961 1476 -
1981 1432 2111 1501 Quae

526 1555 655 1610 dum
690 1552 769 1607 sic
794 1564 914 1604 sese
950 1528 1244 1606 haberent,
1275 1537 1543 1595 Adalbero
1602 1548 1631 1587 a
1670 1545 1795 1602 rege
1838 1527 2110 1599 digressus

528 1653 635 1708 est,
666 1639 1026 1708 Karolumque
1066 1642 1279 1706 petens,
1326 1625 1569 1683 Lauduni
1613 1623 1780 1679 multa
1819 1618 2112 1675 ambitione

527 1744 785 1806 exceptus
817 1740 919 1788 est.
949 1728 1032 1784 Ad
1069 1743 1127 1783 se
1155 1725 1235 1782 sui
1282 1722 1537 1784 redeunt,
1571 1716 1663 1788 qui
1694 1723 1820 1769 ante
1867 1711 1934 1767 ab
1978 1709 2111 1764 urbe

527 1801 898 1883 exuiaverant.
936 1821 1070 1876 Rem
1103 1815 1421 1873 familiarem
1454 1819 1513 1864 ut
1542 1818 1666 1863 ante
1694 1806 2018 1876 disponunt,
2050 1801 2104 1856 in

529 1918 680 1975 nullo
719 1914 1057 1976 dubitantes,
1093 1917 1148 1964 et
1189 1918 1378 1977 pacem
1416 1899 1758 1972 postmodum
1806 1900 2106 1965 sperantes.

529 2008 741 2064 Clcrum
772 2018 931 2075 quem
976 2000 1270 2060 amiserat,
1301 1992 1532 2056 revisit,
1562 1989 1718 2058 eique
1758 1982 2108 2054 compatitur,

529 2073 945 2154 benivolentiam
972 2089 1218 2160 spondet,
1251 2092 1311 2140 ut
1339 2099 1369 2138 a
1395 2096 1454 2138 se
1496 2094 1603 2135 non
1631 2076 1881 2132 deﬁciant
1921 2073 2107 2127 horta-

529 2197 637 2243 tur.
669 2185 960 2253 Postquam
994 2158 1126 2234 satis
1170 2171 1423 2244 colloquii
1458 2184 1581 2224 cum
1624 2167 1737 2222 suis
1776 2161 2005 2226 habuit,
2043 2158 2112 2214 de

530 2250 833 2336 securitate
858 2273 982 2329 fidei
1017 2279 1073 2326 et
1106 2267 1257 2324 urbis
1283 2306 1298 2331 ,
1329 2279 1358 2318 a
1398 2260 1595 2317 Karolo
1639 2254 1974 2313 convenitur.
2007 2250 2113 2318 Qui

533 2369 680 2443 (128)
711 2368 789 2424 sic
817 2379 975 2422 orsus
1012 2360 1177 2431 coepit
1202 2377 1219 2412 :
1253 2375 1272 2408 ι
1307 2353 1574 2424 Quoniam
1604 2347 1885 2411 Divinitas,
1925 2344 1977 2399 in
1999 2356 2114 2398 om-

532 2463 693 2518 nibus
760 2457 1067 2514 misericors
1107 2452 1268 2507 etiam
1301 2448 1426 2502 dum
1466 2442 1658 2515 punit,
1696 2433 2118 2494 misericorditer

532 2562 809 2626 operatur,
842 2549 990 2620 justo
1036 2546 1153 2616 ejus
1187 2540 1383 2611 juditio
1418 2552 1505 2593 me
1539 2544 1597 2592 et
1631 2532 1895 2602 ahjectum
1938 2536 1994 2582 et
2032 2539 2120 2580 rc-

533 2656 746 2718 ceptum
778 2654 1067 2715 cognosco.
1096 2636 1225 2707 Ejus
1252 2632 1506 2702 aequitate
1539 2628 1642 2682 hac
1676 2624 1810 2680 urbe
1845 2634 1930 2676 me
1963 2632 2121 2674 exce-

532 2750 687 2810 ptum
720 2735 975 2796 arbitror,
1005 2728 1122 2800 ejus
1161 2724 1511 2800 benignitate,
1543 2717 1686 2790 quod
1716 2718 1960 2784 superest
1986 2723 2123 2781 prte-

537 2798 725 2887 stolor.
758 2827 932 2897 ipsum
962 2798 1124 2878 etiam
1144 2858 1159 2885 ,
1190 2832 1291 2871 vos
1315 2822 1370 2870 et
1396 2798 1538 2868 hanc
1565 2807 1756 2864 urbem
1786 2803 1917 2859 mihi
1945 2798 2122 2856 reddi-

538 2922 684 2978 disse
715 2887 925 2989 opinor.
957 2914 1000 2967 A
1044 2912 1154 2966 Deo
1184 2908 1369 2977 itaque
1406 2901 1673 2959 redditum
1704 2939 1719 2964 ,
1749 2895 1882 2952 mihi
1907 2887 2124 2960 adjungi

538 2979 984 3087 qurere..Adsunt
1016 3012 1235 3065 sancta,
1267 2995 1611 3067 superponite
1635 2991 1934 3050 dexteram,
1962 2979 2125 3036 fidem

540 3055 729 3163 contra
760 3112 948 3156 omnes
974 3055 1250 3167 spondete.
1283 3055 1541 3155 Esceptin
1564 3079 1710 3136 nulla
1738 3076 1865 3141 erit,
1893 3073 1937 3129 si
1962 3067 2126 3127 vultis
2154 3105 2197 3166 C
2490 3055 2617 3127 quid

540 3160 671 3256 mihi
713 3208 896 3251 comes
938 3160 1075 3244 fieri.
1112 3205 1131 3238 ι
1181 3182 1274 3238 llle
1311 3179 1394 3236 sui
1442 3175 1552 3230 voti
1594 3170 1782 3228 avidus
1808 3208 1823 3234 ,
1870 3160 2125 3237 quicquid

540 3289 815 3365 expetitur
852 3280 1099 3356 spondet.
1141 3277 1319 3346 Super
1361 3277 1548 3327 sancta
1577 3270 1820 3321 dextram
1849 3254 2124 3320 extendit,

540 3344 651 3441 non
699 3344 905 3436 veritus
952 3374 1140 3446 jurare
1190 3344 1569 3437 quodcumque
1614 3350 1949 3427 propositum
2003 3344 2123 3399 fuit.

542 3475 699 3534 Unde
735 3481 791 3529 et
829 3437 1040 3526 cunctis
1081 3458 1362 3521 credulus,
1396 3452 1526 3508 nulli
1572 3453 1854 3519 suspectus
1900 3440 2020 3497 fuit.
2066 3437 2126 3493 ιη

541 3529 693 3625 nullo
725 3560 943 3633 negotio
969 3574 997 3612 a
1029 3565 1242 3625 quoque
1278 3547 1499 3602 vitatur.
1536 3540 1611 3595 De
1644 3538 1778 3594 urbe
1816 3529 2126 3592 munienda,

543 3659 661 3729 ipse
690 3618 870 3725 querit
903 3656 959 3704 et
999 3618 1278 3702 deliberat.
1322 3633 1578 3692 Omnium
1614 3639 1833 3684 causam
1880 3618 2127 3676 sciscita-

546 3715 658 3803 tur.
694 3715 801 3800 ﬁro
836 3737 1088 3798 omnibus
1115 3727 1407 3790 consultat.
1448 3722 1626 3791 Quare
1664 3716 1879 3790 ignotus
1906 3715 2130 3767 cunctos

546 3837 727 3982 latri?
750 3917 1149 3994 Comprehensio
1183 3913 1254 3948 ⁸⁸⁸⁵
1285 3910 1468 3967 Karoli
1495 3906 1559 3961 ab
1590 3901 1934 3959 Adalberone.
1953 3924 2023 3936 —-
2042 3891 2131 3946 In-

548 4031 698 4078 terea
726 4032 848 4074 cum
878 4011 1060 4069 Karoli
1086 4018 1420 4074 suorumque
1445 3998 1689 4056 habitum
1717 3990 1932 4063 penitus
1956 3984 2132 4058 pervi-

551 4114 742 4175 disset,
780 4120 900 4163 sese
937 4102 1100 4158 etiam
1133 4097 1265 4154 nulli
1299 4073 1418 4149 esse
1456 4093 1785 4158 suspectum,
1817 4078 1966 4136 dolos
1997 4073 2134 4130 mul-

550 4170 788 4261 tifaria'm
827 4178 1207 4270 praetendebat,
1247 4195 1305 4242 ut
1335 4192 1388 4240 el
1423 4182 1612 4238 urbem
1645 4176 1747 4233 sibi
1779 4170 2047 4233 redderet,
2078 4174 2134 4220 et

550 4293 807 4352 Karolum
829 4257 974 4358 ἰ·εεῖ
1000 4293 1217 4354 captum
1255 4277 1508 4332 traderet.
1541 4267 1725 4325 Karoli
1762 4266 1943 4334 itaque
1971 4257 2134 4315 collo-

554 4386 682 4458 quio
716 4381 887 4438 utitur
912 4351 1149 4447 saepius,
1186 4363 1601 4426 benivolentiam
1641 4357 1848 4429 profert
1882 4351 2126 4423 amplius.

557 4436 691 4534 éese
735 4482 948 4543 quoque
982 4436 1027 4522 si
1065 4466 1312 4533 oporteat
1355 4450 1709 4513 sacramentis
1746 4446 1917 4518 magis
1963 4443 2130 4499 strin-
2156 4455 2210 4515 ι)
2234 4436 2371 4491 simu

556 4539 786 4641 gendum
831 4558 1016 4623 oﬂ‘ert;
1065 4561 1215 4609 tanta
1265 4545 1473 4604 cautela
1504 4539 1813 4599 calliditatis
1861 4549 2030 4599 usus,
2080 4541 2141 4586 ut

557 4621 778 4714 gmnino
810 4621 1390 4705 dolumsimulationis
1432 4633 1615 4689 colore
1659 4626 1955 4685 obvelaret.
1992 4621 2142 4678 Unde

559 4762 682 4803 cum
712 4749 871 4798 nocte
904 4736 1134 4809 quadam
1152 4732 1295 4786 inter
1324 4723 1623 4782 cenandum
1653 4716 1841 4774 hilaris
1883 4713 2145 4768 resideret

561 4838 747 4912 (Mart.
767 4832 885 4904 29),
906 4802 1133 4885 liarolus
1144 4830 1412 4879 craterem
1431 4827 1649 4869 aureum
1669 4810 1720 4865 in
1734 4822 1840 4878 quo
1855 4818 2044 4877 panem
2068 4802 2148 4856 in-

560 4891 801 4998 fregerat
832 4891 1065 4988 vinoque
1097 4913 1491 4983 temperaverat
1520 4911 1738 4965 tenens,
1772 4904 1892 4966 post
1920 4891 2146 4949 multum

563 4987 861 5076 catillatum
905 5009 955 5064 ei
996 5003 1190 5062 obtulit
1228 5018 1240 5054 :
1293 5014 1312 5050 ι
1348 4993 1614 5063 Quoniam
1659 4987 1908 5058 inquiens
1943 4996 2008 5037 ex
2056 4994 2148 5050 pa-

2207 526 2560 566 susurronum
2602 510 2900 565 calumnias
2942 508 3032 578 qui
3072 507 3224 562 vobis
3273 506 3541 562 fidendum
3590 513 3799 577 negant

2207 600 2571 672 vilipendens,
2623 616 2744 655 cum
2791 600 2953 654 instet
2996 598 3111 653 dies
3157 597 3426 669 passionis
3471 596 3687 652 Domini
3736 604 3798 651 et

2208 695 2501 751 Salvatoris
2530 694 2700 749 nostri
2731 691 2857 749 Jesu
2895 692 3116 757 Christi,
3150 692 3254 746 hoc
3283 689 3556 745 vasculum
3594 696 3799 743 vestra:

2208 787 2451 859 dignitati
2500 795 2716 855 aptum,
2766 799 2886 840 cum
2925 783 3051 837 vino
3093 793 3148 835 et
3192 796 3330 851 pane
3368 780 3600 835 infracto
3637 777 3802 833 vobis

2208 880 2443 949 porrigo.
2472 878 2584 932 ΙΙοε
2610 876 2859 946 poculum
2892 875 2943 929 in
2974 874 3128 944 signo
3150 872 3405 927 habenda:
3431 880 3486 927 et
3512 868 3801 925 servandae

2211 969 2333 1024 fidei
2371 969 2588 1024 ebibite.
2608 966 2675 1021 ‘Si
2711 982 2839 1021 vero
2870 964 3027 1018 fidem
3060 977 3278 1018 servare
3305 962 3484 1015 animo
3513 975 3621 1015 non
3651 966 3797 1021 stat,

2207 1059 2401 1130 poculo
2432 1059 2669 1127 parcite,
2711 1070 2777 1109 ne
2806 1052 3131 1109 horrendam
3161 1050 3310 1105 Judie
3344 1047 3639 1120 proditoris
3672 1060 3805 1115 spe-

2209 1149 2346 1203 ciem
2394 1145 2660 1202 referatis.
2707 1144 2826 1211 Quo
2862 1142 3224 1211 respondente
3275 1157 3289 1192 :
3335 1138 3612 1194 Craterem
3652 1132 3801 1189 reci-

2208 1240 2389 1312 piam,
2421 1247 2477 1293 et
2512 1244 2694 1308 potum
2722 1235 2893 1290 libere
2921 1232 3165 1288 ebibam!
3199 1251 3218 1284 ι
3253 1230 3485 1284 Karolus
3511 1243 3635 1282 mox
3670 1240 3803 1296 pro-

2211 1339 2448 1395 secutus,
2477 1325 2780 1384 addendum
2816 1324 2951 1379 dixit
2981 1338 2996 1377 :
3029 1333 3074 1377 et
3102 1322 3259 1391 ﬁdem
3294 1321 3509 1391 faciam.
3551 1317 3646 1373 Ille
3676 1317 3802 1373 ebi-

2209 1421 2346 1476 bens
2381 1426 2701 1491 prosecutus
2728 1423 2812 1472 est
2845 1433 2858 1469 :
2891 1425 2941 1470 et
2969 1414 3127 1483 ﬁdem
3158 1413 3383 1483 faciam;
3413 1410 3648 1479 alioquin
3676 1423 3803 1471 cum

2210 1514 2356 1571 Iuda
2394 1510 2695 1567 intereant!
2744 1509 2813 1564 Et
2848 1505 3013 1561 multa
3062 1505 3148 1559 his
3189 1503 3384 1558 similia
3432 1497 3805 1556 anathematis

2213 1605 2377 1662 verba
2414 1599 2733 1659 cenantibus
2762 1596 2927 1652 dedit.
2965 1593 3081 1649 Nox
3115 1592 3279 1648 futuri
3311 1591 3488 1647 luctus
3524 1598 3580 1645 et
3613 1586 3806 1658 prodi-

2216 1697 2377 1753 tionis
2403 1692 2622 1751 conscia
2647 1688 2900 1746 instabat.
2928 1684 3183 1753 Quietum
3210 1683 3290 1738 ire
3312 1675 3665 1738 constitutum
3689 1684 3806 1744 est,

2143 1749 2186 1809 Β
2213 1749 2612 1854 dor—mitumque
2656 1782 2709 1837 in
2745 1793 2924 1834 mane.
2942 1749 3227 1832 rddalbero
3259 1774 3341 1830 sui
3372 1773 3479 1829 doli
3518 1770 3803 1836 conscius,

2208 1879 2602 1940 dormientibus
2639 1875 2832 1931 Karolo
2863 1880 2919 1929 et
2946 1868 3168 1926 Arnulfo
3193 1908 3209 1934 ,
3252 1865 3458 1939 gladios
3491 1872 3546 1919 et
3575 1877 3729 1918 arma
3768 1878 3802 1917 a

2208 1974 2479 2046 capitibus
2542 1985 2729 2026 eorum
2800 1965 3047 2030 amovit,
3112 1959 3461 2028 latibulisque
3520 1954 3809 2011 mandavit

2211 2072 2397 2145 (Hart.
2437 2067 2550 2131 '50).
2601 2060 2931 2119 liostiarium
2972 2057 3132 2129 hujus
3179 2054 3286 2111 doli
3324 2054 3574 2124 ignarum
3618 2062 3811 2103 accer-

2213 2165 2360 2220 siens
2382 2201 2396 2225 ,
2427 2170 2648 2214 cursum
2680 2151 3020 2214 accelerare,
3048 2157 3101 2202 et
3138 2145 3408 2215 quendam
3452 2153 3676 2196 suorum
3716 2151 3811 2191 ac-

2212 2251 2414 2310 cersire
2431 2248 2616 2320 jubet;
2649 2243 2846 2299 ostium
2876 2255 2997 2297 sese
3021 2245 3361 2294 servaturum
3401 2231 3628 2287 interim’
3651 2227 3811 2299 polli-

2214 2306 2361 2399 cens.
2408 2306 2527 2406 Quo
2573 2306 2818 2406 digresso
2843 2372 2859 2399 ,
2909 2329 3177 2385 Adalbero
3227 2326 3282 2381 in
3330 2324 3448 2395 ipso
3489 2320 3637 2377 ostio
3686 2306 3813 2374 sese

2215 2435 2450 2491 medium
2486 2430 2637 2494 fixit,
2678 2425 2911 2496 gladium
2954 2422 3055 2477 sub
3101 2428 3249 2476 veste
3290 2426 3499 2472 tenens.
3544 2413 3647 2469 Cui
3682 2426 3810 2467 mox

2218 2526 2300 2581 sui
2347 2521 2699 2584 assistentes,
2727 2521 2913 2586 utpote
2953 2510 3116 2580 hujus
3154 2508 3413 2565 facinoris
3457 2501 3703 2565 conscii,
3741 2500 3812 2555 ab

2217 2612 2555 2670 Adalberone
2591 2619 2777 2662 omnes
2815 2599 3113 2657 intromissi
3160 2605 3306 2654 sunt.
3353 2593 3585 2650 Karolus
3617 2598 3676 2645 et
3711 2588 3814 2643 Ar-

2221 2702 2401 2760 nnlfus
2423 2697 2686 2756 matutino
2713 2706 2906 2750 somno
2927 2687 3170 2759 oppressi
3213 2684 3587 2756 quiescebant.
3612 2678 3814 2734 Coram

2223 2794 2418 2866 quibus
2454 2805 2578 2846 cum
2618 2788 2805 2842 hostes
2854 2781 2998 2837 facto
3043 2778 3256 2850 agmine
3303 2775 3590 2835 adessent,
3628 2776 3689 2824 et
3736 2766 3815 2820 illi

2224 2855 2590 2954 expergefacti
2621 2871 2963 2930 adversarios
2991 2866 3372 2928 advertissent,
3404 2878 3434 2917 a
3456 2860 3616 2916 lectis
3639 2855 3815 2928 prosi-

2226 2948 2440 3036 lientes,
2470 2977 2525 3024 et
2550 2979 2699 3022 arma
2726 2974 3010 3033 capessere
3039 2957 3295 3018 nitentes,
3325 2967 3427 3007 nec
3455 2948 3816 3020 reperientes,

2622 3068 2746 3108 nam
2786 3048 3081 3106 matutinus
3116 3060 3302 3101 eorum
3341 3040 3533 3096 all‘erat
3560 3047 3816 3094 eventus.

2228 3127 2496 3207 ddalbero
2524 3160 2654 3202 vero
2683 3162 2697 3199 :
2736 3162 2755 3196 ι
2790 3140 3054 3210 Quoniam
3089 3137 3258 3208 inquit
3284 3149 3465 3190 arcem
3505 3133 3649 3187 hanc
3683 3127 3821 3184 mihi

2228 3257 2400 3314 nuper
2430 3235 2813 3309 surripuistis,
2832 3243 2888 3288 et
2913 3231 2982 3286 ab
3004 3244 3072 3285 ea
3111 3227 3322 3283 exulem
3352 3224 3503 3280 abire
3532 3221 3820 3292 coegistls,

2229 3343 2286 3388 et
2306 3309 2409 3386 vos
2451 3328 2577 3384 hinc
2615 3321 2862 3380 dissimili
2899 3328 3081 3374 tamen
3124 3316 3339 3372 fortuna
3365 3311 3663 3384 pellemitti.
3708 3309 3824 3379 Ego
3890 3342 3893 3345 ι

2227 3425 2371 3483 enim
2410 3414 2616 3493 proprii
2650 3416 2792 3486 juris
2830 3390 3087 3469 remansi.
3118 3409 3225 3465 Vos
3270 3406 3448 3462 alieno
3486 3402 3764 3460 subibitis.
3796 3421 3817 3455 ι

2227 3517 2312 3573 Ad
2339 3517 2441 3571 hec
2483 3510 2714 3567 Karolus
2744 3525 2757 3562 :
2795 3524 2815 3559 ι
2850 3505 2935 3560 An
2971 3500 3168 3572 inquit,
3197 3515 3231 3555 ο
3259 3496 3826 3569 episcope,hesternaa

2228 3623 2378 3665 cena:
2404 3618 2614 3660 memor
2641 3601 2719 3657 sis
2745 3597 2973 3654 nimium
3003 3594 3191 3649 miror.
3222 3590 3340 3644 Non
3368 3602 3496 3661 ergo
3527 3587 3647 3657 ipsa
3674 3584 3831 3641 Divi-

2229 3700 2419 3756 nitatis
2447 3692 2757 3752 reverentia
2783 3684 3084 3744 inhibebit?
3112 3680 3324 3737 Nihilne
3341 3678 3430 3747 jus
3458 3675 3830 3734 sacramenti?

2230 3792 2376 3850 Nihil
2417 3791 2690 3846 hesternae
2721 3796 2871 3837 cena:
2896 3772 3272 3849 .imprecatio?
3298 3788 3318 3824 ι
3350 3769 3416 3826 Ει
3449 3769 3552 3824 hec
3587 3767 3787 3822 dicens
3809 3805 3827 3831 ,

2228 3896 2471 3956 praeceps
2501 3881 2554 3935 in
2596 3878 2807 3932 hostem
2847 3870 3039 3925 fertur.
3080 3865 3251 3933 Quem
3289 3861 3594 3926 furentem,
3626 3857 3830 3913 armati

2230 3948 2589 4034 circumdant,
2616 3973 2777 4036 atque
2801 3963 2854 4017 in
2884 3960 3082 4016 lectum
3117 3953 3392 4026 repulsum
3428 3948 3826 4019 comprimunt.

2229 4070 2343 4126 Nec
2377 4066 2556 4122 minus
2595 4055 2878 4116 Arnulfum
2915 4049 3234 4122 pervadunt.
3265 4044 3412 4112 Quos
3454 4039 3830 4109 comprehen-

2232 4177 2351 4226 sos,
2387 4160 2441 4215 in
2478 4154 2668 4212 eadem
2696 4147 2830 4206 turri
2873 4143 3174 4201 includunt.
3204 4136 3421 4194 Turrim
3454 4147 3673 4204 quoque
3710 4130 3830 4187 ela-

2232 4223 2386 4308 vibus
2408 4258 2464 4305 et
2492 4246 2631 4303 seris
2660 4236 3034 4310 repagulisque
3064 4229 3379 4288 custodibus
3411 4223 3673 4281 adhibitis
3703 4236 3833 4276 mu-

2234 4344 2406 4400 niunt.
2440 4338 2594 4395 Unde
2634 4349 2757 4389 cum
2794 4329 3000 4385 clamor
3031 4322 3376 4381 feminarum,
3421 4324 3833 4386 puerorumque

2378 4432 2394 4486 l
2446 4438 2501 4486 et
2548 4423 2873 4481 famulorum
2926 4414 3159 4472 ululatus
3205 4410 3261 4465 in
3310 4406 3507 4464 caelum
3549 4403 3820 4464 ferretur,

2242 4525 2388 4581 cives
2416 4535 2513 4591 per
2538 4516 2728 4573 urbem
2775 4505 2974 4564 turbati
3017 4513 3072 4559 et
3105 4495 3468 4571 expergefacti
3511 4488 3658 4548 sunt.
3692 4488 3835 4555 Qui-

2245 4581 2477 4682 cumque
2501 4605 2685 4663 Karoli
2710 4600 2951 4674 partibus
2980 4593 3251 4655 favebant,
3282 4602 3405 4642 mox
3432 4581 3680 4655 profugio
3708 4593 3837 4633 sese

2246 4668 2627 4760 liberaverunt.
2687 4668 2840 4760 Quod
2891 4687 3056 4743 etiam
3108 4682 3199 4736 vix
3254 4678 3457 4733 factum
3514 4672 3634 4727 fuit.
3693 4668 3837 4723 Nam

2250 4809 2375 4853 cum
2398 4805 2535 4862 pene
2566 4787 2739 4842 adhuc
2771 4781 3043 4851 fugerent,
3085 4771 3268 4828 statim
3304 4776 3413 4822 tota
3447 4765 3637 4825 civitas
3665 4760 3841 4815 oblin-

2253 4850 2496 4944 mari.ab
2533 4850 2872 4936 Adalberone
2900 4870 3050 4941 jussa
3087 4874 3206 4927 est,
3245 4868 3305 4916 ut
3330 4872 3520 4915 omnes
3558 4868 3696 4925 quos
3730 4850 3842 4906 sibi

2255 4979 2512 5034 adversos
2558 4968 2782 5042 putabat
2831 4955 3330 5028 comprehenderet.
3378 4945 3601 5016 Qumsiti
3648 4942 3840 5005 fuere,

2564 5032 2598 5076 Ϊ-
2654 5057 2685 5076 η
2730 5055 2956 5076 1-)---ιηη
2988 5056 3063 5076 Α..
3103 5054 3151 5076 ιη
3194 5039 3376 5076 παι-Λιῖ
3424 5038 3561 5076 ﬁlius:
3589 5032 3840 5076 hipnnig-
