3988 5362
193 177 284 233 ll5
1097 172 1568 230 lllSTORlARUM
1610 169 1788 226 LIBRI
1824 153 2286 235 ammon":
2312 165 2437 222 LIB.
2477 152 2576 221 tv.‘

1776 267 1826 322 Α
1853 261 1922 290 ⁶⁰¹
1945 259 2130 315 osculo
2153 259 2400 314 semotim
2423 258 2493 288 ⁶⁰⁸
2517 254 2838 312 secessimus
2859 253 2946 306 ⁶⁹¹.
2971 252 3062 307 Ille
3091 267 3210 306 mox
3234 253 3426 321 episto-

189 291 440 351 Adalbero
503 289 618 361 regi
670 287 1020 345 Silvanectim
1079 291 1283 357 legatos
1347 288 1491 342 otius
1545 286 1745 350 mittit;

185 381 438 452 quondam
478 382 736 436 amissam
778 382 964 436 urbem
996 379 1106 447 jam
1146 388 1452 447 receptam,
1496 374 1751 430 Karolum

186 487 293 525 cum
328 485 502 524 uxore
537 479 594 525 et
632 471 776 525 natis
805 480 1052 540 captum,
1087 478 1249 538 atque
1285 466 1568 522 Arnulfum
1609 467 1752 521 inter

185 564 350 616 hostes
382 561 670 616 inventum
698 571 750 615 et
778 561 1220 630 comprehensum
1252 559 1488 612 mandat.
1520 557 1669 613 Unde
1696 562 1752 610 et

182 652 284 704 sine
310 665 462 702 mora
495 666 623 704 cum
649 660 1012 720 quotcumque
1046 649 1216 719 possit
1244 649 1445 702 veniat.
1476 647 1750 703 Exercitui

178 742 466 810 colligendo
501 759 711 797 moram
755 742 952 796 nullam
994 742 1252 796 intendat.
1285 741 1490 795 Vicinis
1524 740 1748 811 quibus-

177 847 392 899 cumque
423 834 686 898 confidit,
720 844 777 888 ut
805 843 924 903 post
949 849 1007 889 se
1041 834 1286 903 veniant,
1320 834 1523 904 legatos
1550 834 1745 890 mittat.

178 921 390 990 Moxque
426 924 537 976 etsi
573 939 696 978 cum
729 926 912 993 paucis
939 926 1140 980 veniat.

234 1011 317 1066 48.
357 1011 481 1066 Rea:
512 1013 585 1044 ‘“
622 1015 788 1082 captis
832 1014 1031 1069 Karolo
1059 1015 1132 1046 ⁸³⁸
1159 1027 1206 1070 et
1237 1015 1308 1048 ⁸³⁸
1333 1015 1566 1087 'Arnulfo
1602 1018 1748 1072 Lau-

173 1102 354 1155 dunum
397 1103 474 1134 m
505 1105 800 1174 ingreditur
825 1105 914 1160 ³’⁶.
936 1135 1004 1146 --
1030 1106 1139 1160 Rex
1173 1116 1534 1180 quotcumque
1574 1118 1751 1178 potest

172 1195 412 1259 assumit,
443 1203 507 1250 et
555 1197 672 1252 sine
701 1197 955 1253 dilatione
979 1198 1294 1254 Laudunum
1336 1205 1489 1271 petit.
1521 1202 1748 1259 Nactus-

172 1299 262 1352 que
296 1287 493 1342 urbem
522 1327 541 1352 ,
578 1297 632 1343 el
675 1291 822 1361 regia
863 1292 1122 1362 dignitate
1150 1305 1438 1363 exceptus,
1469 1297 1534 1352 de
1574 1297 1746 1353 salute

173 1373 418 1440 ﬁdelium,
472 1378 742 1448 urbisque
797 1385 1076 1453 ereptione
1123 1393 1177 1440 et
1227 1385 1460 1441 hostium
1496 1403 1746 1457 compre-

173 1464 416 1520 bensione
459 1473 732 1540 quesivit,
776 1484 830 1529 et
874 1477 1148 1532 addidicit.
1193 1478 1289 1534 Die
1331 1480 1497 1534 altera
1539 1481 1747 1537 civibus

173 1557 340 1611 accitis
365 1599 380 1620 ,
410 1561 482 1614 de
508 1561 617 1616 lide
645 1564 746 1620 sibi
798 1567 1038 1621 habenda
1072 1578 1385 1639 pertractat.
1415 1572 1493 1625 Illi
1522 1573 1633 1628 acsi
1657 1573 1746 1642 qui

173 1649 294 1715 capti
336 1660 541 1714 erant,
584 1662 642 1706 et
682 1656 906 1726 quijam
944 1657 996 1712 in
1030 1657 1118 1727 jus
1157 1660 1381 1716 alterius
1427 1673 1742 1729 cesserant,

172 1737 311 1792 ﬁdem
357 1740 575 1797 faciunt
613 1753 671 1799 et
713 1749 820 1817 regi
855 1760 1194 1804 sacramento
1236 1753 1596 1809 asciscuntur.
1645 1755 1748 1810 Ur-

171 1827 341 1898 bisque
377 1837 688 1892 securitate
718 1838 858 1894 facta
881 1881 896 1904 ,
929 1856 1021 1896 rex
1071 1843 1414 1899 Silvanectim
1460 1856 1581 1916 post
1621 1865 1744 1904 cum

169 1924 322 2013 captis
354 1925 616 1983 hostibus
651 1931 830 1984 rediit.
869 1931 1006 1989 Suos
1041 1934 1234 1990 deinde
1261 1936 1575 2005 sciscitans,
1611 1939 1746 2013 deli-

168 2011 370 2068 berandi
403 2018 682 2074 rationem
709 2023 990 2089 querebat.

224 2105 304 2159 49.
327 2107 662 2165 Deliberatio
685 2114 751 2144 ⁵⁸⁷
768 2117 1115 2184 quorumdam
1134 2117 1206 2149 ⁸⁵⁷
1237 2121 1376 2188 apud
1396 2137 1563 2191 regem
1591 2140 1745 2193 super

167 2195 225 2226 ⁸⁵⁷
253 2197 449 2254 Karolo
480 2202 579 2256 "7.
611 2233 685 2244 -—
710 2203 821 2270 Qua
868 2207 931 2260 de
966 2221 1024 2262 re
1053 2207 1276 2264 aliorum
1309 2214 1572 2267 sententia
1603 2223 1742 2279 erat,

169 2303 193 2338 a
215 2286 402 2343 Karolo
443 2292 571 2346 viro
599 2293 752 2348 claro
776 2295 865 2358 ⁸³³,
904 2305 958 2350 et
989 2297 1137 2367 regio
1171 2315 1371 2368 genere
1415 2302 1602 2356 inclito
1627 2302 1744 2372 ejus

166 2389 298 2433 natos
324 2396 529 2438 omnes
557 2399 684 2438 cum
727 2387 954 2442 natabus
981 2389 1196 2444 obsides
1233 2391 1609 2461 accipiendos;
1651 2410 1744 2464 pe-

166 2471 363 2526 tendum
408 2475 588 2528 etiam
630 2477 699 2530 ab
730 2492 794 2531 eo
822 2489 1218 2534 sacramentum
1247 2523 1260 2546 ,
1299 2499 1406 2552 quo
1439 2485 1549 2554 regi
1585 2485 1742 2540 Iidem

164 2558 305 2614 faciat
353 2578 597 2634 regnum
631 2566 870 2622 Francia:
900 2585 1191 2639 numquam
1217 2586 1336 2628 sese
1367 2577 1736 2644 repetiturum,

164 2659 326 2706 contra
369 2664 544 2710 natos
591 2673 804 2726 quoque
845 2669 1225 2716 testamentum
1272 2664 1396 2719 inde
1447 2666 1738 2724 facturum.

166 2739 260 2805 Quo
282 2743 438 2798 Iacto
462 2745 725 2800 Karolum
753 2749 1130 2806 dimittendum
1157 2755 1470 2811 censebant.
1497 2757 1740 2815 Aliorum

163 2845 271 2885 vero
295 2838 581 2889 sententia
615 2836 918 2905 bujusmodi
947 2850 1086 2896 erat.
1118 2841 1249 2898 Tum
1279 2844 1485 2902 clarum
1519 2858 1574 2904 et
1601 2851 1740 2905 anti-

166 2923 240 2990 qui
265 2927 490 2994 generis
524 2928 702 2982 virum
770 2946 874 2986 non
906 2949 1030 2988 mox
1059 2935 1386 2992 reddendum
1409 2979 1423 3004 ,
1470 2941 1564 2996 sed
1597 2944 1734 3012 apud

167 3032 321 3086 regem
350 3031 470 3074 tam
499 3021 593 3075 diu
624 3023 950 3091 habendum,
983 3029 1157 3084 donec
1178 3031 1268 3099 qui
1297 3031 1412 3099 ejus
1437 3035 1738 3103 captionem

167 3108 481 3180 iudignaturi
517 3114 629 3167 sint
657 3115 727 3147 "9
764 3129 1074 3187 appareant.
1123 3121 1178 3176 Si
1211 3139 1277 3178 eo
1308 3140 1534 3181 numero
1560 3137 1615 3181 et
1640 3143 1739 3182 no-

168 3202 290 3256 mine
323 3215 504 3273 atque
549 3207 686 3262 duce
724 3211 1108 3280 prtemineant,
1154 3224 1211 3269 ut
1242 3217 1444 3289 indigni
1484 3235 1588 3274 non
1634 3222 1742 3276 sint

166 3290 239 3357 qui
267 3292 456 3348 hostes
488 3296 635 3365 regis
660 3296 992 3355 Francorum
1017 3304 1284 3372 dicantur,
1315 3309 1426 3363 sive
1457 3309 1741 3367 inferiores

167 3381 271 3444 sint,
303 3387 726 3442 attendendum.
762 3391 821 3446 Si
853 3409 983 3464 ergo
1021 3397 1176 3464 pauci
1206 3407 1260 3452 et
1292 3399 1575 3456 inferiores
1604 3402 1740 3458 indi-

164 3485 413 3541 guentur,
453 3483 748 3536 tenendum
789 3487 1119 3555 censebant;
1168 3491 1212 3544 si
1257 3506 1384 3547 vero
1429 3495 1658 3564 majores
1688 3505 1743 3551 et

166 3577 303 3630 quam
341 3569 540 3638 plures
567 3611 582 3635 ,
619 3573 947 3629 reddendum
988 3581 1248 3648 superiori
1298 3583 1504 3639 ratione
1547 3589 1744 3640 suade-

167 3655 294 3717 bant.
323 3664 596 3719 Karolum
629 3683 756 3736 ergo
789 3687 910 3725 cum
940 3687 1106 3728 uxore
1135 3675 1392 3731 Adelaide
1415 3688 1468 3732 et
1497 3678 1605 3734 filio
1635 3680 1740 3734 Lu-

166 3754 349 3820 dorico,
392 3767 451 3814 et
485 3759 702 3816 filiabus
726 3762 953 3828 duabus,
989 3781 1215 3834 quarum
1248 3769 1417 3823 altera
1444 3771 1735 3842 Gerberga,

168 3845 312 3901 altera
338 3849 630 3905 Adelaidis
653 3851 953 3920 dicebatur,
978 3871 1184 3911 necnon
1217 3868 1270 3913 et
1289 3859 1516 3918 Arnulfo
1544 3873 1738 3931 nepote

168 3941 348 3994 carceri
386 3941 565 3995 dedit.
1136 3947 1150 3966 °
1249 3949 1260 3961 “

221 4029 300 4084 50.
334 4031 418 4087 De
456 4034 762 4104 difﬁcultate
791 4037 862 4070 ⁶⁰⁰
886 4042 968 4094 sui
996 4043 1197 4098 itineris
1224 4045 1295 4076 ⁶⁰⁰
1324 4046 1388 4099 ab
1417 4049 1486 4080 ⁸⁰⁰
1512 4050 1636 4104 urbe
1667 4051 1737 4083 ⁶⁰⁰

166 4111 428 4174 Remorum
463 4120 756 4178 Carnotum
783 4126 875 4182 ‘°°.
903 4157 972 4168 -—-
1001 4131 1140 4186 Ante
1181 4133 1373 4189 horum
1403 4139 1734 4207 captionem,

167 4208 334 4301 diebus
376 4213 563 4270 ferme
603 4217 705 4281 Η,
759 4236 882 4275 cum
929 4224 1186 4280 aviditate
1220 4227 1457 4283 discendi
1508 4231 1734 4301 legicam

3322 159 3426 213 N6

1853 353 1960 407 Iam
1989 351 2232 422 protulit,
2264 349 2619 406 hortatoriam
2660 347 2728 402 ad
2760 345 3190 416 apborismorum
3237 343 3422 398 lectio-

1851 459 1994 498 nem.
2027 443 2177 500 Unde
2210 452 2265 498 et
2289 457 2388 512 ego
2413 440 2696 496 admodum
2728 437 2959 503 ltet‘atus,
2993 445 3268 506 assumpto
3295 449 3432 503 quo-

1851 535 1973 590 dam
2016 549 2182 604 puero
2231 549 2352 588 cum
2391 530 2686 588 Carnotino
2715 529 2933 599 equite,
2984 529 3088 582 iter
3132 526 3429 581 Carnotum

1852 627 2091 697 arripere
2125 624 2384 694 disposui.
2426 622 2713 692 Digressus
2757 627 2968 684 autem,
3011 617 3078 671 ab
3118 617 3312 671 abbate
3359 614 3430 647 “‘

1850 736 1970 776 meo
2028 719 2174 790 (l25)
2233 719 2393 772 unius
2446 726 2650 772 tantum
2702 713 2984 784 parvaredi
3035 710 3284 766 solatium
3339 721 3433 762 ac-

1849 811 1987 880 cepi.
2048 809 2291 865 Nummis
2348 810 2552 871 etiam,
2611 805 2952 865 mutatoriis,
3017 801 3321 869 ceterisque
3359 798 3431 833 ‘“

1851 901 2175 957 necessariis
2220 915 2461 964 vacuus,
2510 897 2788 953 Orbatium
2837 893 2983 963 (126)
3031 890 3295 962 perveni,
3349 888 3427 942 lo-

1851 1006 1974 1046 cum
2033 989 2199 1045 multa
2256 988 2485 1043 caritate
2537 985 2801 1040 inclitum.
2857 982 3039 1050 Ibique
3088 979 3272 1034 domni
3329 980 3429 1032 ab-

1850 1079 1991 1135 batis
2034 1080 2098 1133 D.
2153 1077 2418 1146 colloquio
2466 1082 2742 1129 recreatus
2767 1113 2780 1135 ,
2821 1070 3084 1138 simulque
3121 1076 3174 1122 et
3210 1066 3426 1122 muniti.-

1851 1169 2032 1224 centia
2072 1175 2423 1232 sustentatus,
2461 1165 2513 1219 in
2549 1163 2786 1218 crastino
2845 1161 2946 1214 iter
2997 1173 3165 1228 usque
3213 1156 3444 1212 Meldim

1851 1257 2215 1328 peragendum
2268 1254 2491 1324 arripui.
2550 1253 2826 1322 Ingressus
2878 1263 3177 1304 verorum
3217 1246 3425 1301 duobus

1849 1348 2139 1402 comitibus
2178 1346 2422 1400 lucorum
2463 1343 2757 1406 anfractus,
2795 1356 2902 1394 non
2951 1339 3168 1394 defuere
3197 1335 3427 1391 infortu-

1850 1439 1925 1494 nii
1971 1454 2146 1493 casus.
2209 1436 2342 1490 Nam
2409 1433 2714 1488 fallentibus
2771 1431 2960 1494 biviis,
3019 1444 3112 1484 sex
3154 1427 3430 1497 leugarum

1851 1527 2215 1599 superfluitate
2251 1526 2692 1588 exorbitavrmus,
2726 1521 3065 1575 Transmisso
3119 1533 3245 1572 vero
3291 1515 3427 1570 Teo-

1779 1633 1826 1693 B
1855 1620 2022 1676 dorici
2053 1619 2303 1683 castello,
2347 1617 2675 1686 parvaredus
2706 1623 2829 1669 ante
2884 1614 3030 1667 visus
3055 1606 3390 1678 .bucephalns
3414 1645 3428 1669 ,

1848 1711 1964 1766 ﬁeri
1999 1711 2161 1779 coapit
2203 1709 2368 1763 asello
2414 1706 2790 1762 tardiusculus.
2832 1704 2949 1760 Jam
2993 1703 3074 1758 sol
3129 1717 3159 1755 a
3197 1714 3430 1754 mesem-

1847 1801 2004 1857 Ι)ιίηο
2041 1801 2385 1864 discesserat,
2417 1808 2635 1868 totoque
2659 1811 2788 1850 aere
2842 1796 2894 1849 in
2922 1794 3130 1864 pluvias
3146 1789 3424 1854 dissoluto,

1847 1892 1900 1948 in
1931 1907 2180 1948 occasum
2209 1890 2486 1962 vergebat,
2526 1905 2648 1944 cum
2691 1887 2845 1942 fortis
2876 1886 2964 1940 ille
3016 1882 3292 1939 bucefalus
3341 1897 3433 1934 su-

1845 1999 2032 2054 premo
2068 1982 2250 2038 labore
2281 1983 2473 2047 victus,
2504 1981 2644 2035 inter
2692 1979 2897 2034 femora
2953 1976 3233 2032 insidentis
3278 1974 3432 2044 pueri

1845 2075 2102 2130 deficiens
2141 2074 2365 2138 corruit,
2397 2083 2450 2128 et
2503 2072 2646 2127 velut
2684 2071 2894 2141 fulgure
2950 2069 3228 2138 trajectus,
3279 2073 3434 2120 sexto

1845 2167 1914 2199 ⁶⁰⁸
1948 2165 2176 2219 miliario
2208 2167 2273 2220 ab
2306 2165 2440 2219 urbe
2461 2163 2768 2234 exspiravit.
2795 2161 3003 2228 Quanta
3023 2167 3147 2212 tunc
3184 2156 3284 2210 fuit
3312 2171 3432 2225 pcr-

1846 2256 2104 2320 turbatio,
2128 2265 2326 2323 quanta
2354 2255 2616 2320 anxietas,
2647 2254 2719 2307 illi
2745 2252 3075 2324 perpendere
3103 2249 3279 2303 valent
3336 2245 3431 2315 qui

1844 2362 2000 2401 casus
2039 2345 2243 2401 similes
2282 2346 2568 2417 aliquando
2607 2345 2850 2416 perpessi
2884 2353 3027 2407 sunt,
3059 2352 3113 2396 et
3138 2357 3201 2395 ex
3238 2337 3430 2393 simili-’-

1842 2435 1944 2490 hus
1979 2435 2171 2490 similia
2204 2437 2474 2506 colligant.
2516 2435 2656 2490 Puer
2679 2435 2987 2505 inexpertus
3044 2431 3177 2486 tanti
3217 2429 3431 2484 itineris

1843 2526 2231 2592 difﬁcultatem,
2261 2527 2561 2582 fessustoto
2589 2541 2835 2594 corpore,
2867 2539 3004 2593 equo
3026 2523 3244 2584 amisso,
3266 2524 3422 2588 jaceo

1841 2617 1953 2672 bat.
1988 2618 2370 2689 Impedimenta
2415 2618 2530 2671 sine
2560 2626 2775 2671 vectore
2810 2615 3053 2669 aderant.
3099 2611 3302 2666 Imbres
3343 2611 3428 2664 ni-

1843 2709 1948 2761 mia
1972 2708 2236 2763 infusione
2272 2709 2519 2762 ruebant.
2551 2705 2758 2760 Cadunt
2802 2704 2983 2759 nubila
3039 2697 3422 2772 praetendebat:

1844 2797 1932 2853 Sol
1959 2799 2071 2870 jam
2097 2800 2150 2854 in
2178 2814 2374 2856 occasu
2443 2797 2750 2852 minabatur
2789 2796 3058 2850 tenebras.
3119 2793 3266 2848 Inter
3313 2793 3427 2846 hate

1842 2890 2042 2954 omnia,
2067 2890 2328 2945 dubitanti
2353 2888 2631 2944 consilium
2656 2904 2684 2941 a
2710 2888 2815 2941 Deo
2843 2902 2945 2941 non
2977 2886 3164 2941 defuit.
3191 2886 3426 2939 Puerum

1767 2988 1812 3050 (ς
1845 2995 2073 3050 namque
2089 2997 2208 3034 cum
2238 2980 2636 3050 impedimentis
2675 2978 2745 3032 ibi
2785 2977 3008 3047 reliqui;
3039 2977 3350 3045 dictatoqne
3375 2975 3427 3029 ei

1844 3071 1972 3140 quid
1998 3072 2358 3142 interrogatus
2387 3086 2416 3124 a
2447 3071 2850 3125 transeuntibus
2879 3069 3250 3138 responderet,
3278 3076 3333 3122 et
3371 3077 3429 3121 ut

1842 3177 2050 3216 sommo
2073 3163 2370 3218 imminenti
2397 3163 2697 3223 resisteret,
2746 3162 2859 3216 solo
2911 3161 3092 3232 equite
3136 3161 3428 3215 Carnotino

1843 3252 2152 3316 comitatus,
2184 3250 2394 3306 Meldim
2427 3251 2668 3321 perveni.
2705 3249 2928 3304 Pontem
2969 3265 3181 3320 quoque
3220 3249 3307 3302 vix
3362 3249 3429 3300 de

1843 3340 1961 3396 luce
1993 3343 2203 3408 videns,
2229 3342 2520 3412 ingredior.
2553 3342 2619 3395 Et
2668 3342 2793 3395 dum
2841 3341 3146 3410 diligentius
3183 3348 3425 3394 contem-

1841 3433 2037 3501 plarer,
2065 3434 2423 3488 uovisiterum
2449 3433 2758 3486 infortuniis
2784 3434 3040 3501 angebar.
3072 3431 3258 3484 Tantis
3281 3431 3427 3485 enim

1842 3536 1892 3580 et
1919 3535 1995 3580 tot
2025 3527 2259 3580 hiatibus
2289 3527 2530 3597 patebat,
2562 3535 2622 3579 ut
2660 3526 2745 3578 vix
2785 3525 2978 3579 civium
3013 3524 3303 3579 necessarii
3340 3524 3427 3578 die

1839 3617 2027 3673 eadem
2059 3630 2291 3686 perenm
2343 3617 2672 3670 transierint.
2715 3615 3038 3669 Carnotinus
3089 3615 3299 3682 inpiger
3326 3655 3340 3679 ,
3371 3622 3428 3668 et

1840 3708 1893 3763 in
1916 3707 2219 3778 peragenda
2259 3707 2449 3761 itinere
2477 3706 2608 3761 satis
2652 3705 2926 3774 providus,
2984 3704 3284 3758 naviculam
3323 3705 3426 3759 cir-

1840 3815 2163 3869 cunquaque
2191 3799 2470 3869 inquirens
2495 3807 2548 3852 et
2582 3798 2786 3852 nullam
2817 3797 3120 3861 inveniens,
3148 3797 3212 3851 ad
3245 3798 3424 3866 pontis

1837 3888 2072 3962 pericula
2105 3889 2279 3954 rediit,
2299 3900 2352 3943 et
2377 3901 2434 3942 ut
2462 3888 2583 3958 equi
2614 3889 2907 3944 incolumes
2928 3889 3424 3944 transmitterentur

1838 3997 1869 4036 e
1895 3978 2033 4033 coelo
2063 3981 2311 4033 emeruit.
2343 3978 2476 4032 Nam
2507 3980 2559 4031 in
2587 3978 2717 4033 locis
2748 3979 3022 4034 hiantibus
3045 3995 3305 4050 equorum
3334 3995 3424 4047 pe-

1840 4069 1996 4123 dibus
2027 4069 2315 4138 aliquando
2353 4069 2584 4138 clipeum
2621 4069 3185 4139 subdens,aliqnando
3215 4069 3423 4123 tabulas

1839 4158 2074 4226 abiectas
2114 4158 2394 4228 adjugens,
2421 4160 2579 4213 modo
2613 4161 2946 4222 incurvatus,
2991 4161 3147 4214 modo
3185 4169 3418 4224 erectus,

1838 4247 1997 4300 modo
2018 4249 2298 4312 accedens,
2317 4248 2474 4301 modo
2499 4264 2804 4312 recurrens,
2827 4249 3116 4302 ellicaciter
3133 4264 3252 4302 cum
3268 4249 3421 4318 equis

169 4297 478 4416 Yppocratis
516 4308 584 4408 ξω
617 4308 782 4377 Cboi,
815 4313 881 4367 de
936 4317 1126 4371 studiis
1159 4317 1466 4376 liberalibus
1501 4297 1642 4391 saepe
1682 4334 1735 4378 et

2020 4297 2466 4312 _.__-,_.__,_____-
2502 4297 2804 4312 _-._-.___-_-,
2832 4297 3105 4302 --____-_--_
3139 4297 3252 4302 η---
3274 4297 3417 4318 μιν--

1841 4352 1923 4392 me
1973 4339 2263 4393 comitante
2326 4341 2660 4407 pertransiit.
2726 4338 2840 4392 Nox
2882 4341 3224 4394 inhorruerat
3274 4356 3423 4393 ntun-

166 4392 372 4448 multum
417 4398 752 4466 cogitarem,
799 4405 1028 4471 quadam
1071 4407 1158 4461 die
1208 4411 1445 4478 equitem
1488 4412 1736 4469 Carnoti-

167 4494 274 4534 num
303 4484 361 4538 in
392 4487 849 4544 urbe’Remorum
873 4493 1076 4562 positus
1105 4493 1318 4551 offendi.
1349 4498 1448 4566 Qui
1480 4515 1510 4554 a
1541 4517 1627 4556 me
1653 4505 1734 4557 in-

167 4579 458 4646 terrogatus
495 4581 617 4648 quis
642 4589 696 4634 et
745 4584 896 4652 cujus
916 4595 1076 4651 esset,
1105 4602 1202 4640 cur
1223 4599 1278 4642 et
1305 4591 1445 4647 unde
1472 4594 1729 4660 venisset,

168 4669 474 4730 Heribrandi
529 4679 714 4734 clerici
773 4680 1119 4740 Carnotensis
1169 4686 1402 4757 legatum
1459 4706 1619 4757 sese,
1677 4703 1731 4749 et

168 4761 384 4823 Ricltero
415 4773 588 4825 sancti
624 4773 855 4842 Remigii
901 4778 1164 4832 monacho
1201 4795 1259 4834 se
1299 4782 1433 4836 velle
1463 4757 1606 4854 loqui
1647 4803 1734 4843 re-

169 4860 380 4922 spondit.
412 4862 524 4932 Ego
553 4879 679 4919 mox
712 4865 870 4919 amici
902 4883 1092 4923 nomen
1124 4881 1177 4926 et
1207 4872 1491 4940 legationis
1512 4893 1728 4934 causam

170 4945 450 5015 advertens,
484 4967 570 5007 me
595 4969 767 5024 quem
796 4958 1048 5024 querebat
1077 4962 1164 5025 °°';
1195 4961 1422 5020 indicavi
1446 5007 1461 5032 ,
1501 4969 1731 5039 datoque

1840 4427 2074 4496 dumque
2117 4436 2252 4481 tetra
2315 4429 2541 4498 caligine
2596 4429 2918 4496 obduxerat,
2973 4445 3095 4483 cum
3145 4429 3420 4484 basilicam

1839 4520 2010 4573 sancti
2034 4519 2295 4573 Pharonis
2334 4520 2539 4585 introii,
2598 4521 2854 4574 fratribus
2897 4523 3072 4577 adhuc
3109 4523 3423 4590 parantibus

1837 4617 2020 4678 potum
2073 4609 2337 4664 caritatis.
2394 4609 2508 4675 Qua
2551 4611 2635 4665 die
2663 4609 3033 4679 sollempniter
3080 4621 3420 4679 pranserant,

1838 4698 2066 4753 recitato
2103 4700 2336 4768 capitulo
2365 4699 2435 4732 ⁸⁰⁶
2460 4701 2524 4755 de
2553 4701 2839 4757 cellarario
2892 4701 3229 4764 monasterii,
3283 4700 3424 4770 quod

1839 4788 1940 4842 fuit
1979 4804 2142 4844 causa
2183 4798 2292 4844 tam
2332 4807 2466 4846 serzc
2491 4791 2804 4862 potationis.
2845 4793 2891 4846 Α
2923 4794 3119 4865 quibus
3164 4800 3221 4844 ut
3259 4789 3426 4842 frater

1839 4890 2114 4950 exceptus,
2147 4881 2393 4939 dulcibus
2431 4883 2698 4955 alloquiis,
2749 4884 2999 4958 cibisque
3046 4882 3429 4939 sufficientibus

1843 4981 2120 5025 recreatus
2142 4985 2283 5027 sum.
2322 4975 2678 5030 Carnotinum
2713 4975 2954 5042 equitem
2995 4989 3118 5031 cum
3165 4971 3317 5041 equis
3347 4969 3426 5021 vi-

1455 5082 1687 5141 VAlil/E
1723 5086 2124 5143 LECTIONES.

177 5217 187 5227 ,
226 5152 288 5227 ⁸⁸)
316 5155 400 5226 Rc,
454 5161 662 5216 Karolo
733 5167 811 5225 et,
863 5178 983 5217 num
1013 5165 1025 5219 i
1054 5167 1194 5220 absc,

176 5223 212 5271 is
235 5223 394 5304 abur,
420 5223 803 5304 notum_n_bsc.
841 5233 936 5304 _°°‘
966 5237 1273 5304 yppacratis
1313 5223 1427 5297 rod:

177 5297 453 5362 ceteriisque
481 5320 529 5357 c.
614 5301 694 5331 ⁸⁸⁵
726 5301 886 5355 tertio
910 5297 1049 5358 co'ri'.
1078 5306 1222 5360 VI“.
1298 5310 1366 5342 ⁶⁰⁶
1395 5328 1516 5362 can.

1308 5171 1377 5203 ⁸³⁷
1401 5174 1697 5249 _Deli,qtto,
1727 5196 1861 5248 apu,
1920 5195 2081 5249 super
2112 5179 2254 5234 absc.

1508 5246 2078 5320 ‘°'t'ebat,dat0t1ite,
2127 5254 2339 5322 motim,
2389 5271 2451 5310 us
2497 5258 2719 5312 abscisa.

2856 5190 2929 5220 "9
2959 5199 3028 5242 st.
3135 5183 3202 5214 ⁶⁰⁰
3241 5182 3436 5248 ullate,

2798 5255 2870 5287 ⁶⁰⁸
2926 5275 2974 5313 a.
3039 5270 3110 5308 m.
3168 5252 3282 5305 cod.
3361 5252 3441 5282 θοι

2367 5185 2437 5219 ⁸⁹³
2463 5187 2611 5241 clero
2659 5187 2776 5239 cod.
