3988 5362
582 258 690 314 147

1706 270 1997 345 RlCilERl.
2028 272 2083 329 S.
2123 274 2381 336 REMlGll
2421 281 2740 356 MONACHIS

3745 296 3848 354 ΗΒ

566 378 689 426 ‘tata
716 372 897 443 pontis
918 373 1153 445 pericula
1173 376 1368 434 iterum
1388 387 1854 453 attemptaturum,
1886 402 2054 458 puero
2076 406 2146 447 re-

2265 371 2597 430 divcrsorum
2629 376 2869 433 locorum
2899 379 3122 436 abbates
3152 382 3255 453 qui-
3290 381 3536 447 aderant,
3570 396 3699 455 post
3728 389 3853 447 soli‘

577 461 709 518 licto
742 465 947 522 remisi.
972 466 1106 523 Arte
1132 470 1409 540 praemissa
1466 478 1809 544 pertransiit;
1841 490 1895 535 et
1922 482 1989 536 ad
2037 498 2165 553 pue-

577 569 704 609 rum
752 558 1176 616 seeunda’noctis
1195 561 1373 632 vigilia
1394 565 1728 621 errabundus
1749 571 2012 639 pervenit.
2029 572 2161 628 Vix-

573 659 681 729 que
707 661 829 701 eum
855 648 1414 718 srepiusinclamatum
1440 658 1702 727 repperit.
1719 659 1836 728 Quo
1887 673 2162 735 assumpto

576 753 707 805 enim
727 740 794 795 ad
820 740 1006 805 urbem
1031 742 1366 818 devenisset,
1381 758 1663 820 suspectus
1691 754 1869 823 pontis
1901 757 2158 826 pericula,

570 843 694 896 qum
728 832 1022 900 pernitioso
1048 836 1422 904 experimento
1447 840 1731 910 didicerat,
1760 859 1881 899 cum
1912 861 2080 916 puero
2107 857 2161 903 et

572 920 724 988 equis
761 922 815 989 in
856 922 1130 992 cujusdam
1164 929 1434 998 tugurium
1471 931 1793 1000 declinavit;
1850 934 2033 1006 ibique
2063 953 2160 1009 per

569 1021 736 1076 totam
766 1016 905 1071 diem
935 1017 1180 1088 iucibati,
1210 1031 1369 1077 nocte
1395 1023 1487 1078 illa
1516 1024 1584 1079 ad
1618 1025 2005 1096 quiescendum
2049 1045 2153 1085 non

569 1106 635 1161 ad
662 1108 961 1163 cenandum
991 1110 1201 1166 collecti
1231 1122 1377 1167 sunt.
1410 1113 1578 1181 Quam
1610 1125 1821 1171 noctem
1853 1127 1912 1172 ut
1956 1119 2154 1175 insom-

565 1210 688 1251 nem
704 1197 972 1265 duxerim,
996 1209 1050 1255 et
1073 1212 1276 1271 quanto
1298 1204 1351 1257 in
1378 1219 1440 1260 ea
1468 1206 1713 1273 cruciatu
1743 1215 1916 1264 tortus
1937 1209 2006 1242 ⁶⁰⁷
2030 1211 2153 1277 sim,

561 1292 898 1370 perpendere
931 1306 1158 1365 possunt
1182 1297 1275 1366 qui
1325 1288 1463 1361 cura
1485 1314 1734 1356 carorum
1767 1301 2057 1372 aliquando
2078 1303 2158 1358 νίς-

562 1380 763 1456 gilasse
800 1384 971 1440 coacti
1002 1395 1148 1441 sunt.
1177 1387 1307 1447 Post
1348 1403 1480 1446 vero
1520 1400 1703 1462 optata
1748 1391 1869 1449 luce
1917 1394 2150 1462 reddita,

563 1472 732 1529 nimia
760 1477 939 1532 esurie
962 1472 1219 1547 confecti,
1250 1482 1513 1545 maturius
1533 1483 1821 1542 affuerunt.
1871 1486 1963 1543 Eis
1988 1488 2151 1544 etiam

561 1565 669 1621 cibi
701 1565 864 1634 illati;
902 1584 1115 1633 annona
1147 1586 1360 1643 quoque
1385 1589 1507 1629 cum
1530 1574 1702 1646 paleis
1752 1576 1907 1649 equis
1931 1585 2153 1649 antepo-

558 1654 663 1710 sita
690 1665 792 1714 est.
833 1658 1231 1734 Dimittensque.
1259 1664 1442 1721 abbati
1480 1666 1779 1739 Augustino
1808 1666 1878 1700 ⁶⁰⁸
1921 1684 2147 1740 puerum

2267 465 2463 519 tariam
2503 468 2585 523 sui
2616 468 3055 540 disputationem,
3112 488 3293 529 secum
3336 476 3632 532 consedere
3675 475 3854 546 jusse-

2261 565 2408 611 runt.
2759 622 2763 626 η

2333 648 2423 703 52.
2457 648 2772 707 Deliberatio
2800 653 2868 687 ⁶²⁸
2891 655 2956 711 de
2975 657 3242 731 dignitate.
3265 660 3335 693 ⁶¹δ
3363 662 3590 717 habendi
3614 663 3686 697 ⁸³⁵
3703 664 3857 735 judi-

2261 738 2323 832 lii
2350 748 2398 792 et
2422 739 2723 832 pra-latura:
2750 742 2839 798 ⁸³⁸.
2868 775 2941 785 -—
2961 745 3036 802 De
3057 747 3301 815 habenda
3332 750 3497 832 igitur
3523 753 3743 819 sinodo,
3771 771 3855 811 ης

2263 829 2407 886 tione
2431 829 2596 898 facta,
2621 835 2978 893 ordinandum
3005 840 3287 908 putabant,
3314 829 3400 897 cui
3435 852 3682 913 potestas
3706 845 3855 916 judi-e

2260 923 2419 977 candi
2451 924 2516 978 de
2546 924 2770 997 singulis
2818 929 3188 999 conferretur;
3232 949 3390 1003 quem
3435 935 3599 997 etiam
3640 936 3859 996 habem

2259 1009 2447 1065 darum
2478 1014 2746 1069 rationum
2773 1019 3047 1074 custodem
3072 1029 3234 1092 atque
3262 1023 3613 1093 interpretem
3638 1041 3865 1082 accom-L

2257 1101 2562 1159 maderent.
2596 1101 2878 1162 Iudicandi
2920 1108 3104 1180 itaque
3141 1111 3394 1182 dignitas,
3424 1113 3650 1184 Siguin
3681 1113 3857 1170 Seno-

2254 1198 2501 1253 nensium
2526 1200 2939 1270 metropolitano
2960 1206 3249 1262 commissa
3279 1216 3469 1273 est,co
3499 1208 3643 1278 quod
3671 1208 3858 1263 astatis

2254 1292 2557 1360 reverentia
2607 1302 2663 1351 et
2691 1294 2814 1351 vitae
2849 1296 3045 1354 merito
3093 1296 3385 1369 plurimum
3437 1300 3855 1357 commendare-

2257 1387 2363 1436 tur.
2404 1380 2713 1457 Ordinandi.
2730 1399 2858 1441 vero
2886 1385 3116 1444 facultas
3150 1403 3215 1445 ac
3252 1389 3625 1460 magisterium
3673 1390 3853 1444 inter-

2252 1472 2525 1542 pretandi,
2551 1473 2778 1530 Arnulfo
2804 1475 3182 1542 Aurelianensi
3212 1479 3467 1550 episcopo
3505 1479 3714 1534 credita
3743 1487 3863 1547 est,

2230 1574 2319 1644 .eo
2341 1561 2483 1632 quod
2512 1562 2624 1633 ipse
2651 1563 2792 1620 inter
2816 1564 3114 1630 Galliarum
3155 1568 3476 1651 episcopos,__
3510 1567 3711 1638 eloquii
3740 1570 3856 1625 vir-

2254 1659 2367 1708 tute
2388 1662 2444 1709 et
2470 1651 2698 1709 edicatia
2725 1655 2937 1715 dicendi
2959 1655 3202 1713 ﬂorebat.
3233 1656 3328 1715 llis
3349 1673 3478 1729 ergo
3507 1659 3589 1713 sic
3618 1658 3849 1725 habitis,

556 1747 817 1819 peditem,
857 1752 970 1807 solo
992 1728 1286 1810 Carnotino
1309 1728 1599 1815 comitatus
1620 1728 1936 1816 Carnotum.
1956 1761 2146 1831 raptim

2254 1746 2543 1816 post-cieri
2576 1748 2898 1819 ingressum,
2930 1751 3217 1806 sententiis
3239 1752 3307 1808 ad
3335 1728 3608 1823 negotium
3640 1752 3851 1807 facien-

557 1840 767 1907 deveni.
796 1843 949 1901 Unde
984 1862 1110 1903 mox
1147 1850 1300 1921 cquis
1328 1851 1596 1917 remissis,
1635 1853 1704 1909 ab
1734 1853 1867 1908 urbe
1894 1852 2151 1911 Meldensi

554 1948 784 2005 puerum
814 1941 1082 1996 revocavi.
1125 1942 1243 2010 Quo
1273 1942 1496 2001 reducto
1523 1953 1578 2000 et
1601 1945 1746 2001 omni
1789 1945 2152 2003 sollicitudine

558 2034 740 2091 amota
764 2065 779 2091 ,
834 2027 887 2082 in
927 2030 1252 2100 apliorismis
1278 2033 1346 2068 ⁶⁰⁹
1374 2031 1693 2106 Yppocratis
1721 2035 2007 2107 vigilanter
2037 2046 2152 2091 stu-

558 2111 649 2183 dui
669 2115 891 2187 so9apud
913 2119 1170 2179 domuum
1190 2122 1565 2186 llerbrandum
1585 2142 1792 2197 magnae
1813 2126 2151 2185 liberalitatis

557 2215 725 2277 atque
773 2209 1014 2268 scientiae
1042 2214 1239 2269 virum.
1280 2214 1336 2271 In
1376 2217 1571 2287 quibus
1593 2234 1715 2273 cum
1776 2226 1982 2273 tantum
2021 2235 2148 2290 pro-

555 2299 799 2365 gnostica
830 2304 1141 2360 morborum
1176 2306 1530 2376 accepissem,
1558 2319 1609 2365 et
1640 2309 1865 2379 simpch
1891 2310 2150 2378 egritudi-

553 2404 682 2447 num
715 2392 953 2460 cognitio
981 2395 1217 2466 cupienti
1247 2412 1354 2452 non
1383 2396 1675 2463 subiceret,
1716 2399 1846 2470 petii
1885 2400 2048 2454 etiam
2079 2400 2148 2457 ab

551 2494 616 2540 eo
665 2480 955 2551 lectionem
986 2483 1101 2554 ejus
1131 2484 1275 2552 libri,
1306 2486 1397 2556 qui
1420 2486 1735 2553 inscribitur
1769 2489 1833 2545 de
1855 2490 2146 2549 concordia

552 2573 897 2646 Yppocratis,
919 2578 1128 2634 Galieni
1162 2578 1254 2646 ⁶¹⁰,
1280 2588 1335 2634 et
1355 2579 1576 2636 Surani.
1616 2582 1770 2649 Quod
1814 2591 1868 2638 et
1896 2583 2141 2648 obtinui;

550 2682 676 2725 eum
705 2682 828 2723 eum
854 2669 905 2724 in
939 2677 1055 2724 arte
1077 2670 1486 2740 peritissimum,
1521 2671 1815 2728 dinamidia
1846 2671 2148 2728 farmaceu-

550 2756 683 2822 lica,
723 2758 999 2826 butauica,
1028 2768 1188 2829 atque
1211 2760 1477 2832 cirurgica
1507 2776 1611 2816 non
1642 2760 1908 2827 laterent.

622 2850 710 2904 5i.
737 2851 889 2917 Quod
913 2869 978 2908 ea:
998 2853 1207 2924 querela
1247 2854 1313 2886 °“
1342 2856 1824 2925 reme/tendentium
1850 2856 1917 2889 ⁸¹¹
1948 2858 2147 2927 captio-

551 2954 669 2992 nem
701 2939 765 2977 ⁸³³
798 2941 1024 3011 Arnulﬁ,
1056 2943 1196 3014 regio
1227 2943 1293 2974 ⁶¹¹
1324 2944 1481 3014 jussu
1509 2945 1575 2976 ⁶¹¹
1606 2947 1823 3001 sinodus
1848 2948 1917 2982 0“
1969 2947 2146 3005 habita

2256 1841 2397 1897 tibus
2425 1841 2686 1908 recitatis,
2721 1841 2981 1898 Arnulfus
3018 1843 3097 1898 sic
3125 1844 3383 1914 praefatus
3416 1844 3542 1900 ait:

2323 1931 2411 1988 53.
2452 1929 2696 1987 Elocutio
2726 1932 3018 2002 “'Arnulﬁ
3044 1933 3180 1989 6"in
3205 1934 3274 1966 ⁵⁸⁵
3296 1934 3502 1988 sinodo.
3532 1964 3602 1974 —
3634 1952 3654 1986 ί
3697 1932 3851 2002 Quo-

2251 2024 2417 2095 niam,
2444 2035 2627 2097 patres
2649 2026 2951 2089 reverendi,
2969 2028 3440 2082 serenissimorum
3458 2042 3646 2099 regum
3660 2024 3849 2095 jussu,

2252 2130 2459 2171 necnon
2487 2125 2540 2171 et
2567 2130 2735 2172 sacra:
2781 2116 3060 2190 religionis
3097 2132 3263 2180 causa
3306 2118 3412 2174 huc
3467 2118 3844 2180 convenimus.

2250 2207 2417 2263 multa
2447 2205 2572 2272 fide,
2625 2208 2794 2268 multo
2833 2208 2992 2268 etiam
3034 2209 3215 2266 studio
3268 2207 3566 2265 cavendum
3606 2208 3845 2274 videtur,

2250 2311 2326 2353 ne.
2353 2312 2456 2355 nos
2481 2296 2571 2367 qui
2600 2296 2776 2368 gratia
2805 2297 2980 2352 sancti
3018 2296 3252 2367 Spiritus
3279 2297 3367 2353 hic
3393 2297 3609 2353 collecti
3646 2312 3843 2352 sumus

2249 2396 2345 2441 aut
2370 2386 2552 2442 odium
2589 2385 2835 2454 alicujus,
2864 2395 2955 2441 aut
2994 2402 3172 2453 amor,
3204 2402 3243 2451 a
3267 2387 3606 2444 rectitudinis
3649 2402 3844 2443 norma

2249 2476 2553 2537 exorbitare
2580 2475 2764 2533 faciat.
2798 2477 2865 2532 Et
2892 2478 3020 2548 quia
3047 2478 3137 2534 hic
3164 2478 3217 2534 in
3246 2479 3466 2535 nomine
3491 2478 3705 2533 Domini
3730 2479 3847 2535 col-

2248 2549 2373 2631 lceti
2406 2584 2612 2632 sumus,
2671 2575 2799 2632 ante
2845 2577 3196 2639 conspectum
3243 2583 3469 2624 summae
3529 2567 3847 2624 Diviuitatis

2247 2664 2501 2720 veridicis
2555 2663 2837 2720 sententiis
2888 2664 3147 2730 debemus
3187 2664 3370 2721 omnia
3422 2663 3664 2735 agitare;
3708 2663 3843 2717 nulli

2247 2755 2495 2825 loquendi
2521 2754 2695 2809 locum
2728 2752 3031 2823 surripere;
3062 2752 3278 2808 veritati
3309 2767 3532 2823 operam
3559 2752 3726 2817 dare;
3747 2767 3848 2821 pro

2249 2845 2475 2901 veritate
2513 2844 2773 2898 vivaciter
2795 2851 2968 2912 stare;
3011 2853 3199 2898 contra
3240 2843 3474 2915 objecta,
3505 2842 3849 2913 simplicibus

2249 2951 2315 2992 ac
2339 2937 2487 3007 puris
2525 2936 2810 2991 sententiis
2839 2936 3191 2993 etintendere
3236 2947 3291 2993 et
3322 2937 3667 3006 respondere.
3706 2934 3844 2992 Uni—

554 3032 621 3064 ⁶¹¹
653 3042 727 3087 est
758 3033 926 3089 ⁶ι¹.-
947 3034 1052 3091 Sed
1080 3045 1138 3091 ut
1156 3034 1267 3106 jam
1292 3039 1587 3108 superioris
1613 3041 1812 3111 negotii
1838 3041 2034 3097 seriem
2059 3058 2147 3098 re-
2172 3074 2219 3137 ο
2250 3029 2443 3137 οξιιὶιιυθ
2468 3027 2680 3137 ξῖθὶιίίιυε
2707 3027 3185 3137 ίὶςηοξέθνξθιυτὶ
3219 3027 3429 3137 ἀίοθῗίξξ
3460 3035 3704 3137 Pales}?
3729 3040 3847 3081 0"“

549 3131 818 3194 petamus.
853 3142 975 3181 cum
1007 3128 1073 3181 de
1093 3128 1330 3199 episcopi
1361 3130 1610 3202 captione
1641 3132 1804 3202 aliqui
1847 3132 2145 3201 amicorum

552 3214 624 3247 ε¹¹
651 3215 1083 3288 indignarentur,
1138 3220 1378 3275 nonnulli
1432 3220 1596 3293 etiam
1632 3219 2043 3291 scolasticorum
2092 3225 2147 3279 in

552 3302 668 3372 ejus
697 3304 1062 3362 defensionem
1095 3307 1213 3373 alia,
1232 3310 1554 3377 scriberent,
1588 3311 1694 3367 alia
1715 3313 1917 3384 scripta
1957 3314 2022 3369 de
2049 3328 2150 3369 ca-e

552 3396 787 3453 nonibus
809 3398 1135 3468 proferrent,
1184 3400 1346 3471 idque
1384 3402 1473 3468 ad,
1500 3417 1660 3458 aures
1686 3418 1872 3473 regum
1918 3402 2147 3460 relatum

551 3495 722 3553 esset,
760 3488 939 3544 edicto
959 3489 1027 3520 ⁶¹³
1049 3490 1201 3561 regio
1228 3490 1501 3555 decretum
1533 3500 1649 3564 est,
1671 3501 1731 3547 ut
1760 3493 1994 3563 episcopi
2017 3492 2150 3549 Gal-

549 3575 638 3632 lia:
657 3594 847 3635 omnes
879 3580 972 3651 qui
999 3580 1178 3637 valent
1199 3590 1259 3643 et
1277 3582 1513 3637 maxime
1540 3583 1629 3654 qui
1663 3583 2146 3654 comprovinciales

548 3677 711 3743 sunt,
739 3669 792 3725 in
816 3687 982 3725 unum
1008 3672 1352 3727 conveniant.
1410 3673 1512 3741 Qui
1558 3668 1753 3729 autem
1794 3674 1984 3730 adesse
2038 3689 2144 3728 non

547 3772 788 3833 possent,
813 3778 967 3818 suam
995 3763 1293 3820 absentiam
1317 3780 1413 3835 per
1435 3765 1643 3836 legatos
1672 3766 1894 3821 idoneos
1918 3782 1949 3820 a
1971 3768 2151 3837 SUSlll'.

551 3853 697 3909 tione
719 3864 1033 3927 purgarent.
1059 3855 1245 3926 Ibique
1272 3856 1437 3913 certis
1469 3872 1532 3912 ac
1586 3857 1757 3913 tinnis
1801 3858 2143 3913 decretorum

446 3968 457 3983 -
546 3947 852 4017 rationibus
879 3955 973 4002 aut
1009 3947 1313 4002 convictum
1343 3948 1717 4018 dampnarent,
1766 3955 1861 4003 aut
1897 3948 2143 4017 pristinae

548 4041 694 4097 sedis
719 4039 971 4111 dignitati
993 4049 1279 4111 purgatum
1327 4041 1697 4106 restituerent.
1732 4040 1956 4096 Collecti
2015 4051 2143 4098 sunt

547 4144 677 4201 ergo
709 4130 761 4184 in
791 4130 1039 4186 coenobio
1066 4129 1454 4185 monachorum
1472 4133 1643 4200 sancti
1667 4130 1843 4199 Basoli
1867 4132 2143 4189 confesso-

546 4219 798 4295 ristlun.
841 4220 952 4292 17),
994 4219 1286 4275 Remorum
1325 4220 1656 4289 diocesanei,
1694 4223 1976 4278 Remensis
2014 4225 2140 4295 qui-

542 4315 667 4387 dem
690 4312 1089 4384 metropolitani
1114 4314 1616 4384 comprovinciales,
1645 4313 1819 4371 Guido
1842 4314 2138 4371 Suesorum

541 4407 1146 4493 episcopus,~Ada!bero
1167 4405 1542 4463 Laudunensis
1570 4408 1876 4478 episcopus,
1915 4408 2137 4465 Herive-
2161 4442 2214 4502 Β

537 4514 640 4554 vus
664 4499 1003 4557 Belvacensis
1031 4500 1334 4570 episcopus,
1367 4497 1781 4554 Godesmannus
1808 4499 2136 4555 Ambianen—

537 4589 616 4643 sis
639 4588 943 4658 episcopus,
977 4587 1255 4643 Rathodus
1282 4585 1661 4643 Noviomensis
1681 4589 1987 4659 episcopus,
2019 4590 2134 4646 Odo

540 4680 962 4736 Silvanecteusis
1015 4680 1330 4750 episcopus,
1383 4679 1669 4736 Daibertus
1715 4680 2132 4738 Bituricensium

536 4760 1017 4839 metropolitanus;
1047 4769 1421 4840 Lugdunensis
1462 4769 1860 4840 metmpolitani
1886 4785 2146 4841 compro-.

534 4846 800 4916 vinciales
832 4901 846 4926 ,
893 4860 1183 4917 Gualterus
1239 4860 1748 4931 Augustudunensis
1799 4859 2082 4932 episcopus
2113 4902 2129 4929 ,

522 4951 722 5006 ’Bruno
786 4950 1144 5023 Lingonensis
1188 4950 1494 5020 episcopus,
1546 4950 1673 5007 Milo
1719 4949 2130 5009 Matisconensis

536 5042 863 5112 episcopus,
901 5041 1158 5113 Siguinus
1198 5039 1593 5105 Senonensium
1650 5042 2123 5112 metropolitanus,

534 5149 656 5188 cum
681 5136 793 5190 suis
847 5134 1074 5203 Arnulfo
1128 5133 1505 5201 Aurelianensi
1552 5134 1827 5206 episeOpo,
1861 5134 2123 5199 Herberto

532 5224 965 5296 Autisiodorensi
1003 5226 1277 5296 episcopo.
1314 5224 1415 5291 Qui
1448 5222 1715 5291 iniurium,
1754 5226 2118 5293 considentes,

2252 3117 2409 3173 nibus
2439 3118 2528 3172 sit.
2580 3116 2893 3175 lntendendi
2952 3117 3116 3183 etiam
3170 3127 3225 3173 et
3270 3116 3557 3172 refellendi
3617 3116 3846 3172 libertas

2250 3209 2499 3267 omnibus
2543 3223 2797 3265 concessa
2860 3209 2954 3266 sit.
3025 3208 3178 3265 Nunc
3224 3209 3416 3265 deinde
3452 3209 3713 3279 quoniam
3762 3224 3847 3264 me

2249 3312 2374 3358 ante
2427 3317 2616 3363 omnes
2640 3300 2740 3369 fari
2779 3302 3045 3370 voluistis,
3105 3318 3329 3365 causam
3366 3303 3528 3374 hujus
3564 3303 3749 3360 sinodi
3774 3305 3847 3337 ⁸⁸⁸

2248 3408 2431 3448 coram
2479 3392 2793 3462 edicendum
2820 3394 3057 3453 arbitror
3075 3437 3103 3467 λ
3127 3395 3385 3465 quatinus
3432 3395 3567 3449 bene
3600 3395 3845 3467 digesta,

2246 3484 2499 3541 omnibus
2536 3494 2595 3540 ut
2625 3495 2709 3542 est
2754 3486 3021 3542 videatur.
3070 3485 3384 3544 Clarissima
3415 3486 3504 3543 illa
3543 3485 3844 3544 Remorum

2247 3576 2593 3647 metropolisj,
2636 3577 2940 3647 proditione
2990 3593 3164 3648 nuper
3207 3592 3432 3651 pervasa
3473 3578 3541 3631 ab
3596 3578 3846 3635 hostibus

2245 3666 2367 3723 fuit.
2403 3668 2600 3731 Sancta
2622 3675 2934 3729 sanctorum
2959 3669 3195 3724 hostium
3228 3670 3430 3740 impetu
3461 3671 3841 3727 contaminata

2244 3760 2794 3828 sunt;sanctuarium
2827 3760 2945 3827 Dei,
2962 3758 3183 3818 nefariis
3209 3762 3513 3830 quibusque
3539 3761 3840 3828 violatum;

2245 3854 2389 3909 cives
2408 3866 2621 3923 quoque
2642 3866 2671 3905 a
2695 3852 3038 3922 praedonibus
3050 3854 3265 3924 direpti.
3296 3852 3536 3921 Quorum
3566 3852 3839 3909 malorum

2244 3943 2333 3999 ille
2361 3951 2549 3998 auctor
2573 3957 2692 3999 esse
2709 3943 3052 4011 criminatur,
3099 3945 3191 4015 qui
3241 3946 3310 3999 ab
3348 3944 3600 4000 hostibus
3671 3944 3840 3999 tutari

2244 4035 2447 4100 debuit,
2482 4032 2742 4089 Arnulfus
2770 4032 3008 4101 ejusdem
3059 4034 3221 4090 urbis.
3251 4034 3555 4104 episcopus.
3618 4032 3737 4088 Hoc
3788 4033 3837 4087 ei

2240 4124 2557 4181 intenditur.
2603 4122 2684 4177 Ad
2734 4123 2837 4178 hoc
2883 4122 3302 4191 discutiendum,
3341 4123 3536 4195 regalis
3598 4123 3837 4195 dignitas

2242 4217 2330 4280 hic
2370 4232 2468 4272 nos
2505 4216 2736 4287 collegit.
2768 4215 3053 4271 Elaborate
3080 4216 3260 4286 igitur,
3293 4226 3481 4287 patres
3521 4214 3833 4281 reverendi,

2240 4322 2309 4362 ne
2337 4306 2495 4361 unius
2518 4305 2774 4376 perfidia,
2815 4306 3045 4375 dignitas
3073 4307 3428 4366 sacerdotalis
3461 4305 3712 4363 vilescat.
3750 4327 3770 4360 ι

2310 4397 2398 4453 54.
2429 4387 2809 4453 Sermocinalio
2845 4396 2911 4429 “7
2956 4396 3194 4451 Daiberti
3224 4398 3293 4432 ⁶¹⁷
3338 4415 3433 4470 pro
3461 4398 3530 4431 °"
3558 4400 3833 4470 judin'on-

2238 4489 2325 4544 do.
2358 4519 2428 4529 ν-
2455 4488 2654 4543 Contra
2680 4488 2814 4542 haec
2838 4502 2960 4542 cum
2983 4488 3198 4557 quidam
3233 4489 3581 4544 residentium
3604 4506 3835 4561 respon-

2238 4580 2451 4647 derent,
2490 4577 2793 4646 hujusmodi
2824 4577 3096 4635 hominem
3146 4580 3457 4648 quantotius
3495 4581 3831 4638 convincen-

2238 4672 2385 4736 dum,
2402 4678 2456 4724 et
2476 4669 2555 4725 sic
2572 4668 2719 4740 justo
2740 4665 2940 4743 juditio
2964 4668 3315 4741 puniendum,
3336 4667 3591 4739 Siguinus
3613 4672 3832 4740 cpisco-

2236 4777 2336 4834 pus
2366 4776 2470 4815 uon
2511 4760 2563 4815 id
2589 4774 2708 4814 sese
2744 4759 3134 4828 permissurum
3174 4760 3477 4830 respondit,
3525 4771 3584 4816 ut
3635 4761 3684 4817 is
3733 4763 3829 4831 qui

2236 4851 2535 4922 majestatis
2561 4865 2687 4913 reus
2715 4859 3021 4917 accusatur,
3073 4850 3175 4906 sub
3225 4850 3547 4906 discutiendi
3589 4867 3827 4908 censura

2235 4955 2487 5017 ponatur,
2535 4944 2639 4999 nisi
2695 4951 2821 4999 ante
2871 4958 2935 4997 ex
2992 4943 3343 5014 jurejurando
3403 4944 3823 5015 promissionem

2234 5034 2582 5107 indulgentia:
2616 5034 2686 5089 ab
2739 5032 2955 5102 regibus
2993 5043 3048 5089 et
3076 5033 3341 5104 episcopis
3367 5033 3621 5104 accipiat.
3652 5032 3823 5103 quue

2228 5127 2533 5183 faciendum
2561 5123 2839 5181 asserebat
2865 5137 2931 5178 ex
2970 5124 3183 5179 concilii
3235 5124 3477 5179 Toletani
3510 5124 3689 5194 capite
3725 5123 3817 5179 51.

2228 5219 2382 5288 Quod
2420 5218 2545 5288 quia
2570 5214 2822 5272 brevitati
2854 5214 3149 5282 studemus,
3181 5215 3463 5283 omisimus
3482 5230 3708 5286 ponere.
