  <div class='ocr_page' id='page_1' title='image "/cluster/home/n/w/nwhite01/storage/ocr_20150623/138/hvd.32044015471774/080.png"; bbox 0 0 4026 6312; ppageno 0'>
   <div class='ocr_carea' id='block_1_1' title="bbox 273 359 379 415">
    <p class='ocr_par' dir='ltr' id='par_1_1' title="bbox 273 359 379 415">
     <span class='ocr_line' id='line_1_1' title="bbox 273 359 379 415; baseline 0 -1"><span class='ocrx_word' id='word_1_1' title='bbox 273 359 379 415; x_wconf 69' lang='grc'><strong>149</strong></span> 
     </span>
    </p>
   </div>
   <div class='ocr_carea' id='block_1_2' title="bbox 1206 330 2671 421">
    <p class='ocr_par' dir='ltr' id='par_1_2' title="bbox 1206 330 2671 421">
     <span class='ocr_line' id='line_1_2' title="bbox 1206 330 2671 421; baseline -0.001 -12"><span class='ocrx_word' id='word_1_2' title='bbox 1206 330 1684 411; x_wconf 78' lang='lat' dir='ltr'><strong>HISTORIARUM</strong></span> <span class='ocrx_word' id='word_1_3' title='bbox 1711 352 1891 410; x_wconf 77' lang='lat' dir='ltr'><strong>LIBRI</strong></span> <span class='ocrx_word' id='word_1_4' title='bbox 1913 349 2270 421; x_wconf 72' lang='lat' dir='ltr'><strong>cannon.</strong></span> <span class='ocrx_word' id='word_1_5' title='bbox 2299 348 2377 393; x_wconf 92' lang='grc'><strong>-·</strong></span> <span class='ocrx_word' id='word_1_6' title='bbox 2406 352 2536 408; x_wconf 77' lang='lat' dir='ltr'><strong>me.</strong></span> <span class='ocrx_word' id='word_1_7' title='bbox 2579 352 2671 408; x_wconf 86' lang='lat' dir='ltr'><strong>tv.</strong></span> 
     </span>
    </p>
   </div>
   <div class='ocr_carea' id='block_1_3' title="bbox 3437 353 3539 408">
    <p class='ocr_par' dir='ltr' id='par_1_3' title="bbox 3437 353 3539 408">
     <span class='ocr_line' id='line_1_3' title="bbox 3437 353 3539 408; baseline 0 -1"><span class='ocrx_word' id='word_1_8' title='bbox 3437 353 3539 408; x_wconf 76' lang='grc'><strong>150</strong></span> 
     </span>
    </p>
   </div>
   <div class='ocr_carea' id='block_1_4' title="bbox 342 457 3536 533">
    <p class='ocr_par' dir='ltr' id='par_1_4' title="bbox 342 457 3536 533">
     <span class='ocr_line' id='line_1_4' title="bbox 342 457 3536 533; baseline -0.003 -10"><span class='ocrx_word' id='word_1_9' title='bbox 342 466 456 523; x_wconf 71' lang='grc'><strong>54⁸.</strong></span> <span class='ocrx_word' id='word_1_10' title='bbox 490 460 1202 521; x_wconf 86' lang='lat' dir='ltr'><strong>DaibertusBituricensium</strong></span> <span class='ocrx_word' id='word_1_11' title='bbox 1229 462 1664 533; x_wconf 81' lang='lat' dir='ltr'><strong>archiepiscopus</strong></span> <span class='ocrx_word' id='word_1_12' title='bbox 1692 461 1853 519; x_wconf 92' lang='lat' dir='ltr'><strong>dixit:</strong></span> <span class='ocrx_word' id='word_1_13' title='bbox 1885 457 1935 516; x_wconf 79' lang='grc' dir='ltr'>Α</span> <span class='ocrx_word' id='word_1_14' title='bbox 1961 464 2134 521; x_wconf 78' lang='lat' dir='ltr'><strong>dixit:</strong></span> <span class='ocrx_word' id='word_1_15' title='bbox 2170 481 2189 515; x_wconf 77' lang='grc' dir='ltr'>ι</span> <span class='ocrx_word' id='word_1_16' title='bbox 2217 461 2476 520; x_wconf 82' lang='lat' dir='ltr'><strong>Novimus</strong></span> <span class='ocrx_word' id='word_1_17' title='bbox 2507 462 2834 520; x_wconf 80' lang='lat' dir='ltr'><strong>venerabilis</strong></span> <span class='ocrx_word' id='word_1_18' title='bbox 2862 461 3132 518; x_wconf 83' lang='lat' dir='ltr'><strong>Brunonis</strong></span> <span class='ocrx_word' id='word_1_19' title='bbox 3175 460 3536 532; x_wconf 85' lang='lat' dir='ltr'><strong>magnanimi-</strong></span> 
     </span>
    </p>
   </div>
   <div class='ocr_carea' id='block_1_5' title="bbox 275 552 1858 619">
    <p class='ocr_par' dir='ltr' id='par_1_5' title="bbox 275 552 1858 619">
     <span class='ocr_line' id='line_1_5' title="bbox 275 552 1858 619; baseline -0.002 -9"><span class='ocrx_word' id='word_1_20' title='bbox 275 576 297 610; x_wconf 72' lang='lat' dir='ltr'><strong>e</strong></span> <span class='ocrx_word' id='word_1_21' title='bbox 334 557 475 614; x_wconf 87' lang='lat' dir='ltr'><strong>Cum</strong></span> <span class='ocrx_word' id='word_1_22' title='bbox 504 562 715 611; x_wconf 89' lang='lat' dir='ltr'><strong>constet</strong></span> <span class='ocrx_word' id='word_1_23' title='bbox 739 552 962 619; x_wconf 90' lang='lat' dir='ltr'><strong>factum,</strong></span> <span class='ocrx_word' id='word_1_24' title='bbox 992 561 1053 610; x_wconf 78' lang='lat' dir='ltr'><strong>et</strong></span> <span class='ocrx_word' id='word_1_25' title='bbox 1073 553 1140 609; x_wconf 91' lang='lat' dir='ltr'><strong>de</strong></span> <span class='ocrx_word' id='word_1_26' title='bbox 1172 554 1388 609; x_wconf 85' lang='lat' dir='ltr'><strong>nomine</strong></span> <span class='ocrx_word' id='word_1_27' title='bbox 1413 552 1544 608; x_wconf 84' lang='lat' dir='ltr'><strong>facti</strong></span> <span class='ocrx_word' id='word_1_28' title='bbox 1595 552 1858 609; x_wconf 90' lang='lat' dir='ltr'><strong>dubitatio</strong></span> 
     </span>
    </p>
   </div>
   <div class='ocr_carea' id='block_1_6' title="bbox 269 642 1858 719">
    <p class='ocr_par' dir='ltr' id='par_1_6' title="bbox 269 642 1858 719">
     <span class='ocr_line' id='line_1_6' title="bbox 269 642 1858 719; baseline -0.007 -10"><span class='ocrx_word' id='word_1_29' title='bbox 269 642 541 716; x_wconf 45' lang='lat' dir='ltr'><strong>nulla‘sit,</strong></span> <span class='ocrx_word' id='word_1_30' title='bbox 560 657 824 719; x_wconf 88' lang='lat' dir='ltr'><strong>quantum</strong></span> <span class='ocrx_word' id='word_1_31' title='bbox 848 660 1061 718; x_wconf 87' lang='lat' dir='ltr'><strong>quoque</strong></span> <span class='ocrx_word' id='word_1_32' title='bbox 1086 644 1291 703; x_wconf 77' lang='lat' dir='ltr'><strong>facinus</strong></span> <span class='ocrx_word' id='word_1_33' title='bbox 1312 644 1692 715; x_wconf 87' lang='lat' dir='ltr'><strong>perpendatur,</strong></span> <span class='ocrx_word' id='word_1_34' title='bbox 1723 659 1858 715; x_wconf 88' lang='lat' dir='ltr'><strong>quo-</strong></span> 
     </span>
    </p>
   </div>
   <div class='ocr_carea' id='block_1_7' title="bbox 268 734 1859 804">
    <p class='ocr_par' dir='ltr' id='par_1_7' title="bbox 268 734 1859 804">
     <span class='ocr_line' id='line_1_7' title="bbox 268 734 1859 804; baseline -0.006 -6"><span class='ocrx_word' id='word_1_35' title='bbox 268 746 437 798; x_wconf 88' lang='lat' dir='ltr'><strong>modo</strong></span> <span class='ocrx_word' id='word_1_36' title='bbox 464 755 530 796; x_wconf 89' lang='lat' dir='ltr'><strong>ex</strong></span> <span class='ocrx_word' id='word_1_37' title='bbox 584 736 914 793; x_wconf 87' lang='lat' dir='ltr'><strong>necessitate</strong></span> <span class='ocrx_word' id='word_1_38' title='bbox 965 751 1059 792; x_wconf 92' lang='lat' dir='ltr'><strong>reo</strong></span> <span class='ocrx_word' id='word_1_39' title='bbox 1086 736 1158 790; x_wconf 85' lang='lat' dir='ltr'><strong>sit</strong></span> <span class='ocrx_word' id='word_1_40' title='bbox 1192 734 1595 804; x_wconf 79' lang='lat' dir='ltr'><strong>indulgendum,</strong></span> <span class='ocrx_word' id='word_1_41' title='bbox 1640 734 1859 804; x_wconf 77' lang='lat' dir='ltr'><strong>penitus</strong></span> 
     </span>
    </p>
   </div>
   <div class='ocr_carea' id='block_1_8' title="bbox 267 824 1853 889">
    <p class='ocr_par' dir='ltr' id='par_1_8' title="bbox 267 824 1853 889">
     <span class='ocr_line' id='line_1_8' title="bbox 267 824 1853 889; baseline -0.005 -3"><span class='ocrx_word' id='word_1_42' title='bbox 267 847 384 886; x_wconf 89' lang='lat' dir='ltr'><strong>non</strong></span> <span class='ocrx_word' id='word_1_43' title='bbox 422 830 669 885; x_wconf 83' lang='lat' dir='ltr'><strong>adverto.</strong></span> <span class='ocrx_word' id='word_1_44' title='bbox 698 827 799 883; x_wconf 85' lang='lat' dir='ltr'><strong>Hic</strong></span> <span class='ocrx_word' id='word_1_45' title='bbox 819 828 960 883; x_wconf 91' lang='lat' dir='ltr'><strong>enim</strong></span> <span class='ocrx_word' id='word_1_46' title='bbox 990 827 1268 882; x_wconf 83' lang='lat' dir='ltr'><strong>incurrere</strong></span> <span class='ocrx_word' id='word_1_47' title='bbox 1305 825 1600 881; x_wconf 83' lang='lat' dir='ltr'><strong>necessitas</strong></span> <span class='ocrx_word' id='word_1_48' title='bbox 1623 824 1853 889; x_wconf 89' lang='lat' dir='ltr'><strong>videtur,</strong></span> 
     </span>
    </p>
   </div>
   <div class='ocr_carea' id='block_1_9' title="bbox 265 914 1857 991">
    <p class='ocr_par' dir='ltr' id='par_1_9' title="bbox 265 914 1857 991">
     <span class='ocr_line' id='line_1_9' title="bbox 265 914 1857 991; baseline -0.004 -15"><span class='ocrx_word' id='word_1_49' title='bbox 265 936 397 977; x_wconf 89' lang='lat' dir='ltr'><strong>cum</strong></span> <span class='ocrx_word' id='word_1_50' title='bbox 430 919 687 991; x_wconf 88' lang='lat' dir='ltr'><strong>juditium</strong></span> <span class='ocrx_word' id='word_1_51' title='bbox 741 917 1190 988; x_wconf 87' lang='lat' dir='ltr'><strong>promulgandum</strong></span> <span class='ocrx_word' id='word_1_52' title='bbox 1240 929 1349 970; x_wconf 89' lang='lat' dir='ltr'><strong>non</strong></span> <span class='ocrx_word' id='word_1_53' title='bbox 1408 915 1502 979; x_wconf 89' lang='lat' dir='ltr'><strong>sit,</strong></span> <span class='ocrx_word' id='word_1_54' title='bbox 1555 914 1659 969; x_wconf 90' lang='lat' dir='ltr'><strong>nisi</strong></span> <span class='ocrx_word' id='word_1_55' title='bbox 1706 914 1857 985; x_wconf 89' lang='lat' dir='ltr'><strong>prius</strong></span> 
     </span>
    </p>
   </div>
   <div class='ocr_carea' id='block_1_10' title="bbox 264 1006 1858 1082">
    <p class='ocr_par' dir='ltr' id='par_1_10' title="bbox 264 1006 1858 1082">
     <span class='ocr_line' id='line_1_10' title="bbox 264 1006 1858 1082; baseline -0.004 -15"><span class='ocrx_word' id='word_1_56' title='bbox 264 1012 524 1082; x_wconf 76' lang='lat' dir='ltr'><strong>Supplicii</strong></span> <span class='ocrx_word' id='word_1_57' title='bbox 558 1010 887 1082; x_wconf 87' lang='lat' dir='ltr'><strong>indulgentia</strong></span> <span class='ocrx_word' id='word_1_58' title='bbox 916 1008 1285 1064; x_wconf 91' lang='lat' dir='ltr'><strong>convincendo</strong></span> <span class='ocrx_word' id='word_1_59' title='bbox 1302 1021 1557 1064; x_wconf 81' lang='lat' dir='ltr'><strong>concessa</strong></span> <span class='ocrx_word' id='word_1_60' title='bbox 1582 1006 1765 1062; x_wconf 86' lang='lat' dir='ltr'><strong>fuerit.</strong></span> <span class='ocrx_word' id='word_1_61' title='bbox 1788 1006 1858 1061; x_wconf 84' lang='lat' dir='ltr'><strong>At</strong></span> 
     </span>
    </p>
   </div>
   <div class='ocr_carea' id='block_1_11' title="bbox 262 1100 1857 1173">
    <p class='ocr_par' dir='ltr' id='par_1_11' title="bbox 262 1100 1857 1173">
     <span class='ocr_line' id='line_1_11' title="bbox 262 1100 1857 1173; baseline -0.003 -14"><span class='ocrx_word' id='word_1_62' title='bbox 262 1103 313 1159; x_wconf 90' lang='lat' dir='ltr'><strong>si</strong></span> <span class='ocrx_word' id='word_1_63' title='bbox 345 1104 416 1157; x_wconf 87' lang='lat' dir='ltr'><strong>ad</strong></span> <span class='ocrx_word' id='word_1_64' title='bbox 449 1102 712 1158; x_wconf 89' lang='lat' dir='ltr'><strong>secularia</strong></span> <span class='ocrx_word' id='word_1_65' title='bbox 736 1102 860 1173; x_wconf 85' lang='lat' dir='ltr'><strong>jura</strong></span> <span class='ocrx_word' id='word_1_66' title='bbox 892 1101 1228 1172; x_wconf 82' lang='lat' dir='ltr'><strong>respiciatur,</strong></span> <span class='ocrx_word' id='word_1_67' title='bbox 1258 1101 1636 1171; x_wconf 88' lang='lat' dir='ltr'><strong>quodcumque</strong></span> <span class='ocrx_word' id='word_1_68' title='bbox 1681 1100 1857 1155; x_wconf 84' lang='lat' dir='ltr'><strong>scelus</strong></span> 
     </span>
    </p>
   </div>
   <div class='ocr_carea' id='block_1_12' title="bbox 259 1185 1851 1265">
    <p class='ocr_par' dir='ltr' id='par_1_12' title="bbox 259 1185 1851 1265">
     <span class='ocr_line' id='line_1_12' title="bbox 259 1185 1851 1265; baseline -0.002 -16"><span class='ocrx_word' id='word_1_69' title='bbox 259 1195 505 1265; x_wconf 83' lang='lat' dir='ltr'><strong>quisque</strong></span> <span class='ocrx_word' id='word_1_70' title='bbox 560 1193 935 1259; x_wconf 84' lang='lat' dir='ltr'><strong>commiserit,</strong></span> <span class='ocrx_word' id='word_1_71' title='bbox 985 1185 1278 1250; x_wconf 87' lang='lat' dir='ltr'><strong>secundum</strong></span> <span class='ocrx_word' id='word_1_72' title='bbox 1324 1192 1545 1250; x_wconf 82' lang='lat' dir='ltr'><strong>sceleris</strong></span> <span class='ocrx_word' id='word_1_73' title='bbox 1600 1192 1851 1260; x_wconf 88' lang='lat' dir='ltr'><strong>modum,</strong></span> 
     </span>
    </p>
   </div>
   <div class='ocr_carea' id='block_1_13' title="bbox 261 1283 1320 1358">
    <p class='ocr_par' dir='ltr' id='par_1_13' title="bbox 261 1283 1320 1358">
     <span class='ocr_line' id='line_1_13' title="bbox 261 1283 1320 1358; baseline -0.004 -18"><span class='ocrx_word' id='word_1_74' title='bbox 261 1285 609 1358; x_wconf 61' lang='lat' dir='ltr'><strong>paenitentiae</strong></span> <span class='ocrx_word' id='word_1_75' title='bbox 643 1285 921 1339; x_wconf 83' lang='lat' dir='ltr'><strong>severitati</strong></span> <span class='ocrx_word' id='word_1_76' title='bbox 948 1283 1267 1354; x_wconf 74' lang='lat' dir='ltr'><strong>subiacebit.</strong></span> <span class='ocrx_word' id='word_1_77' title='bbox 1300 1302 1320 1336; x_wconf 77' lang='grc' dir='ltr'><strong><em>ι</em></strong></span> 
     </span>
    </p>
   </div>
   <div class='ocr_carea' id='block_1_14' title="bbox 341 1372 1856 1445">
    <p class='ocr_par' dir='ltr' id='par_1_14' title="bbox 341 1372 1856 1445">
     <span class='ocr_line' id='line_1_14' title="bbox 341 1372 1856 1445; baseline -0.003 -14"><span class='ocrx_word' id='word_1_78' title='bbox 341 1375 434 1431; x_wconf 82' lang='lat'><strong>55.</strong></span> <span class='ocrx_word' id='word_1_79' title='bbox 474 1374 775 1430; x_wconf 81' lang='lat' dir='ltr'><strong>Herivevus</strong></span> <span class='ocrx_word' id='word_1_80' title='bbox 802 1374 1141 1430; x_wconf 86' lang='lat' dir='ltr'><strong>Belvacensis</strong></span> <span class='ocrx_word' id='word_1_81' title='bbox 1166 1374 1450 1445; x_wconf 90' lang='lat' dir='ltr'><strong>episcopus</strong></span> <span class='ocrx_word' id='word_1_82' title='bbox 1475 1372 1644 1429; x_wconf 81' lang='lat' dir='ltr'><strong>dixit:</strong></span> <span class='ocrx_word' id='word_1_83' title='bbox 1696 1391 1716 1426; x_wconf 73' lang='grc' dir='ltr'>ι</span> <span class='ocrx_word' id='word_1_84' title='bbox 1751 1372 1856 1429; x_wconf 86' lang='lat' dir='ltr'><strong>Ca-</strong></span> 
     </span>
    </p>
   </div>
   <div class='ocr_carea' id='block_1_15' title="bbox 259 1461 1854 1534">
    <p class='ocr_par' dir='ltr' id='par_1_15' title="bbox 259 1461 1854 1534">
     <span class='ocr_line' id='line_1_15' title="bbox 259 1461 1854 1534; baseline 0.001 -17"><span class='ocrx_word' id='word_1_85' title='bbox 259 1461 502 1518; x_wconf 78' lang='lat' dir='ltr'><strong>vendum</strong></span> <span class='ocrx_word' id='word_1_86' title='bbox 525 1477 866 1532; x_wconf 88' lang='lat' dir='ltr'><strong>summopere</strong></span> <span class='ocrx_word' id='word_1_87' title='bbox 890 1471 991 1527; x_wconf 88' lang='lat' dir='ltr'><strong>est,</strong></span> <span class='ocrx_word' id='word_1_88' title='bbox 1020 1478 1088 1518; x_wconf 92' lang='lat' dir='ltr'><strong>ne</strong></span> <span class='ocrx_word' id='word_1_89' title='bbox 1110 1463 1258 1534; x_wconf 89' lang='lat' dir='ltr'><strong>leges</strong></span> <span class='ocrx_word' id='word_1_90' title='bbox 1292 1463 1502 1527; x_wconf 79' lang='lat' dir='ltr'><strong>divinas</strong></span> <span class='ocrx_word' id='word_1_91' title='bbox 1547 1462 1854 1519; x_wconf 79' lang='lat' dir='ltr'><strong>forensibus</strong></span> 
     </span>
    </p>
   </div>
   <div class='ocr_carea' id='block_1_16' title="bbox 258 1549 1853 1620">
    <p class='ocr_par' dir='ltr' id='par_1_16' title="bbox 258 1549 1853 1620">
     <span class='ocr_line' id='line_1_16' title="bbox 258 1549 1853 1620; baseline 0 -13"><span class='ocrx_word' id='word_1_92' title='bbox 258 1564 670 1620; x_wconf 83' lang='lat' dir='ltr'><strong>comparemus.</strong></span> <span class='ocrx_word' id='word_1_93' title='bbox 701 1549 999 1606; x_wconf 85' lang='lat' dir='ltr'><strong>Plurimum</strong></span> <span class='ocrx_word' id='word_1_94' title='bbox 1029 1551 1174 1606; x_wconf 90' lang='lat' dir='ltr'><strong>enim</strong></span> <span class='ocrx_word' id='word_1_95' title='bbox 1228 1566 1261 1606; x_wconf 91' lang='lat' dir='ltr'><strong>a</strong></span> <span class='ocrx_word' id='word_1_96' title='bbox 1310 1566 1369 1608; x_wconf 87' lang='lat' dir='ltr'><strong>se</strong></span> <span class='ocrx_word' id='word_1_97' title='bbox 1413 1549 1679 1619; x_wconf 75' lang='lat' dir='ltr'><strong>dilferent,</strong></span> <span class='ocrx_word' id='word_1_98' title='bbox 1727 1567 1853 1613; x_wconf 85' lang='lat' dir='ltr'><strong>cum</strong></span> 
     </span>
    </p>
   </div>
   <div class='ocr_carea' id='block_1_17' title="bbox 256 1642 1854 1716">
    <p class='ocr_par' dir='ltr' id='par_1_17' title="bbox 256 1642 1854 1716">
     <span class='ocr_line' id='line_1_17' title="bbox 256 1642 1854 1716; baseline 0.001 -17"><span class='ocrx_word' id='word_1_99' title='bbox 256 1642 578 1699; x_wconf 88' lang='lat' dir='ltr'><strong>divinarum</strong></span> <span class='ocrx_word' id='word_1_100' title='bbox 605 1643 673 1699; x_wconf 87' lang='lat' dir='ltr'><strong>sit</strong></span> <span class='ocrx_word' id='word_1_101' title='bbox 703 1643 770 1698; x_wconf 89' lang='lat' dir='ltr'><strong>de</strong></span> <span class='ocrx_word' id='word_1_102' title='bbox 808 1644 1210 1700; x_wconf 69' lang='lat' dir='ltr'><strong>azcclesiasticis</strong></span> <span class='ocrx_word' id='word_1_103' title='bbox 1243 1644 1472 1716; x_wconf 88' lang='lat' dir='ltr'><strong>negotiis</strong></span> <span class='ocrx_word' id='word_1_104' title='bbox 1521 1653 1756 1701; x_wconf 89' lang='lat' dir='ltr'><strong>tractare</strong></span> <span class='ocrx_word' id='word_1_105' title='bbox 1797 1652 1854 1700; x_wconf 83' lang='lat' dir='ltr'><strong>et</strong></span> 
     </span>
    </p>
   </div>
   <div class='ocr_carea' id='block_1_18' title="bbox 257 1734 1852 1808">
    <p class='ocr_par' dir='ltr' id='par_1_18' title="bbox 257 1734 1852 1808">
     <span class='ocr_line' id='line_1_18' title="bbox 257 1734 1852 1808; baseline 0.001 -17"><span class='ocrx_word' id='word_1_106' title='bbox 257 1734 594 1791; x_wconf 83' lang='lat' dir='ltr'><strong>secularium</strong></span> <span class='ocrx_word' id='word_1_107' title='bbox 647 1734 982 1792; x_wconf 84' lang='lat' dir='ltr'><strong>secularibus</strong></span> <span class='ocrx_word' id='word_1_108' title='bbox 1038 1736 1303 1793; x_wconf 87' lang='lat' dir='ltr'><strong>adhiberi.</strong></span> <span class='ocrx_word' id='word_1_109' title='bbox 1375 1737 1613 1804; x_wconf 84' lang='lat' dir='ltr'><strong>Quarum</strong></span> <span class='ocrx_word' id='word_1_110' title='bbox 1661 1738 1852 1808; x_wconf 71' lang='lat' dir='ltr'><strong>prima:</strong></span> 
     </span>
    </p>
   </div>
   <div class='ocr_carea' id='block_1_19' title="bbox 259 1826 1853 1901">
    <p class='ocr_par' dir='ltr' id='par_1_19' title="bbox 259 1826 1853 1901">
     <span class='ocr_line' id='line_1_19' title="bbox 259 1826 1853 1901; baseline 0.004 -21"><span class='ocrx_word' id='word_1_111' title='bbox 259 1835 423 1882; x_wconf 85' lang='lat' dir='ltr'><strong>tanto</strong></span> <span class='ocrx_word' id='word_1_112' title='bbox 475 1826 743 1883; x_wconf 88' lang='lat' dir='ltr'><strong>secundas</strong></span> <span class='ocrx_word' id='word_1_113' title='bbox 786 1837 1066 1898; x_wconf 88' lang='lat' dir='ltr'><strong>superant,</strong></span> <span class='ocrx_word' id='word_1_114' title='bbox 1104 1837 1305 1900; x_wconf 92' lang='lat' dir='ltr'><strong>quanto</strong></span> <span class='ocrx_word' id='word_1_115' title='bbox 1355 1831 1606 1886; x_wconf 74' lang='lat' dir='ltr'><strong>secunda:</strong></span> <span class='ocrx_word' id='word_1_116' title='bbox 1659 1830 1853 1901; x_wconf 84' lang='lat' dir='ltr'><strong>primis</strong></span> 
     </span>
    </p>
   </div>
   <div class='ocr_carea' id='block_1_20' title="bbox 256 1917 1855 1993">
    <p class='ocr_par' dir='ltr' id='par_1_20' title="bbox 256 1917 1855 1993">
     <span class='ocr_line' id='line_1_20' title="bbox 256 1917 1855 1993; baseline 0.004 -20"><span class='ocrx_word' id='word_1_117' title='bbox 256 1917 561 1975; x_wconf 85' lang='lat' dir='ltr'><strong>inferiores</strong></span> <span class='ocrx_word' id='word_1_118' title='bbox 602 1927 748 1974; x_wconf 91' lang='lat' dir='ltr'><strong>sunt.</strong></span> <span class='ocrx_word' id='word_1_119' title='bbox 810 1919 963 1976; x_wconf 85' lang='lat' dir='ltr'><strong>Unde</strong></span> <span class='ocrx_word' id='word_1_120' title='bbox 1002 1929 1058 1977; x_wconf 91' lang='lat' dir='ltr'><strong>et</strong></span> <span class='ocrx_word' id='word_1_121' title='bbox 1098 1922 1295 1978; x_wconf 88' lang='lat' dir='ltr'><strong>divinis</strong></span> <span class='ocrx_word' id='word_1_122' title='bbox 1348 1936 1446 1993; x_wconf 87' lang='lat' dir='ltr'><strong>per</strong></span> <span class='ocrx_word' id='word_1_123' title='bbox 1481 1923 1663 1978; x_wconf 86' lang='lat' dir='ltr'><strong>omnia</strong></span> <span class='ocrx_word' id='word_1_124' title='bbox 1725 1938 1855 1980; x_wconf 90' lang='lat' dir='ltr'><strong>suus</strong></span> 
     </span>
    </p>
   </div>
   <div class='ocr_carea' id='block_1_21' title="bbox 257 2009 1853 2084">
    <p class='ocr_par' dir='ltr' id='par_1_21' title="bbox 257 2009 1853 2084">
     <span class='ocr_line' id='line_1_21' title="bbox 257 2009 1853 2084; baseline 0.003 -19"><span class='ocrx_word' id='word_1_125' title='bbox 257 2010 449 2065; x_wconf 82' lang='lat' dir='ltr'><strong>honor</strong></span> <span class='ocrx_word' id='word_1_126' title='bbox 484 2012 784 2067; x_wconf 87' lang='lat' dir='ltr'><strong>servandus</strong></span> <span class='ocrx_word' id='word_1_127' title='bbox 820 2019 923 2067; x_wconf 91' lang='lat' dir='ltr'><strong>est.</strong></span> <span class='ocrx_word' id='word_1_128' title='bbox 956 2009 1013 2067; x_wconf 91' lang='lat' dir='ltr'><strong>Si</strong></span> <span class='ocrx_word' id='word_1_129' title='bbox 1044 2026 1174 2083; x_wconf 84' lang='lat' dir='ltr'><strong>ergo</strong></span> <span class='ocrx_word' id='word_1_130' title='bbox 1199 2011 1371 2068; x_wconf 85' lang='lat' dir='ltr'><strong>frater</strong></span> <span class='ocrx_word' id='word_1_131' title='bbox 1405 2021 1462 2068; x_wconf 90' lang='lat' dir='ltr'><strong>et</strong></span> <span class='ocrx_word' id='word_1_132' title='bbox 1500 2013 1853 2084; x_wconf 86' lang='lat' dir='ltr'><strong>coepiscopus</strong></span> 
     </span>
    </p>
   </div>
   <div class='ocr_carea' id='block_1_22' title="bbox 258 2098 1856 2173">
    <p class='ocr_par' dir='ltr' id='par_1_22' title="bbox 258 2098 1856 2173">
     <span class='ocr_line' id='line_1_22' title="bbox 258 2098 1856 2173; baseline 0.003 -20"><span class='ocrx_word' id='word_1_133' title='bbox 258 2108 462 2153; x_wconf 83' lang='lat' dir='ltr'><strong>noster</strong></span> <span class='ocrx_word' id='word_1_134' title='bbox 484 2098 742 2154; x_wconf 83' lang='lat' dir='ltr'><strong>Arnulfus</strong></span> <span class='ocrx_word' id='word_1_135' title='bbox 761 2100 1063 2171; x_wconf 84' lang='lat' dir='ltr'><strong>majestatis</strong></span> <span class='ocrx_word' id='word_1_136' title='bbox 1087 2116 1213 2157; x_wconf 88' lang='lat' dir='ltr'><strong>rcus</strong></span> <span class='ocrx_word' id='word_1_137' title='bbox 1238 2101 1518 2157; x_wconf 88' lang='lat' dir='ltr'><strong>convictus</strong></span> <span class='ocrx_word' id='word_1_138' title='bbox 1548 2101 1731 2169; x_wconf 89' lang='lat' dir='ltr'><strong>fuerit,</strong></span> <span class='ocrx_word' id='word_1_139' title='bbox 1756 2116 1856 2173; x_wconf 89' lang='lat' dir='ltr'><strong>pro</strong></span> 
     </span>
    </p>
   </div>
   <div class='ocr_carea' id='block_1_23' title="bbox 259 2189 1859 2264">
    <p class='ocr_par' dir='ltr' id='par_1_23' title="bbox 259 2189 1859 2264">
     <span class='ocr_line' id='line_1_23' title="bbox 259 2189 1859 2264; baseline 0.004 -18"><span class='ocrx_word' id='word_1_140' title='bbox 259 2189 588 2247; x_wconf 84' lang='lat' dir='ltr'><strong>sacerdotali</strong></span> <span class='ocrx_word' id='word_1_141' title='bbox 613 2193 935 2260; x_wconf 87' lang='lat' dir='ltr'><strong>reverentia,</strong></span> <span class='ocrx_word' id='word_1_142' title='bbox 960 2200 1014 2248; x_wconf 90' lang='lat' dir='ltr'><strong>ct</strong></span> <span class='ocrx_word' id='word_1_143' title='bbox 1033 2194 1313 2264; x_wconf 80' lang='lat' dir='ltr'><strong>sanguinis</strong></span> <span class='ocrx_word' id='word_1_144' title='bbox 1344 2194 1619 2263; x_wconf 72' lang='lat' dir='ltr'><strong>afﬁnitate,</strong></span> <span class='ocrx_word' id='word_1_145' title='bbox 1649 2211 1680 2251; x_wconf 92' lang='lat' dir='ltr'><strong>a</strong></span> <span class='ocrx_word' id='word_1_146' title='bbox 1707 2210 1859 2253; x_wconf 90' lang='lat' dir='ltr'><strong>sere-</strong></span> 
     </span>
    </p>
   </div>
   <div class='ocr_carea' id='block_1_24' title="bbox 259 2279 1851 2354">
    <p class='ocr_par' dir='ltr' id='par_1_24' title="bbox 259 2279 1851 2354">
     <span class='ocr_line' id='line_1_24' title="bbox 259 2279 1851 2354; baseline 0.004 -22"><span class='ocrx_word' id='word_1_147' title='bbox 259 2279 511 2334; x_wconf 89' lang='lat' dir='ltr'><strong>nissimis</strong></span> <span class='ocrx_word' id='word_1_148' title='bbox 526 2280 743 2351; x_wconf 84' lang='lat' dir='ltr'><strong>regibus</strong></span> <span class='ocrx_word' id='word_1_149' title='bbox 758 2281 1139 2354; x_wconf 82' lang='lat' dir='ltr'><strong>indulgendum</strong></span> <span class='ocrx_word' id='word_1_150' title='bbox 1160 2283 1504 2353; x_wconf 87' lang='lat' dir='ltr'><strong>aliquatenus</strong></span> <span class='ocrx_word' id='word_1_151' title='bbox 1522 2298 1628 2339; x_wconf 91' lang='lat' dir='ltr'><strong>nou</strong></span> <span class='ocrx_word' id='word_1_152' title='bbox 1653 2285 1851 2340; x_wconf 89' lang='lat' dir='ltr'><strong>abnuo.</strong></span> 
     </span>
    </p>
   </div>
   <div class='ocr_carea' id='block_1_25' title="bbox 257 2368 1854 2449">
    <p class='ocr_par' dir='ltr' id='par_1_25' title="bbox 257 2368 1854 2449">
     <span class='ocr_line' id='line_1_25' title="bbox 257 2368 1854 2449; baseline 0.004 -24"><span class='ocrx_word' id='word_1_153' title='bbox 257 2368 457 2425; x_wconf 67' lang='lat' dir='ltr'><strong>Joditii</strong></span> <span class='ocrx_word' id='word_1_154' title='bbox 498 2379 677 2427; x_wconf 90' lang='lat' dir='ltr'><strong>tamen</strong></span> <span class='ocrx_word' id='word_1_155' title='bbox 733 2375 1056 2429; x_wconf 84' lang='lat' dir='ltr'><strong>sententiam</strong></span> <span class='ocrx_word' id='word_1_156' title='bbox 1107 2376 1329 2431; x_wconf 90' lang='lat' dir='ltr'><strong>omnino</strong></span> <span class='ocrx_word' id='word_1_157' title='bbox 1378 2391 1485 2432; x_wconf 91' lang='lat' dir='ltr'><strong>non</strong></span> <span class='ocrx_word' id='word_1_158' title='bbox 1523 2375 1760 2449; x_wconf 75' lang='lat' dir='ltr'><strong>ell‘ugiet,</strong></span> <span class='ocrx_word' id='word_1_159' title='bbox 1809 2378 1854 2434; x_wconf 91' lang='lat' dir='ltr'><strong>si</strong></span> 
     </span>
    </p>
   </div>
   <div class='ocr_carea' id='block_1_26' title="bbox 260 2462 1859 2607">
    <p class='ocr_par' dir='ltr' id='par_1_26' title="bbox 260 2462 1859 2607">
     <span class='ocr_line' id='line_1_26' title="bbox 260 2462 1859 2607; baseline 0.007 -92"><span class='ocrx_word' id='word_1_160' title='bbox 260 2476 369 2607; x_wconf 54' lang='lat' dir='ltr'><strong>is:</strong></span> <span class='ocrx_word' id='word_1_161' title='bbox 405 2462 747 2520; x_wconf 80' lang='lat' dir='ltr'><strong>confessione</strong></span> <span class='ocrx_word' id='word_1_162' title='bbox 768 2465 1020 2539; x_wconf 85' lang='lat' dir='ltr'><strong>indiguus</strong></span> <span class='ocrx_word' id='word_1_163' title='bbox 1046 2467 1363 2525; x_wconf 82' lang='lat' dir='ltr'><strong>sacerdotali</strong></span> <span class='ocrx_word' id='word_1_164' title='bbox 1402 2470 1663 2543; x_wconf 85' lang='lat' dir='ltr'><strong>dignitate</strong></span> <span class='ocrx_word' id='word_1_165' title='bbox 1685 2471 1859 2526; x_wconf 88' lang='lat' dir='ltr'><strong>mani-</strong></span> 
     </span>
     <span class='ocr_line' id='line_1_27' title="bbox 359 2552 630 2607; baseline 0.007 -2"><span class='ocrx_word' id='word_1_166' title='bbox 359 2552 573 2607; x_wconf 82' lang='lat' dir='ltr'><strong>tabitur.</strong></span> <span class='ocrx_word' id='word_1_167' title='bbox 610 2572 630 2606; x_wconf 71' lang='grc' dir='ltr'><strong><em>ι</em></strong></span> 
     </span>
    </p>
   </div>
   <div class='ocr_carea' id='block_1_27' title="bbox 359 2552 630 2607">
    <p class='ocr_par' dir='ltr' id='par_1_27' title="bbox 359 2552 630 2607">
     <span class='ocr_line' id='line_1_28' title="bbox 359 2552 630 2607; baseline 0.007 -2"><span class='ocrx_word' id='word_1_168' title='bbox 359 2552 573 2607; x_wconf 72' lang='lat' dir='ltr'><strong>labitur.</strong></span> <span class='ocrx_word' id='word_1_169' title='bbox 610 2572 630 2606; x_wconf 71' lang='grc' dir='ltr'><strong><em>ι</em></strong></span> 
     </span>
    </p>
   </div>
   <div class='ocr_carea' id='block_1_28' title="bbox 344 2642 1858 2719">
    <p class='ocr_par' dir='ltr' id='par_1_28' title="bbox 344 2642 1858 2719">
     <span class='ocr_line' id='line_1_29' title="bbox 344 2642 1858 2719; baseline 0.006 -22"><span class='ocrx_word' id='word_1_170' title='bbox 344 2643 435 2698; x_wconf 88' lang='grc'><strong>56.</strong></span> <span class='ocrx_word' id='word_1_171' title='bbox 471 2642 776 2715; x_wconf 83' lang='lat' dir='ltr'><strong>Indignatio</strong></span> <span class='ocrx_word' id='word_1_172' title='bbox 801 2645 875 2679; x_wconf 74' lang='grc'><strong>⁸⁸⁸</strong></span> <span class='ocrx_word' id='word_1_173' title='bbox 896 2646 1159 2704; x_wconf 79' lang='lat' dir='ltr'><strong>Brunonis</strong></span> <span class='ocrx_word' id='word_1_174' title='bbox 1185 2648 1258 2682; x_wconf 74' lang='grc'><strong>⁸⁸³</strong></span> <span class='ocrx_word' id='word_1_175' title='bbox 1282 2650 1337 2705; x_wconf 87' lang='lat' dir='ltr'><strong>in</strong></span> <span class='ocrx_word' id='word_1_176' title='bbox 1368 2649 1651 2719; x_wconf 77' lang='lat' dir='ltr'><strong>Arnulfum</strong></span> <span class='ocrx_word' id='word_1_177' title='bbox 1678 2651 1770 2705; x_wconf 69' lang='lat' dir='ltr'><strong>m.</strong></span> <span class='ocrx_word' id='word_1_178' title='bbox 1787 2681 1858 2692; x_wconf 93' lang='lat'><strong>—</strong></span> 
     </span>
    </p>
   </div>
   <div class='ocr_carea' id='block_1_29' title="bbox 263 2734 1859 2810">
    <p class='ocr_par' dir='ltr' id='par_1_29' title="bbox 263 2734 1859 2810">
     <span class='ocr_line' id='line_1_30' title="bbox 263 2734 1859 2810; baseline 0.004 -20"><span class='ocrx_word' id='word_1_179' title='bbox 263 2734 454 2790; x_wconf 87' lang='lat' dir='ltr'><strong>Bruno</strong></span> <span class='ocrx_word' id='word_1_180' title='bbox 486 2734 842 2806; x_wconf 85' lang='lat' dir='ltr'><strong>Lingoncnsis</strong></span> <span class='ocrx_word' id='word_1_181' title='bbox 861 2738 1145 2810; x_wconf 80' lang='lat' dir='ltr'><strong>episcOpus</strong></span> <span class='ocrx_word' id='word_1_182' title='bbox 1170 2739 1337 2794; x_wconf 87' lang='lat' dir='ltr'><strong>dixit:</strong></span> <span class='ocrx_word' id='word_1_183' title='bbox 1356 2736 1389 2791; x_wconf 69' lang='grc' dir='ltr'>’ς</span> <span class='ocrx_word' id='word_1_184' title='bbox 1419 2738 1572 2794; x_wconf 85' lang='lat' dir='ltr'><strong>Hunc</strong></span> <span class='ocrx_word' id='word_1_185' title='bbox 1608 2739 1751 2795; x_wconf 90' lang='lat' dir='ltr'><strong>unde</strong></span> <span class='ocrx_word' id='word_1_186' title='bbox 1772 2739 1859 2796; x_wconf 91' lang='lat' dir='ltr'><strong>hic</strong></span> 
     </span>
    </p>
   </div>
   <div class='ocr_carea' id='block_1_30' title="bbox 265 2827 1857 2901">
    <p class='ocr_par' dir='ltr' id='par_1_30' title="bbox 265 2827 1857 2901">
     <span class='ocr_line' id='line_1_31' title="bbox 265 2827 1857 2901; baseline 0.004 -21"><span class='ocrx_word' id='word_1_187' title='bbox 265 2841 455 2881; x_wconf 86' lang='lat' dir='ltr'><strong>sermo</strong></span> <span class='ocrx_word' id='word_1_188' title='bbox 482 2827 719 2882; x_wconf 87' lang='lat' dir='ltr'><strong>habetur</strong></span> <span class='ocrx_word' id='word_1_189' title='bbox 736 2868 751 2893; x_wconf 91' lang='lat'><strong>,</strong></span> <span class='ocrx_word' id='word_1_190' title='bbox 775 2829 829 2883; x_wconf 89' lang='lat' dir='ltr'><strong>in</strong></span> <span class='ocrx_word' id='word_1_191' title='bbox 855 2830 954 2885; x_wconf 91' lang='lat' dir='ltr'><strong>has</strong></span> <span class='ocrx_word' id='word_1_192' title='bbox 975 2831 1221 2886; x_wconf 83' lang='lat' dir='ltr'><strong>miserias</strong></span> <span class='ocrx_word' id='word_1_193' title='bbox 1253 2831 1619 2901; x_wconf 73' lang='lat' dir='ltr'><strong>praecipitasse</strong></span> <span class='ocrx_word' id='word_1_194' title='bbox 1647 2831 1857 2899; x_wconf 88' lang='lat' dir='ltr'><strong>videor,</strong></span> 
     </span>
    </p>
   </div>
   <div class='ocr_carea' id='block_1_31' title="bbox 266 2919 1859 2988">
    <p class='ocr_par' dir='ltr' id='par_1_31' title="bbox 266 2919 1859 2988">
     <span class='ocr_line' id='line_1_32' title="bbox 266 2919 1859 2988; baseline 0.004 -15"><span class='ocrx_word' id='word_1_195' title='bbox 266 2934 397 2973; x_wconf 82' lang='lat' dir='ltr'><strong>cum</strong></span> <span class='ocrx_word' id='word_1_196' title='bbox 436 2927 625 2973; x_wconf 79' lang='lat' dir='ltr'><strong>contra</strong></span> <span class='ocrx_word' id='word_1_197' title='bbox 676 2919 968 2975; x_wconf 90' lang='lat' dir='ltr'><strong>multorum</strong></span> <span class='ocrx_word' id='word_1_198' title='bbox 1013 2923 1279 2978; x_wconf 91' lang='lat' dir='ltr'><strong>bonorum</strong></span> <span class='ocrx_word' id='word_1_199' title='bbox 1330 2931 1475 2988; x_wconf 86' lang='lat' dir='ltr'><strong>vota,</strong></span> <span class='ocrx_word' id='word_1_200' title='bbox 1521 2923 1589 2979; x_wconf 91' lang='lat' dir='ltr'><strong>ad</strong></span> <span class='ocrx_word' id='word_1_201' title='bbox 1637 2923 1859 2979; x_wconf 86' lang='lat' dir='ltr'><strong>honoris</strong></span> 
     </span>
    </p>
   </div>
   <div class='ocr_carea' id='block_1_32' title="bbox 265 3011 1860 3086">
    <p class='ocr_par' dir='ltr' id='par_1_32' title="bbox 265 3011 1860 3086">
     <span class='ocr_line' id='line_1_33' title="bbox 265 3011 1860 3086; baseline 0.003 -20"><span class='ocrx_word' id='word_1_202' title='bbox 265 3011 485 3066; x_wconf 87' lang='lat' dir='ltr'><strong>culmen</strong></span> <span class='ocrx_word' id='word_1_203' title='bbox 537 3015 780 3081; x_wconf 82' lang='lat' dir='ltr'><strong>provexi.</strong></span> <span class='ocrx_word' id='word_1_204' title='bbox 816 3014 881 3069; x_wconf 88' lang='lat' dir='ltr'><strong>Et</strong></span> <span class='ocrx_word' id='word_1_205' title='bbox 910 3015 1012 3069; x_wconf 87' lang='lat' dir='ltr'><strong>hoc</strong></span> <span class='ocrx_word' id='word_1_206' title='bbox 1040 3030 1146 3070; x_wconf 91' lang='lat' dir='ltr'><strong>non</strong></span> <span class='ocrx_word' id='word_1_207' title='bbox 1191 3015 1362 3070; x_wconf 90' lang='lat' dir='ltr'><strong>solum</strong></span> <span class='ocrx_word' id='word_1_208' title='bbox 1411 3023 1631 3086; x_wconf 88' lang='lat' dir='ltr'><strong>propter</strong></span> <span class='ocrx_word' id='word_1_209' title='bbox 1680 3015 1860 3070; x_wconf 88' lang='lat' dir='ltr'><strong>carnis</strong></span> 
     </span>
    </p>
   </div>
   <div class='ocr_carea' id='block_1_33' title="bbox 268 3098 1857 3168">
    <p class='ocr_par' dir='ltr' id='par_1_33' title="bbox 268 3098 1857 3168">
     <span class='ocr_line' id='line_1_34' title="bbox 268 3098 1857 3168; baseline 0.003 -14"><span class='ocrx_word' id='word_1_210' title='bbox 268 3098 585 3155; x_wconf 78' lang='lat' dir='ltr'><strong>afﬁnitatem</strong></span> <span class='ocrx_word' id='word_1_211' title='bbox 637 3101 807 3168; x_wconf 78' lang='lat' dir='ltr'><strong>effeci,</strong></span> <span class='ocrx_word' id='word_1_212' title='bbox 862 3104 956 3159; x_wconf 90' lang='lat' dir='ltr'><strong>sed</strong></span> <span class='ocrx_word' id='word_1_213' title='bbox 1005 3105 1170 3160; x_wconf 90' lang='lat' dir='ltr'><strong>etiam</strong></span> <span class='ocrx_word' id='word_1_214' title='bbox 1222 3113 1284 3159; x_wconf 94' lang='lat' dir='ltr'><strong>ut</strong></span> <span class='ocrx_word' id='word_1_215' title='bbox 1337 3105 1403 3160; x_wconf 89' lang='lat' dir='ltr'><strong>ad</strong></span> <span class='ocrx_word' id='word_1_216' title='bbox 1444 3105 1685 3160; x_wconf 87' lang='lat' dir='ltr'><strong>melioris</strong></span> <span class='ocrx_word' id='word_1_217' title='bbox 1733 3104 1857 3158; x_wconf 58' lang='lat' dir='ltr'><strong>vitae</strong></span> 
     </span>
    </p>
   </div>
   <div class='ocr_carea' id='block_1_34' title="bbox 1960 551 3542 626">
    <p class='ocr_par' dir='ltr' id='par_1_34' title="bbox 1960 551 3542 626">
     <span class='ocr_line' id='line_1_35' title="bbox 1960 551 3542 626; baseline -0.004 -14"><span class='ocrx_word' id='word_1_218' title='bbox 1960 566 2122 613; x_wconf 90' lang='lat' dir='ltr'><strong>tatem</strong></span> <span class='ocrx_word' id='word_1_219' title='bbox 2149 595 2165 621; x_wconf 93' lang='lat'><strong>,</strong></span> <span class='ocrx_word' id='word_1_220' title='bbox 2210 570 2369 626; x_wconf 88' lang='lat' dir='ltr'><strong>quem</strong></span> <span class='ocrx_word' id='word_1_221' title='bbox 2416 555 2593 611; x_wconf 88' lang='lat' dir='ltr'><strong>nullus</strong></span> <span class='ocrx_word' id='word_1_222' title='bbox 2637 554 2911 611; x_wconf 80' lang='lat' dir='ltr'><strong>atiinitatis</strong></span> <span class='ocrx_word' id='word_1_223' title='bbox 2962 568 3145 619; x_wconf 90' lang='lat' dir='ltr'><strong>amor,</strong></span> <span class='ocrx_word' id='word_1_224' title='bbox 3198 553 3339 607; x_wconf 87' lang='lat' dir='ltr'><strong>nulla</strong></span> <span class='ocrx_word' id='word_1_225' title='bbox 3385 551 3542 606; x_wconf 87' lang='lat' dir='ltr'><strong>fami-</strong></span> 
     </span>
    </p>
   </div>
   <div class='ocr_carea' id='block_1_35' title="bbox 1958 643 3542 718">
    <p class='ocr_par' dir='ltr' id='par_1_35' title="bbox 1958 643 3542 718">
     <span class='ocr_line' id='line_1_36' title="bbox 1958 643 3542 718; baseline -0.003 -16"><span class='ocrx_word' id='word_1_226' title='bbox 1958 647 2165 703; x_wconf 81' lang='lat' dir='ltr'><strong>liaritas</strong></span> <span class='ocrx_word' id='word_1_227' title='bbox 2209 663 2243 703; x_wconf 91' lang='lat' dir='ltr'><strong>a</strong></span> <span class='ocrx_word' id='word_1_228' title='bbox 2295 646 2527 702; x_wconf 88' lang='lat' dir='ltr'><strong>veritate</strong></span> <span class='ocrx_word' id='word_1_229' title='bbox 2569 646 2913 718; x_wconf 85' lang='lat' dir='ltr'><strong>sequestrat,</strong></span> <span class='ocrx_word' id='word_1_230' title='bbox 2962 653 3019 701; x_wconf 89' lang='lat' dir='ltr'><strong>at</strong></span> <span class='ocrx_word' id='word_1_231' title='bbox 3059 645 3207 717; x_wconf 84' lang='lat' dir='ltr'><strong>rigor</strong></span> <span class='ocrx_word' id='word_1_232' title='bbox 3251 643 3454 710; x_wconf 89' lang='lat' dir='ltr'><strong>animi,</strong></span> <span class='ocrx_word' id='word_1_233' title='bbox 3485 653 3542 697; x_wconf 87' lang='lat' dir='ltr'><strong>et</strong></span> 
     </span>
    </p>
   </div>
   <div class='ocr_carea' id='block_1_36' title="bbox 1958 736 3543 810">
    <p class='ocr_par' dir='ltr' id='par_1_36' title="bbox 1958 736 3543 810">
     <span class='ocr_line' id='line_1_37' title="bbox 1958 736 3543 810; baseline -0.004 -15"><span class='ocrx_word' id='word_1_234' title='bbox 1958 754 2171 795; x_wconf 88' lang='lat' dir='ltr'><strong>morum</strong></span> <span class='ocrx_word' id='word_1_235' title='bbox 2225 739 2467 810; x_wconf 90' lang='lat' dir='ltr'><strong>probitas</strong></span> <span class='ocrx_word' id='word_1_236' title='bbox 2518 740 2813 795; x_wconf 89' lang='lat' dir='ltr'><strong>veridicum</strong></span> <span class='ocrx_word' id='word_1_237' title='bbox 2856 744 2911 794; x_wconf 88' lang='lat' dir='ltr'><strong>et</strong></span> <span class='ocrx_word' id='word_1_238' title='bbox 2959 739 3046 794; x_wconf 91' lang='lat' dir='ltr'><strong>cui</strong></span> <span class='ocrx_word' id='word_1_239' title='bbox 3095 736 3421 793; x_wconf 89' lang='lat' dir='ltr'><strong>credendum</strong></span> <span class='ocrx_word' id='word_1_240' title='bbox 3470 736 3543 790; x_wconf 89' lang='lat' dir='ltr'><strong>sit</strong></span> 
     </span>
    </p>
   </div>
   <div class='ocr_carea' id='block_1_37' title="bbox 1911 824 3542 901">
    <p class='ocr_par' dir='ltr' id='par_1_37' title="bbox 1911 824 3542 901">
     <span class='ocr_line' id='line_1_38' title="bbox 1911 824 3542 901; baseline -0.004 -16"><span class='ocrx_word' id='word_1_241' title='bbox 1911 853 1916 857; x_wconf 92' lang='grc'><strong>·</strong></span> <span class='ocrx_word' id='word_1_242' title='bbox 1956 829 2358 901; x_wconf 88' lang='lat' dir='ltr'><strong>promptissime</strong></span> <span class='ocrx_word' id='word_1_243' title='bbox 2396 829 2654 885; x_wconf 89' lang='lat' dir='ltr'><strong>indicant.</strong></span> <span class='ocrx_word' id='word_1_244' title='bbox 2690 829 2829 900; x_wconf 84' lang='lat' dir='ltr'><strong>Ergo</strong></span> <span class='ocrx_word' id='word_1_245' title='bbox 2871 828 2997 899; x_wconf 87' lang='lat' dir='ltr'><strong>quia</strong></span> <span class='ocrx_word' id='word_1_246' title='bbox 3039 828 3105 884; x_wconf 90' lang='lat' dir='ltr'><strong>de</strong></span> <span class='ocrx_word' id='word_1_247' title='bbox 3140 824 3542 883; x_wconf 80' lang='lat' dir='ltr'><strong>examinatione</strong></span> 
     </span>
    </p>
   </div>
   <div class='ocr_carea' id='block_1_38' title="bbox 1958 916 3542 991">
    <p class='ocr_par' dir='ltr' id='par_1_38' title="bbox 1958 916 3542 991">
     <span class='ocr_line' id='line_1_39' title="bbox 1958 916 3542 991; baseline -0.003 -17"><span class='ocrx_word' id='word_1_248' title='bbox 1958 929 2142 975; x_wconf 88' lang='lat' dir='ltr'><strong>reatus</strong></span> <span class='ocrx_word' id='word_1_249' title='bbox 2188 917 2375 974; x_wconf 88' lang='lat' dir='ltr'><strong>fratris</strong></span> <span class='ocrx_word' id='word_1_250' title='bbox 2418 928 2472 974; x_wconf 91' lang='lat' dir='ltr'><strong>et</strong></span> <span class='ocrx_word' id='word_1_251' title='bbox 2520 919 2821 991; x_wconf 90' lang='lat' dir='ltr'><strong>coepiscopi</strong></span> <span class='ocrx_word' id='word_1_252' title='bbox 2874 918 3044 974; x_wconf 89' lang='lat' dir='ltr'><strong>nostri</strong></span> <span class='ocrx_word' id='word_1_253' title='bbox 3089 916 3294 971; x_wconf 81' lang='lat' dir='ltr'><strong>Amulli</strong></span> <span class='ocrx_word' id='word_1_254' title='bbox 3340 916 3542 970; x_wconf 89' lang='lat' dir='ltr'><strong>mentio</strong></span> 
     </span>
    </p>
   </div>
   <div class='ocr_carea' id='block_1_39' title="bbox 1956 1008 3541 1080">
    <p class='ocr_par' dir='ltr' id='par_1_39' title="bbox 1956 1008 3541 1080">
     <span class='ocr_line' id='line_1_40' title="bbox 1956 1008 3541 1080; baseline -0.003 -14"><span class='ocrx_word' id='word_1_255' title='bbox 1956 1010 2206 1080; x_wconf 89' lang='lat' dir='ltr'><strong>superius</strong></span> <span class='ocrx_word' id='word_1_256' title='bbox 2234 1009 2376 1065; x_wconf 90' lang='lat' dir='ltr'><strong>facta</strong></span> <span class='ocrx_word' id='word_1_257' title='bbox 2399 1018 2483 1066; x_wconf 92' lang='lat' dir='ltr'><strong>est</strong></span> <span class='ocrx_word' id='word_1_258' title='bbox 2506 1050 2521 1077; x_wconf 91' lang='lat'><strong>,</strong></span> <span class='ocrx_word' id='word_1_259' title='bbox 2552 1011 2622 1066; x_wconf 90' lang='lat' dir='ltr'><strong>ab</strong></span> <span class='ocrx_word' id='word_1_260' title='bbox 2648 1027 2713 1067; x_wconf 91' lang='lat' dir='ltr'><strong>eo</strong></span> <span class='ocrx_word' id='word_1_261' title='bbox 2738 1010 3087 1080; x_wconf 62' lang='lat' dir='ltr'><strong>qumrendum</strong></span> <span class='ocrx_word' id='word_1_262' title='bbox 3112 1009 3350 1074; x_wconf 88' lang='lat' dir='ltr'><strong>videtur,</strong></span> <span class='ocrx_word' id='word_1_263' title='bbox 3381 1008 3541 1079; x_wconf 88' lang='lat' dir='ltr'><strong>quale</strong></span> 
     </span>
    </p>
   </div>
   <div class='ocr_carea' id='block_1_40' title="bbox 1955 1099 3542 1172">
    <p class='ocr_par' dir='ltr' id='par_1_40' title="bbox 1955 1099 3542 1172">
     <span class='ocr_line' id='line_1_41' title="bbox 1955 1099 3542 1172; baseline -0.003 -15"><span class='ocrx_word' id='word_1_264' title='bbox 1955 1115 2023 1157; x_wconf 80' lang='lat' dir='ltr'><strong>ex</strong></span> <span class='ocrx_word' id='word_1_265' title='bbox 2073 1101 2176 1157; x_wconf 89' lang='lat' dir='ltr'><strong>hac</strong></span> <span class='ocrx_word' id='word_1_266' title='bbox 2201 1117 2261 1157; x_wconf 88' lang='lat' dir='ltr'><strong>re</strong></span> <span class='ocrx_word' id='word_1_267' title='bbox 2292 1101 2597 1158; x_wconf 90' lang='lat' dir='ltr'><strong>habendum</strong></span> <span class='ocrx_word' id='word_1_268' title='bbox 2644 1101 2717 1158; x_wconf 92' lang='lat' dir='ltr'><strong>sit</strong></span> <span class='ocrx_word' id='word_1_269' title='bbox 2756 1101 3007 1172; x_wconf 90' lang='lat' dir='ltr'><strong>juditium</strong></span> <span class='ocrx_word' id='word_1_270' title='bbox 3036 1141 3052 1167; x_wconf 93' lang='lat'><strong>,</strong></span> <span class='ocrx_word' id='word_1_271' title='bbox 3099 1115 3165 1155; x_wconf 88' lang='lat' dir='ltr'><strong>eo</strong></span> <span class='ocrx_word' id='word_1_272' title='bbox 3189 1099 3329 1170; x_wconf 92' lang='lat' dir='ltr'><strong>quod</strong></span> <span class='ocrx_word' id='word_1_273' title='bbox 3365 1099 3542 1170; x_wconf 87' lang='lat' dir='ltr'><strong>ipsum</strong></span> 
     </span>
    </p>
   </div>
   <div class='ocr_carea' id='block_1_41' title="bbox 1955 1190 3543 1264">
    <p class='ocr_par' dir='ltr' id='par_1_41' title="bbox 1955 1190 3543 1264">
     <span class='ocr_line' id='line_1_42' title="bbox 1955 1190 3543 1264; baseline -0.003 -15"><span class='ocrx_word' id='word_1_274' title='bbox 1955 1202 2201 1264; x_wconf 87' lang='lat' dir='ltr'><strong>oporteat</strong></span> <span class='ocrx_word' id='word_1_275' title='bbox 2229 1192 2408 1262; x_wconf 87' lang='lat' dir='ltr'><strong>juditii</strong></span> <span class='ocrx_word' id='word_1_276' title='bbox 2439 1202 2741 1262; x_wconf 88' lang='lat' dir='ltr'><strong>temperare</strong></span> <span class='ocrx_word' id='word_1_277' title='bbox 2789 1206 3069 1247; x_wconf 89' lang='lat' dir='ltr'><strong>censuram</strong></span> <span class='ocrx_word' id='word_1_278' title='bbox 3093 1231 3109 1256; x_wconf 94' lang='lat'><strong>,</strong></span> <span class='ocrx_word' id='word_1_279' title='bbox 3144 1205 3266 1245; x_wconf 91' lang='lat' dir='ltr'><strong>cum</strong></span> <span class='ocrx_word' id='word_1_280' title='bbox 3315 1190 3430 1259; x_wconf 89' lang='lat' dir='ltr'><strong>ipse</strong></span> <span class='ocrx_word' id='word_1_281' title='bbox 3463 1190 3543 1244; x_wconf 91' lang='lat' dir='ltr'><strong>sic</strong></span> 
     </span>
    </p>
   </div>
   <div class='ocr_carea' id='block_1_42' title="bbox 1956 1283 3543 1356">
    <p class='ocr_par' dir='ltr' id='par_1_42' title="bbox 1956 1283 3543 1356">
     <span class='ocr_line' id='line_1_43' title="bbox 1956 1283 3543 1356; baseline -0.004 -15"><span class='ocrx_word' id='word_1_282' title='bbox 1956 1285 2100 1342; x_wconf 89' lang='lat' dir='ltr'><strong>inter</strong></span> <span class='ocrx_word' id='word_1_283' title='bbox 2143 1294 2433 1356; x_wconf 90' lang='lat' dir='ltr'><strong>utrumque</strong></span> <span class='ocrx_word' id='word_1_284' title='bbox 2473 1285 2546 1341; x_wconf 91' lang='lat' dir='ltr'><strong>sit</strong></span> <span class='ocrx_word' id='word_1_285' title='bbox 2586 1285 2949 1351; x_wconf 89' lang='lat' dir='ltr'><strong>constitutus,</strong></span> <span class='ocrx_word' id='word_1_286' title='bbox 2996 1291 3058 1339; x_wconf 90' lang='lat' dir='ltr'><strong>ut</strong></span> <span class='ocrx_word' id='word_1_287' title='bbox 3102 1292 3156 1337; x_wconf 89' lang='lat' dir='ltr'><strong>et</strong></span> <span class='ocrx_word' id='word_1_288' title='bbox 3203 1283 3312 1354; x_wconf 87' lang='lat' dir='ltr'><strong>regi</strong></span> <span class='ocrx_word' id='word_1_289' title='bbox 3346 1284 3543 1347; x_wconf 83' lang='lat' dir='ltr'><strong>tidem,</strong></span> 
     </span>
    </p>
   </div>
   <div class='ocr_carea' id='block_1_43' title="bbox 1953 1374 3538 1449">
    <p class='ocr_par' dir='ltr' id='par_1_43' title="bbox 1953 1374 3538 1449">
     <span class='ocr_line' id='line_1_44' title="bbox 1953 1374 3538 1449; baseline -0.006 -14"><span class='ocrx_word' id='word_1_290' title='bbox 1953 1389 2010 1435; x_wconf 87' lang='lat' dir='ltr'><strong>et</strong></span> <span class='ocrx_word' id='word_1_291' title='bbox 2050 1378 2278 1435; x_wconf 83' lang='lat' dir='ltr'><strong>Arnulfo</strong></span> <span class='ocrx_word' id='word_1_292' title='bbox 2324 1394 2391 1434; x_wconf 77' lang='lat' dir='ltr'><strong>ex</strong></span> <span class='ocrx_word' id='word_1_293' title='bbox 2442 1378 2914 1449; x_wconf 85' lang='lat' dir='ltr'><strong>consanguinitate</strong></span> <span class='ocrx_word' id='word_1_294' title='bbox 2954 1377 3297 1433; x_wconf 87' lang='lat' dir='ltr'><strong>dilectionem</strong></span> <span class='ocrx_word' id='word_1_295' title='bbox 3327 1374 3538 1430; x_wconf 86' lang='lat' dir='ltr'><strong>debeat.</strong></span> 
     </span>
    </p>
   </div>
   <div class='ocr_carea' id='block_1_44' title="bbox 1956 1467 3542 1541">
    <p class='ocr_par' dir='ltr' id='par_1_44' title="bbox 1956 1467 3542 1541">
     <span class='ocr_line' id='line_1_45' title="bbox 1956 1467 3542 1541; baseline -0.004 -15"><span class='ocrx_word' id='word_1_296' title='bbox 1956 1469 2111 1527; x_wconf 85' lang='lat' dir='ltr'><strong>Unde</strong></span> <span class='ocrx_word' id='word_1_297' title='bbox 2137 1480 2194 1526; x_wconf 91' lang='lat' dir='ltr'><strong>ct</strong></span> <span class='ocrx_word' id='word_1_298' title='bbox 2222 1470 2419 1526; x_wconf 89' lang='lat' dir='ltr'><strong>nullius</strong></span> <span class='ocrx_word' id='word_1_299' title='bbox 2454 1470 2559 1525; x_wconf 90' lang='lat' dir='ltr'><strong>doli</strong></span> <span class='ocrx_word' id='word_1_300' title='bbox 2604 1470 2902 1541; x_wconf 81' lang='lat' dir='ltr'><strong>suSpitione</strong></span> <span class='ocrx_word' id='word_1_301' title='bbox 2932 1469 3191 1524; x_wconf 88' lang='lat' dir='ltr'><strong>tenendus</strong></span> <span class='ocrx_word' id='word_1_302' title='bbox 3217 1467 3352 1532; x_wconf 90' lang='lat' dir='ltr'><strong>erit,</strong></span> <span class='ocrx_word' id='word_1_303' title='bbox 3381 1480 3542 1537; x_wconf 86' lang='lat' dir='ltr'><strong>quem</strong></span> 
     </span>
    </p>
   </div>
   <div class='ocr_carea' id='block_1_45' title="bbox 1953 1557 3544 1631">
    <p class='ocr_par' dir='ltr' id='par_1_45' title="bbox 1953 1557 3544 1631">
     <span class='ocr_line' id='line_1_46' title="bbox 1953 1557 3544 1631; baseline -0.003 -15"><span class='ocrx_word' id='word_1_304' title='bbox 1953 1561 2182 1617; x_wconf 83' lang='lat' dir='ltr'><strong>ﬁdelitas</strong></span> <span class='ocrx_word' id='word_1_305' title='bbox 2210 1561 2414 1616; x_wconf 86' lang='lat' dir='ltr'><strong>domini</strong></span> <span class='ocrx_word' id='word_1_306' title='bbox 2440 1561 2506 1616; x_wconf 91' lang='lat' dir='ltr'><strong>ad</strong></span> <span class='ocrx_word' id='word_1_307' title='bbox 2524 1560 2778 1631; x_wconf 87' lang='lat' dir='ltr'><strong>juditium</strong></span> <span class='ocrx_word' id='word_1_308' title='bbox 2805 1558 3048 1615; x_wconf 87' lang='lat' dir='ltr'><strong>iucitabit</strong></span> <span class='ocrx_word' id='word_1_309' title='bbox 3071 1600 3084 1624; x_wconf 91' lang='lat'><strong>,</strong></span> <span class='ocrx_word' id='word_1_310' title='bbox 3109 1567 3163 1614; x_wconf 88' lang='lat' dir='ltr'><strong>et</strong></span> <span class='ocrx_word' id='word_1_311' title='bbox 3186 1557 3384 1613; x_wconf 87' lang='lat' dir='ltr'><strong>caritas</strong></span> <span class='ocrx_word' id='word_1_312' title='bbox 3416 1573 3544 1628; x_wconf 88' lang='lat' dir='ltr'><strong>pro-</strong></span> 
     </span>
    </p>
   </div>
   <div class='ocr_carea' id='block_1_46' title="bbox 1954 1651 2972 1723">
    <p class='ocr_par' dir='ltr' id='par_1_46' title="bbox 1954 1651 2972 1723">
     <span class='ocr_line' id='line_1_47' title="bbox 1954 1651 2972 1723; baseline -0.006 -13"><span class='ocrx_word' id='word_1_313' title='bbox 1954 1653 2086 1710; x_wconf 86' lang='lat' dir='ltr'><strong>ximi</strong></span> <span class='ocrx_word' id='word_1_314' title='bbox 2117 1669 2147 1709; x_wconf 90' lang='lat' dir='ltr'><strong>a</strong></span> <span class='ocrx_word' id='word_1_315' title='bbox 2179 1653 2545 1709; x_wconf 88' lang='lat' dir='ltr'><strong>malivolentia</strong></span> <span class='ocrx_word' id='word_1_316' title='bbox 2582 1651 2907 1723; x_wconf 82' lang='lat' dir='ltr'><strong>prohibebit.</strong></span> <span class='ocrx_word' id='word_1_317' title='bbox 2953 1670 2972 1704; x_wconf 75' lang='grc' dir='ltr'><strong><em>ι</em></strong></span> 
     </span>
    </p>
   </div>
   <div class='ocr_carea' id='block_1_47' title="bbox 2025 1736 3547 1816">
    <p class='ocr_par' dir='ltr' id='par_1_47' title="bbox 2025 1736 3547 1816">
     <span class='ocr_line' id='line_1_48' title="bbox 2025 1736 3547 1816; baseline -0.008 -13"><span class='ocrx_word' id='word_1_318' title='bbox 2025 1747 2114 1803; x_wconf 82' lang='lat'><strong>58.</strong></span> <span class='ocrx_word' id='word_1_319' title='bbox 2158 1744 2441 1816; x_wconf 79' lang='lat' dir='ltr'><strong>Responsio</strong></span> <span class='ocrx_word' id='word_1_320' title='bbox 2493 1743 2779 1799; x_wconf 81' lang='lat' dir='ltr'><strong>Brnnonis.</strong></span> <span class='ocrx_word' id='word_1_321' title='bbox 2808 1741 2984 1798; x_wconf 85' lang='lat' dir='ltr'><strong>—Ad</strong></span> <span class='ocrx_word' id='word_1_322' title='bbox 3039 1742 3157 1796; x_wconf 71' lang='lat' dir='ltr'><strong>hmc</strong></span> <span class='ocrx_word' id='word_1_323' title='bbox 3211 1739 3392 1794; x_wconf 88' lang='lat' dir='ltr'><strong>Bruno</strong></span> <span class='ocrx_word' id='word_1_324' title='bbox 3434 1736 3547 1808; x_wconf 87' lang='lat' dir='ltr'><strong>epi-</strong></span> 
     </span>
    </p>
   </div>
   <div class='ocr_carea' id='block_1_48' title="bbox 1880 1828 3545 1907">
    <p class='ocr_par' dir='ltr' id='par_1_48' title="bbox 1880 1828 3545 1907">
     <span class='ocr_line' id='line_1_49' title="bbox 1880 1828 3545 1907; baseline -0.008 -12"><span class='ocrx_word' id='word_1_325' title='bbox 1880 1833 1926 1895; x_wconf 88' lang='lat' dir='ltr'><strong>B</strong></span> <span class='ocrx_word' id='word_1_326' title='bbox 1955 1851 2194 1907; x_wconf 82' lang='lat' dir='ltr'><strong>scapus:</strong></span> <span class='ocrx_word' id='word_1_327' title='bbox 2232 1853 2251 1887; x_wconf 74' lang='grc' dir='ltr'><em>ι</em></span> <span class='ocrx_word' id='word_1_328' title='bbox 2290 1834 2544 1901; x_wconf 77' lang='lat' dir='ltr'><strong>Mentem,</strong></span> <span class='ocrx_word' id='word_1_329' title='bbox 2572 1834 3030 1904; x_wconf 88' lang='lat' dir='ltr'><strong>inquit,vestram</strong></span> <span class='ocrx_word' id='word_1_330' title='bbox 3080 1829 3214 1886; x_wconf 90' lang='lat' dir='ltr'><strong>satis</strong></span> <span class='ocrx_word' id='word_1_331' title='bbox 3264 1829 3422 1900; x_wconf 90' lang='lat' dir='ltr'><strong>plane</strong></span> <span class='ocrx_word' id='word_1_332' title='bbox 3461 1828 3545 1901; x_wconf 48' lang='lat' dir='ltr'><strong>in:-</strong></span> 
     </span>
    </p>
   </div>
   <div class='ocr_carea' id='block_1_49' title="bbox 1960 1919 3563 1997">
    <p class='ocr_par' dir='ltr' id='par_1_49' title="bbox 1960 1919 3563 1997">
     <span class='ocr_line' id='line_1_50' title="bbox 1960 1919 3563 1997; baseline -0.007 -15"><span class='ocrx_word' id='word_1_333' title='bbox 1960 1926 2157 1997; x_wconf 86' lang='lat' dir='ltr'><strong>teltigo.</strong></span> <span class='ocrx_word' id='word_1_334' title='bbox 2201 1924 2298 1980; x_wconf 89' lang='lat' dir='ltr'><strong>llic</strong></span> <span class='ocrx_word' id='word_1_335' title='bbox 2342 1924 2435 1995; x_wconf 90' lang='lat' dir='ltr'><strong>qui</strong></span> <span class='ocrx_word' id='word_1_336' title='bbox 2482 1939 2609 1981; x_wconf 90' lang='lat' dir='ltr'><strong>reus</strong></span> <span class='ocrx_word' id='word_1_337' title='bbox 2657 1922 2958 1993; x_wconf 89' lang='lat' dir='ltr'><strong>majestatis</strong></span> <span class='ocrx_word' id='word_1_338' title='bbox 3006 1930 3328 1986; x_wconf 85' lang='lat' dir='ltr'><strong>accusatur,</strong></span> <span class='ocrx_word' id='word_1_339' title='bbox 3361 1919 3563 1975; x_wconf 82' lang='lat' dir='ltr'><strong>carnis.</strong></span> 
     </span>
    </p>
   </div>
   <div class='ocr_carea' id='block_1_50' title="bbox 1957 2010 3560 2087">
    <p class='ocr_par' dir='ltr' id='par_1_50' title="bbox 1957 2010 3560 2087">
     <span class='ocr_line' id='line_1_51' title="bbox 1957 2010 3560 2087; baseline -0.007 -15"><span class='ocrx_word' id='word_1_340' title='bbox 1957 2015 2215 2072; x_wconf 75' lang='lat' dir='ltr'><strong>afﬁnitate</strong></span> <span class='ocrx_word' id='word_1_341' title='bbox 2270 2015 2404 2070; x_wconf 91' lang='lat' dir='ltr'><strong>mihi</strong></span> <span class='ocrx_word' id='word_1_342' title='bbox 2456 2015 2839 2087; x_wconf 85' lang='lat' dir='ltr'><strong>conjungitur,</strong></span> <span class='ocrx_word' id='word_1_343' title='bbox 2896 2020 3080 2082; x_wconf 85' lang='lat' dir='ltr'><strong>utpote</strong></span> <span class='ocrx_word' id='word_1_344' title='bbox 3132 2010 3379 2067; x_wconf 88' lang='lat' dir='ltr'><strong>avunculi</strong></span> <span class='ocrx_word' id='word_1_345' title='bbox 3439 2010 3560 2064; x_wconf 49' lang='lat' dir='ltr'><strong>mei.</strong></span> 
     </span>
    </p>
   </div>
   <div class='ocr_carea' id='block_1_51' title="bbox 1956 2099 3549 2176">
    <p class='ocr_par' dir='ltr' id='par_1_51' title="bbox 1956 2099 3549 2176">
     <span class='ocr_line' id='line_1_52' title="bbox 1956 2099 3549 2176; baseline -0.004 -14"><span class='ocrx_word' id='word_1_346' title='bbox 1956 2105 2198 2162; x_wconf 90' lang='lat' dir='ltr'><strong>Lotharii</strong></span> <span class='ocrx_word' id='word_1_347' title='bbox 2225 2105 2367 2176; x_wconf 86' lang='lat' dir='ltr'><strong>regis</strong></span> <span class='ocrx_word' id='word_1_348' title='bbox 2399 2105 2562 2161; x_wconf 81' lang='lat' dir='ltr'><strong>(ilius.</strong></span> <span class='ocrx_word' id='word_1_349' title='bbox 2598 2104 2749 2161; x_wconf 85' lang='lat' dir='ltr'><strong>Unde</strong></span> <span class='ocrx_word' id='word_1_350' title='bbox 2789 2114 2845 2159; x_wconf 92' lang='lat' dir='ltr'><strong>et</strong></span> <span class='ocrx_word' id='word_1_351' title='bbox 2874 2111 3052 2158; x_wconf 89' lang='lat' dir='ltr'><strong>vestra</strong></span> <span class='ocrx_word' id='word_1_352' title='bbox 3082 2102 3387 2173; x_wconf 88' lang='lat' dir='ltr'><strong>benignitas</strong></span> <span class='ocrx_word' id='word_1_353' title='bbox 3414 2099 3549 2155; x_wconf 86' lang='lat' dir='ltr'><strong>mihi</strong></span> 
     </span>
    </p>
   </div>
   <div class='ocr_carea' id='block_1_52' title="bbox 1958 2193 3549 2269">
    <p class='ocr_par' dir='ltr' id='par_1_52' title="bbox 1958 2193 3549 2269">
     <span class='ocr_line' id='line_1_53' title="bbox 1958 2193 3549 2269; baseline -0.005 -14"><span class='ocrx_word' id='word_1_354' title='bbox 1958 2199 2074 2255; x_wconf 84' lang='lat' dir='ltr'><strong>fieri</strong></span> <span class='ocrx_word' id='word_1_355' title='bbox 2127 2197 2375 2267; x_wconf 74' lang='lat' dir='ltr'><strong>iniuriam</strong></span> <span class='ocrx_word' id='word_1_356' title='bbox 2423 2198 2614 2254; x_wconf 89' lang='lat' dir='ltr'><strong>mctuit</strong></span> <span class='ocrx_word' id='word_1_357' title='bbox 2656 2197 2750 2265; x_wconf 77' lang='lat'><strong>“&#39;,</strong></span> <span class='ocrx_word' id='word_1_358' title='bbox 2779 2197 2825 2253; x_wconf 94' lang='lat' dir='ltr'><strong>si</strong></span> <span class='ocrx_word' id='word_1_359' title='bbox 2867 2196 3086 2269; x_wconf 89' lang='lat' dir='ltr'><strong>dignum</strong></span> <span class='ocrx_word' id='word_1_360' title='bbox 3132 2195 3199 2251; x_wconf 90' lang='lat' dir='ltr'><strong>de</strong></span> <span class='ocrx_word' id='word_1_361' title='bbox 3240 2209 3305 2251; x_wconf 90' lang='lat' dir='ltr'><strong>eo</strong></span> <span class='ocrx_word' id='word_1_362' title='bbox 3336 2208 3365 2247; x_wconf 91' lang='lat' dir='ltr'><strong>a</strong></span> <span class='ocrx_word' id='word_1_363' title='bbox 3395 2193 3549 2248; x_wconf 84' lang='lat' dir='ltr'><strong>vobis</strong></span> 
     </span>
    </p>
   </div>
   <div class='ocr_carea' id='block_1_53' title="bbox 1956 2289 3549 2361">
    <p class='ocr_par' dir='ltr' id='par_1_53' title="bbox 1956 2289 3549 2361">
     <span class='ocr_line' id='line_1_54' title="bbox 1956 2289 3549 2361; baseline -0.004 -17"><span class='ocrx_word' id='word_1_364' title='bbox 1956 2290 2274 2361; x_wconf 88' lang='lat' dir='ltr'><strong>proferatur</strong></span> <span class='ocrx_word' id='word_1_365' title='bbox 2308 2289 2584 2361; x_wconf 91' lang='lat' dir='ltr'><strong>juditium.</strong></span> <span class='ocrx_word' id='word_1_366' title='bbox 2618 2289 2724 2345; x_wconf 88' lang='lat' dir='ltr'><strong>Sed</strong></span> <span class='ocrx_word' id='word_1_367' title='bbox 2750 2289 2893 2344; x_wconf 87' lang='lat' dir='ltr'><strong>absit</strong></span> <span class='ocrx_word' id='word_1_368' title='bbox 2941 2295 2999 2343; x_wconf 91' lang='lat' dir='ltr'><strong>ut</strong></span> <span class='ocrx_word' id='word_1_369' title='bbox 3032 2301 3273 2342; x_wconf 91' lang='lat' dir='ltr'><strong>amorem</strong></span> <span class='ocrx_word' id='word_1_370' title='bbox 3321 2298 3549 2342; x_wconf 84' lang='lat' dir='ltr'><strong>consan-</strong></span> 
     </span>
    </p>
   </div>
   <div class='ocr_carea' id='block_1_54' title="bbox 1956 2378 3549 2451">
    <p class='ocr_par' dir='ltr' id='par_1_54' title="bbox 1956 2378 3549 2451">
     <span class='ocr_line' id='line_1_55' title="bbox 1956 2378 3549 2451; baseline -0.001 -17"><span class='ocrx_word' id='word_1_371' title='bbox 1956 2380 2238 2451; x_wconf 81' lang='lat' dir='ltr'><strong>guinitatis</strong></span> <span class='ocrx_word' id='word_1_372' title='bbox 2281 2379 2481 2436; x_wconf 87' lang='lat' dir='ltr'><strong>Christi</strong></span> <span class='ocrx_word' id='word_1_373' title='bbox 2509 2396 2693 2437; x_wconf 90' lang='lat' dir='ltr'><strong>amore</strong></span> <span class='ocrx_word' id='word_1_374' title='bbox 2719 2379 3116 2450; x_wconf 73' lang='lat' dir='ltr'><strong>prmciosiorem</strong></span> <span class='ocrx_word' id='word_1_375' title='bbox 3141 2378 3388 2433; x_wconf 85' lang='lat' dir='ltr'><strong>habeam.</strong></span> <span class='ocrx_word' id='word_1_376' title='bbox 3416 2379 3549 2434; x_wconf 80' lang='lat' dir='ltr'><strong>Rem</strong></span> 
     </span>
    </p>
   </div>
   <div class='ocr_carea' id='block_1_55' title="bbox 1957 2470 3545 2543">
    <p class='ocr_par' dir='ltr' id='par_1_55' title="bbox 1957 2470 3545 2543">
     <span class='ocr_line' id='line_1_56' title="bbox 1957 2470 3545 2543; baseline -0.003 -17"><span class='ocrx_word' id='word_1_377' title='bbox 1957 2472 2102 2526; x_wconf 87' lang='lat' dir='ltr'><strong>unde</strong></span> <span class='ocrx_word' id='word_1_378' title='bbox 2126 2470 2304 2543; x_wconf 84' lang='lat' dir='ltr'><strong>agitur</strong></span> <span class='ocrx_word' id='word_1_379' title='bbox 2320 2513 2335 2536; x_wconf 95' lang='lat'><strong>,</strong></span> <span class='ocrx_word' id='word_1_380' title='bbox 2361 2471 2621 2527; x_wconf 88' lang='lat' dir='ltr'><strong>sanctitas</strong></span> <span class='ocrx_word' id='word_1_381' title='bbox 2640 2480 2821 2527; x_wconf 87' lang='lat' dir='ltr'><strong>vestra</strong></span> <span class='ocrx_word' id='word_1_382' title='bbox 2844 2470 3024 2526; x_wconf 88' lang='lat' dir='ltr'><strong>subtili</strong></span> <span class='ocrx_word' id='word_1_383' title='bbox 3054 2470 3306 2539; x_wconf 85' lang='lat' dir='ltr'><strong>indagine</strong></span> <span class='ocrx_word' id='word_1_384' title='bbox 3332 2485 3545 2524; x_wconf 90' lang='lat' dir='ltr'><strong>mecum</strong></span> 
     </span>
    </p>
   </div>
   <div class='ocr_carea' id='block_1_56' title="bbox 1958 2557 3547 2617">
    <p class='ocr_par' dir='ltr' id='par_1_56' title="bbox 1958 2557 3547 2617">
     <span class='ocr_line' id='line_1_57' title="bbox 1958 2557 3547 2617; baseline -0.004 0"><span class='ocrx_word' id='word_1_385' title='bbox 1958 2560 2236 2617; x_wconf 84' lang='lat' dir='ltr'><strong>discutiat.</strong></span> <span class='ocrx_word' id='word_1_386' title='bbox 2268 2560 2342 2617; x_wconf 92' lang='lat' dir='ltr'><strong>De</strong></span> <span class='ocrx_word' id='word_1_387' title='bbox 2364 2560 2812 2617; x_wconf 88' lang='lat' dir='ltr'><strong>condemnatione</strong></span> <span class='ocrx_word' id='word_1_388' title='bbox 2841 2558 3386 2616; x_wconf 82' lang='lat' dir='ltr'><strong>convictoinferenda</strong></span> <span class='ocrx_word' id='word_1_389' title='bbox 3411 2557 3547 2612; x_wconf 86' lang='lat' dir='ltr'><strong>nihil</strong></span> 
     </span>
    </p>
   </div>
   <div class='ocr_carea' id='block_1_57' title="bbox 1956 2646 3553 2720">
    <p class='ocr_par' dir='ltr' id='par_1_57' title="bbox 1956 2646 3553 2720">
     <span class='ocr_line' id='line_1_58' title="bbox 1956 2646 3553 2720; baseline -0.003 -14"><span class='ocrx_word' id='word_1_390' title='bbox 1956 2658 2290 2717; x_wconf 88' lang='lat' dir='ltr'><strong>metuentes,</strong></span> <span class='ocrx_word' id='word_1_391' title='bbox 2323 2665 2447 2706; x_wconf 87' lang='lat' dir='ltr'><strong>cum</strong></span> <span class='ocrx_word' id='word_1_392' title='bbox 2479 2664 2631 2720; x_wconf 62' lang='lat' dir='ltr'><strong>aeque</strong></span> <span class='ocrx_word' id='word_1_393' title='bbox 2675 2649 2885 2719; x_wconf 89' lang='lat' dir='ltr'><strong>justum</strong></span> <span class='ocrx_word' id='word_1_394' title='bbox 2915 2649 2985 2704; x_wconf 90' lang='lat' dir='ltr'><strong>sit</strong></span> <span class='ocrx_word' id='word_1_395' title='bbox 3023 2656 3077 2704; x_wconf 91' lang='lat' dir='ltr'><strong>et</strong></span> <span class='ocrx_word' id='word_1_396' title='bbox 3106 2662 3259 2703; x_wconf 90' lang='lat' dir='ltr'><strong>reum</strong></span> <span class='ocrx_word' id='word_1_397' title='bbox 3293 2646 3553 2718; x_wconf 78' lang='lat' dir='ltr'><strong>majesta-</strong></span> 
     </span>
    </p>
   </div>
   <div class='ocr_carea' id='block_1_58' title="bbox 1959 2738 3099 2804">
    <p class='ocr_par' dir='ltr' id='par_1_58' title="bbox 1959 2738 3099 2804">
     <span class='ocr_line' id='line_1_59' title="bbox 1959 2738 3099 2804; baseline -0.001 -11"><span class='ocrx_word' id='word_1_398' title='bbox 1959 2738 2030 2793; x_wconf 90' lang='lat' dir='ltr'><strong>tis</strong></span> <span class='ocrx_word' id='word_1_399' title='bbox 2057 2738 2305 2793; x_wconf 89' lang='lat' dir='ltr'><strong>damnari</strong></span> <span class='ocrx_word' id='word_1_400' title='bbox 2331 2779 2347 2804; x_wconf 94' lang='lat'><strong>,</strong></span> <span class='ocrx_word' id='word_1_401' title='bbox 2376 2748 2431 2793; x_wconf 89' lang='lat' dir='ltr'><strong>et</strong></span> <span class='ocrx_word' id='word_1_402' title='bbox 2459 2740 2802 2794; x_wconf 87' lang='lat' dir='ltr'><strong>innocentem</strong></span> <span class='ocrx_word' id='word_1_403' title='bbox 2831 2738 3022 2792; x_wconf 75' lang='lat' dir='ltr'><strong>laxari.</strong></span> <span class='ocrx_word' id='word_1_404' title='bbox 3062 2756 3099 2792; x_wconf 74' lang='grc' dir='ltr'><strong>ι.</strong></span> 
     </span>
    </p>
   </div>
   <div class='ocr_carea' id='block_1_59' title="bbox 2029 2825 3549 2899">
    <p class='ocr_par' dir='ltr' id='par_1_59' title="bbox 2029 2825 3549 2899">
     <span class='ocr_line' id='line_1_60' title="bbox 2029 2825 3549 2899; baseline -0.005 -16"><span class='ocrx_word' id='word_1_405' title='bbox 2029 2828 2122 2883; x_wconf 87' lang='grc'><strong>59.</strong></span> <span class='ocrx_word' id='word_1_406' title='bbox 2162 2827 2545 2882; x_wconf 78' lang='lat' dir='ltr'><strong>Demonstratio</strong></span> <span class='ocrx_word' id='word_1_407' title='bbox 2590 2827 2813 2881; x_wconf 83' lang='lat' dir='ltr'><strong>Ralbodi</strong></span> <span class='ocrx_word' id='word_1_408' title='bbox 2861 2828 2954 2893; x_wconf 69' lang='grc' dir='ltr'><strong>συ,</strong></span> <span class='ocrx_word' id='word_1_409' title='bbox 3009 2827 3148 2899; x_wconf 82' lang='lat' dir='ltr'><strong>quod</strong></span> <span class='ocrx_word' id='word_1_410' title='bbox 3197 2825 3429 2881; x_wconf 84' lang='lat' dir='ltr'><strong>libellum</strong></span> <span class='ocrx_word' id='word_1_411' title='bbox 3473 2826 3549 2858; x_wconf 76' lang='grc'><strong>⁸³⁸</strong></span> 
     </span>
    </p>
   </div>
   <div class='ocr_carea' id='block_1_60' title="bbox 1961 2916 3547 2989">
    <p class='ocr_par' dir='ltr' id='par_1_60' title="bbox 1961 2916 3547 2989">
     <span class='ocr_line' id='line_1_61' title="bbox 1961 2916 3547 2989; baseline 0 -18"><span class='ocrx_word' id='word_1_412' title='bbox 1961 2918 2285 2988; x_wconf 77' lang='lat' dir='ltr'><strong>infidelitatis</strong></span> <span class='ocrx_word' id='word_1_413' title='bbox 2337 2918 2564 2989; x_wconf 83' lang='lat' dir='ltr'><strong>episcopi</strong></span> <span class='ocrx_word' id='word_1_414' title='bbox 2591 2919 2660 2951; x_wconf 69' lang='grc' dir='ltr'>⁸η</span> <span class='ocrx_word' id='word_1_415' title='bbox 2691 2917 3115 2972; x_wconf 82' lang='lat' dir='ltr'><strong>Lothariensium</strong></span> <span class='ocrx_word' id='word_1_416' title='bbox 3158 2916 3229 2949; x_wconf 75' lang='grc'><strong>⁸⁸³</strong></span> <span class='ocrx_word' id='word_1_417' title='bbox 3274 2933 3547 2988; x_wconf 83' lang='lat' dir='ltr'><strong>perperam</strong></span> 
     </span>
    </p>
   </div>
   <div class='ocr_carea' id='block_1_61' title="bbox 1964 3006 3551 3077">
    <p class='ocr_par' dir='ltr' id='par_1_61' title="bbox 1964 3006 3551 3077">
     <span class='ocr_line' id='line_1_62' title="bbox 1964 3006 3551 3077; baseline -0.001 -12"><span class='ocrx_word' id='word_1_418' title='bbox 1964 3011 2034 3043; x_wconf 76' lang='lat'><strong>‘“</strong></span> <span class='ocrx_word' id='word_1_419' title='bbox 2076 3009 2574 3065; x_wconf 84' lang='lat' dir='ltr'><strong>calmnnientur.—</strong></span> <span class='ocrx_word' id='word_1_420' title='bbox 2600 3009 2878 3064; x_wconf 81' lang='lat' dir='ltr'><strong>Ratbodus</strong></span> <span class='ocrx_word' id='word_1_421' title='bbox 2923 3006 3296 3063; x_wconf 80' lang='lat' dir='ltr'><strong>Noviomensis</strong></span> <span class='ocrx_word' id='word_1_422' title='bbox 3341 3008 3551 3077; x_wconf 86' lang='lat' dir='ltr'><strong>episco-</strong></span> 
     </span>
    </p>
   </div>
   <div class='ocr_carea' id='block_1_62' title="bbox 1959 3097 3549 3171">
    <p class='ocr_par' dir='ltr' id='par_1_62' title="bbox 1959 3097 3549 3171">
     <span class='ocr_line' id='line_1_63' title="bbox 1959 3097 3549 3171; baseline 0 -18"><span class='ocrx_word' id='word_1_423' title='bbox 1959 3114 2061 3171; x_wconf 90' lang='lat' dir='ltr'><strong>pus</strong></span> <span class='ocrx_word' id='word_1_424' title='bbox 2108 3099 2288 3154; x_wconf 82' lang='lat' dir='ltr'><strong>dixit:</strong></span> <span class='ocrx_word' id='word_1_425' title='bbox 2325 3117 2343 3150; x_wconf 73' lang='grc' dir='ltr'>ί</span> <span class='ocrx_word' id='word_1_426' title='bbox 2380 3097 2438 3154; x_wconf 93' lang='lat' dir='ltr'><strong>Si</strong></span> <span class='ocrx_word' id='word_1_427' title='bbox 2480 3098 2676 3168; x_wconf 87' lang='lat' dir='ltr'><strong>placet,</strong></span> <span class='ocrx_word' id='word_1_428' title='bbox 2712 3106 2894 3168; x_wconf 90' lang='lat' dir='ltr'><strong>patres</strong></span> <span class='ocrx_word' id='word_1_429' title='bbox 2940 3097 3258 3163; x_wconf 86' lang='lat' dir='ltr'><strong>rcverendi,</strong></span> <span class='ocrx_word' id='word_1_430' title='bbox 3309 3097 3549 3153; x_wconf 88' lang='lat' dir='ltr'><strong>libellum</strong></span> 
     </span>
    </p>
   </div>
   <div class='ocr_carea' id='block_1_63' title="bbox 269 3187 3547 3265">
    <p class='ocr_par' dir='ltr' id='par_1_63' title="bbox 269 3187 3547 3265">
     <span class='ocr_line' id='line_1_64' title="bbox 269 3187 3547 3265; baseline -0 -22"><span class='ocrx_word' id='word_1_431' title='bbox 269 3198 473 3244; x_wconf 86' lang='lat' dir='ltr'><strong>statum</strong></span> <span class='ocrx_word' id='word_1_432' title='bbox 496 3189 645 3246; x_wconf 91' lang='lat' dir='ltr'><strong>illum</strong></span> <span class='ocrx_word' id='word_1_433' title='bbox 674 3194 1024 3261; x_wconf 89' lang='lat' dir='ltr'><strong>attraherem,</strong></span> <span class='ocrx_word' id='word_1_434' title='bbox 1055 3209 1176 3250; x_wconf 90' lang='lat' dir='ltr'><strong>cum</strong></span> <span class='ocrx_word' id='word_1_435' title='bbox 1201 3208 1307 3248; x_wconf 91' lang='lat' dir='ltr'><strong>non</strong></span> <span class='ocrx_word' id='word_1_436' title='bbox 1342 3194 1648 3265; x_wconf 86' lang='lat' dir='ltr'><strong>ignorarem</strong></span> <span class='ocrx_word' id='word_1_437' title='bbox 1676 3193 1850 3263; x_wconf 90' lang='lat' dir='ltr'><strong>ipsum</strong></span> <span class='ocrx_word' id='word_1_438' title='bbox 1880 3194 1924 3256; x_wconf 88' lang='lat' dir='ltr'>C</span> <span class='ocrx_word' id='word_1_439' title='bbox 1956 3188 2231 3245; x_wconf 86' lang='lat' dir='ltr'><strong>lidelitatis</strong></span> <span class='ocrx_word' id='word_1_440' title='bbox 2253 3228 2269 3253; x_wconf 91' lang='lat'><strong>,</strong></span> <span class='ocrx_word' id='word_1_441' title='bbox 2317 3188 2386 3244; x_wconf 90' lang='lat' dir='ltr'><strong>ab</strong></span> <span class='ocrx_word' id='word_1_442' title='bbox 2412 3187 2639 3243; x_wconf 87' lang='lat' dir='ltr'><strong>Arnult‘o</strong></span> <span class='ocrx_word' id='word_1_443' title='bbox 2664 3188 2936 3260; x_wconf 90' lang='lat' dir='ltr'><strong>quondam</strong></span> <span class='ocrx_word' id='word_1_444' title='bbox 2965 3188 3179 3258; x_wconf 86' lang='lat' dir='ltr'><strong>regibus</strong></span> <span class='ocrx_word' id='word_1_445' title='bbox 3206 3188 3272 3243; x_wconf 90' lang='lat' dir='ltr'><strong>de</strong></span> <span class='ocrx_word' id='word_1_446' title='bbox 3301 3188 3547 3243; x_wconf 88' lang='lat' dir='ltr'><strong>habenda</strong></span> 
     </span>
    </p>
   </div>
   <div class='ocr_carea' id='block_1_64' title="bbox 268 3277 1851 3353">
    <p class='ocr_par' dir='ltr' id='par_1_64' title="bbox 268 3277 1851 3353">
     <span class='ocr_line' id='line_1_65' title="bbox 268 3277 1851 3353; baseline 0.001 -19"><span class='ocrx_word' id='word_1_447' title='bbox 268 3277 646 3337; x_wconf 73' lang='lat' dir='ltr'><strong>Laudunensis</strong></span> <span class='ocrx_word' id='word_1_448' title='bbox 675 3283 823 3338; x_wconf 89' lang='lat' dir='ltr'><strong>urbis</strong></span> <span class='ocrx_word' id='word_1_449' title='bbox 865 3298 1251 3353; x_wconf 89' lang='lat' dir='ltr'><strong>pervasorem,</strong></span> <span class='ocrx_word' id='word_1_450' title='bbox 1294 3293 1458 3353; x_wconf 86' lang='lat' dir='ltr'><strong>atque</strong></span> <span class='ocrx_word' id='word_1_451' title='bbox 1505 3282 1722 3339; x_wconf 65' lang='lat' dir='ltr'><strong>nefaria:</strong></span> <span class='ocrx_word' id='word_1_452' title='bbox 1774 3282 1851 3337; x_wconf 86' lang='lat' dir='ltr'><strong>la-</strong></span> 
     </span>
    </p>
   </div>
   <div class='ocr_carea' id='block_1_65' title="bbox 265 3368 1851 3443">
    <p class='ocr_par' dir='ltr' id='par_1_65' title="bbox 265 3368 1851 3443">
     <span class='ocr_line' id='line_1_66' title="bbox 265 3368 1851 3443; baseline 0.003 -20"><span class='ocrx_word' id='word_1_453' title='bbox 265 3368 471 3424; x_wconf 89' lang='lat' dir='ltr'><strong>ctionis</strong></span> <span class='ocrx_word' id='word_1_454' title='bbox 503 3371 848 3424; x_wconf 88' lang='lat' dir='ltr'><strong>temerarium</strong></span> <span class='ocrx_word' id='word_1_455' title='bbox 878 3372 1210 3442; x_wconf 72' lang='lat' dir='ltr'><strong>principem,</strong></span> <span class='ocrx_word' id='word_1_456' title='bbox 1237 3373 1337 3428; x_wconf 92' lang='lat' dir='ltr'><strong>sub</strong></span> <span class='ocrx_word' id='word_1_457' title='bbox 1376 3372 1499 3443; x_wconf 87' lang='lat' dir='ltr'><strong>jure</strong></span> <span class='ocrx_word' id='word_1_458' title='bbox 1526 3373 1851 3443; x_wconf 85' lang='lat' dir='ltr'><strong>cirographi,</strong></span> 
     </span>
    </p>
   </div>
   <div class='ocr_carea' id='block_1_66' title="bbox 267 3457 1854 3533">
    <p class='ocr_par' dir='ltr' id='par_1_66' title="bbox 267 3457 1854 3533">
     <span class='ocr_line' id='line_1_67' title="bbox 267 3457 1854 3533; baseline 0.001 -21"><span class='ocrx_word' id='word_1_459' title='bbox 267 3457 493 3528; x_wconf 78' lang='lat' dir='ltr'><strong>regibus</strong></span> <span class='ocrx_word' id='word_1_460' title='bbox 516 3458 675 3513; x_wconf 71' lang='lat' dir='ltr'><strong>fidem</strong></span> <span class='ocrx_word' id='word_1_461' title='bbox 722 3461 1074 3530; x_wconf 88' lang='lat' dir='ltr'><strong>spopondisse</strong></span> <span class='ocrx_word' id='word_1_462' title='bbox 1112 3476 1210 3531; x_wconf 90' lang='lat' dir='ltr'><strong>pro</strong></span> <span class='ocrx_word' id='word_1_463' title='bbox 1252 3461 1401 3516; x_wconf 91' lang='lat' dir='ltr'><strong>nullo</strong></span> <span class='ocrx_word' id='word_1_464' title='bbox 1442 3461 1854 3533; x_wconf 16' lang='lat' dir='ltr'><strong>prwtcritoiaut</strong></span> 
     </span>
    </p>
   </div>
   <div class='ocr_carea' id='block_1_67' title="bbox 268 3548 1852 3625">
    <p class='ocr_par' dir='ltr' id='par_1_67' title="bbox 268 3548 1852 3625">
     <span class='ocr_line' id='line_1_68' title="bbox 268 3548 1852 3625; baseline 0.005 -23"><span class='ocrx_word' id='word_1_465' title='bbox 268 3548 455 3604; x_wconf 77' lang='lat' dir='ltr'><strong>futuro</strong></span> <span class='ocrx_word' id='word_1_466' title='bbox 478 3561 841 3619; x_wconf 89' lang='lat' dir='ltr'><strong>sacramento,</strong></span> <span class='ocrx_word' id='word_1_467' title='bbox 880 3554 1039 3609; x_wconf 69' lang='lat' dir='ltr'><strong>fidem</strong></span> <span class='ocrx_word' id='word_1_468' title='bbox 1066 3556 1389 3625; x_wconf 88' lang='lat' dir='ltr'><strong>promissam</strong></span> <span class='ocrx_word' id='word_1_469' title='bbox 1442 3569 1561 3611; x_wconf 89' lang='lat' dir='ltr'><strong>sese</strong></span> <span class='ocrx_word' id='word_1_470' title='bbox 1598 3572 1852 3625; x_wconf 87' lang='lat' dir='ltr'><strong>umquam</strong></span> 
     </span>
    </p>
   </div>
   <div class='ocr_carea' id='block_1_68' title="bbox 269 3640 1911 3716">
    <p class='ocr_par' dir='ltr' id='par_1_68' title="bbox 269 3640 1911 3716">
     <span class='ocr_line' id='line_1_69' title="bbox 269 3640 1911 3716; baseline 0.005 -23"><span class='ocrx_word' id='word_1_471' title='bbox 269 3640 633 3707; x_wconf 88' lang='lat' dir='ltr'><strong>violaturum;</strong></span> <span class='ocrx_word' id='word_1_472' title='bbox 687 3658 872 3715; x_wconf 86' lang='lat' dir='ltr'><strong>regum</strong></span> <span class='ocrx_word' id='word_1_473' title='bbox 926 3643 1115 3700; x_wconf 84' lang='lat' dir='ltr'><strong>hostes</strong></span> <span class='ocrx_word' id='word_1_474' title='bbox 1159 3660 1259 3716; x_wconf 90' lang='lat' dir='ltr'><strong>pro</strong></span> <span class='ocrx_word' id='word_1_475' title='bbox 1301 3645 1516 3715; x_wconf 88' lang='lat' dir='ltr'><strong>ingenio</strong></span> <span class='ocrx_word' id='word_1_476' title='bbox 1541 3655 1595 3700; x_wconf 91' lang='lat' dir='ltr'><strong>et</strong></span> <span class='ocrx_word' id='word_1_477' title='bbox 1648 3646 1858 3702; x_wconf 84' lang='lat' dir='ltr'><strong>viribus</strong></span> <span class='ocrx_word' id='word_1_478' title='bbox 1904 3678 1911 3693; x_wconf 87' lang='lat'><strong><em>-</em></strong></span> 
     </span>
    </p>
   </div>
   <div class='ocr_carea' id='block_1_69' title="bbox 266 3732 1855 3806">
    <p class='ocr_par' dir='ltr' id='par_1_69' title="bbox 266 3732 1855 3806">
     <span class='ocr_line' id='line_1_70' title="bbox 266 3732 1855 3806; baseline 0.003 -19"><span class='ocrx_word' id='word_1_479' title='bbox 266 3732 646 3804; x_wconf 89' lang='lat' dir='ltr'><strong>impetiturum</strong></span> <span class='ocrx_word' id='word_1_480' title='bbox 663 3751 678 3800; x_wconf 92' lang='lat'>;</span> <span class='ocrx_word' id='word_1_481' title='bbox 698 3735 912 3806; x_wconf 89' lang='lat' dir='ltr'><strong>illisque</strong></span> <span class='ocrx_word' id='word_1_482' title='bbox 935 3737 989 3791; x_wconf 91' lang='lat' dir='ltr'><strong>in</strong></span> <span class='ocrx_word' id='word_1_483' title='bbox 1007 3736 1154 3790; x_wconf 84' lang='lat' dir='ltr'><strong>nullo</strong></span> <span class='ocrx_word' id='word_1_484' title='bbox 1175 3734 1719 3792; x_wconf 86' lang='lat' dir='ltr'><strong>communicaturum.</strong></span> <span class='ocrx_word' id='word_1_485' title='bbox 1747 3735 1855 3791; x_wconf 91' lang='lat' dir='ltr'><strong>Sed</strong></span> 
     </span>
    </p>
   </div>
   <div class='ocr_carea' id='block_1_70' title="bbox 268 3822 1856 3898">
    <p class='ocr_par' dir='ltr' id='par_1_70' title="bbox 268 3822 1856 3898">
     <span class='ocr_line' id='line_1_71' title="bbox 268 3822 1856 3898; baseline 0.004 -23"><span class='ocrx_word' id='word_1_486' title='bbox 268 3823 398 3893; x_wconf 87' lang='lat' dir='ltr'><strong>quia</strong></span> <span class='ocrx_word' id='word_1_487' title='bbox 425 3822 655 3879; x_wconf 81' lang='lat' dir='ltr'><strong>Karolus</strong></span> <span class='ocrx_word' id='word_1_488' title='bbox 680 3826 978 3882; x_wconf 89' lang='lat' dir='ltr'><strong>avunculus</strong></span> <span class='ocrx_word' id='word_1_489' title='bbox 1040 3841 1213 3892; x_wconf 90' lang='lat' dir='ltr'><strong>meus,</strong></span> <span class='ocrx_word' id='word_1_490' title='bbox 1271 3841 1457 3898; x_wconf 82' lang='lat' dir='ltr'><strong>regum</strong></span> <span class='ocrx_word' id='word_1_491' title='bbox 1511 3826 1856 3882; x_wconf 88' lang='lat' dir='ltr'><strong>adversarius</strong></span> 
     </span>
    </p>
   </div>
   <div class='ocr_carea' id='block_1_71' title="bbox 270 3917 1855 3990">
    <p class='ocr_par' dir='ltr' id='par_1_71' title="bbox 270 3917 1855 3990">
     <span class='ocr_line' id='line_1_72' title="bbox 270 3917 1855 3990; baseline 0.001 -21"><span class='ocrx_word' id='word_1_492' title='bbox 270 3924 441 3983; x_wconf 87' lang='lat' dir='ltr'><strong>patet,</strong></span> <span class='ocrx_word' id='word_1_493' title='bbox 470 3931 596 3971; x_wconf 90' lang='lat' dir='ltr'><strong>cum</strong></span> <span class='ocrx_word' id='word_1_494' title='bbox 639 3917 690 3973; x_wconf 91' lang='lat' dir='ltr'><strong>ei</strong></span> <span class='ocrx_word' id='word_1_495' title='bbox 731 3919 779 3974; x_wconf 90' lang='lat' dir='ltr'><strong>is</strong></span> <span class='ocrx_word' id='word_1_496' title='bbox 825 3919 893 3974; x_wconf 92' lang='lat' dir='ltr'><strong>de</strong></span> <span class='ocrx_word' id='word_1_497' title='bbox 935 3934 1042 3990; x_wconf 91' lang='lat' dir='ltr'><strong>quo</strong></span> <span class='ocrx_word' id='word_1_498' title='bbox 1094 3919 1366 3989; x_wconf 89' lang='lat' dir='ltr'><strong>loquimur</strong></span> <span class='ocrx_word' id='word_1_499' title='bbox 1413 3918 1855 3983; x_wconf 87' lang='lat' dir='ltr'><strong>communicavit,</strong></span> 
     </span>
    </p>
   </div>
   <div class='ocr_carea' id='block_1_72' title="bbox 271 4005 1857 4079">
    <p class='ocr_par' dir='ltr' id='par_1_72' title="bbox 271 4005 1857 4079">
     <span class='ocr_line' id='line_1_73' title="bbox 271 4005 1857 4079; baseline 0.003 -21"><span class='ocrx_word' id='word_1_500' title='bbox 271 4005 542 4077; x_wconf 79' lang='lat' dir='ltr'><strong>ﬁdemque</strong></span> <span class='ocrx_word' id='word_1_501' title='bbox 566 4017 910 4065; x_wconf 88' lang='lat' dir='ltr'><strong>sacramento</strong></span> <span class='ocrx_word' id='word_1_502' title='bbox 931 4010 1094 4075; x_wconf 87' lang='lat' dir='ltr'><strong>dedit,</strong></span> <span class='ocrx_word' id='word_1_503' title='bbox 1113 4009 1202 4079; x_wconf 89' lang='lat' dir='ltr'><strong>jus</strong></span> <span class='ocrx_word' id='word_1_504' title='bbox 1225 4009 1348 4064; x_wconf 81' lang='lat' dir='ltr'><strong>fidei</strong></span> <span class='ocrx_word' id='word_1_505' title='bbox 1375 4009 1653 4079; x_wconf 71' lang='lat' dir='ltr'><strong>promissae</strong></span> <span class='ocrx_word' id='word_1_506' title='bbox 1704 4009 1857 4079; x_wconf 79' lang='lat' dir='ltr'><strong>peni-</strong></span> 
     </span>
    </p>
   </div>
   <div class='ocr_carea' id='block_1_73' title="bbox 275 4099 1857 4172">
    <p class='ocr_par' dir='ltr' id='par_1_73' title="bbox 275 4099 1857 4172">
     <span class='ocr_line' id='line_1_74' title="bbox 275 4099 1857 4172; baseline 0.002 -21"><span class='ocrx_word' id='word_1_507' title='bbox 275 4105 359 4152; x_wconf 88' lang='lat' dir='ltr'><strong>tus</strong></span> <span class='ocrx_word' id='word_1_508' title='bbox 378 4099 617 4170; x_wconf 87' lang='lat' dir='ltr'><strong>abrupit.</strong></span> <span class='ocrx_word' id='word_1_509' title='bbox 639 4101 721 4155; x_wconf 80' lang='lat' dir='ltr'><strong>An</strong></span> <span class='ocrx_word' id='word_1_510' title='bbox 745 4100 992 4159; x_wconf 84' lang='lat' dir='ltr'><strong>Manasse</strong></span> <span class='ocrx_word' id='word_1_511' title='bbox 1006 4103 1075 4136; x_wconf 79' lang='lat'><strong>“’</strong></span> <span class='ocrx_word' id='word_1_512' title='bbox 1091 4110 1147 4157; x_wconf 90' lang='lat' dir='ltr'><strong>et</strong></span> <span class='ocrx_word' id='word_1_513' title='bbox 1167 4103 1433 4172; x_wconf 74' lang='lat' dir='ltr'><strong>llotgerus</strong></span> <span class='ocrx_word' id='word_1_514' title='bbox 1453 4115 1638 4170; x_wconf 86' lang='lat' dir='ltr'><strong>regum</strong></span> <span class='ocrx_word' id='word_1_515' title='bbox 1668 4100 1857 4156; x_wconf 83' lang='lat' dir='ltr'><strong>adver-</strong></span> 
     </span>
    </p>
   </div>
   <div class='ocr_carea' id='block_1_74' title="bbox 274 4183 1855 4257">
    <p class='ocr_par' dir='ltr' id='par_1_74' title="bbox 274 4183 1855 4257">
     <span class='ocr_line' id='line_1_75' title="bbox 274 4183 1855 4257; baseline 0.001 -18"><span class='ocrx_word' id='word_1_516' title='bbox 274 4183 399 4239; x_wconf 82' lang='lat' dir='ltr'><strong>sarii</strong></span> <span class='ocrx_word' id='word_1_517' title='bbox 426 4184 639 4240; x_wconf 89' lang='lat' dir='ltr'><strong>dicendi</strong></span> <span class='ocrx_word' id='word_1_518' title='bbox 667 4201 775 4240; x_wconf 90' lang='lat' dir='ltr'><strong>non</strong></span> <span class='ocrx_word' id='word_1_519' title='bbox 807 4195 952 4254; x_wconf 90' lang='lat' dir='ltr'><strong>sunt,</strong></span> <span class='ocrx_word' id='word_1_520' title='bbox 983 4187 1218 4257; x_wconf 88' lang='lat' dir='ltr'><strong>quicum</strong></span> <span class='ocrx_word' id='word_1_521' title='bbox 1247 4186 1445 4242; x_wconf 78' lang='lat' dir='ltr'><strong>Karolo</strong></span> <span class='ocrx_word' id='word_1_522' title='bbox 1486 4186 1634 4242; x_wconf 88' lang='lat' dir='ltr'><strong>urbis</strong></span> <span class='ocrx_word' id='word_1_523' title='bbox 1664 4185 1855 4241; x_wconf 64' lang='lat' dir='ltr'><strong>Reum.-</strong></span> 
     </span>
    </p>
   </div>
   <div class='ocr_carea' id='block_1_75' title="bbox 273 4277 1858 4349">
    <p class='ocr_par' dir='ltr' id='par_1_75' title="bbox 273 4277 1858 4349">
     <span class='ocr_line' id='line_1_76' title="bbox 273 4277 1858 4349; baseline 0.003 -20"><span class='ocrx_word' id='word_1_524' title='bbox 273 4288 393 4330; x_wconf 86' lang='lat' dir='ltr'><strong>rum</strong></span> <span class='ocrx_word' id='word_1_525' title='bbox 458 4291 781 4347; x_wconf 86' lang='lat' dir='ltr'><strong>pervasores</strong></span> <span class='ocrx_word' id='word_1_526' title='bbox 828 4277 1000 4346; x_wconf 90' lang='lat' dir='ltr'><strong>fuere,</strong></span> <span class='ocrx_word' id='word_1_527' title='bbox 1062 4287 1117 4335; x_wconf 82' lang='lat' dir='ltr'><strong>et</strong></span> <span class='ocrx_word' id='word_1_528' title='bbox 1170 4288 1371 4335; x_wconf 74' lang='lat' dir='ltr'><strong>sancta:</strong></span> <span class='ocrx_word' id='word_1_529' title='bbox 1425 4279 1522 4333; x_wconf 89' lang='lat' dir='ltr'><strong>Dei</strong></span> <span class='ocrx_word' id='word_1_530' title='bbox 1579 4277 1858 4349; x_wconf 73' lang='lat' dir='ltr'><strong>genitricis</strong></span> 
     </span>
    </p>
   </div>
   <div class='ocr_carea' id='block_1_76' title="bbox 273 4364 1856 4443">
    <p class='ocr_par' dir='ltr' id='par_1_76' title="bbox 273 4364 1856 4443">
     <span class='ocr_line' id='line_1_77' title="bbox 273 4364 1856 4443; baseline 0.002 -22"><span class='ocrx_word' id='word_1_531' title='bbox 273 4364 452 4423; x_wconf 69' lang='lat' dir='ltr'><strong>Maria:</strong></span> <span class='ocrx_word' id='word_1_532' title='bbox 498 4369 779 4425; x_wconf 89' lang='lat' dir='ltr'><strong>basilicam</strong></span> <span class='ocrx_word' id='word_1_533' title='bbox 808 4386 931 4427; x_wconf 89' lang='lat' dir='ltr'><strong>cum</strong></span> <span class='ocrx_word' id='word_1_534' title='bbox 986 4382 1196 4428; x_wconf 89' lang='lat' dir='ltr'><strong>armata</strong></span> <span class='ocrx_word' id='word_1_535' title='bbox 1242 4386 1404 4428; x_wconf 88' lang='lat' dir='ltr'><strong>manu</strong></span> <span class='ocrx_word' id='word_1_536' title='bbox 1443 4371 1670 4443; x_wconf 88' lang='lat' dir='ltr'><strong>ingressi</strong></span> <span class='ocrx_word' id='word_1_537' title='bbox 1708 4380 1856 4435; x_wconf 77' lang='lat' dir='ltr'><strong>sunt,</strong></span> 
     </span>
    </p>
   </div>
   <div class='ocr_carea' id='block_1_77' title="bbox 273 4448 1857 4536">
    <p class='ocr_par' dir='ltr' id='par_1_77' title="bbox 273 4448 1857 4536">
     <span class='ocr_line' id='line_1_78' title="bbox 273 4448 1857 4536; baseline 0.002 -22"><span class='ocrx_word' id='word_1_538' title='bbox 273 4460 750 4532; x_wconf 77' lang='lat' dir='ltr'><strong>sanctuariumque</strong></span> <span class='ocrx_word' id='word_1_539' title='bbox 782 4448 992 4520; x_wconf 77' lang='lat' dir='ltr'><strong>nefario</strong></span> <span class='ocrx_word' id='word_1_540' title='bbox 1037 4465 1285 4536; x_wconf 86' lang='lat' dir='ltr'><strong>ingressu</strong></span> <span class='ocrx_word' id='word_1_541' title='bbox 1330 4464 1700 4521; x_wconf 76' lang='lat' dir='ltr'><strong>violaverunt?</strong></span> <span class='ocrx_word' id='word_1_542' title='bbox 1748 4463 1857 4518; x_wconf 85' lang='lat' dir='ltr'><strong>llos</strong></span> 
     </span>
    </p>
   </div>
   <div class='ocr_carea' id='block_1_78' title="bbox 1956 3280 3548 3355">
    <p class='ocr_par' dir='ltr' id='par_1_78' title="bbox 1956 3280 3548 3355">
     <span class='ocr_line' id='line_1_79' title="bbox 1956 3280 3548 3355; baseline -0.004 -14"><span class='ocrx_word' id='word_1_543' title='bbox 1956 3285 2064 3341; x_wconf 83' lang='lat' dir='ltr'><strong>ﬁde</strong></span> <span class='ocrx_word' id='word_1_544' title='bbox 2112 3292 2419 3355; x_wconf 88' lang='lat' dir='ltr'><strong>porrectum</strong></span> <span class='ocrx_word' id='word_1_545' title='bbox 2445 3322 2461 3350; x_wconf 96' lang='lat'><strong>,</strong></span> <span class='ocrx_word' id='word_1_546' title='bbox 2510 3300 2541 3338; x_wconf 90' lang='lat' dir='ltr'><strong>a</strong></span> <span class='ocrx_word' id='word_1_547' title='bbox 2579 3283 2732 3339; x_wconf 83' lang='lat' dir='ltr'><strong>vobis</strong></span> <span class='ocrx_word' id='word_1_548' title='bbox 2762 3296 2905 3338; x_wconf 89' lang='lat' dir='ltr'><strong>nunc</strong></span> <span class='ocrx_word' id='word_1_549' title='bbox 2949 3280 3342 3337; x_wconf 88' lang='lat' dir='ltr'><strong>discutiendum</strong></span> <span class='ocrx_word' id='word_1_550' title='bbox 3397 3289 3548 3351; x_wconf 85' lang='lat' dir='ltr'><strong>puto.</strong></span> 
     </span>
    </p>
   </div>
   <div class='ocr_carea' id='block_1_79' title="bbox 1959 3367 3551 3444">
    <p class='ocr_par' dir='ltr' id='par_1_79' title="bbox 1959 3367 3551 3444">
     <span class='ocr_line' id='line_1_80' title="bbox 1959 3367 3551 3444; baseline -0.006 -14"><span class='ocrx_word' id='word_1_551' title='bbox 1959 3375 2185 3431; x_wconf 82' lang='lat' dir='ltr'><strong>Videtur</strong></span> <span class='ocrx_word' id='word_1_552' title='bbox 2209 3374 2353 3429; x_wconf 89' lang='lat' dir='ltr'><strong>enim</strong></span> <span class='ocrx_word' id='word_1_553' title='bbox 2379 3414 2395 3439; x_wconf 95' lang='lat'><strong>,</strong></span> <span class='ocrx_word' id='word_1_554' title='bbox 2434 3374 2578 3444; x_wconf 82' lang='lat' dir='ltr'><strong>quod</strong></span> <span class='ocrx_word' id='word_1_555' title='bbox 2606 3372 2752 3428; x_wconf 90' lang='lat' dir='ltr'><strong>solus</strong></span> <span class='ocrx_word' id='word_1_556' title='bbox 2774 3372 2835 3426; x_wconf 84' lang='lat' dir='ltr'><strong>in</strong></span> <span class='ocrx_word' id='word_1_557' title='bbox 2883 3370 3002 3439; x_wconf 88' lang='lat' dir='ltr'><strong>ejus</strong></span> <span class='ocrx_word' id='word_1_558' title='bbox 3027 3369 3406 3438; x_wconf 89' lang='lat' dir='ltr'><strong>dampnatione</strong></span> <span class='ocrx_word' id='word_1_559' title='bbox 3433 3367 3551 3424; x_wconf 81' lang='lat' dir='ltr'><strong>suf-</strong></span> 
     </span>
    </p>
   </div>
   <div class='ocr_carea' id='block_1_80' title="bbox 1958 3458 3553 3533">
    <p class='ocr_par' dir='ltr' id='par_1_80' title="bbox 1958 3458 3553 3533">
     <span class='ocr_line' id='line_1_81' title="bbox 1958 3458 3553 3533; baseline -0.006 -14"><span class='ocrx_word' id='word_1_560' title='bbox 1958 3463 2145 3530; x_wconf 85' lang='lat' dir='ltr'><strong>ﬁciat,</strong></span> <span class='ocrx_word' id='word_1_561' title='bbox 2189 3477 2254 3519; x_wconf 87' lang='lat' dir='ltr'><strong>eo</strong></span> <span class='ocrx_word' id='word_1_562' title='bbox 2294 3462 2438 3533; x_wconf 89' lang='lat' dir='ltr'><strong>quod</strong></span> <span class='ocrx_word' id='word_1_563' title='bbox 2497 3462 2657 3517; x_wconf 75' lang='lat' dir='ltr'><strong>ﬁdem</strong></span> <span class='ocrx_word' id='word_1_564' title='bbox 2707 3459 3055 3530; x_wconf 83' lang='lat' dir='ltr'><strong>jurejurando</strong></span> <span class='ocrx_word' id='word_1_565' title='bbox 3098 3458 3458 3529; x_wconf 88' lang='lat' dir='ltr'><strong>promissam,</strong></span> <span class='ocrx_word' id='word_1_566' title='bbox 3498 3466 3553 3513; x_wconf 91' lang='lat' dir='ltr'><strong>et</strong></span> 
     </span>
    </p>
   </div>
   <div class='ocr_carea' id='block_1_81' title="bbox 1958 3547 3552 3625">
    <p class='ocr_par' dir='ltr' id='par_1_81' title="bbox 1958 3547 3552 3625">
     <span class='ocr_line' id='line_1_82' title="bbox 1958 3547 3552 3625; baseline -0.006 -15"><span class='ocrx_word' id='word_1_567' title='bbox 1958 3571 2153 3611; x_wconf 88' lang='lat' dir='ltr'><strong>manus</strong></span> <span class='ocrx_word' id='word_1_568' title='bbox 2192 3554 2394 3625; x_wconf 84' lang='lat' dir='ltr'><strong>scripto</strong></span> <span class='ocrx_word' id='word_1_569' title='bbox 2421 3555 2728 3609; x_wconf 89' lang='lat' dir='ltr'><strong>roboratam</strong></span> <span class='ocrx_word' id='word_1_570' title='bbox 2756 3551 3040 3623; x_wconf 84' lang='lat' dir='ltr'><strong>sacrilegio</strong></span> <span class='ocrx_word' id='word_1_571' title='bbox 3080 3548 3303 3619; x_wconf 89' lang='lat' dir='ltr'><strong>perjurii</strong></span> <span class='ocrx_word' id='word_1_572' title='bbox 3334 3547 3552 3619; x_wconf 90' lang='lat' dir='ltr'><strong>penitus</strong></span> 
     </span>
    </p>
   </div>
   <div class='ocr_carea' id='block_1_82' title="bbox 1957 3639 3601 3715">
    <p class='ocr_par' dir='ltr' id='par_1_82' title="bbox 1957 3639 3601 3715">
     <span class='ocr_line' id='line_1_83' title="bbox 1957 3639 3601 3715; baseline -0.004 -16"><span class='ocrx_word' id='word_1_573' title='bbox 1957 3645 2260 3701; x_wconf 89' lang='lat' dir='ltr'><strong>violaverit.</strong></span> <span class='ocrx_word' id='word_1_574' title='bbox 2305 3644 2412 3700; x_wconf 89' lang='lat' dir='ltr'><strong>Sed</strong></span> <span class='ocrx_word' id='word_1_575' title='bbox 2461 3653 2545 3700; x_wconf 91' lang='lat' dir='ltr'><strong>est</strong></span> <span class='ocrx_word' id='word_1_576' title='bbox 2590 3645 2846 3715; x_wconf 86' lang='lat' dir='ltr'><strong>quiddam</strong></span> <span class='ocrx_word' id='word_1_577' title='bbox 2886 3644 3029 3713; x_wconf 90' lang='lat' dir='ltr'><strong>quod</strong></span> <span class='ocrx_word' id='word_1_578' title='bbox 3063 3639 3371 3707; x_wconf 85' lang='lat' dir='ltr'><strong>remordet,</strong></span> <span class='ocrx_word' id='word_1_579' title='bbox 3410 3639 3553 3709; x_wconf 87' lang='lat' dir='ltr'><strong>quod</strong></span> <span class='ocrx_word' id='word_1_580' title='bbox 3600 3656 3601 3659; x_wconf 43' lang='grc' dir='ltr'><strong>η</strong></span> 
     </span>
    </p>
   </div>
   <div class='ocr_carea' id='block_1_83' title="bbox 1958 3730 3553 3803">
    <p class='ocr_par' dir='ltr' id='par_1_83' title="bbox 1958 3730 3553 3803">
     <span class='ocr_line' id='line_1_84' title="bbox 1958 3730 3553 3803; baseline -0.004 -14"><span class='ocrx_word' id='word_1_581' title='bbox 1958 3734 2165 3790; x_wconf 89' lang='lat' dir='ltr'><strong>scilicet</strong></span> <span class='ocrx_word' id='word_1_582' title='bbox 2211 3749 2241 3788; x_wconf 92' lang='lat' dir='ltr'><strong>a</strong></span> <span class='ocrx_word' id='word_1_583' title='bbox 2291 3733 2724 3789; x_wconf 85' lang='lat' dir='ltr'><strong>Lothariensium</strong></span> <span class='ocrx_word' id='word_1_584' title='bbox 2753 3733 3020 3803; x_wconf 87' lang='lat' dir='ltr'><strong>episcopis</strong></span> <span class='ocrx_word' id='word_1_585' title='bbox 3062 3740 3119 3786; x_wconf 91' lang='lat' dir='ltr'><strong>ut</strong></span> <span class='ocrx_word' id='word_1_586' title='bbox 3165 3730 3336 3785; x_wconf 87' lang='lat' dir='ltr'><strong>fertur</strong></span> <span class='ocrx_word' id='word_1_587' title='bbox 3363 3736 3553 3785; x_wconf 91' lang='lat' dir='ltr'><strong>contra</strong></span> 
     </span>
    </p>
   </div>
   <div class='ocr_carea' id='block_1_84' title="bbox 1957 3818 3554 3891">
    <p class='ocr_par' dir='ltr' id='par_1_84' title="bbox 1957 3818 3554 3891">
     <span class='ocr_line' id='line_1_85' title="bbox 1957 3818 3554 3891; baseline -0.003 -14"><span class='ocrx_word' id='word_1_588' title='bbox 1957 3822 2107 3877; x_wconf 88' lang='lat' dir='ltr'><strong>illum</strong></span> <span class='ocrx_word' id='word_1_589' title='bbox 2150 3822 2475 3891; x_wconf 84' lang='lat' dir='ltr'><strong>disputatur.</strong></span> <span class='ocrx_word' id='word_1_590' title='bbox 2527 3822 2940 3877; x_wconf 88' lang='lat' dir='ltr'><strong>Calumniautur</strong></span> <span class='ocrx_word' id='word_1_591' title='bbox 2989 3818 3135 3875; x_wconf 86' lang='lat' dir='ltr'><strong>enim</strong></span> <span class='ocrx_word' id='word_1_592' title='bbox 3181 3830 3371 3875; x_wconf 89' lang='lat' dir='ltr'><strong>contra</strong></span> <span class='ocrx_word' id='word_1_593' title='bbox 3407 3818 3554 3890; x_wconf 88' lang='lat' dir='ltr'><strong>leges</strong></span> 
     </span>
    </p>
   </div>
   <div class='ocr_carea' id='block_1_85' title="bbox 1956 3908 3547 3983">
    <p class='ocr_par' dir='ltr' id='par_1_85' title="bbox 1956 3908 3547 3983">
     <span class='ocr_line' id='line_1_86' title="bbox 1956 3908 3547 3983; baseline -0.004 -13"><span class='ocrx_word' id='word_1_594' title='bbox 1956 3914 2168 3970; x_wconf 86' lang='lat' dir='ltr'><strong>divinas</strong></span> <span class='ocrx_word' id='word_1_595' title='bbox 2200 3914 2460 3983; x_wconf 88' lang='lat' dir='ltr'><strong>scriptum</strong></span> <span class='ocrx_word' id='word_1_596' title='bbox 2486 3953 2501 3980; x_wconf 94' lang='lat'><strong>,</strong></span> <span class='ocrx_word' id='word_1_597' title='bbox 2550 3912 2748 3968; x_wconf 90' lang='lat' dir='ltr'><strong>lectum</strong></span> <span class='ocrx_word' id='word_1_598' title='bbox 2772 3952 2787 3978; x_wconf 91' lang='lat'><strong>,</strong></span> <span class='ocrx_word' id='word_1_599' title='bbox 2822 3911 3180 3966; x_wconf 89' lang='lat' dir='ltr'><strong>reconditum.</strong></span> <span class='ocrx_word' id='word_1_600' title='bbox 3231 3908 3385 3964; x_wconf 88' lang='lat' dir='ltr'><strong>Unde</strong></span> <span class='ocrx_word' id='word_1_601' title='bbox 3416 3918 3469 3964; x_wconf 88' lang='lat' dir='ltr'><strong>et</strong></span> <span class='ocrx_word' id='word_1_602' title='bbox 3499 3910 3547 3963; x_wconf 91' lang='lat' dir='ltr'><strong>si</strong></span> 
     </span>
    </p>
   </div>
   <div class='ocr_carea' id='block_1_86' title="bbox 1957 3999 3544 4079">
    <p class='ocr_par' dir='ltr' id='par_1_86' title="bbox 1957 3999 3544 4079">
     <span class='ocr_line' id='line_1_87' title="bbox 1957 3999 3544 4079; baseline -0.004 -17"><span class='ocrx_word' id='word_1_603' title='bbox 1957 4006 2172 4079; x_wconf 86' lang='lat' dir='ltr'><strong>placet,</strong></span> <span class='ocrx_word' id='word_1_604' title='bbox 2207 4005 2319 4077; x_wconf 86' lang='lat' dir='ltr'><strong>jam</strong></span> <span class='ocrx_word' id='word_1_605' title='bbox 2349 4021 2382 4060; x_wconf 88' lang='lat' dir='ltr'><strong>a</strong></span> <span class='ocrx_word' id='word_1_606' title='bbox 2412 4005 2566 4060; x_wconf 87' lang='lat' dir='ltr'><strong>vobis</strong></span> <span class='ocrx_word' id='word_1_607' title='bbox 2595 3999 2964 4060; x_wconf 82' lang='lat' dir='ltr'><strong>discutiendus</strong></span> <span class='ocrx_word' id='word_1_608' title='bbox 3009 4002 3062 4056; x_wconf 92' lang='lat' dir='ltr'><strong>in</strong></span> <span class='ocrx_word' id='word_1_609' title='bbox 3094 4000 3332 4056; x_wconf 87' lang='lat' dir='ltr'><strong>medium</strong></span> <span class='ocrx_word' id='word_1_610' title='bbox 3361 3999 3544 4070; x_wconf 84' lang='lat' dir='ltr'><strong>profe-</strong></span> 
     </span>
    </p>
   </div>
   <div class='ocr_carea' id='block_1_87' title="bbox 1957 4090 3131 4155">
    <p class='ocr_par' dir='ltr' id='par_1_87' title="bbox 1957 4090 3131 4155">
     <span class='ocr_line' id='line_1_88' title="bbox 1957 4090 3131 4155; baseline -0.011 0"><span class='ocrx_word' id='word_1_611' title='bbox 1957 4104 2128 4155; x_wconf 85' lang='lat' dir='ltr'><strong>ratur.</strong></span> <span class='ocrx_word' id='word_1_612' title='bbox 2166 4114 2185 4149; x_wconf 76' lang='grc' dir='ltr'><strong>ι</strong></span> <span class='ocrx_word' id='word_1_613' title='bbox 2218 4094 2454 4151; x_wconf 88' lang='lat' dir='ltr'><strong>Siuodus</strong></span> <span class='ocrx_word' id='word_1_614' title='bbox 2483 4094 2655 4149; x_wconf 80' lang='lat' dir='ltr'><strong>dixit:</strong></span> <span class='ocrx_word' id='word_1_615' title='bbox 2688 4111 2707 4144; x_wconf 74' lang='grc' dir='ltr'>ι</span> <span class='ocrx_word' id='word_1_616' title='bbox 2742 4090 3075 4148; x_wconf 76' lang='lat' dir='ltr'><strong>Proferatur.</strong></span> <span class='ocrx_word' id='word_1_617' title='bbox 3112 4109 3131 4143; x_wconf 75' lang='grc' dir='ltr'><strong><em>ι</em></strong></span> 
     </span>
    </p>
   </div>
   <div class='ocr_carea' id='block_1_88' title="bbox 2029 4180 3547 4255">
    <p class='ocr_par' dir='ltr' id='par_1_88' title="bbox 2029 4180 3547 4255">
     <span class='ocr_line' id='line_1_89' title="bbox 2029 4180 3547 4255; baseline -0.003 -13"><span class='ocrx_word' id='word_1_618' title='bbox 2029 4186 2116 4242; x_wconf 86' lang='grc'><strong>60.</strong></span> <span class='ocrx_word' id='word_1_619' title='bbox 2159 4184 2350 4240; x_wconf 73' lang='lat' dir='ltr'><strong>Textus</strong></span> <span class='ocrx_word' id='word_1_620' title='bbox 2394 4184 2556 4239; x_wconf 81' lang='lat' dir='ltr'><strong>libelli</strong></span> <span class='ocrx_word' id='word_1_621' title='bbox 2586 4184 2654 4216; x_wconf 72' lang='grc'>⁸³³</span> <span class='ocrx_word' id='word_1_622' title='bbox 2680 4183 2949 4255; x_wconf 80' lang='lat' dir='ltr'><strong>ﬁdelitatis</strong></span> <span class='ocrx_word' id='word_1_623' title='bbox 2974 4182 3045 4214; x_wconf 79' lang='grc'>⁸³³</span> <span class='ocrx_word' id='word_1_624' title='bbox 3072 4180 3302 4251; x_wconf 79' lang='lat' dir='ltr'><strong>Arnulﬁ.</strong></span> <span class='ocrx_word' id='word_1_625' title='bbox 3327 4212 3397 4222; x_wconf 90' lang='lat'><strong><em>—</em></strong></span> <span class='ocrx_word' id='word_1_626' title='bbox 3417 4180 3547 4238; x_wconf 84' lang='lat' dir='ltr'><strong>Pro-</strong></span> 
     </span>
    </p>
   </div>
   <div class='ocr_carea' id='block_1_89' title="bbox 1959 4277 3551 4351">
    <p class='ocr_par' dir='ltr' id='par_1_89' title="bbox 1959 4277 3551 4351">
     <span class='ocr_line' id='line_1_90' title="bbox 1959 4277 3551 4351; baseline -0.002 -14"><span class='ocrx_word' id='word_1_627' title='bbox 1959 4281 2101 4337; x_wconf 86' lang='lat' dir='ltr'><strong>latus</strong></span> <span class='ocrx_word' id='word_1_628' title='bbox 2136 4289 2221 4337; x_wconf 92' lang='lat' dir='ltr'><strong>cst</strong></span> <span class='ocrx_word' id='word_1_629' title='bbox 2259 4281 2442 4351; x_wconf 88' lang='lat' dir='ltr'><strong>itaque</strong></span> <span class='ocrx_word' id='word_1_630' title='bbox 2480 4281 2621 4335; x_wconf 91' lang='lat' dir='ltr'><strong>hanc</strong></span> <span class='ocrx_word' id='word_1_631' title='bbox 2661 4288 2838 4335; x_wconf 79' lang='lat' dir='ltr'><strong>textus</strong></span> <span class='ocrx_word' id='word_1_632' title='bbox 2879 4279 3075 4334; x_wconf 90' lang='lat' dir='ltr'><strong>seriem</strong></span> <span class='ocrx_word' id='word_1_633' title='bbox 3106 4277 3311 4333; x_wconf 89' lang='lat' dir='ltr'><strong>habens</strong></span> <span class='ocrx_word' id='word_1_634' title='bbox 3341 4296 3354 4332; x_wconf 90' lang='lat'><strong>:</strong></span> <span class='ocrx_word' id='word_1_635' title='bbox 3386 4296 3404 4329; x_wconf 71' lang='grc' dir='ltr'>ι</span> <span class='ocrx_word' id='word_1_636' title='bbox 3440 4278 3551 4350; x_wconf 86' lang='lat' dir='ltr'><strong>Ego</strong></span> 
     </span>
    </p>
   </div>
   <div class='ocr_carea' id='block_1_90' title="bbox 1956 4369 3550 4441">
    <p class='ocr_par' dir='ltr' id='par_1_90' title="bbox 1956 4369 3550 4441">
     <span class='ocr_line' id='line_1_91' title="bbox 1956 4369 3550 4441; baseline -0.002 -15"><span class='ocrx_word' id='word_1_637' title='bbox 1956 4369 2238 4436; x_wconf 78' lang='lat' dir='ltr'><strong>Arnulfus,</strong></span> <span class='ocrx_word' id='word_1_638' title='bbox 2261 4370 2434 4441; x_wconf 82' lang='lat' dir='ltr'><strong>gratia</strong></span> <span class='ocrx_word' id='word_1_639' title='bbox 2459 4370 2551 4424; x_wconf 86' lang='lat' dir='ltr'><strong>Dei</strong></span> <span class='ocrx_word' id='word_1_640' title='bbox 2576 4369 2938 4440; x_wconf 68' lang='lat' dir='ltr'><strong>prmveuiente</strong></span> <span class='ocrx_word' id='word_1_641' title='bbox 2967 4369 3255 4423; x_wconf 80' lang='lat' dir='ltr'><strong>Remorum</strong></span> <span class='ocrx_word' id='word_1_642' title='bbox 3279 4370 3550 4439; x_wconf 88' lang='lat' dir='ltr'><strong>archiepi-</strong></span> 
     </span>
    </p>
   </div>
   <div class='ocr_carea' id='block_1_91' title="bbox 1960 4459 3553 4533">
    <p class='ocr_par' dir='ltr' id='par_1_91' title="bbox 1960 4459 3553 4533">
     <span class='ocr_line' id='line_1_92' title="bbox 1960 4459 3553 4533; baseline -0.003 -14"><span class='ocrx_word' id='word_1_643' title='bbox 1960 4477 2184 4533; x_wconf 90' lang='lat' dir='ltr'><strong>scopus,</strong></span> <span class='ocrx_word' id='word_1_644' title='bbox 2210 4462 2473 4531; x_wconf 78' lang='lat' dir='ltr'><strong>promitto</strong></span> <span class='ocrx_word' id='word_1_645' title='bbox 2496 4461 2714 4532; x_wconf 85' lang='lat' dir='ltr'><strong>regibus</strong></span> <span class='ocrx_word' id='word_1_646' title='bbox 2742 4460 3073 4516; x_wconf 83' lang='lat' dir='ltr'><strong>Francorum</strong></span> <span class='ocrx_word' id='word_1_647' title='bbox 3106 4459 3317 4528; x_wconf 83' lang='lat' dir='ltr'><strong>llugoni</strong></span> <span class='ocrx_word' id='word_1_648' title='bbox 3343 4469 3397 4513; x_wconf 89' lang='lat' dir='ltr'><strong>et</strong></span> <span class='ocrx_word' id='word_1_649' title='bbox 3423 4459 3553 4515; x_wconf 79' lang='lat' dir='ltr'><strong>Rot-</strong></span> 
     </span>
    </p>
   </div>
   <div class='ocr_carea' id='block_1_92' title="bbox 271 4542 3550 4647">
    <p class='ocr_par' dir='ltr' id='par_1_92' title="bbox 271 4542 3550 4647">
     <span class='ocr_line' id='line_1_93' title="bbox 271 4542 3550 4647; baseline -0.002 -40"><span class='ocrx_word' id='word_1_650' title='bbox 271 4553 433 4608; x_wconf 87' lang='lat' dir='ltr'><strong>etiam</strong></span> <span class='ocrx_word' id='word_1_651' title='bbox 465 4554 568 4610; x_wconf 88' lang='lat' dir='ltr'><strong>iste</strong></span> <span class='ocrx_word' id='word_1_652' title='bbox 601 4554 685 4611; x_wconf 86' lang='lat' dir='ltr'><strong>sui</strong></span> <span class='ocrx_word' id='word_1_653' title='bbox 713 4542 924 4612; x_wconf 88' lang='lat' dir='ltr'><strong>consilii</strong></span> <span class='ocrx_word' id='word_1_654' title='bbox 955 4559 1228 4624; x_wconf 87' lang='lat' dir='ltr'><strong>custodes,</strong></span> <span class='ocrx_word' id='word_1_655' title='bbox 1264 4568 1320 4614; x_wconf 89' lang='lat' dir='ltr'><strong>et</strong></span> <span class='ocrx_word' id='word_1_656' title='bbox 1348 4558 1647 4614; x_wconf 89' lang='lat' dir='ltr'><strong>amicorum</strong></span> <span class='ocrx_word' id='word_1_657' title='bbox 1669 4560 1854 4630; x_wconf 72' lang='lat' dir='ltr'><strong>praeci-</strong></span> <span class='ocrx_word' id='word_1_658' title='bbox 1888 4587 1935 4647; x_wconf 70' lang='grc' dir='ltr'>υ</span> <span class='ocrx_word' id='word_1_659' title='bbox 1961 4555 2115 4611; x_wconf 89' lang='lat' dir='ltr'><strong>berto</strong></span> <span class='ocrx_word' id='word_1_660' title='bbox 2156 4567 2242 4607; x_wconf 90' lang='lat' dir='ltr'><strong>me</strong></span> <span class='ocrx_word' id='word_1_661' title='bbox 2272 4552 2432 4607; x_wconf 86' lang='lat' dir='ltr'><strong>tidem</strong></span> <span class='ocrx_word' id='word_1_662' title='bbox 2465 4551 2807 4622; x_wconf 88' lang='lat' dir='ltr'><strong>purissimam</strong></span> <span class='ocrx_word' id='word_1_663' title='bbox 2850 4559 3191 4605; x_wconf 84' lang='lat' dir='ltr'><strong>servaturum</strong></span> <span class='ocrx_word' id='word_1_664' title='bbox 3216 4589 3232 4616; x_wconf 94' lang='lat'><strong>,</strong></span> <span class='ocrx_word' id='word_1_665' title='bbox 3262 4549 3550 4605; x_wconf 89' lang='lat' dir='ltr'><strong>consilium</strong></span> 
     </span>
    </p>
   </div>
   <div class='ocr_carea' id='block_1_93' title="bbox 269 4645 1860 4720">
    <p class='ocr_par' dir='ltr' id='par_1_93' title="bbox 269 4645 1860 4720">
     <span class='ocr_line' id='line_1_94' title="bbox 269 4645 1860 4720; baseline 0.005 -22"><span class='ocrx_word' id='word_1_666' title='bbox 269 4659 402 4713; x_wconf 88' lang='lat' dir='ltr'><strong>puos</strong></span> <span class='ocrx_word' id='word_1_667' title='bbox 428 4645 682 4704; x_wconf 87' lang='lat' dir='ltr'><strong>habebat.</strong></span> <span class='ocrx_word' id='word_1_668' title='bbox 728 4647 882 4716; x_wconf 84' lang='lat' dir='ltr'><strong>Quod</strong></span> <span class='ocrx_word' id='word_1_669' title='bbox 908 4650 1034 4720; x_wconf 90' lang='lat' dir='ltr'><strong>quia</strong></span> <span class='ocrx_word' id='word_1_670' title='bbox 1063 4650 1527 4706; x_wconf 87' lang='lat' dir='ltr'><strong>evidentissimum</strong></span> <span class='ocrx_word' id='word_1_671' title='bbox 1568 4660 1668 4716; x_wconf 88' lang='lat' dir='ltr'><strong>est,</strong></span> <span class='ocrx_word' id='word_1_672' title='bbox 1714 4652 1860 4706; x_wconf 89' lang='lat' dir='ltr'><strong>dicat</strong></span> 
     </span>
    </p>
   </div>
   <div class='ocr_carea' id='block_1_94' title="bbox 271 4738 1864 4811">
    <p class='ocr_par' dir='ltr' id='par_1_94' title="bbox 271 4738 1864 4811">
     <span class='ocr_line' id='line_1_95' title="bbox 271 4738 1864 4811; baseline 0.007 -22"><span class='ocrx_word' id='word_1_673' title='bbox 271 4752 411 4793; x_wconf 89' lang='lat' dir='ltr'><strong>nunc</strong></span> <span class='ocrx_word' id='word_1_674' title='bbox 467 4738 605 4809; x_wconf 87' lang='lat' dir='ltr'><strong>ipse,</strong></span> <span class='ocrx_word' id='word_1_675' title='bbox 665 4738 818 4810; x_wconf 90' lang='lat' dir='ltr'><strong>cujus</strong></span> <span class='ocrx_word' id='word_1_676' title='bbox 865 4740 1192 4811; x_wconf 89' lang='lat' dir='ltr'><strong>impulsione</strong></span> <span class='ocrx_word' id='word_1_677' title='bbox 1260 4752 1354 4797; x_wconf 90' lang='lat' dir='ltr'><strong>aut</strong></span> <span class='ocrx_word' id='word_1_678' title='bbox 1406 4742 1662 4799; x_wconf 88' lang='lat' dir='ltr'><strong>suasione</strong></span> <span class='ocrx_word' id='word_1_679' title='bbox 1719 4742 1864 4800; x_wconf 87' lang='lat' dir='ltr'><strong>istud</strong></span> 
     </span>
    </p>
   </div>
   <div class='ocr_carea' id='block_1_95' title="bbox 271 4830 1868 4899">
    <p class='ocr_par' dir='ltr' id='par_1_95' title="bbox 271 4830 1868 4899">
     <span class='ocr_line' id='line_1_96' title="bbox 271 4830 1868 4899; baseline 0.008 -20"><span class='ocrx_word' id='word_1_680' title='bbox 271 4841 554 4897; x_wconf 82' lang='lat' dir='ltr'><strong>aggressus</strong></span> <span class='ocrx_word' id='word_1_681' title='bbox 582 4830 673 4886; x_wconf 89' lang='lat' dir='ltr'><strong>sit.</strong></span> <span class='ocrx_word' id='word_1_682' title='bbox 706 4832 1112 4889; x_wconf 74' lang='lat' dir='ltr'><strong>Autcertealii</strong></span> <span class='ocrx_word' id='word_1_683' title='bbox 1141 4833 1401 4899; x_wconf 87' lang='lat' dir='ltr'><strong>intendet,</strong></span> <span class='ocrx_word' id='word_1_684' title='bbox 1435 4842 1530 4889; x_wconf 91' lang='lat' dir='ltr'><strong>aut</strong></span> <span class='ocrx_word' id='word_1_685' title='bbox 1585 4835 1868 4891; x_wconf 87' lang='lat' dir='ltr'><strong>convictus</strong></span> 
     </span>
    </p>
   </div>
   <div class='ocr_carea' id='block_1_96' title="bbox 270 4919 1862 4997">
    <p class='ocr_par' dir='ltr' id='par_1_96' title="bbox 270 4919 1862 4997">
     <span class='ocr_line' id='line_1_97' title="bbox 270 4919 1862 4997; baseline 0.004 -25"><span class='ocrx_word' id='word_1_686' title='bbox 270 4919 884 4978; x_wconf 76' lang='lat' dir='ltr'><strong>‘estimoniislabascet.</strong></span> <span class='ocrx_word' id='word_1_687' title='bbox 928 4923 1120 4980; x_wconf 87' lang='lat' dir='ltr'><strong>Nullus</strong></span> <span class='ocrx_word' id='word_1_688' title='bbox 1160 4925 1646 4997; x_wconf 85' lang='lat' dir='ltr'><strong>consanguinitatis</strong></span> <span class='ocrx_word' id='word_1_689' title='bbox 1690 4941 1862 4991; x_wconf 88' lang='lat' dir='ltr'><strong>amor,</strong></span> 
     </span>
    </p>
   </div>
   <div class='ocr_carea' id='block_1_97' title="bbox 273 5010 1854 5090">
    <p class='ocr_par' dir='ltr' id='par_1_97' title="bbox 273 5010 1854 5090">
     <span class='ocr_line' id='line_1_98' title="bbox 273 5010 1854 5090; baseline 0.007 -27"><span class='ocrx_word' id='word_1_690' title='bbox 273 5010 414 5066; x_wconf 88' lang='lat' dir='ltr'><strong>nulla</strong></span> <span class='ocrx_word' id='word_1_691' title='bbox 463 5011 665 5069; x_wconf 69' lang='lat' dir='ltr'><strong>habitae</strong></span> <span class='ocrx_word' id='word_1_692' title='bbox 729 5013 1117 5072; x_wconf 87' lang='lat' dir='ltr'><strong>familiaritatis</strong></span> <span class='ocrx_word' id='word_1_693' title='bbox 1167 5017 1422 5088; x_wconf 86' lang='lat' dir='ltr'><strong>gratia,a</strong></span> <span class='ocrx_word' id='word_1_694' title='bbox 1482 5018 1617 5075; x_wconf 87' lang='lat' dir='ltr'><strong>recti</strong></span> <span class='ocrx_word' id='word_1_695' title='bbox 1659 5018 1854 5090; x_wconf 89' lang='lat' dir='ltr'><strong>judicii</strong></span> 
     </span>
    </p>
   </div>
   <div class='ocr_carea' id='block_1_98' title="bbox 277 5101 1319 5177">
    <p class='ocr_par' dir='ltr' id='par_1_98' title="bbox 277 5101 1319 5177">
     <span class='ocr_line' id='line_1_99' title="bbox 277 5101 1319 5177; baseline 0.007 -21"><span class='ocrx_word' id='word_1_696' title='bbox 277 5101 444 5160; x_wconf 80' lang='lat' dir='ltr'><strong>forma</strong></span> <span class='ocrx_word' id='word_1_697' title='bbox 476 5119 563 5161; x_wconf 89' lang='lat' dir='ltr'><strong>me</strong></span> <span class='ocrx_word' id='word_1_698' title='bbox 590 5106 775 5177; x_wconf 84' lang='lat' dir='ltr'><strong>aliquo</strong></span> <span class='ocrx_word' id='word_1_699' title='bbox 808 5108 967 5163; x_wconf 88' lang='lat' dir='ltr'><strong>modo</strong></span> <span class='ocrx_word' id='word_1_700' title='bbox 990 5110 1266 5166; x_wconf 90' lang='lat' dir='ltr'><strong>seducent.</strong></span> <span class='ocrx_word' id='word_1_701' title='bbox 1301 5129 1319 5163; x_wconf 72' lang='grc' dir='ltr'>ι</span> 
     </span>
    </p>
   </div>
   <div class='ocr_carea' id='block_1_99' title="bbox 344 5195 1860 5272">
    <p class='ocr_par' dir='ltr' id='par_1_99' title="bbox 344 5195 1860 5272">
     <span class='ocr_line' id='line_1_100' title="bbox 344 5195 1860 5272; baseline 0.004 -21"><span class='ocrx_word' id='word_1_702' title='bbox 344 5195 431 5251; x_wconf 82' lang='lat'><strong>57.</strong></span> <span class='ocrx_word' id='word_1_703' title='bbox 472 5196 614 5252; x_wconf 85' lang='lat' dir='ltr'><strong>Laus</strong></span> <span class='ocrx_word' id='word_1_704' title='bbox 646 5198 717 5230; x_wconf 81' lang='grc'><strong>⁶²⁰</strong></span> <span class='ocrx_word' id='word_1_705' title='bbox 735 5195 1087 5255; x_wconf 80' lang='lat' dir='ltr'><strong>Godesmanni</strong></span> <span class='ocrx_word' id='word_1_706' title='bbox 1118 5201 1186 5252; x_wconf 69' lang='grc' dir='ltr'>ω</span> <span class='ocrx_word' id='word_1_707' title='bbox 1223 5205 1288 5256; x_wconf 84' lang='lat' dir='ltr'><strong>de</strong></span> <span class='ocrx_word' id='word_1_708' title='bbox 1318 5203 1748 5272; x_wconf 82' lang='lat' dir='ltr'><strong>magnanimitate</strong></span> <span class='ocrx_word' id='word_1_709' title='bbox 1788 5204 1860 5236; x_wconf 77' lang='grc'><strong>⁸³⁸</strong></span> 
     </span>
    </p>
   </div>
   <div class='ocr_carea' id='block_1_100' title="bbox 282 5282 1860 5381">
    <p class='ocr_par' dir='ltr' id='par_1_100' title="bbox 282 5282 1860 5381">
     <span class='ocr_line' id='line_1_101' title="bbox 282 5282 1860 5381; baseline 0.004 -42"><span class='ocrx_word' id='word_1_710' title='bbox 282 5282 539 5342; x_wconf 77' lang='lat' dir='ltr'><strong>Brunonis</strong></span> <span class='ocrx_word' id='word_1_711' title='bbox 572 5297 622 5343; x_wconf 79' lang='lat' dir='ltr'><strong>et</strong></span> <span class='ocrx_word' id='word_1_712' title='bbox 648 5287 719 5322; x_wconf 78' lang='lat'><strong>“°</strong></span> <span class='ocrx_word' id='word_1_713' title='bbox 742 5298 797 5343; x_wconf 87' lang='lat' dir='ltr'><strong>ut</strong></span> <span class='ocrx_word' id='word_1_714' title='bbox 822 5289 897 5322; x_wconf 78' lang='grc'><strong>⁸³⁸</strong></span> <span class='ocrx_word' id='word_1_715' title='bbox 922 5291 986 5344; x_wconf 82' lang='lat' dir='ltr'><strong>ab</strong></span> <span class='ocrx_word' id='word_1_716' title='bbox 1018 5306 1077 5345; x_wconf 85' lang='lat' dir='ltr'><strong>eo</strong></span> <span class='ocrx_word' id='word_1_717' title='bbox 1098 5290 1363 5381; x_wconf 72' lang='lat' dir='ltr'><strong>juditium</strong></span> <span class='ocrx_word' id='word_1_718' title='bbox 1410 5293 1764 5347; x_wconf 79' lang='lat' dir='ltr'><strong>constituatur</strong></span> <span class='ocrx_word' id='word_1_719' title='bbox 1788 5294 1860 5327; x_wconf 70' lang='grc'><strong>⁸⁸⁸</strong></span> 
     </span>
    </p>
   </div>
   <div class='ocr_carea' id='block_1_101' title="bbox 280 5379 1861 5456">
    <p class='ocr_par' dir='ltr' id='par_1_101' title="bbox 280 5379 1861 5456">
     <span class='ocr_line' id='line_1_102' title="bbox 280 5379 1861 5456; baseline 0.006 -24"><span class='ocrx_word' id='word_1_720' title='bbox 280 5380 576 5446; x_wconf 77' lang='lat' dir='ltr'><strong>postulatio.</strong></span> <span class='ocrx_word' id='word_1_721' title='bbox 602 5411 670 5421; x_wconf 89' lang='lat'><strong>—</strong></span> <span class='ocrx_word' id='word_1_722' title='bbox 694 5379 1110 5443; x_wconf 80' lang='lat' dir='ltr'><strong>Godesmannus</strong></span> <span class='ocrx_word' id='word_1_723' title='bbox 1144 5381 1527 5439; x_wconf 84' lang='lat' dir='ltr'><strong>Ambianensis</strong></span> <span class='ocrx_word' id='word_1_724' title='bbox 1574 5384 1861 5456; x_wconf 83' lang='lat' dir='ltr'><strong>cpiscopus</strong></span> 
     </span>
    </p>
   </div>
   <div class='ocr_carea' id='block_1_102' title="bbox 1970 4638 3554 4709">
    <p class='ocr_par' dir='ltr' id='par_1_102' title="bbox 1970 4638 3554 4709">
     <span class='ocr_line' id='line_1_103' title="bbox 1970 4638 3554 4709; baseline -0.006 -7"><span class='ocrx_word' id='word_1_725' title='bbox 1970 4655 2025 4703; x_wconf 92' lang='lat' dir='ltr'><strong>et</strong></span> <span class='ocrx_word' id='word_1_726' title='bbox 2070 4644 2329 4700; x_wconf 77' lang='lat' dir='ltr'><strong>auxilium</strong></span> <span class='ocrx_word' id='word_1_727' title='bbox 2375 4642 2455 4698; x_wconf 86' lang='lat' dir='ltr'><strong>eis</strong></span> <span class='ocrx_word' id='word_1_728' title='bbox 2498 4642 2793 4698; x_wconf 90' lang='lat' dir='ltr'><strong>secundum</strong></span> <span class='ocrx_word' id='word_1_729' title='bbox 2822 4655 2999 4695; x_wconf 91' lang='lat' dir='ltr'><strong>meum</strong></span> <span class='ocrx_word' id='word_1_730' title='bbox 3046 4640 3187 4694; x_wconf 88' lang='lat' dir='ltr'><strong>scire</strong></span> <span class='ocrx_word' id='word_1_731' title='bbox 3222 4646 3277 4694; x_wconf 91' lang='lat' dir='ltr'><strong>et</strong></span> <span class='ocrx_word' id='word_1_732' title='bbox 3314 4638 3554 4709; x_wconf 84' lang='lat' dir='ltr'><strong>possein</strong></span> 
     </span>
    </p>
   </div>
   <div class='ocr_carea' id='block_1_103' title="bbox 1969 4728 3552 4804">
    <p class='ocr_par' dir='ltr' id='par_1_103' title="bbox 1969 4728 3552 4804">
     <span class='ocr_line' id='line_1_104' title="bbox 1969 4728 3552 4804; baseline -0.007 -13"><span class='ocrx_word' id='word_1_733' title='bbox 1969 4735 2222 4791; x_wconf 90' lang='lat' dir='ltr'><strong>omnibus</strong></span> <span class='ocrx_word' id='word_1_734' title='bbox 2268 4732 2499 4804; x_wconf 84' lang='lat' dir='ltr'><strong>negotiis</strong></span> <span class='ocrx_word' id='word_1_735' title='bbox 2545 4731 2935 4803; x_wconf 83' lang='lat' dir='ltr'><strong>praebiturum;</strong></span> <span class='ocrx_word' id='word_1_736' title='bbox 2985 4729 3220 4785; x_wconf 89' lang='lat' dir='ltr'><strong>inimicis</strong></span> <span class='ocrx_word' id='word_1_737' title='bbox 3255 4728 3325 4761; x_wconf 74' lang='lat'><strong>‘”</strong></span> <span class='ocrx_word' id='word_1_738' title='bbox 3362 4743 3552 4785; x_wconf 87' lang='lat' dir='ltr'><strong>eorum</strong></span> 
     </span>
    </p>
   </div>
   <div class='ocr_carea' id='block_1_104' title="bbox 1971 4818 3555 4882">
    <p class='ocr_par' dir='ltr' id='par_1_104' title="bbox 1971 4818 3555 4882">
     <span class='ocr_line' id='line_1_105' title="bbox 1971 4818 3555 4882; baseline -0.005 0"><span class='ocrx_word' id='word_1_739' title='bbox 1971 4840 2074 4882; x_wconf 85' lang='lat' dir='ltr'><strong>nec</strong></span> <span class='ocrx_word' id='word_1_740' title='bbox 2119 4823 2343 4880; x_wconf 88' lang='lat' dir='ltr'><strong>consilio</strong></span> <span class='ocrx_word' id='word_1_741' title='bbox 2398 4837 2499 4878; x_wconf 89' lang='lat' dir='ltr'><strong>nec</strong></span> <span class='ocrx_word' id='word_1_742' title='bbox 2555 4820 2757 4876; x_wconf 79' lang='lat' dir='ltr'><strong>auxilio</strong></span> <span class='ocrx_word' id='word_1_743' title='bbox 2804 4819 2874 4875; x_wconf 89' lang='lat' dir='ltr'><strong>ad</strong></span> <span class='ocrx_word' id='word_1_744' title='bbox 2930 4834 3117 4875; x_wconf 87' lang='lat' dir='ltr'><strong>eorum</strong></span> <span class='ocrx_word' id='word_1_745' title='bbox 3178 4818 3555 4876; x_wconf 74' lang='lat' dir='ltr'><strong>infidelitatem</strong></span> 
     </span>
    </p>
   </div>
   <div class='ocr_carea' id='block_1_105' title="bbox 1972 4914 3553 4990">
    <p class='ocr_par' dir='ltr' id='par_1_105' title="bbox 1972 4914 3553 4990">
     <span class='ocr_line' id='line_1_106' title="bbox 1972 4914 3553 4990; baseline -0.008 -11"><span class='ocrx_word' id='word_1_746' title='bbox 1972 4923 2207 4979; x_wconf 85' lang='lat' dir='ltr'><strong>scienter</strong></span> <span class='ocrx_word' id='word_1_747' title='bbox 2254 4919 2576 4990; x_wconf 74' lang='lat' dir='ltr'><strong>adiuturum.</strong></span> <span class='ocrx_word' id='word_1_748' title='bbox 2624 4917 2751 4974; x_wconf 77' lang='lat' dir='ltr'><strong>llzec</strong></span> <span class='ocrx_word' id='word_1_749' title='bbox 2780 4918 2833 4972; x_wconf 90' lang='lat' dir='ltr'><strong>in</strong></span> <span class='ocrx_word' id='word_1_750' title='bbox 2882 4924 3172 4986; x_wconf 86' lang='lat' dir='ltr'><strong>conspectu</strong></span> <span class='ocrx_word' id='word_1_751' title='bbox 3215 4914 3408 4971; x_wconf 78' lang='lat' dir='ltr'><strong>divina:</strong></span> <span class='ocrx_word' id='word_1_752' title='bbox 3441 4929 3553 4968; x_wconf 63' lang='lat' dir='ltr'><strong>mae</strong></span> 
     </span>
    </p>
   </div>
   <div class='ocr_carea' id='block_1_106' title="bbox 1966 5004 3556 5087">
    <p class='ocr_par' dir='ltr' id='par_1_106' title="bbox 1966 5004 3556 5087">
     <span class='ocr_line' id='line_1_107' title="bbox 1966 5004 3556 5087; baseline -0.008 -16"><span class='ocrx_word' id='word_1_753' title='bbox 1966 5016 2182 5087; x_wconf 89' lang='lat' dir='ltr'><strong>jestatis</strong></span> <span class='ocrx_word' id='word_1_754' title='bbox 2206 5055 2222 5081; x_wconf 94' lang='lat'><strong>,</strong></span> <span class='ocrx_word' id='word_1_755' title='bbox 2251 5022 2307 5069; x_wconf 91' lang='lat' dir='ltr'><strong>et</strong></span> <span class='ocrx_word' id='word_1_756' title='bbox 2332 5012 2613 5068; x_wconf 88' lang='lat' dir='ltr'><strong>beatorum</strong></span> <span class='ocrx_word' id='word_1_757' title='bbox 2661 5010 2944 5081; x_wconf 89' lang='lat' dir='ltr'><strong>spirituum</strong></span> <span class='ocrx_word' id='word_1_758' title='bbox 2992 5016 3057 5063; x_wconf 78' lang='lat' dir='ltr'><strong>et</strong></span> <span class='ocrx_word' id='word_1_759' title='bbox 3092 5007 3256 5063; x_wconf 90' lang='lat' dir='ltr'><strong>totius</strong></span> <span class='ocrx_word' id='word_1_760' title='bbox 3301 5004 3556 5062; x_wconf 64' lang='lat' dir='ltr'><strong>:ecclesim</strong></span> 
     </span>
    </p>
   </div>
   <div class='ocr_carea' id='block_1_107' title="bbox 1962 5096 3554 5174">
    <p class='ocr_par' dir='ltr' id='par_1_107' title="bbox 1962 5096 3554 5174">
     <span class='ocr_line' id='line_1_108' title="bbox 1962 5096 3554 5174; baseline -0.009 -12"><span class='ocrx_word' id='word_1_761' title='bbox 1962 5107 2227 5167; x_wconf 85' lang='lat' dir='ltr'><strong>assistens</strong></span> <span class='ocrx_word' id='word_1_762' title='bbox 2265 5103 2523 5174; x_wconf 90' lang='lat' dir='ltr'><strong>promitto</strong></span> <span class='ocrx_word' id='word_1_763' title='bbox 2548 5143 2563 5168; x_wconf 92' lang='lat'><strong>,</strong></span> <span class='ocrx_word' id='word_1_764' title='bbox 2606 5116 2704 5172; x_wconf 91' lang='lat' dir='ltr'><strong>pro</strong></span> <span class='ocrx_word' id='word_1_765' title='bbox 2730 5102 2866 5160; x_wconf 82' lang='lat' dir='ltr'><strong>bene</strong></span> <span class='ocrx_word' id='word_1_766' title='bbox 2895 5098 3128 5154; x_wconf 89' lang='lat' dir='ltr'><strong>servatis</strong></span> <span class='ocrx_word' id='word_1_767' title='bbox 3169 5096 3379 5152; x_wconf 89' lang='lat' dir='ltr'><strong>laturus</strong></span> <span class='ocrx_word' id='word_1_768' title='bbox 3408 5108 3554 5165; x_wconf 75' lang='lat' dir='ltr'><strong>pra:-</strong></span> 
     </span>
    </p>
   </div>
   <div class='ocr_carea' id='block_1_108' title="bbox 1962 5179 3557 5259">
    <p class='ocr_par' dir='ltr' id='par_1_108' title="bbox 1962 5179 3557 5259">
     <span class='ocr_line' id='line_1_109' title="bbox 1962 5179 3557 5259; baseline -0.007 -5"><span class='ocrx_word' id='word_1_769' title='bbox 1962 5199 2070 5254; x_wconf 89' lang='lat' dir='ltr'><strong>mia</strong></span> <span class='ocrx_word' id='word_1_770' title='bbox 2127 5204 2344 5253; x_wconf 70' lang='lat' dir='ltr'><strong>seterna:</strong></span> <span class='ocrx_word' id='word_1_771' title='bbox 2391 5193 2758 5251; x_wconf 87' lang='lat' dir='ltr'><strong>beatitudinis.</strong></span> <span class='ocrx_word' id='word_1_772' title='bbox 2804 5190 2869 5247; x_wconf 81' lang='lat' dir='ltr'><strong>Si</strong></span> <span class='ocrx_word' id='word_1_773' title='bbox 2923 5204 3087 5255; x_wconf 90' lang='lat' dir='ltr'><strong>vero,</strong></span> <span class='ocrx_word' id='word_1_774' title='bbox 3140 5189 3285 5259; x_wconf 91' lang='lat' dir='ltr'><strong>quod</strong></span> <span class='ocrx_word' id='word_1_775' title='bbox 3327 5187 3451 5244; x_wconf 88' lang='lat' dir='ltr'><strong>nolo</strong></span> <span class='ocrx_word' id='word_1_776' title='bbox 3503 5179 3557 5243; x_wconf 67' lang='grc' dir='ltr'>ει</span> 
     </span>
    </p>
   </div>
   <div class='ocr_carea' id='block_1_109' title="bbox 1961 5278 3556 5363">
    <p class='ocr_par' dir='ltr' id='par_1_109' title="bbox 1961 5278 3556 5363">
     <span class='ocr_line' id='line_1_110' title="bbox 1961 5278 3556 5363; baseline -0.006 -17"><span class='ocrx_word' id='word_1_777' title='bbox 1961 5292 2107 5363; x_wconf 90' lang='lat' dir='ltr'><strong>quod</strong></span> <span class='ocrx_word' id='word_1_778' title='bbox 2150 5291 2328 5354; x_wconf 90' lang='lat' dir='ltr'><strong>absit,</strong></span> <span class='ocrx_word' id='word_1_779' title='bbox 2374 5289 2442 5344; x_wconf 87' lang='lat' dir='ltr'><strong>ab</strong></span> <span class='ocrx_word' id='word_1_780' title='bbox 2498 5288 2585 5343; x_wconf 90' lang='lat' dir='ltr'><strong>his</strong></span> <span class='ocrx_word' id='word_1_781' title='bbox 2635 5286 2959 5350; x_wconf 85' lang='lat' dir='ltr'><strong>deviavero,</strong></span> <span class='ocrx_word' id='word_1_782' title='bbox 3011 5282 3187 5338; x_wconf 89' lang='lat' dir='ltr'><strong>omnis</strong></span> <span class='ocrx_word' id='word_1_783' title='bbox 3250 5278 3556 5336; x_wconf 89' lang='lat' dir='ltr'><strong>benedictio</strong></span> 
     </span>
    </p>
   </div>
   <div class='ocr_carea' id='block_1_110' title="bbox 1960 5368 3549 5438">
    <p class='ocr_par' dir='ltr' id='par_1_110' title="bbox 1960 5368 3549 5438">
     <span class='ocr_line' id='line_1_111' title="bbox 1960 5368 3549 5438; baseline -0.008 -1"><span class='ocrx_word' id='word_1_784' title='bbox 1960 5396 2080 5437; x_wconf 92' lang='lat' dir='ltr'><strong>mea</strong></span> <span class='ocrx_word' id='word_1_785' title='bbox 2149 5387 2497 5435; x_wconf 89' lang='lat' dir='ltr'><strong>convertatur</strong></span> <span class='ocrx_word' id='word_1_786' title='bbox 2548 5378 2601 5433; x_wconf 91' lang='lat' dir='ltr'><strong>in</strong></span> <span class='ocrx_word' id='word_1_787' title='bbox 2649 5368 3113 5438; x_wconf 82' lang='lat' dir='ltr'><strong>maledictionem,</strong></span> <span class='ocrx_word' id='word_1_788' title='bbox 3145 5379 3200 5427; x_wconf 92' lang='lat' dir='ltr'><strong>et</strong></span> <span class='ocrx_word' id='word_1_789' title='bbox 3249 5368 3383 5426; x_wconf 78' lang='lat' dir='ltr'><strong>[iant</strong></span> <span class='ocrx_word' id='word_1_790' title='bbox 3430 5369 3549 5426; x_wconf 82' lang='lat' dir='ltr'><strong>dies</strong></span> 
     </span>
    </p>
   </div>
   <div class='ocr_carea' id='block_1_111' title="bbox 1606 5536 2290 5599">
    <p class='ocr_par' dir='ltr' id='par_1_111' title="bbox 1606 5536 2290 5599">
     <span class='ocr_line' id='line_1_112' title="bbox 1606 5536 2290 5599; baseline -0.007 -2"><span class='ocrx_word' id='word_1_791' title='bbox 1606 5539 1842 5597; x_wconf 68' lang='lat' dir='ltr'><strong>VABl/E</strong></span> <span class='ocrx_word' id='word_1_792' title='bbox 1881 5536 2290 5599; x_wconf 83' lang='lat' dir='ltr'><strong>LECTIONES.</strong></span> 
     </span>
    </p>
   </div>
   <div class='ocr_carea' id='block_1_112' title="bbox 351 5650 3192 5755">
    <p class='ocr_par' dir='ltr' id='par_1_112' title="bbox 351 5650 3192 5755">
     <span class='ocr_line' id='line_1_113' title="bbox 351 5650 3192 5755; baseline -0.002 -18"><span class='ocrx_word' id='word_1_793' title='bbox 351 5678 416 5755; x_wconf 57' lang='grc'><strong>⁸7⁸</strong></span> <span class='ocrx_word' id='word_1_794' title='bbox 440 5678 559 5755; x_wconf 77' lang='lat' dir='ltr'><strong>Ind,</strong></span> <span class='ocrx_word' id='word_1_795' title='bbox 593 5679 722 5755; x_wconf 66' lang='lat' dir='ltr'><strong>Bm,</strong></span> <span class='ocrx_word' id='word_1_796' title='bbox 751 5680 1034 5755; x_wconf 74' lang='lat' dir='ltr'><strong>Arnulrum</strong></span> <span class='ocrx_word' id='word_1_797' title='bbox 1061 5681 1203 5755; x_wconf 68' lang='lat' dir='ltr'><strong>abso.</strong></span> <span class='ocrx_word' id='word_1_798' title='bbox 1282 5680 1568 5755; x_wconf 18' lang='lat' dir='ltr'><strong>‘f&#39;gltlanas</strong></span> <span class='ocrx_word' id='word_1_799' title='bbox 1590 5683 1707 5737; x_wconf 86' lang='lat' dir='ltr'><strong>cod.</strong></span> <span class='ocrx_word' id='word_1_800' title='bbox 1784 5684 1854 5755; x_wconf 54' lang='grc' dir='ltr'><strong>ἐπ</strong></span> <span class='ocrx_word' id='word_1_801' title='bbox 1884 5681 2236 5755; x_wconf 43' lang='grc' dir='ltr'><strong>ιειιιεηῃιεηλ</strong></span> <span class='ocrx_word' id='word_1_802' title='bbox 2256 5677 2407 5755; x_wconf 73' lang='lat' dir='ltr'><strong>naui.</strong></span> <span class='ocrx_word' id='word_1_803' title='bbox 2438 5683 2494 5755; x_wconf 74' lang='lat' dir='ltr'><strong>et</strong></span> <span class='ocrx_word' id='word_1_804' title='bbox 2527 5683 2595 5755; x_wconf 25' lang='lat' dir='ltr'><strong>Aut</strong></span> <span class='ocrx_word' id='word_1_805' title='bbox 2636 5650 2944 5755; x_wconf 31' lang='lat' dir='ltr'><strong>anapestilu</strong></span> <span class='ocrx_word' id='word_1_806' title='bbox 2970 5672 3192 5755; x_wconf 71' lang='lat' dir='ltr'><strong>abscisa.</strong></span> 
     </span>
    </p>
   </div>
   <div class='ocr_carea' id='block_1_113' title="bbox 287 5748 1973 5825">
    <p class='ocr_par' dir='ltr' id='par_1_113' title="bbox 287 5748 1973 5825">
     <span class='ocr_line' id='line_1_114' title="bbox 287 5748 1973 5825; baseline 0.002 -22"><span class='ocrx_word' id='word_1_807' title='bbox 287 5750 395 5804; x_wconf 70' lang='lat' dir='ltr'><strong>eod.</strong></span> <span class='ocrx_word' id='word_1_808' title='bbox 472 5748 545 5790; x_wconf 53' lang='lat'><strong>5&quot;</strong></span> <span class='ocrx_word' id='word_1_809' title='bbox 591 5751 787 5820; x_wconf 75' lang='lat' dir='ltr'><strong>Balbo,</strong></span> <span class='ocrx_word' id='word_1_810' title='bbox 817 5753 1036 5822; x_wconf 88' lang='lat' dir='ltr'><strong>bellum,</strong></span> <span class='ocrx_word' id='word_1_811' title='bbox 1084 5752 1718 5825; x_wconf 84' lang='lat' dir='ltr'><strong>episcopiL,perperam</strong></span> <span class='ocrx_word' id='word_1_812' title='bbox 1736 5754 1973 5810; x_wconf 71' lang='lat' dir='ltr'><strong>abscisa.</strong></span> 
     </span>
    </p>
   </div>
   <div class='ocr_carea' id='block_1_114' title="bbox 3297 5671 3563 5729">
    <p class='ocr_par' dir='ltr' id='par_1_114' title="bbox 3297 5671 3563 5729">
     <span class='ocr_line' id='line_1_115' title="bbox 3297 5671 3563 5729; baseline -0.004 0"><span class='ocrx_word' id='word_1_813' title='bbox 3297 5671 3363 5707; x_wconf 80' lang='grc'><strong>⁶²¹</strong></span> <span class='ocrx_word' id='word_1_814' title='bbox 3394 5672 3563 5729; x_wconf 65' lang='lat' dir='ltr'><strong>metti</strong></span> 
     </span>
    </p>
   </div>
   <div class='ocr_carea' id='block_1_115' title="bbox 2052 5746 3357 5807">
    <p class='ocr_par' dir='ltr' id='par_1_115' title="bbox 2052 5746 3357 5807">
     <span class='ocr_line' id='line_1_116' title="bbox 2052 5746 3357 5807; baseline -0.008 1"><span class='ocrx_word' id='word_1_815' title='bbox 2052 5751 2121 5783; x_wconf 71' lang='lat' dir='ltr'><em>m</em></span> <span class='ocrx_word' id='word_1_816' title='bbox 2150 5750 2239 5807; x_wconf 84' lang='lat' dir='ltr'><strong>elli</strong></span> <span class='ocrx_word' id='word_1_817' title='bbox 2271 5750 2372 5805; x_wconf 82' lang='lat' dir='ltr'><strong>fide</strong></span> <span class='ocrx_word' id='word_1_818' title='bbox 2398 5747 2620 5804; x_wconf 79' lang='lat' dir='ltr'><strong>abscisa.</strong></span> <span class='ocrx_word' id='word_1_819' title='bbox 2666 5780 2669 5783; x_wconf 57' lang='grc' dir='ltr'><strong><em>ι</em></strong></span> <span class='ocrx_word' id='word_1_820' title='bbox 2698 5746 2765 5779; x_wconf 64' lang='grc'><strong>⁸⁸⁵</strong></span> <span class='ocrx_word' id='word_1_821' title='bbox 2793 5746 2865 5800; x_wconf 87' lang='lat' dir='ltr'><strong>ita</strong></span> <span class='ocrx_word' id='word_1_822' title='bbox 2895 5746 3013 5800; x_wconf 82' lang='lat' dir='ltr'><strong>cod.</strong></span> <span class='ocrx_word' id='word_1_823' title='bbox 3040 5784 3043 5787; x_wconf 51' lang='grc' dir='ltr'>λ</span> <span class='ocrx_word' id='word_1_824' title='bbox 3356 5770 3357 5773; x_wconf 55' lang='grc' dir='ltr'><strong>η</strong></span> 
     </span>
    </p>
   </div>
  </div>
