3988 5362
532 301 630 356 151

522 505 799 564 Recedant
849 528 880 566 a
929 530 1019 570 me
1056 520 1214 574 amici
1261 524 1406 590 mei,
1450 527 1666 596 sintque
1709 541 1966 601 perpetuo
2010 536 2114 592 ini-

521 596 669 652 niici.
723 599 860 658 Huic
909 621 1007 676 ego
1053 610 1371 682 cirographo
1408 631 1437 670 a
1480 632 1566 673 me
1613 596 1822 688 edito;
1851 623 1905 677 in
1955 629 2109 683 testi-

519 690 759 744 monium
809 694 1195 754 benedictionis
1235 703 1316 759 vel
1369 706 1759 765 maledictionis
1807 727 1940 768 meat
1980 717 2109 772 sub-

517 778 742 845 :cribo,
788 781 1092 856 fratresque
1144 799 1199 844 et
1252 792 1392 849 filios
1443 811 1591 853 meos
1648 809 1708 854 ut
1763 804 2106 862 subscribant

518 879 669 936 rcgo.
701 868 814 941 Ego
841 876 1099 931 Arnulfns
1125 881 1559 956 archiepiscopus
1585 890 1898 962 subscripsi.
1936 915 1956 949 ι

586 956 672 1010 61.
714 960 969 1033 Arnulfus
1006 967 1076 999 ‘5”
1113 968 1342 1027 libellum
1393 975 1464 1009 ⁸⁸⁸
1509 995 1574 1034 ea;
1615 991 1761 1050 parte
1794 956 1978 1053 probat
2005 988 2098 1057 m,

512 1056 562 1099 et
609 1063 674 1102 ea:
721 1063 870 1120 parte
910 1057 1161 1125 vituperat
1188 1062 1277 1115 ⁸³⁸.
1303 1095 1374 1108 —-
1397 1067 1513 1134 Quo
1558 1073 1782 1130 recitato
1803 1114 1820 1141 ,
1850 1091 1879 1131 a
1908 1056 2097 1138 sinodo

493 1138 867 1209 investigatur
926 1159 992 1199 an
1037 1147 1263 1218 alicujus
1317 1159 1752 1226 reprehensionis
1777 1173 1869 1219 aut
1913 1167 2096 1225 defen-

509 1219 680 1277 sionis
723 1227 830 1280 vim
881 1230 1082 1290 habere
1128 1239 1392 1296 videatur.
1441 1245 1592 1302 Tunc
1632 1254 1954 1314 venerabilis
1982 1260 2095 1328 epi-

506 1326 704 1382 scopus
747 1317 1006 1378 Arnull‘us
1030 1364 1044 1390 ,
1087 1341 1152 1383 eo
1179 1333 1322 1398 quod
1351 1334 1585 1392 oﬂicium
1631 1317 2093 1412 interpretandi-ei

506 1404 855 1461 commissum
891 1419 1011 1465 erat
1039 1431 1052 1466 :
1090 1433 1108 1466 ‹
1149 1417 1210 1471 Ει
1237 1419 1336 1489 pro
1378 1438 1455 1490 se,
1488 1425 1682 1497 inquit,
1721 1404 1787 1486 es
1809 1445 1962 1502 parte
1994 1438 2092 1494 de-

504 1487 806 1550 fensionem
863 1503 1142 1572 continet,
1192 1487 1255 1562 etv
1291 1511 1434 1568 vires
1479 1529 1546 1570 ex
1601 1533 1758 1588 parte
1799 1527 2091 1595 reprehen-

503 1584 721 1642 soribns
762 1598 1148 1652 accommodat.
1187 1599 1357 1659 Causa
1387 1621 1618 1682 namque
1649 1621 1708 1667 ut
1730 1616 2089 1692 scriberetur,

501 1671 618 1741 ejus
657 1688 845 1735 auctor
870 1683 1126 1744 Arnulfus
1171 1691 1292 1747 fuit.
1323 1695 1423 1760 Qui
1472 1671 1594 1754 cuin
1639 1703 1967 1766 detestandae

499 1761 742 1830 piditatis
789 1772 976 1834 inorbo
1021 1776 1246 1836 nimium
1292 1783 1600 1858 laboraret,
1649 1795 1758 1864 egit
1809 1761 1964 1867 quod
1997 1761 2081 1859 re-
2109 1800 2156 1860 B

496 1855 756 1921 prehendi
806 1871 1022 1932 potest,
1057 1884 1176 1926 cum
1215 1873 1430 1943 juratus
1460 1855 1618 1938 fidem
1674 1855 1779 1942 non
1821 1855 2075 1949 servavit.

494 1941 613 1997 Hoc
666 1949 812 2005 enim
860 1941 1263 2025 reprehensioni
1304 1973 1623 2028 succumbit.
1679 1977 1749 2033 Et.
1798 1983 1938 2049 quod
1994 1999 2084 2039 sa-

494 2033 706 2100 pientes
751 2049 806 2095 et
843 2043 967 2100 boni
999 2048 1052 2102 id
1096 2051 1390 2113 ell‘ecerunt
1416 2101 1430 2126 ,
1458 2065 1600 2133 quod
1630 2066 1766 2123 dolis
1791 2033 1845 2124 e‘t
1870 2075 2082 2130 astutia:

493 2127 845 2194 perditissimi
896 2137 1135 2197 hominis
1178 2151 1515 2216 eontrairet.
1577 2167 1765 2216 contra
1827 2165 2080 2232 querulos

495 2217 792 2280 defensioni
849 2227 1158 2290 firmitatem
1199 2239 1456 2312 affectat,
1506 2248 1757 2321 viresque
1788 2217 2074 2316 ministrat.

492 2305 563 2364 Et
603 2313 858 2385 quicquid
907 2319 1037 2377 illud
1076 2327 1180 2393 sit,
1233 2305 1539 2392 testimonio
1593 2305 1769 2398 tamen
1822 2347 2079 2404 roboran-

492 2401 622 2502 dum
643 2415 746 2460 est.
764 2405 1335 2490 ProcedatAdalgerus
1349 2429 1648 2500 presbyter.
1665 2433 1830 2490 Adest
1847 2401 2080 2509 namque

492 2491 583 2559 qui
616 2509 794 2551 rerum
826 2501 1021 2558 seriem
1052 2510 1371 2576 proditionis
1399 2521 1647 2577 conscius
1681 2526 1882 2596 Optime
1908 2529 2074 2592 novit.

488 2580 584 2637 llle
634 2587 854 2658 inquam
888 2595 1061 2664 adsit,
1105 2612 1160 2656 et
1204 2616 1398 2663 vestra:
1441 2580 1746 2672 claritudini
1777 2620 2075 2680 inauditum

488 2675 666 2732 scelus
709 2683 926 2753 edicat,
981 2699 1040 2744 ut
1095 2703 1150 2747 et
1200 2699 1287 2753 ubi
1340 2702 1412 2758 sit
1459 2707 1780 2778 vituperatio
1831 2715 2074 2774 habenda

486 2775 828 2861 cognoscatis
847 2816 861 2842 ,
890 2788 942 2833 et
969 2782 1055 2836 ubi
1082 2784 1200 2843 laus
1229 2775 1588 2854 concedenda
1601 2801 1848 2861 videatis.
1889 2827 1912 2861 ιι

557 2857 644 2912 62.
687 2862 1005 2922 Admoretur
1055 2873 1124 2906 ⁸³⁸
1151 2879 1444 2952 Adalgerus
1494 2888 1565 2922 ⁶²⁶

1611 2897 1935 2953 accusationi
1981 2901 2072 2957 m.

486 2943 593 3000 Hic
615 2966 746 3006 rar..
770 2964 1035 3016 accusatio
1056 2965 1146 3021 ωε.

1171 2972 1537 3046 —Adalgerns
1565 2980 1748 3053 itaque
1778 2993 2074 3050 accersitus

483 3039 656 3095 adest.
711 3042 884 3114 Super
936 3053 1039 3108 hac
1086 3073 1144 3112 re
1195 3039 1556 3137 interrogatus
1601 3039 1674 3128 et.
1708 3077 1782 3131 nil
1832 3095 2072 3140 moratus

1645 323 1920 386 RlCllERl
1965 328 2022 384 S.
2067 331 2322 390 REMlGll
2353 336 2656 400 MONACHZ!

528 415 634 470 mei
691 420 884 487 PaUCi.
931 431 984 478 et
1027 427 1398 502 episcopatum
1449 449 1627 492 meum
1674 441 1910 512 accipiat
1949 444 2106 501 alter.
2137 444 2184 502 Α
2213 464 2333 504 cum
2375 453 2490 524 ipse
2517 459 2798 532 episcopus

528 505 792 532 ΠΑΛΑΔ---.
854 528 872 532 Α
931 530 1007 532 η.-
1149 520 1160 532 ο
1201 521 1213 532 ι
1352 524 1364 532 .
1483 527 1494 532 -

3692 369 3799 424 153

2832 466 3150 535 proditionis
3187 480 3377 531 auctor
3418 478 3701 548 extiterit,
3733 495 3797 539 ut

2214 551 2369 595 suum
2410 542 2666 616 ﬂagitium
2695 551 2930 610 melioris
2967 557 3062 612 zeli
3093 558 3306 617 fervore
3331 573 3574 636 tegeret,
3605 571 3796 628 multa:

2209 637 2780 696 excommunicationis
2808 651 2864 698 et
2904 647 3295 708 maledictionis
3335 658 3684 716 anathemate
3709 701 3725 727 ,
3759 679 3791 716 a

2205 733 2432 790 corpore
2476 735 2531 780 et
2576 733 2834 801 sanguine
2883 736 3092 794 Domini
3144 746 3454 814 separavit,
3504 758 3668 820 atque
3719 753 3792 807 ab

2202 814 2432 870 ecclesia
2473 817 2708 878 fidelium
2753 832 3066 900 suspendit,
3099 832 3444 894 Remensium
3471 844 3788 911 praedonum

2200 913 2486 973 auctores,
2529 910 2800 982 factores,
2851 932 3260 991 cooperatores,
3313 910 3595 1000 fautores,
3645 944 3703 990 et
3755 952 3790 991 a

2197 996 2433 1064 propriis
2477 998 2708 1059 dominis
2749 1021 2928 1063 rerum
2985 1012 3084 1066 sub
3112 1017 3400 1084 emptionis
3439 996 3660 1078 nomine
3689 1026 3791 1080 ab-

2197 1086 2540 1147 alienatores.
2575 1093 2680 1150 Sed
2711 1112 2832 1154 cum
2885 1103 3019 1157 tanti
3064 1106 3187 1160 mali
3243 1110 3527 1181 episcopus
3587 1124 3786 1171 auctor

2193 1179 2396 1236 existat
2415 1221 2429 1246 ,
2455 1185 2797 1244 anathemate
2835 1189 3105 1251 involutus
3130 1179 3569 1258 manifestissime
3597 1215 3774 1274 patet.

2193 1265 2344 1334 Quod
2373 1273 2534 1327 etiam
2573 1276 2642 1330 ad
2693 1279 2809 1350 ejus
2854 1285 3388 1358 condempnatioiiem
3461 1310 3569 1351 non
3626 1301 3787 1358 mini-

2191 1371 2339 1412 mum
2370 1361 2528 1417 valet.
2567 1383 2585 1417 ι

2260 1469 2348 1526 6i.
2389 1471 2690 1544 Indignatio
2717 1477 2954 1536 Gualteri
2977 1485 3030 1538 in
3061 1487 3362 1561 Arnulfum.
3389 1524 3459 1536 —
3485 1495 3782 1556 Gualterns

2188 1558 2692 1630 Augustudunensis
2734 1570 3017 1643 episcopus
3053 1577 3188 1632 dixit
3210 1558 3277 1635 ί(
3313 1583 3394 1637 An
3442 1586 3582 1642 male
3628 1605 3782 1646 sanas

2189 1652 2384 1706 mentis
2432 1653 2518 1709 hic
2565 1658 2846 1730 episcopus
2898 1679 3006 1720 non
3053 1678 3136 1722 est
3181 1672 3272 1740 qui
3326 1680 3535 1743 prose
3581 1679 3780 1735 defen-

2188 1741 2367 1797 siones
2418 1744 2647 1814 nititur,
2696 1764 2818 1805 cum
2869 1755 3083 1826 regibus
3129 1768 3184 1814 et
3230 1741 3604 1835 tot—patrihus
3652 1771 3779 1842 ejus

2184 1831 2437 1902 iniquitas
2467 1835 2698 1893 dilucide
2735 1849 2954 1912 pateat,
2983 1856 3038 1902 et
3067 1849 3286 1921 insuper
3327 1831 3627 1930 presbyteri
3664 1831 3779 1929 mat

2181 1921 2353 1978 lorum
2385 1928 2587 1983 conscii
2621 1931 2930 1992 testimonio
2959 1941 3358 1999 convincatur?
3381 1946 3462 2002 An
3493 1949 3609 2020 ipse
3639 1933 3780 2006 malt

2179 2015 2447 2082 inventor,
2470 2021 2773 2089 periculum
2796 2027 3156 2087 anathemati‘s
3173 2035 3406 2093 eVadere
3423 2041 3615 2108 potuit,
3639 2057 3773 2098 cum

2180 2101 2295 2176 ipse
2322 2107 2445 2162 mali
2475 2111 2722 2169 inventor
2747 2123 2801 2169 et
2823 2115 3030 2188 fautor,
3074 2122 3386 2182 inventores
3415 2101 3470 2184 et
3488 2128 3728 2189 factores
3751 2173 3770 2200 ,

2177 2193 2521 2267 fautoresque
2564 2202 2958 2264 maledictionis
2995 2209 3101 2266 telo
3143 2213 3421 2283 perfodit?
3455 2217 3538 2272 An
3590 2193 3770 2290 ipsam

2181 2283 2524 2342 Divinitatem
2555 2289 2655 2346 hec
2698 2296 3032 2364 perpendere
3054 2315 3159 2356 non
3188 2304 3601 2374 animadvertit,
3639 2327 3770 2367 cum

2176 2376 2434 2446 scriptum
2485 2379 2595 2447 sit,
2637 2384 2776 2452 quod
2807 2386 2946 2440 oculi
2996 2387 3208 2446 Domini
3237 2395 3292 2450 in
3331 2399 3472 2450 omni
3499 2398 3769 2456 loco'con-

2176 2467 2487 2536 temptantur
2527 2469 2688 2526 bonos
2728 2483 2775 2527 et
2806 2476 2973 2531 malos
3018 2477 3198 2548 (Prov.
3229 2499 3319 2550 xv,
3369 2485 3470 2556 3)?
3517 2487 3585 2544 Et
3614 2503 3769 2550 certe

2175 2556 2409 2613 arbitror
2431 2597 2446 2625 ,
2490 2561 2616 2629 quia
2639 2563 2772 2617 dixit
2809 2565 3057 2636 insipiens
3085 2571 3138 2624 in
3169 2574 3323 2627 corde
3363 2592 3458 2630 suo
3485 2594 3504 2632 :
3538 2578 3660 2635 Non
3688 2595 3766 2638 est

2174 2647 2315 2704 Deus
2339 2648 2618 2721 (Psal.m,
2646 2655 2718 2726 1).
2747 2657 3172 2718 Animadvertite
3196 2680 3344 2736 ergo,
3369 2679 3568 2738 patres,
3597 2687 3766 2743 quam

2174 2741 2410 2811 corrupti
2458 2753 2584 2798 sunt
2620 2752 2675 2800 et
2718 2748 3106 2810 abominabiles
3146 2752 3274 2810 facti
3327 2769 3452 2812 sunt
3479 2761 3533 2815 in
3567 2741 3768 2820 studiis

2173 2829 2285 2886 suis
2329 2831 2506 2888 factor
2525 2843 2580 2889 et
2608 2835 2803 2894 fautor.
2844 2859 2865 2894 s

2241 2946 2330 3001 65.
2373 2947 2572 3004 Odonis
2613 2953 2839 3024 episcopi
2865 2957 3154 3016 admonitio
3180 2961 3250 2996 ⁶²⁸
3271 2963 3336 3018 de
3353 2965 3553 3034 juditio
3581 2969 3652 3004 ⁸³⁸
3681 2988 3769 3026 ac-

2172 3034 2447 3090 celerando
2470 3037 2559 3091 “3.
2583 3070 2653 3079 —
2678 3039 2792 3098 Odo
2817 3044 3243 3106 Silvanectensis
3264 3053 3550 3125 episcopus
3579 3058 3720 3114 dixit
3748 3080 3762 3114 :

481 3134 770 3199 respondet
802 3154 815 3189 :
854 3157 873 3190 ‹
917 3141 1148 3215 Utinam,
1180 3163 1361 3219 Patres
1399 3126 2072 3232 sanctifinulta-cwvo-ca:
2096 3149 2140 3212 (ἶ
2181 3143 2198 3176 ⁸
2240 3126 2502 3194 Quoniam
2550 3131 2825 3232 réligionif
2871 3151 3032 3232 eiusa
3057 3180 3072 3206 ’
3118 3149 3173 3195 et
3200 3141 3356 3211 jussu
3383 3147 3769 3206 sereniSSimo‘

482 3220 628 3277 tione
656 3231 983 3290 concedatur
1007 3241 1134 3297 mihi
1159 3245 1336 3316 aliqua
1363 3255 1693 3315 remissionis
1717 3261 2064 3337 indulgentia.

483 3312 588 3337 ολ,
651 3321 754 3337 η..
861 3326 874 3337 .
920 3327 969 3337 ..
1041 3333 1053 3337 -

482 3312 589 3428 ﬁed
643 3321 766 3422 quia
808 3326 874 3380 ad
917 3327 969 3384 id
1021 3333 1209 3392 deveni
1236 3312 1265 3407 ,—
1304 3353 1364 3398 ut
1407 3347 1451 3401 si
1491 3312 2068 3428 quiaquin—1‘35};

1237 3403 1244 3407 ν
1506 3403 1618 3420 ,η
1670 3403 1807 3423 1--..
1852 3403 1949 3428 ,ην

477 3403 644 3510 faciat
681 3412 903 3473 inveniri
931 3428 1142 3495 possit,
1173 3431 1224 3485 id
1251 3447 1438 3493 contra
1481 3458 1567 3499 me
1609 3453 1756 3505 stare
1783 3452 2053 3510 videatur-

477 3495 658 3614 ve'rbis
685 3504 1023 3570 brevioribus
1051 3523 1191 3588 quod
1215 3530 1456 3595 quaeritis
1484 3536 1713 3594 edicam.
1760 3542 1932 3614 Dudo,
1965 3516 2070 3605 ΚιιΣ

1231 3589 1246 3595 ,
1528 3589 1713 3594 νκ-ν--η-
1760 3589 1932 3614 -νι-νν
1965 3589 2068 3605 *ιιι*

477 3589 579 3643 roli
618 3594 772 3651 miles
799 3597 820 3666 ,'
859 3601 1106 3666 hortatus
1155 3625 1240 3670 est
1264 3659 1280 3684 ,
1329 3631 1391 3677 ut.
1437 3623 1575 3682 hanc
1615 3631 1756 3687 unde
1809 3637 1897 3693 hic
1925 3654 2072 3710 quaa-

477 3679 595 3710 νιῖιζο
644 3689 858 3710 ---λῃμ
930 3709 936 3710 κ
1229 3707 1241 3710 -

475 3679 597 3736 ritis
644 3689 1001 3754 proditionem
1045 3707 1404 3778 aggrederer,
1444 3715 1522 3770 sic
1548 3679 2062 3799 dominomeo‘lpla-

1391 3775 1397 3778 _
1719 3775 1756 3778 κ-
1804 3775 1920 3782 --ην
1953 3775 2039 3799 ιν·-

480 3787 606 3828 ccre
628 3775 860 3844 juratus.
898 3785 1049 3845 Unde
1079 3808 1200 3850 eum
1231 3799 1280 3854 ci
1309 3795 1414 3858 non
1442 3809 1718 3867 crederem
1743 3854 1758 3880 ,
1792 3817 2065 3876 dominum

474 3877 654 3920 meum
700 3885 798 3940 per
834 3891 922 3932 me
966 3881 1318 3958 interrogavi.
1362 3893 1493 3951 Sese
1537 3899 1590 3953 id
1628 3901 1745 3957 fieri
1794 3908 1929 3964 velle
1977 3927 2062 3968 re-

473 3961 708 4024 spondit.
757 3965 828 4023 Ut
874 3980 1050 4028 autem
1099 3977 1200 4034 hoc
1241 3983 1476 4041 dedecus
1509 3993 1687 4059 specie
1727 3996 1937 4054 honesti
1975 4017 2064 4057 ve-

482 4047 684 4106 laretur
707 4094 722 4120 ,
771 4056 968 4117 Karolo
1009 4081 1202 4123 manus
1233 4072 1391 4139 dedi;
1444 4047 1665 4150 ejusque
1695 4083 1871 4143 factus
1898 4129 1913 4154 ,
1946 4106 2066 4160 pro-

473 4140 748 4198 ditionem.
775 4163 874 4216 per
920 4168 1318 4216 sacramentum
1365 4171 1645 4237 spopondi.
1688 4174 1754 4228 Et
1792 4177 1892 4232 feci
1946 4140 2066 4252 qui-

475 4227 592 4252 Am“
679 4247 727 4252 μ
755 4236 769 4252 ,
970 4243 981 4252 .
1026 4241 1037 4252 .
1287 4251 1298 4252 κ

473 4227 595 4283 dem
622 4271 636 4297 ,
676 4236 770 4288 sed
815 4253 920 4292 non
967 4241 1220 4311 injussus.
1272 4251 1424 4318 Quod
1468 4257 1512 4311 si
1565 4260 1717 4317 vobis
1759 4227 2065 4326 falsumavi-

473 4319 684 4389 deatur,
709 4338 926 4394 paratus
947 4347 1062 4388 sum
1079 4340 1584 4410 omniajuditiorum
1601 4366 1795 4421 genera
1813 4358 2014 4415 subire.
2037 4381 2057 4414 ›

540 4413 632 4472 65.
673 4416 856 4474 Brevis
905 4434 952 4477 et
984 4425 1051 4466 ⁸2⁷
1078 4429 1313 4487 dilucida
1346 4436 1413 4470 “7
1445 4413 1817 4504 demonstratio
1847 4451 1914 4483 ⁸³⁷
1947 4454 2053 4506 cri-

470 4507 636 4566 minis.
658 4510 725 4541 “7
770 4529 802 4565 a
834 4513 1074 4574 Guidone
1117 4524 1352 4596 episcopo
1382 4529 1470 4583 ⁸³⁷.
1495 4562 1564 4572 -
1585 4534 1760 4594 Guido
1811 4539 2055 4600 Suessio-

471 4600 666 4654 nensis
711 4605 993 4678 episcopus
1040 4613 1216 4668 dixit:
1255 4635 1272 4667 ‹
1313 4618 1383 4674 Ut
1429 4623 1517 4677 hic
1559 4640 1626 4680 ex
1656 4629 1864 4686 ratione
1896 4631 2055 4703 hujus

465 4688 786 4761 intelligitur
806 4735 819 4759 ,
851 4699 1008 4754 unius
1035 4713 1217 4760 reatus
1261 4706 1402 4764 forte
1430 4713 1586 4768 ambo
1617 4725 1884 4775 tenentur.
1918 4688 2049 4780 Nam

467 4793 590 4832 cum
642 4781 731 4838 hic
777 4801 898 4842 sese
947 4790 1188 4850 effecisse
1243 4811 1487 4867 asserat,
1532 4820 1636 4861 non
1680 4818 1762 4863 est
1797 4811 2048 4869 immunis

465 4867 584 4937 ejus
630 4871 878 4930 dominus
905 4918 931 4944 ,μ
976 4883 1066 4950 qui
1112 4884 1324 4944 facinus.
1373 4896 1784 4963 perpetrandum
1835 4905 2043 4969 suasit,

465 4973 531 5012 eo
562 4963 702 5030 quod
731 4967 951 5025 sceleris
985 4987 1204 5031 causam
1251 4995 1309 5034 se
1354 4981 1526 5052 ipsum
1560 4988 1867 5055 praebuerit.
1899 4992 2043 5058 Quo-

465 5051 613 5108 niazn
655 5070 783 5126 ergo
833 5062 1114 5134 utriusque
1155 5051 1426 5140 negotium
1482 5076 1684 5134 inditiis
1712 5082 2053 5140 evidentibus

467 5155 680 5201 constat
705 5188 719 5212 ,
761 5166 881 5206 cum
913 5155 1050 5214 alter
1079 5157 1288 5218 facinus
1315 5168 1581 5233 suaserit,
1616 5170 1754 5226 alter
1780 5171 2048 5242 eﬂ'ecerit,

2171 3229 2287 3268 rum
2319 3231 2504 3287 rogum
2531 3258 2546 3284 ,
2597 3221 2685 3276 hic
2719 3223 2927 3281 collecti
2972 3242 3157 3284 sumus
3181 3269 3194 3295 ,
3235 3247 3340 3286 non
3377 3243 3461 3289 est
3507 3236 3766 3302 dill‘eren.

2169 3304 2293 3361 dum
2345 3309 2577 3365 habendi
2616 3311 2795 3382 juditii
2845 3331 3096 3375 examen.
3150 3320 3207 3376 ld
3238 3323 3382 3378 enim
3432 3341 3591 3395 reges
3616 3345 3763 3399 pra:-

2170 3397 2452 3454 stolantur.
2502 3401 2690 3460 Clerus
2719 3415 2774 3460 et
2819 3408 2970 3478 plebs
3020 3411 3161 3466 idem
3191 3424 3498 3484 expectant.
3533 3397 3646 3476 Nec
3670 3433 3758 3480 est

2170 3487 2224 3541 in
2267 3490 2646 3551 diversissimis
2674 3500 3064 3556 sententiarum
3095 3504 3391 3562 rationibus
3419 3508 3621 3566 diutius
3651 3513 3760 3568 im-

2169 3583 2484 3637 morandum
2513 3624 2528 3651 ,
2574 3601 2696 3642 cum
2743 3604 2829 3645 res
2873 3592 2943 3645 sit
2993 3594 3250 3662 evidens,
3298 3607 3354 3653 et
3389 3599 3572 3670 juditii
3615 3604 3762 3661 ratio

2169 3676 2222 3729 in
2270 3687 2519 3746 promptu
2561 3681 2652 3734 sit.
2701 3681 2776 3737 De
2819 3685 3013 3754 quibus
3039 3703 3144 3743 non
3193 3689 3366 3745 solum
3395 3703 3612 3762 patrum
3649 3707 3763 3751 sta-

2169 3774 2284 3820 tuta
2316 3765 2490 3836 legitis
2515 3809 2528 3833 ,
2561 3785 2748 3828 verum
2792 3775 2954 3829 etiam
2997 3793 3091 3847 per
3125 3784 3540 3851 consequentias
3569 3802 3760 3843 rerum

2167 3857 2420 3926 equitatis
2458 3873 2741 3915 censuram
2769 3864 3012 3932 proferre
3040 3884 3144 3923 non
3174 3869 3454 3941 ignoratis.
3488 3893 3508 3926 ι

2236 3988 2322 4042 66.
2388 3991 2596 4060 Arnulﬁ
2676 3998 2944 4063 persuasio
2995 3998 3063 4032 ⁸⁸⁸
3120 4000 3190 4053 ad
3243 4001 3539 4071 defensores
3585 4005 3654 4042 “'
3700 4019 3758 4063 ut

2166 4081 2322 4135 libere
2335 4081 2401 4120 "9
2415 4083 3024 4150 disputent.-—Arnulfus
3039 4091 3435 4149 Aurelianensis
3447 4098 3759 4170 episcopus

2165 4171 2348 4226 dixit:
2391 4173 2602 4240 «Licet,
2644 4185 2825 4246 patres
2856 4182 3168 4247 venerandi,
3216 4185 3316 4239 hec
3358 4188 3661 4244 certissime
3685 4205 3748 4246 se

2164 4261 2244 4316 sic
2301 4263 2574 4332 habeant,
2623 4275 2684 4320 ut
2739 4267 2807 4323 de
2854 4271 3081 4328 Arnnlfo
3131 4275 3528 4345 praedicantur,
3585 4281 3760 4350 pluri-

2164 4353 2374 4423 misque
2425 4357 2708 4413 sententiis
2763 4369 3015 4430 patrum,
3061 4362 3206 4432 justo
3251 4364 3446 4433 juditio
3503 4371 3757 4429 damnari

2163 4447 2375 4513 valeat,
2411 4457 2589 4505 tamen
2632 4466 2700 4506 ne
2749 4455 3036 4511 videamur
3067 4457 3132 4513 de
3164 4457 3348 4516 fratris
3392 4462 3545 4516 ruina
3578 4463 3760 4519 letan-

2165 4546 2243 4591 tes
2265 4580 2280 4605 ,
2328 4541 2464 4595 et-in
2495 4541 2613 4612 ejus
2650 4544 2995 4602 damnatione
3041 4550 3244 4619 absque
3271 4552 3418 4622 justo
3455 4556 3717 4612 ardentes
3738 4555 3783 4622 ,’

2161 4629 2501 4685 statuendum
2537 4635 2806 4688 communi
2853 4637 3067 4693 decreto
3093 4640 3327 4696 arbitror
3351 4681 3366 4708 ,
3416 4652 3474 4698 ut
3503 4646 3758 4713 quicum-

2158 4731 2262 4786 que
2307 4719 2362 4772 in
2408 4719 2525 4789 ejus
2570 4721 2881 4781 defensione
2924 4727 3126 4797 aliquid
3169 4731 3348 4787 dicere
3391 4735 3616 4800 nititur,
3665 4737 3754 4791 lo-

2156 4825 2278 4864 cum
2329 4811 2647 4870 defensandi
2683 4817 2916 4887 habeat,
2945 4823 3186 4878 revolvat
3228 4826 3499 4881 volumina
3523 4869 3537 4894 ,
3566 4830 3754 4898 profe-

2153 4911 2240 4954 rat
2280 4912 2408 4970 quot
2438 4905 2554 4960 vult
2581 4910 2875 4965 sententias
2899 4950 2914 4975 ,
2962 4921 3126 4982 atque
3177 4917 3355 4970 omnia
3387 4933 3506 4987 quae
3552 4922 3618 4976 ad
3651 4922 3753 4980 de-

2155 4989 2448 5048 fensionem
2478 4998 2726 5064 paravit,
2767 5000 2854 5055 hic
2879 5016 3058 5057 coram
3091 5004 3162 5058 nil
3207 5018 3450 5064 metuens
3479 5010 3744 5070 ell'undat.

2153 5083 2328 5151 Atque
2372 5085 2474 5139 hoc
2502 5089 2932 5145 constituendum
2974 5109 3132 5159 reor,
3175 5105 3234 5149 ut
3282 5098 3420 5152 ultra
3448 5101 3529 5154 eis
3557 5101 3750 5157 defen-

2156 5175 2304 5227 sandi
2357 5175 2506 5232 locus
2537 5193 2641 5234 non
2698 5191 2899 5244 pateat.
2951 5184 3049 5240 llic
3078 5194 3281 5241 tantum
3332 5205 3475 5244 nunc
3501 5194 3740 5244 coaitata
