4026 6312
190 360 278 416 155
1037 358 1512 418 HISTORIARUM
1550 363 1730 420 LIBRI
1757 364 2108 434 QUATUOR.
2151 397 2218 411 —
2254 369 2381 426 LIB.
2417 371 2504 428 ιν.

3283 388 3388 445 154

188 478 334 533 hibet.
362 473 416 528 Si
447 471 713 544 quispiam
741 486 868 546 ergo
891 473 1019 547 quid
1045 475 1226 531 dicere
1251 477 1443 543 habet,
1473 485 1531 531 ut
1560 478 1737 534 edicat
1763 465 1811 520 Α
1837 477 1930 532 ille
1982 495 2104 534 mox
2155 482 2494 540 dominorum
2540 487 2767 556 pedibus
2824 501 3141 560 prostratus,
3201 487 3407 554 crimen

187 572 448 619 ammonet.

243 655 322 708 67.
348 651 588 721 Defensio
612 653 678 687 ⁶³¹
729 653 1122 710 scolasticorum
1148 657 1214 689 ⁶³¹
1243 674 1338 728 pro
1384 659 1628 729 Arnuffo.
1666 691 1739 702 --

187 743 377 798 Etcum
403 741 585 811 plures
610 743 682 799 ibi
707 745 1039 810 assisterent,
1069 747 1158 816 qui
1205 748 1259 802 in
1310 749 1622 805 defensione
1653 751 1736 806 ni-

189 841 422 897 terentur,
465 835 686 888 maximi
724 843 902 890 tamen
949 836 1258 894 defensores
1299 839 1450 896 fuere
1492 843 1733 909 abbates,

185 921 314 976 Abbo
339 921 727 989 Floriacensis,
765 934 821 980 et
855 927 1174 983 Ramnulfns
1201 928 1544 996 Senonensis,
1575 941 1738 1002 atque

184 1011 432 1067 Johannes
454 1014 770 1080 scolasticus
803 1015 1279 1074 Autisiodorensis.
1307 1020 1368 1074 lli
1395 1022 1538 1075 enim
1563 1022 1737 1076 scicn-

186 1103 244 1155 tia
285 1103 442 1156 simul
473 1112 529 1158 et
580 1105 884 1174 eloquentia
933 1107 1077 1162 inter
1134 1125 1260 1164 suos
1299 1111 1536 1181 insignes
1575 1112 1736 1167 habe-

181 1192 360 1246 bantur.
393 1192 466 1246 Et
494 1193 696 1247 indicto
725 1194 958 1261 silentio,
982 1196 1238 1253 librorum
1270 1200 1435 1253 multa
1467 1200 1736 1256 volumina

182 1292 338 1351 aperta
366 1293 518 1349 sunt,
546 1285 714 1340 multa
758 1301 970 1356 quoque
999 1303 1066 1342 ex
1116 1300 1329 1359 patrum
1359 1291 1587 1347 decretis
1607 1307 1734 1361 pro-

182 1372 291 1438 lata,
320 1374 579 1428 nonnulla
614 1377 774 1430 etiam
824 1377 891 1431 ad
920 1377 1284 1434 defensionem
1331 1381 1562 1450 objecta.
1590 1381 1736 1436 luter

180 1481 278 1533 quae
297 1476 532 1535 quatuor
553 1467 922 1537 principaliter
952 1468 1542 1537 objiciebant.Aiebant
1569 1473 1730 1535 enim,

180 1555 402 1624 inprimis
433 1573 558 1613 eum
600 1573 712 1613 suae
741 1560 853 1614 sedi
896 1561 1309 1616 restituendum.
1352 1563 1553 1618 Deinde
1605 1563 1736 1632 legi-

181 1647 336 1700 timam
365 1649 420 1702 ei
452 1650 788 1704 vocationem
813 1650 1192 1707 adhibendam.
1219 1652 1354 1707 Tum
1392 1669 1604 1724 quoque
1628 1653 1738 1708 Ro-

179 1751 310 1791 mano
333 1738 582 1807 pontiﬁci
609 1739 663 1793 id
696 1739 1160 1796 innotescendum.
1189 1743 1264 1798 Et.
1279 1754 1578 1814 postremo,
1600 1759 1732 1815 ρους

180 1826 311 1882 tiﬁcis
336 1828 574 1884 Romani
609 1832 956 1894 auctoritate,
987 1832 1040 1886 in
1066 1811 1302 1902 generali
1343 1837 1535 1892 sinodo
1564 1811 1735 1891 totum
1767 1811 1812 1869 Β

179 1915 358 1974 facinus
390 1920 816 1975 discutiendum.
839 1921 953 1976 Hoc
1001 1923 1162 1976 etiam
1193 1925 1487 1979 secundum
1527 1925 1738 1980 divinas

182 2016 226 2060 et
247 2009 512 2064 humanas
538 2010 704 2080 leges,
743 2013 1143 2081 approbandum
1171 2015 1504 2070 asserebant.

234 2095 309 2151 68.
333 2097 643 2166 Inﬁrmatio
675 2100 742 2131 ⁸³³
769 2101 1087 2170 defensionis
1113 2101 1202 2156 ⁶³².
1219 2135 1287 2144 —
1311 2105 1393 2161 Ab
1421 2107 1588 2161 altera
1608 2123 1739 2164 vero

177 2196 307 2254 parte
338 2202 665 2258 responsum
695 2198 798 2256 est,
825 2207 947 2246 eum
987 2193 1102 2248 sedi
1149 2194 1392 2264 pristinae
1433 2212 1539 2252 non
1577 2200 1738 2254 resti-

179 2281 442 2345 tuendum,
477 2295 544 2336 eo
586 2283 728 2351 quod
753 2283 924 2353 culpis
949 2285 1370 2343 evidentissimis
1397 2305 1427 2343 a
1470 2290 1737 2359 probabili

179 2379 476 2428 accusatore
519 2375 827 2443 convictus,
875 2377 944 2432 ad
988 2376 1198 2449 ﬂagicia
1248 2381 1421 2452 magis
1469 2397 1737 2452 praeceps,

180 2475 318 2528 quam
351 2463 422 2517 ad
468 2462 747 2535 religionis
777 2467 1035 2522 honorem
1085 2476 1141 2522 et
1191 2468 1529 2526 dominorum
1583 2471 1741 2526 ﬁdem

180 2553 479 2607 commodus
507 2554 799 2610 videretur.
832 2556 942 2612 Nec
959 2557 1071 2626 jam
1100 2557 1236 2614 ultra
1273 2575 1394 2616 esse
1419 2563 1738 2628 vocandum,

181 2656 279 2696 cum
303 2654 428 2712 post
453 2647 772 2714 proditionis
796 2649 966 2714 nefas,
991 2664 1086 2727 per
1104 2666 1194 2705 sex
1218 2653 1502 2709 continuos
1527 2669 1742 2708 menses

180 2746 388 2789 vocatus
413 2735 602 2803 fuerit,
649 2746 705 2792 et
735 2739 805 2792 ad
833 2740 1096 2795 rationem
1128 2741 1311 2796 venire
1339 2744 1740 2811 contempserit.

179 2821 414 2880 Romano
440 2841 567 2880 vero
588 2828 827 2895 pontiﬁci
861 2829 1125 2884 notiﬁcari
1158 2846 1262 2886 non
1291 2846 1480 2901 posse,
1515 2846 1580 2887 eo
1599 2831 1743 2902 quod

181 2912 381 2970 itineris
419 2915 730 2983 difﬁcultas,
762 2927 925 2987 atque
955 2919 1292 2975 inimicorum
1325 2921 1486 2976 minae
1535 2922 1588 2976 id
1628 2921 1744 2990 pln~

184 3003 367 3058 rimnm
395 3007 769 3075 prohiberent.
803 3009 858 3062 ld
895 3025 1025 3065 vero
1075 3010 1296 3066 sceleris
1326 3011 1440 3080 jam
1488 3027 1594 3067 non
1625 3027 1745 3068 esse

184 3096 583 3162 discutiendum,
613 3114 734 3154 cum
764 3108 933 3154 totum
981 3111 1290 3168 constaret,
1321 3113 1604 3158 accusator
1631 3104 1742 3158 cri-

1837 570 2114 625 confessus
2140 581 2254 638 est;
2303 583 2358 628 et
2398 578 2703 631 sacerdotio
2730 593 2788 633 se
2832 580 3110 652 indignum
3139 599 3408 653 asserens,

1835 673 1934 726 pro
1981 659 2089 712 vita
2128 668 2183 713 et
2235 662 2489 718 membris
2535 663 2768 720 suﬁ'usus
2813 667 3050 725 lacrimis
3082 673 3405 740 postulabat.

1843 746 1994 801 Unde
2017 759 2071 802 et
2100 750 2407 805 universam
2435 753 2681 809 sinodum
2719 756 2771 810 in
2799 757 3049 815 lacrimas
3070 763 3264 835 coegit.
3307 763 3411 819 Re-

1838 851 1930 905 ges
1956 838 2120 891 multa
2152 841 2350 907 pietate
2396 840 2540 910 ﬂexi,
2583 845 2744 899 vitam
2790 857 2845 902 et
2875 851 3237 906 membrorum
3274 853 3412 907 inte-

1840 927 2092 995 gritatem
2124 929 2422 1000 indulgent.
2468 931 2578 987 Sub
2603 937 2843 992 custodia
2893 940 3010 1006 sui,
3038 942 3239 1011 absque
3262 941 3410 1000 ferro

1836 1025 1887 1069 et
1914 1015 2136 1070 vinculis
2157 1018 2457 1073 habendum
2481 1021 2793 1080 decernunt.

1909 1109 1995 1163 71.
2029 1109 2299 1166 Decrelale
2323 1113 2411 1167 ⁸³³.
2440 1115 2602 1174 —‘Et
2621 1132 2651 1170 a
2684 1128 2826 1175 terra
2850 1132 3081 1188 erectus,
3113 1124 3414 1196 interroga-

1837 1206 1927 1252 tur
1975 1215 2042 1253 an
2069 1202 2461 1258 abdicationem
2511 1206 2591 1259 sui
2625 1222 2890 1267 canonum
2940 1214 3259 1270 auctoritate
3305 1217 3414 1271 sol-
3498 1273 3503 1280 ,

1837 1287 2120 1358 Lcmpnitcr
2168 1291 2297 1346 velit
2350 1281 2630 1350 celebrari.
2691 1297 2841 1364 Quod
2890 1316 3011 1356 cum
3041 1304 3412 1374 episcopornnt

1837 1381 2161 1434 ordinationi
2205 1392 2372 1438 totum
2422 1388 2803 1450 committeret,
2836 1407 2956 1445 mox
3010 1394 3283 1450 decretum
3309 1407 3411 1463 est,

1837 1472 2042 1540 utquia
2096 1487 2155 1528 se
2211 1474 2490 1544 indignum
2545 1480 2849 1535 sacerdotio
2879 1483 3248 1548 conﬁtebatur,
3298 1504 3414 1544 sce-

1836 1560 2024 1630 lusque
2051 1578 2155 1617 non
2185 1565 2414 1634 tegebat,
2446 1567 2585 1622 sicut
2611 1571 2862 1638 gradibus
2889 1584 3174 1641 provectus
3199 1575 3316 1652 fuit,
3343 1579 3415 1631 ita

1838 1653 2095 1722 gradibus
2129 1655 2510 1725 deponeretur.
2541 1659 2744 1716 Suasus
2778 1678 2927 1732 ergo,
2953 1666 3172 1735 regibus
3201 1684 3318 1737 qum
3347 1669 3416 1722 ab

1840 1745 1920 1799 eis
1984 1756 2270 1816 acceperat
2327 1751 2577 1817 reddidit,
2629 1755 2990 1810 sacerdotales
3037 1773 3166 1812 vero
3221 1759 3416 1813 infulas

1839 1836 2106 1905 episcopis
2132 1837 2248 1892 sine
2290 1853 2440 1892 mora
2488 1840 2706 1895 laxavit.
2759 1843 3120 1913 interrogatus
3149 1847 3308 1902 etiam
3347 1863 3416 1901 an

1838 1928 2194 1984 abdicationis
2252 1940 2306 1984 et
2347 1932 2553 2000 repudii
2613 1932 2846 1988 libellum
2884 1933 3109 2003 faceret,
3143 1938 3208 1991 ad
3235 1946 3416 1992 votum

1778 2055 1782 2057 ›
1839 2016 2214 2086 episcoporum
2245 2019 2426 2073 omnia
2456 2034 2578 2074 sese
2606 2019 2870 2076 facturum
2906 2025 3203 2093 respondit.
3236 2024 3302 2079 Et
3353 2025 3416 2078 li-

1837 2107 2037 2164 bellum
2069 2122 2192 2164 mox
2219 2111 2476 2179 scriptum
2513 2122 2578 2165 et
2601 2112 2863 2180 oblatum,
2904 2130 3088 2170 coram
3120 2116 3337 2186 regibus
3360 2115 3417 2170 in

1841 2197 2068 2254 concilio
2092 2197 2240 2269 legit,
2279 2209 2442 2270 atque
2467 2201 2806 2271 subscripsit.

1894 2287 2003 2343 '72.
2038 2286 2232 2342 Textus
2279 2289 2438 2343 libelli
2463 2291 2664 2359 repudii
2687 2289 2759 2322 ⁸³⁸⁵·
2791 2291 3296 2361 Amulﬁ.—Textus
3324 2309 3422 2348 au-

1843 2387 1948 2434 tem
1965 2377 2127 2433 libelli
2157 2379 2463 2450 hujusmodi
2489 2389 2608 2434 erat
2632 2395 2646 2433 :
2668 2399 2686 2431 ι
2721 2380 2834 2451 Ego
2858 2381 3114 2436 Arnulfus
3138 2383 3306 2452 gratia
3325 2383 3419 2437 Dei

1843 2467 2131 2523 Remorum
2145 2472 2412 2538 quondam
2428 2471 3063 2540 episcopus,regnoscens
3077 2473 3420 2542 fragilitatem

1844 2573 2038 2622 meam,
2075 2567 2130 2613 et
2153 2561 2391 2628 pondera
2413 2569 2754 2628 peccatorum
2783 2575 3044 2626 meorum,
3077 2572 3241 2616 testes
3286 2577 3422 2616 con-

1842 2640 2075 2703 fessores
2097 2664 2245 2704 meos
2276 2649 2555 2720 Signinum
2586 2651 3071 2722 archiepiscopum,
3108 2653 3418 2706 Daibertum

1845 2738 2325 2808 arcltiepisc0pum,
2342 2739 2625 2794 Arnulfnnt
2641 2741 2972 2811 episcopum,
2987 2742 3421 2798 Godesmaunnm

1845 2828 2174 2897 episcopum,
2193 2829 2478 2884 lleriveum
2503 2829 2811 2899 episcopum
2833 2872 2847 2896 ,
2872 2830 3173 2885 Ratbodum
3215 2831 3425 2900 episco-

1843 2931 1991 2986 pum,
2010 2916 2305 2971 Walterum
2317 2919 2625 2987 episcopum
2637 2958 2650 2983 ,
2666 2918 2966 2973 Brnnonem
2982 2919 3312 2990 episcopum,
3327 2919 3424 2972 Mi-

1846 3005 2022 3060 lonem
2046 3006 2384 3076 episcopum,
2405 3005 2800 3061 Adalberonem
2823 3008 3152 3078 episc0pum,
3183 3007 3422 3063 Odonem

1847 3093 2181 3164 episcopum,
2214 3094 2501 3150 Widonem
2548 3095 2886 3166 episcopum,
2934 3095 3270 3151 Heribcrtnm
3313 3097 3426 3166 epi-

185 3201 297 3242 men
320 3189 635 3255 intenderet,
677 3204 742 3244 ac
772 3189 1166 3245 ﬁrmamentum
1193 3162 1469 3261 multiplex
1498 3190 1743 3257 afferret;
1774 3162 1820 3222 θ
1850 3203 2091 3259 scopum,
2123 3189 2376 3243 constitui
2407 3187 2537 3242 mibi
2558 3186 2768 3256 judices
2799 3188 3116 3244 delictorum
3158 3203 3422 3253 meorum,

186 3289 300 3330 reus
325 3291 448 3331 vero
469 3278 748 3332 convictus
773 3279 847 3332 nil
870 3288 1056 3334 contra
1083 3279 1305 3335 valeret.
1337 3280 1431 3336 His
1452 3281 1746 3350 episcopo-

187 3379 293 3421 rum
342 3369 623 3423 sententiis
661 3368 826 3424 multa
868 3370 1076 3425 ratione
1125 3369 1379 3442 prolatis,
1435 3370 1745 3426 defensores

188 3462 387 3512 cedunt.

248 3547 327 3601 69.
358 3546 566 3614 Quibus
588 3563 616 3600 a
641 3548 949 3603 defensione
963 3548 1323 3614 cessantibus,
1347 3549 1584 3618 episcopi
1609 3549 1743 3604 nihil

189 3635 313 3692 aliud
339 3654 646 3708 superesse,
686 3641 788 3695 nisi
819 3640 1102 3695 Arnull‘nm
1135 3640 1187 3692 in
1222 3639 1455 3694 medium
1502 3650 1743 3696 statuen-

190 3731 295 3785 dum
338 3735 652 3797 censebant,
686 3742 743 3786 ut
790 3749 888 3802 pro
917 3747 975 3788 se
1018 3747 1137 3801 qum
1184 3731 1344 3786 vellet
1372 3733 1737 3801 responderet.

189 3811 400 3876 Vocatus
421 3823 601 3890 itaque
647 3823 699 3876 in
730 3823 918 3877 ordine
941 3822 1316 3891 episcoporum
1348 3821 1607 3875 consedit.
1643 3820 1742 3874 Cui

189 3920 447 3979 postquam
504 3913 572 3965 ab
613 3911 879 3981 episcopis
931 3910 1096 3964 multa
1142 3910 1289 3964 illata
1338 3909 1742 3980 fuere,quibus

189 4001 451 4057 conclusus
478 4003 730 4066 cessavit,
759 4012 812 4056 et
841 4001 928 4056 ille
953 4010 1010 4055 ut
1032 4002 1206 4071 potuit
1230 4001 1332 4054 alia
1363 4000 1612 4065 intendit,
1638 4001 1742 4055 alia

191 4091 422 4158 reppulit,
463 4091 646 4145 victus.
686 4099 898 4155 tamen,
956 4097 1395 4158 argumentorum
1449 4091 1743 4144 rationibus

191 4184 467 4248 succubuit,
491 4192 546 4237 et
572 4197 689 4238 sese
721 4197 870 4237 reum
896 4195 959 4238 ac
997 4182 1298 4240 sacerdotio
1344 4181 1616 4252 indignum
1648 4196 1741 4236 co-

193 4288 284 4328 ram
313 4275 594 4330 confessus
616 4285 718 4330 cst.

243 4365 324 4418 70.
358 4365 558 4434 Regum
580 4365 650 4396 ⁸³³
694 4367 956 4436 ingressus
984 4365 1052 4396 ⁸³³
1094 4366 1149 4418 in
1193 4364 1455 4418 sinodum.
1491 4394 1560 4407 -—-—
1592 4363 1742 4431 Quod

192 4467 293 4512 cum
326 4455 543 4525 regibus
596 4466 904 4525 suggestum
949 4464 1070 4519 est,
1100 4455 1199 4523 ipsi
1251 4470 1375 4509 cum
1426 4455 1742 4525 primatibus

193 4557 326 4599 sacro
351 4547 728 4615 episcoporum
765 4545 1050 4600 conventni
1093 4560 1209 4600 sese
1253 4545 1747 4614 inferunt;gratias

193 4636 430 4706 episcopis
461 4638 770 4702 reddentes,
798 4652 862 4693 eo
892 4638 1033 4706 quod
1066 4653 1165 4706 pro
1211 4652 1268 4692 se
1293 4646 1346 4690 et
1375 4638 1547 4692 salute
1595 4638 1745 4707 prin-

191 4723 344 4792 cipum
371 4727 458 4780 diu
480 4727 886 4782 deliberassent.
914 4727 1110 4781 Petunt
1129 4742 1340 4796 quoque
1367 4737 1635 4798 gestorum
1661 4744 1745 4783 se-

193 4813 308 4868 riem
328 4818 426 4872 sibi
450 4819 645 4884 evolvi,
666 4829 722 4874 et
743 4820 794 4873 in
820 4834 927 4889 quo
952 4820 1293 4875 constiterint
1321 4822 1590 4874 rationum
1617 4822 1741 4876 line.

194 4903 323 4961 Tunc
341 4909 500 4962 etiam
526 4910 766 4964 omnium
798 4919 1070 4980 gestorum
1109 4911 1279 4964 series
1328 4912 1544 4981 regibus
1574 4927 1744 4980 expo-

194 4993 278 5046 sita
309 5005 406 5053 est.
457 4997 586 5052 Post
630 5000 868 5052 auditum
923 4999 1244 5053 narrationis
1293 5001 1575 5068 ordinem,
1627 5001 1742 5072 jam

196 5089 383 5154 tempus
444 5089 635 5143 adesse
693 5087 868 5156 juditii
936 5088 1152 5143 habenti
1214 5100 1543 5144 asseverant.
1591 5090 1741 5146 Tunc

197 5171 405 5244 episcopi
454 5177 740 5232 Arnnlfum
787 5187 846 5232 ut
897 5193 1082 5248 regum
1127 5180 1351 5246 genibus
1401 5181 1745 5249 provolvatur

197 5275 532 5330 commonent,
565 5280 771 5323 reatum
795 5284 1006 5338 quoque
1028 5285 1194 5324 suum
1212 5271 1552 5334 confiteatur,
1585 5279 1746 5339 atque

194 5362 278 5416 pro
300 5356 374 5409 sui
425 5358 552 5422 vita,
587 5366 642 5413 et
691 5360 1053 5414 membrorum
1110 5357 1416 5429 integritate
1463 5359 1742 5428 supplicet.

1845 3288 1900 3334 et
1921 3294 2108 3347 puram
2137 3279 2264 3348 ipsis
2279 3277 2672 3334 confessionem
2695 3279 2835 3343 dedi,
2851 3292 3098 3347 quaerens
3126 3279 3424 3333 remedium

1843 3370 2146 3439 penitendi,
2178 3380 2233 3424 et
2271 3371 2506 3425 salutem
2520 3372 2714 3425 animae
2743 3385 2895 3436 inea),
2931 3381 2990 3448 ut
3019 3372 3327 3426 recederem
3357 3371 3425 3424 ab

1841 3458 2015 3515 oﬁicio
2029 3467 2083 3514 et
2106 3460 2407 3514 ministerio
2420 3460 2733 3526 pontiﬁcali,
2750 3476 2860 3528 quo
2873 3461 3292 3530 me'recognosco
3307 3473 3426 3513 esse

1843 3547 2142 3616 indignum,
2171 3557 2225 3602 et
2253 3548 2484 3604 alienum
2515 3564 2602 3603 me
2637 3550 2867 3603 reddens
2896 3564 2994 3618 pro
3021 3549 3258 3604 rcatibus
3288 3547 3425 3602 meis

1843 3637 1896 3691 in
1933 3640 2128 3707 quibus
2179 3654 2432 3708 peccasse
2461 3648 2672 3693 secreto
2707 3639 2838 3707 ipsis
2869 3638 2936 3670 ⁸³⁵
2971 3637 3252 3692 confessus
3280 3650 3422 3698 sum,

1841 3734 1898 3781 et
1916 3727 1980 3781 de
2005 3729 2198 3795 quibus
2217 3728 2426 3796 publice
2446 3729 2728 3796 argnebar,
2754 3743 2818 3782 eo
2834 3727 3037 3781 scilicet
3059 3727 3217 3780 modo
3243 3736 3301 3779 ut
3324 3723 3425 3794 ipsi

1843 3816 1951 3870 sint
1979 3825 2157 3877 testes,
2186 3825 2571 3885 etpotcstatem
2597 3816 3272 3870 babeantsubstitnendiet
3290 3829 3424 3868 con-
3519 3809 3522 3812 ’

1841 3903 2087 3960 secrandi
2116 3905 2276 3958 alium
2299 3906 2350 3958 in
2376 3904 2491 3959 loco
2514 3920 2653 3970 meo,
2682 3905 2772 3974 qui
2801 3906 2957 3971 digne
2977 3919 3208 3974 praeesse
3232 3913 3285 3958 et
3300 3918 3425 3971 pro-

1842 3996 1997 4050 desse
2013 3994 2178 4065 possit
2195 3995 2451 4050 ecclesiae
2463 3995 2547 4050 cui
2565 4004 2788 4049 actenus
2804 3995 3050 4064 indignus
3065 3992 3270 4064 praefui.
3285 3993 3349 4046 Et
3365 4001 3425 4046 ut

1843 4086 1969 4141 inde
1999 4086 2137 4140 ultra
2176 4087 2376 4142 nullam
2399 4087 2770 4157 repetitionem
2794 4095 2886 4139 aut
2916 4085 3424 4155 interpellationem,

1843 4177 2168 4232 auctoritate
2197 4178 2454 4232 canonica
2482 4177 2664 4233 facere
2690 4177 2926 4241 valeam,
2963 4192 3125 4230 manu
3154 4190 3272 4230 mea
3300 4190 3425 4244 pro-

1842 4269 1957 4339 pria
1997 4270 2343 4324 subscribens
2372 4269 2600 4324 firmavi.
2630 4268 2746 4335 Quo
2778 4271 2853 4323 ita
2884 4269 3144 4338 perlecta,
3178 4269 3249 4321 ita
3293 4267 3423 4321 sub-

1845 4358 2061 4426 scripsi.
2092 4358 2204 4427 Ego
2228 4356 2488 4411 Arnulfus
2510 4360 2781 4426 quondam
2817 4357 3104 4412 Remorum
3151 4356 3423 4424 archiepi-

1851 4464 2046 4518 sc0pus
2072 4449 2382 4518 subscripsi.
2417 4469 2435 4502 ι
2469 4449 2686 4504 Necnon
2716 4459 2769 4504 et
2789 4451 3063 4503 adstantes
3088 4447 3324 4518 episcopi
3356 4447 3428 4501 ab

1847 4551 1912 4590 eo
1935 4538 2103 4605 rogati
2129 4545 2186 4590 ut
2214 4538 2616 4592 subscriberent
2637 4577 2651 4602 ,
2676 4538 3128 4606 subscripserunt,
3155 4545 3317 4604 atque
3345 4535 3424 4588 sic

1847 4629 1895 4682 ei
1923 4629 2311 4696 responderent
2343 4646 2357 4682 :
2392 4648 2410 4679 ι
2451 4629 2757 4683 Secundum
2783 4626 3170 4696 professionem
3199 4635 3255 4681 et
3298 4626 3423 4680 sub-

1847 4720 2191 4789 scriptionem
2229 4728 2375 4773 tuam
2403 4735 2552 4773 cessa
2583 4719 2650 4773 ab
2677 4717 2867 4772 oflicio.
2909 4735 2932 4768 ι
2963 4717 3091 4773 Post
3119 4718 3218 4771 hec
3245 4730 3429 4770 sacra-

1847 4809 2014 4863 menti
2035 4809 2156 4879 jure
2186 4809 2284 4864 bos
2306 4809 2397 4877 qui
2428 4808 2509 4862 sui
2540 4805 2756 4861 fuerant
2795 4806 3053 4870 absolvit,
3079 4818 3240 4876 atque
3263 4804 3423 4858 liber-

1849 4909 2016 4954 tatem
2052 4900 2360 4954 transeundi
2388 4901 2440 4952 in
2457 4896 2547 4966 jus
2571 4896 2794 4951 alterius
2821 4897 2997 4951 victus
3023 4895 3314 4951 concessit.

1920 4993 2003 5045 75.
2059 4991 2322 5060 Depositio
2361 4990 2429 5021 ⁸³⁵
2457 4988 2704 5057 Adalgeri
2748 4988 3016 5056 presbiteri
3069 5005 3100 5042 a
3137 4987 3205 5018 ⁸⁸⁸
3244 4985 3422 5056 gradi-

1851 5084 1942 5137 bus
1976 5081 2274 5135 ‘“.-—Dum
2307 5081 2408 5134 hec
2436 5080 2603 5133 multa
2625 5078 3052 5133 consideratione
3075 5087 3416 5149 gererentur,

1848 5173 2146 5241 Adalgerus
2171 5169 2438 5240 presbiter
2471 5184 2535 5224 eo
2565 5169 2705 5238 quod
2752 5169 3130 5223 communione
3181 5168 3420 5238 privatus

1849 5272 1992 5320 esset
2017 5277 2200 5333 regum
2232 5261 2454 5331 pedibus
2478 5257 2809 5328 provolutus,
2835 5258 3004 5313 multa
3036 5253 3424 5320 conquestione

1851 5355 2198 5426 querebatur,
2221 5349 2583 5407 communioni
2606 5358 2798 5420 petens
2829 5347 3055 5414 restitui,
3082 5345 3296 5417 parcius
3318 5342 3419 5399 sibi

1450 5517 1685 5574 VARIAS
1724 5515 2126 5574 LECTIONES.

251 5651 314 5729 δέ’
335 5657 558 5729 defensi,
590 5659 810 5729 ticorum
834 5659 1054 5713 abscisa.
1132 5661 1200 5692 ⁸³⁸
1240 5659 1360 5726 nﬁr,
1388 5657 1624 5716 defensio
1655 5659 1876 5714 abscisa.
1954 5659 2021 5691 ⁵³³
2060 5657 2264 5729 Regum
2302 5658 2410 5726 ing,
2443 5655 2638 5711 Decrct
2686 5653 2905 5706 abscisa.
2981 5650 3052 5683 ⁸³⁸
3096 5665 3224 5722 repu
3276 5649 3424 5703 abte.

193 5719 251 5752 ⁸³⁸
270 5723 363 5796 ipsi
400 5745 445 5781 c.
520 5719 589 5760 πί
614 5727 742 5798 Dep,
771 5745 798 5782 a
831 5745 924 5800 gra
947 5731 1170 5785 abscisa.
