  <div class='ocr_page' id='page_1' title='image "/cluster/home/n/w/nwhite01/storage/ocr_20150623/138/hvd.32044015471774/083.png"; bbox 0 0 3910 5336; ppageno 0'>
   <div class='ocr_carea' id='block_1_1' title="bbox 559 326 664 413">
    <p class='ocr_par' dir='ltr' id='par_1_1' title="bbox 559 326 664 413">
     <span class='ocr_line' id='line_1_1' title="bbox 559 326 664 413; baseline 0.01 -31"><span class='ocrx_word' id='word_1_1' title='bbox 559 326 664 413; x_wconf 73' lang='lat' dir='ltr'><strong>iss</strong></span> 
     </span>
    </p>
   </div>
   <div class='ocr_carea' id='block_1_2' title="bbox 1730 341 2746 409">
    <p class='ocr_par' dir='ltr' id='par_1_2' title="bbox 1730 341 2746 409">
     <span class='ocr_line' id='line_1_2' title="bbox 1730 341 2746 409; baseline 0.012 -12"><span class='ocrx_word' id='word_1_2' title='bbox 1730 341 2010 403; x_wconf 77' lang='lat' dir='ltr'><strong>lllCllERl</strong></span> <span class='ocrx_word' id='word_1_3' title='bbox 2048 345 2106 403; x_wconf 88' lang='lat' dir='ltr'><strong>S.</strong></span> <span class='ocrx_word' id='word_1_4' title='bbox 2140 345 2400 409; x_wconf 79' lang='lat' dir='ltr'><strong>REMIGII</strong></span> <span class='ocrx_word' id='word_1_5' title='bbox 2431 348 2746 409; x_wconf 75' lang='lat' dir='ltr'><strong>MONACHI</strong></span> 
     </span>
    </p>
   </div>
   <div class='ocr_carea' id='block_1_3' title="bbox 3723 365 3829 420">
    <p class='ocr_par' dir='ltr' id='par_1_3' title="bbox 3723 365 3829 420">
     <span class='ocr_line' id='line_1_3' title="bbox 3723 365 3829 420; baseline -0.038 0"><span class='ocrx_word' id='word_1_6' title='bbox 3723 365 3829 420; x_wconf 71' lang='lat'><strong>156</strong></span> 
     </span>
    </p>
   </div>
   <div class='ocr_carea' id='block_1_4' title="bbox 556 435 3828 545">
    <p class='ocr_par' dir='ltr' id='par_1_4' title="bbox 556 435 3828 545">
     <span class='ocr_line' id='line_1_4' title="bbox 556 435 3828 545; baseline 0.013 -54"><span class='ocrx_word' id='word_1_7' title='bbox 556 435 894 545; x_wconf 60' lang='lat' dir='ltr'><strong>inferendam</strong></span> <span class='ocrx_word' id='word_1_8' title='bbox 915 455 1204 545; x_wconf 69' lang='lat' dir='ltr'><strong>censuram</strong></span> <span class='ocrx_word' id='word_1_9' title='bbox 1236 456 1407 545; x_wconf 76' lang='lat' dir='ltr'><strong>ratus,</strong></span> <span class='ocrx_word' id='word_1_10' title='bbox 1430 464 1499 507; x_wconf 89' lang='lat' dir='ltr'><strong>eo</strong></span> <span class='ocrx_word' id='word_1_11' title='bbox 1532 454 1676 524; x_wconf 91' lang='lat' dir='ltr'><strong>quod</strong></span> <span class='ocrx_word' id='word_1_12' title='bbox 1707 452 1895 524; x_wconf 78' lang='lat' dir='ltr'><strong>jussus</strong></span> <span class='ocrx_word' id='word_1_13' title='bbox 1921 458 2139 515; x_wconf 85' lang='lat' dir='ltr'><strong>domino</strong></span> <span class='ocrx_word' id='word_1_14' title='bbox 2165 452 2219 515; x_wconf 77' lang='grc' dir='ltr'><strong>Δ</strong></span> <span class='ocrx_word' id='word_1_15' title='bbox 2243 461 2467 517; x_wconf 89' lang='lat' dir='ltr'><strong>multam</strong></span> <span class='ocrx_word' id='word_1_16' title='bbox 2495 463 2798 535; x_wconf 75' lang='lat' dir='ltr'><strong>pollicetur.</strong></span> <span class='ocrx_word' id='word_1_17' title='bbox 2847 466 3002 538; x_wconf 87' lang='lat' dir='ltr'><strong>Quod</strong></span> <span class='ocrx_word' id='word_1_18' title='bbox 3053 478 3110 527; x_wconf 88' lang='lat' dir='ltr'><strong>et</strong></span> <span class='ocrx_word' id='word_1_19' title='bbox 3156 471 3427 545; x_wconf 86' lang='lat' dir='ltr'><strong>utrimque</strong></span> <span class='ocrx_word' id='word_1_20' title='bbox 3475 485 3828 533; x_wconf 86' lang='lat' dir='ltr'><strong>sacramento</strong></span> 
     </span>
    </p>
   </div>
   <div class='ocr_carea' id='block_1_5' title="bbox 557 527 2143 620">
    <p class='ocr_par' dir='ltr' id='par_1_5' title="bbox 557 527 2143 620">
     <span class='ocr_line' id='line_1_5' title="bbox 557 527 2143 620; baseline 0.018 -41"><span class='ocrx_word' id='word_1_21' title='bbox 557 527 1062 620; x_wconf 83' lang='lat' dir='ltr'><strong>obtemperavisset.</strong></span> <span class='ocrx_word' id='word_1_22' title='bbox 1089 534 1258 603; x_wconf 92' lang='lat' dir='ltr'><strong>Quem</strong></span> <span class='ocrx_word' id='word_1_23' title='bbox 1298 537 1556 598; x_wconf 80' lang='lat' dir='ltr'><strong>Arnulfus</strong></span> <span class='ocrx_word' id='word_1_24' title='bbox 1602 544 2006 605; x_wconf 81' lang='lat' dir='ltr'><strong>Aurelianensis</strong></span> <span class='ocrx_word' id='word_1_25' title='bbox 2030 552 2143 620; x_wconf 86' lang='lat' dir='ltr'><strong>epi-</strong></span> 
     </span>
    </p>
   </div>
   <div class='ocr_carea' id='block_1_6' title="bbox 558 618 2140 711">
    <p class='ocr_par' dir='ltr' id='par_1_6' title="bbox 558 618 2140 711">
     <span class='ocr_line' id='line_1_6' title="bbox 558 618 2140 711; baseline 0.018 -43"><span class='ocrx_word' id='word_1_26' title='bbox 558 628 755 685; x_wconf 88' lang='lat' dir='ltr'><strong>scopus</strong></span> <span class='ocrx_word' id='word_1_27' title='bbox 798 618 1023 676; x_wconf 90' lang='lat' dir='ltr'><strong>adorsus</strong></span> <span class='ocrx_word' id='word_1_28' title='bbox 1054 640 1091 711; x_wconf 9' lang='lat'><strong>7:</strong></span> <span class='ocrx_word' id='word_1_29' title='bbox 1133 642 1155 676; x_wconf 67' lang='grc' dir='ltr'>ε</span> <span class='ocrx_word' id='word_1_30' title='bbox 1189 625 1583 700; x_wconf 82' lang='lat' dir='ltr'><strong>Numquidnam</strong></span> <span class='ocrx_word' id='word_1_31' title='bbox 1621 653 1639 687; x_wconf 73' lang='grc' dir='ltr'><strong>ι</strong></span> <span class='ocrx_word' id='word_1_32' title='bbox 1691 635 1866 708; x_wconf 92' lang='lat' dir='ltr'><strong>inquit</strong></span> <span class='ocrx_word' id='word_1_33' title='bbox 1908 657 1927 690; x_wconf 80' lang='grc' dir='ltr'>ι</span> <span class='ocrx_word' id='word_1_34' title='bbox 1960 618 2140 711; x_wconf 86' lang='lat' dir='ltr'><strong>juditii</strong></span> 
     </span>
    </p>
   </div>
   <div class='ocr_carea' id='block_1_7' title="bbox 558 715 2140 798">
    <p class='ocr_par' dir='ltr' id='par_1_7' title="bbox 558 715 2140 798">
     <span class='ocr_line' id='line_1_7' title="bbox 558 715 2140 798; baseline 0.02 -42"><span class='ocrx_word' id='word_1_35' title='bbox 558 715 836 774; x_wconf 80' lang='lat' dir='ltr'><strong>expertem</strong></span> <span class='ocrx_word' id='word_1_36' title='bbox 871 717 922 764; x_wconf 90' lang='lat' dir='ltr'><strong>te</strong></span> <span class='ocrx_word' id='word_1_37' title='bbox 974 718 1064 766; x_wconf 89' lang='lat' dir='ltr'><strong>tua</strong></span> <span class='ocrx_word' id='word_1_38' title='bbox 1100 715 1331 772; x_wconf 86' lang='lat' dir='ltr'><strong>conficta</strong></span> <span class='ocrx_word' id='word_1_39' title='bbox 1389 720 1549 777; x_wconf 85' lang='lat' dir='ltr'><strong>hodie</strong></span> <span class='ocrx_word' id='word_1_40' title='bbox 1595 722 1834 779; x_wconf 80' lang='lat' dir='ltr'><strong>facient?</strong></span> <span class='ocrx_word' id='word_1_41' title='bbox 1873 726 2140 798; x_wconf 85' lang='lat' dir='ltr'><strong>Numquid</strong></span> 
     </span>
    </p>
   </div>
   <div class='ocr_carea' id='block_1_8' title="bbox 559 798 2139 881">
    <p class='ocr_par' dir='ltr' id='par_1_8' title="bbox 559 798 2139 881">
     <span class='ocr_line' id='line_1_8' title="bbox 559 798 2139 881; baseline 0.018 -34"><span class='ocrx_word' id='word_1_42' title='bbox 559 802 616 847; x_wconf 92' lang='lat' dir='ltr'><strong>tu</strong></span> <span class='ocrx_word' id='word_1_43' title='bbox 639 809 698 850; x_wconf 86' lang='lat' dir='ltr'><strong>es</strong></span> <span class='ocrx_word' id='word_1_44' title='bbox 726 798 818 867; x_wconf 92' lang='lat' dir='ltr'><strong>qui</strong></span> <span class='ocrx_word' id='word_1_45' title='bbox 857 799 1051 857; x_wconf 88' lang='lat' dir='ltr'><strong>Karolo</strong></span> <span class='ocrx_word' id='word_1_46' title='bbox 1076 816 1260 873; x_wconf 86' lang='lat' dir='ltr'><strong>portas</strong></span> <span class='ocrx_word' id='word_1_47' title='bbox 1302 812 1583 881; x_wconf 89' lang='lat' dir='ltr'><strong>aperuisti,</strong></span> <span class='ocrx_word' id='word_1_48' title='bbox 1619 823 1675 870; x_wconf 82' lang='lat' dir='ltr'><strong>et</strong></span> <span class='ocrx_word' id='word_1_49' title='bbox 1716 815 1983 873; x_wconf 80' lang='lat' dir='ltr'><strong>hostiliter</strong></span> <span class='ocrx_word' id='word_1_50' title='bbox 2017 835 2139 875; x_wconf 88' lang='lat' dir='ltr'><strong>cum</strong></span> 
     </span>
    </p>
   </div>
   <div class='ocr_carea' id='block_1_9' title="bbox 559 884 2141 981">
    <p class='ocr_par' dir='ltr' id='par_1_9' title="bbox 559 884 2141 981">
     <span class='ocr_line' id='line_1_9' title="bbox 559 884 2141 981; baseline 0.019 -40"><span class='ocrx_word' id='word_1_51' title='bbox 559 884 651 942; x_wconf 90' lang='lat' dir='ltr'><strong>illo</strong></span> <span class='ocrx_word' id='word_1_52' title='bbox 677 899 865 946; x_wconf 89' lang='lat' dir='ltr'><strong>sancta</strong></span> <span class='ocrx_word' id='word_1_53' title='bbox 911 905 1219 953; x_wconf 90' lang='lat' dir='ltr'><strong>sanctorum</strong></span> <span class='ocrx_word' id='word_1_54' title='bbox 1251 901 1527 972; x_wconf 87' lang='lat' dir='ltr'><strong>ingressus</strong></span> <span class='ocrx_word' id='word_1_55' title='bbox 1555 907 1650 961; x_wconf 84' lang='lat' dir='ltr'><strong>es?</strong></span> <span class='ocrx_word' id='word_1_56' title='bbox 1684 907 1954 981; x_wconf 81' lang='lat' dir='ltr'><strong>Numquid</strong></span> <span class='ocrx_word' id='word_1_57' title='bbox 1990 922 2044 969; x_wconf 91' lang='lat' dir='ltr'><strong>tu</strong></span> <span class='ocrx_word' id='word_1_58' title='bbox 2080 930 2141 972; x_wconf 91' lang='lat' dir='ltr'><strong>es</strong></span> 
     </span>
    </p>
   </div>
   <div class='ocr_carea' id='block_1_10' title="bbox 559 979 2138 1070">
    <p class='ocr_par' dir='ltr' id='par_1_10' title="bbox 559 979 2138 1070">
     <span class='ocr_line' id='line_1_10' title="bbox 559 979 2138 1070; baseline 0.021 -40"><span class='ocrx_word' id='word_1_59' title='bbox 559 979 650 1046; x_wconf 88' lang='lat' dir='ltr'><strong>qui</strong></span> <span class='ocrx_word' id='word_1_60' title='bbox 678 982 1072 1043; x_wconf 74' lang='lat' dir='ltr'><strong>adolescentem</strong></span> <span class='ocrx_word' id='word_1_61' title='bbox 1100 1004 1221 1046; x_wconf 91' lang='lat' dir='ltr'><strong>cum</strong></span> <span class='ocrx_word' id='word_1_62' title='bbox 1254 994 1330 1047; x_wconf 93' lang='lat' dir='ltr'><strong>tui</strong></span> <span class='ocrx_word' id='word_1_63' title='bbox 1358 994 1625 1054; x_wconf 86' lang='lat' dir='ltr'><strong>similibus</strong></span> <span class='ocrx_word' id='word_1_64' title='bbox 1647 979 1964 1070; x_wconf 83' lang='lat' dir='ltr'><strong>perdidisti?</strong></span> <span class='ocrx_word' id='word_1_65' title='bbox 1991 1005 2138 1062; x_wconf 80' lang='lat' dir='ltr'><strong>Con-</strong></span> 
     </span>
    </p>
   </div>
   <div class='ocr_carea' id='block_1_11' title="bbox 558 1070 2139 1172">
    <p class='ocr_par' dir='ltr' id='par_1_11' title="bbox 558 1070 2139 1172">
     <span class='ocr_line' id='line_1_11' title="bbox 558 1070 2139 1172; baseline 0.021 -47"><span class='ocrx_word' id='word_1_66' title='bbox 558 1070 734 1142; x_wconf 83' lang='lat' dir='ltr'><strong>fitere,</strong></span> <span class='ocrx_word' id='word_1_67' title='bbox 761 1078 1163 1140; x_wconf 86' lang='lat' dir='ltr'><strong>infandissime!</strong></span> <span class='ocrx_word' id='word_1_68' title='bbox 1206 1104 1226 1138; x_wconf 76' lang='grc' dir='ltr'><strong><em>ι</em></strong></span> <span class='ocrx_word' id='word_1_69' title='bbox 1262 1086 1379 1156; x_wconf 93' lang='lat' dir='ltr'><strong>Quo</strong></span> <span class='ocrx_word' id='word_1_70' title='bbox 1430 1095 1831 1163; x_wconf 81' lang='lat' dir='ltr'><strong>respondente:</strong></span> <span class='ocrx_word' id='word_1_71' title='bbox 1867 1115 1886 1151; x_wconf 74' lang='grc' dir='ltr'>ι</span> <span class='ocrx_word' id='word_1_72' title='bbox 1930 1098 2139 1172; x_wconf 83' lang='lat' dir='ltr'><strong>Negare</strong></span> 
     </span>
    </p>
   </div>
   <div class='ocr_carea' id='block_1_12' title="bbox 556 1179 2135 1256">
    <p class='ocr_par' dir='ltr' id='par_1_12' title="bbox 556 1179 2135 1256">
     <span class='ocr_line' id='line_1_12' title="bbox 556 1179 2135 1256; baseline 0.019 -35"><span class='ocrx_word' id='word_1_73' title='bbox 556 1182 665 1223; x_wconf 92' lang='lat' dir='ltr'><strong>non</strong></span> <span class='ocrx_word' id='word_1_74' title='bbox 696 1186 938 1243; x_wconf 91' lang='lat' dir='ltr'><strong>possum,</strong></span> <span class='ocrx_word' id='word_1_75' title='bbox 977 1196 994 1231; x_wconf 72' lang='grc' dir='ltr'><strong><em>ι</em></strong></span> <span class='ocrx_word' id='word_1_76' title='bbox 1049 1179 1137 1235; x_wconf 90' lang='lat' dir='ltr'><strong>ille</strong></span> <span class='ocrx_word' id='word_1_77' title='bbox 1184 1198 1307 1238; x_wconf 82' lang='lat' dir='ltr'><strong>mox</strong></span> <span class='ocrx_word' id='word_1_78' title='bbox 1359 1198 1674 1256; x_wconf 91' lang='lat' dir='ltr'><strong>prosecutus</strong></span> <span class='ocrx_word' id='word_1_79' title='bbox 1727 1210 1740 1246; x_wconf 92' lang='lat'><strong>:</strong></span> <span class='ocrx_word' id='word_1_80' title='bbox 1778 1210 1800 1249; x_wconf 74' lang='grc' dir='ltr'>ι</span> <span class='ocrx_word' id='word_1_81' title='bbox 1831 1193 1913 1249; x_wconf 84' lang='lat' dir='ltr'><strong>Au</strong></span> <span class='ocrx_word' id='word_1_82' title='bbox 1963 1197 2083 1253; x_wconf 90' lang='lat' dir='ltr'><strong>ideo</strong></span> <span class='ocrx_word' id='word_1_83' title='bbox 2114 1216 2135 1251; x_wconf 70' lang='grc' dir='ltr'><strong><em>ι</em></strong></span> 
     </span>
    </p>
   </div>
   <div class='ocr_carea' id='block_1_13' title="bbox 557 1257 2139 1349">
    <p class='ocr_par' dir='ltr' id='par_1_13' title="bbox 557 1257 2139 1349">
     <span class='ocr_line' id='line_1_13' title="bbox 557 1257 2139 1349; baseline 0.021 -38"><span class='ocrx_word' id='word_1_84' title='bbox 557 1257 728 1330; x_wconf 88' lang='lat' dir='ltr'><strong>inquit</strong></span> <span class='ocrx_word' id='word_1_85' title='bbox 762 1281 780 1314; x_wconf 75' lang='grc' dir='ltr'>ι</span> <span class='ocrx_word' id='word_1_86' title='bbox 818 1270 1183 1327; x_wconf 87' lang='lat' dir='ltr'><strong>communioni</strong></span> <span class='ocrx_word' id='word_1_87' title='bbox 1214 1275 1579 1335; x_wconf 77' lang='lat' dir='ltr'><strong>restituendus</strong></span> <span class='ocrx_word' id='word_1_88' title='bbox 1613 1296 1694 1349; x_wconf 91' lang='lat' dir='ltr'><strong>es,</strong></span> <span class='ocrx_word' id='word_1_89' title='bbox 1724 1294 1785 1339; x_wconf 85' lang='lat' dir='ltr'><strong>ut</strong></span> <span class='ocrx_word' id='word_1_90' title='bbox 1804 1285 2020 1342; x_wconf 92' lang='lat' dir='ltr'><strong>domino</strong></span> <span class='ocrx_word' id='word_1_91' title='bbox 2047 1297 2139 1345; x_wconf 88' lang='lat' dir='ltr'><strong>tuo</strong></span> 
     </span>
    </p>
   </div>
   <div class='ocr_carea' id='block_1_14' title="bbox 556 1349 2137 1434">
    <p class='ocr_par' dir='ltr' id='par_1_14' title="bbox 556 1349 2137 1434">
     <span class='ocr_line' id='line_1_14' title="bbox 556 1349 2137 1434; baseline 0.02 -31"><span class='ocrx_word' id='word_1_92' title='bbox 556 1349 794 1423; x_wconf 83' lang='lat' dir='ltr'><strong>lugente,</strong></span> <span class='ocrx_word' id='word_1_93' title='bbox 832 1368 913 1425; x_wconf 90' lang='lat' dir='ltr'><strong>tu,</strong></span> <span class='ocrx_word' id='word_1_94' title='bbox 943 1359 1349 1433; x_wconf 82' lang='lat' dir='ltr'><strong>nefandissime,</strong></span> <span class='ocrx_word' id='word_1_95' title='bbox 1376 1368 1594 1427; x_wconf 81' lang='lat' dir='ltr'><strong>rideas?</strong></span> <span class='ocrx_word' id='word_1_96' title='bbox 1630 1392 1648 1425; x_wconf 76' lang='grc' dir='ltr'><strong><em>ι</em></strong></span> <span class='ocrx_word' id='word_1_97' title='bbox 1685 1372 1926 1432; x_wconf 82' lang='lat' dir='ltr'><strong>Tandem</strong></span> <span class='ocrx_word' id='word_1_98' title='bbox 1947 1377 2137 1434; x_wconf 87' lang='lat' dir='ltr'><strong>decre-</strong></span> 
     </span>
    </p>
   </div>
   <div class='ocr_carea' id='block_1_15' title="bbox 556 1448 2138 1526">
    <p class='ocr_par' dir='ltr' id='par_1_15' title="bbox 556 1448 2138 1526">
     <span class='ocr_line' id='line_1_15' title="bbox 556 1448 2138 1526; baseline 0.021 -33"><span class='ocrx_word' id='word_1_99' title='bbox 556 1450 669 1496; x_wconf 88' lang='lat' dir='ltr'><strong>tqu</strong></span> <span class='ocrx_word' id='word_1_100' title='bbox 701 1454 805 1513; x_wconf 88' lang='lat' dir='ltr'><strong>est,</strong></span> <span class='ocrx_word' id='word_1_101' title='bbox 837 1448 1065 1505; x_wconf 87' lang='lat' dir='ltr'><strong>duorum</strong></span> <span class='ocrx_word' id='word_1_102' title='bbox 1116 1454 1579 1515; x_wconf 89' lang='lat' dir='ltr'><strong>incommodorum</strong></span> <span class='ocrx_word' id='word_1_103' title='bbox 1626 1464 1941 1521; x_wconf 80' lang='lat' dir='ltr'><strong>utrumlibet</strong></span> <span class='ocrx_word' id='word_1_104' title='bbox 1963 1468 2030 1524; x_wconf 91' lang='lat' dir='ltr'><strong>ab</strong></span> <span class='ocrx_word' id='word_1_105' title='bbox 2071 1484 2138 1526; x_wconf 86' lang='lat' dir='ltr'><strong>eo</strong></span> 
     </span>
    </p>
   </div>
   <div class='ocr_carea' id='block_1_16' title="bbox 555 1531 2141 1625">
    <p class='ocr_par' dir='ltr' id='par_1_16' title="bbox 555 1531 2141 1625">
     <span class='ocr_line' id='line_1_16' title="bbox 555 1531 2141 1625; baseline 0.02 -41"><span class='ocrx_word' id='word_1_106' title='bbox 555 1531 702 1602; x_wconf 89' lang='lat' dir='ltr'><strong>eligi,</strong></span> <span class='ocrx_word' id='word_1_107' title='bbox 743 1545 835 1591; x_wconf 87' lang='lat' dir='ltr'><strong>aut</strong></span> <span class='ocrx_word' id='word_1_108' title='bbox 864 1554 893 1592; x_wconf 89' lang='lat' dir='ltr'><strong>a</strong></span> <span class='ocrx_word' id='word_1_109' title='bbox 936 1543 1190 1613; x_wconf 85' lang='lat' dir='ltr'><strong>gradibus</strong></span> <span class='ocrx_word' id='word_1_110' title='bbox 1242 1547 1457 1619; x_wconf 86' lang='lat' dir='ltr'><strong>deponi,</strong></span> <span class='ocrx_word' id='word_1_111' title='bbox 1489 1560 1581 1607; x_wconf 90' lang='lat' dir='ltr'><strong>aut</strong></span> <span class='ocrx_word' id='word_1_112' title='bbox 1622 1565 1882 1625; x_wconf 90' lang='lat' dir='ltr'><strong>perpetuo</strong></span> <span class='ocrx_word' id='word_1_113' title='bbox 1913 1559 2141 1614; x_wconf 82' lang='lat' dir='ltr'><strong>anathe-</strong></span> 
     </span>
    </p>
   </div>
   <div class='ocr_carea' id='block_1_17' title="bbox 556 1630 2133 1715">
    <p class='ocr_par' dir='ltr' id='par_1_17' title="bbox 556 1630 2133 1715">
     <span class='ocr_line' id='line_1_17' title="bbox 556 1630 2133 1715; baseline 0.02 -38"><span class='ocrx_word' id='word_1_114' title='bbox 556 1633 701 1715; x_wconf 89' lang='lat' dir='ltr'><strong>mate</strong></span> <span class='ocrx_word' id='word_1_115' title='bbox 730 1630 921 1684; x_wconf 90' lang='lat' dir='ltr'><strong>teneri.</strong></span> <span class='ocrx_word' id='word_1_116' title='bbox 947 1631 1047 1699; x_wconf 94' lang='lat' dir='ltr'><strong>Qui</strong></span> <span class='ocrx_word' id='word_1_117' title='bbox 1082 1636 1222 1704; x_wconf 90' lang='lat' dir='ltr'><strong>apud</strong></span> <span class='ocrx_word' id='word_1_118' title='bbox 1257 1652 1317 1694; x_wconf 89' lang='lat' dir='ltr'><strong>se</strong></span> <span class='ocrx_word' id='word_1_119' title='bbox 1345 1639 1575 1709; x_wconf 88' lang='lat' dir='ltr'><strong>plurima</strong></span> <span class='ocrx_word' id='word_1_120' title='bbox 1622 1656 1965 1715; x_wconf 83' lang='lat' dir='ltr'><strong>pertractans</strong></span> <span class='ocrx_word' id='word_1_121' title='bbox 2013 1658 2133 1707; x_wconf 87' lang='lat' dir='ltr'><strong>tan-</strong></span> 
     </span>
    </p>
   </div>
   <div class='ocr_carea' id='block_1_18' title="bbox 556 1714 2134 1806">
    <p class='ocr_par' dir='ltr' id='par_1_18' title="bbox 556 1714 2134 1806">
     <span class='ocr_line' id='line_1_18' title="bbox 556 1714 2134 1806; baseline 0.02 -37"><span class='ocrx_word' id='word_1_122' title='bbox 556 1714 678 1771; x_wconf 85' lang='lat' dir='ltr'><strong>dem</strong></span> <span class='ocrx_word' id='word_1_123' title='bbox 734 1720 924 1776; x_wconf 89' lang='lat' dir='ltr'><strong>malnit</strong></span> <span class='ocrx_word' id='word_1_124' title='bbox 978 1726 1236 1793; x_wconf 81' lang='lat' dir='ltr'><strong>gradibus</strong></span> <span class='ocrx_word' id='word_1_125' title='bbox 1272 1732 1516 1802; x_wconf 80' lang='lat' dir='ltr'><strong>privari,</strong></span> <span class='ocrx_word' id='word_1_126' title='bbox 1552 1714 1716 1806; x_wconf 81' lang='lat' dir='ltr'><strong>quam</strong></span> <span class='ocrx_word' id='word_1_127' title='bbox 1761 1742 2134 1800; x_wconf 88' lang='lat' dir='ltr'><strong>anatthemate</strong></span> 
     </span>
    </p>
   </div>
   <div class='ocr_carea' id='block_1_19' title="bbox 2244 558 3833 638">
    <p class='ocr_par' dir='ltr' id='par_1_19' title="bbox 2244 558 3833 638">
     <span class='ocr_line' id='line_1_19' title="bbox 2244 558 3833 638; baseline 0.011 -29"><span class='ocrx_word' id='word_1_128' title='bbox 2244 570 2369 611; x_wconf 82' lang='lat' dir='ltr'><strong>mox</strong></span> <span class='ocrx_word' id='word_1_129' title='bbox 2398 558 2670 615; x_wconf 79' lang='lat' dir='ltr'><strong>firmatum</strong></span> <span class='ocrx_word' id='word_1_130' title='bbox 2711 560 2829 617; x_wconf 86' lang='lat' dir='ltr'><strong>fuit.</strong></span> <span class='ocrx_word' id='word_1_131' title='bbox 2866 561 3248 635; x_wconf 88' lang='lat' dir='ltr'><strong>Presidemque</strong></span> <span class='ocrx_word' id='word_1_132' title='bbox 3272 565 3485 633; x_wconf 83' lang='lat' dir='ltr'><strong>aﬂ‘atus,</strong></span> <span class='ocrx_word' id='word_1_133' title='bbox 3515 567 3675 638; x_wconf 82' lang='lat' dir='ltr'><strong>cuius</strong></span> <span class='ocrx_word' id='word_1_134' title='bbox 3694 577 3833 626; x_wconf 82' lang='lat' dir='ltr'><strong>ante</strong></span> 
     </span>
    </p>
   </div>
   <div class='ocr_carea' id='block_1_20' title="bbox 2242 646 3832 726">
    <p class='ocr_par' dir='ltr' id='par_1_20' title="bbox 2242 646 3832 726">
     <span class='ocr_line' id='line_1_20' title="bbox 2242 646 3832 726; baseline 0.008 -25"><span class='ocrx_word' id='word_1_135' title='bbox 2242 646 2344 702; x_wconf 86' lang='lat' dir='ltr'><strong>hac</strong></span> <span class='ocrx_word' id='word_1_136' title='bbox 2375 657 2615 705; x_wconf 87' lang='lat' dir='ltr'><strong>castrum</strong></span> <span class='ocrx_word' id='word_1_137' title='bbox 2644 649 2827 719; x_wconf 89' lang='lat' dir='ltr'><strong>fuerit,</strong></span> <span class='ocrx_word' id='word_1_138' title='bbox 2849 654 3065 724; x_wconf 61' lang='lat' dir='ltr'><strong>quaerit.</strong></span> <span class='ocrx_word' id='word_1_139' title='bbox 3097 655 3190 711; x_wconf 85' lang='lat' dir='ltr'><strong>ille</strong></span> <span class='ocrx_word' id='word_1_140' title='bbox 3221 655 3372 726; x_wconf 88' lang='lat' dir='ltr'><strong>cujus</strong></span> <span class='ocrx_word' id='word_1_141' title='bbox 3399 657 3564 713; x_wconf 83' lang='lat' dir='ltr'><strong>fuerit</strong></span> <span class='ocrx_word' id='word_1_142' title='bbox 3588 673 3699 713; x_wconf 91' lang='lat' dir='ltr'><strong>non</strong></span> <span class='ocrx_word' id='word_1_143' title='bbox 3726 660 3832 714; x_wconf 86' lang='lat' dir='ltr'><strong>ab-</strong></span> 
     </span>
    </p>
   </div>
   <div class='ocr_carea' id='block_1_21' title="bbox 2242 738 3831 816">
    <p class='ocr_par' dir='ltr' id='par_1_21' title="bbox 2242 738 3831 816">
     <span class='ocr_line' id='line_1_21' title="bbox 2242 738 3831 816; baseline 0.008 -26"><span class='ocrx_word' id='word_1_144' title='bbox 2242 738 2377 792; x_wconf 89' lang='lat' dir='ltr'><strong>nuit.</strong></span> <span class='ocrx_word' id='word_1_145' title='bbox 2409 739 2512 795; x_wconf 88' lang='lat' dir='ltr'><strong>lste</strong></span> <span class='ocrx_word' id='word_1_146' title='bbox 2535 755 2750 811; x_wconf 88' lang='lat' dir='ltr'><strong>quoque</strong></span> <span class='ocrx_word' id='word_1_147' title='bbox 2777 756 2793 796; x_wconf 89' lang='lat'><strong>:</strong></span> <span class='ocrx_word' id='word_1_148' title='bbox 2825 760 2845 794; x_wconf 73' lang='grc' dir='ltr'>ι</span> <span class='ocrx_word' id='word_1_149' title='bbox 2887 743 3005 811; x_wconf 88' lang='lat' dir='ltr'><strong>Quo</strong></span> <span class='ocrx_word' id='word_1_150' title='bbox 3048 763 3068 797; x_wconf 74' lang='grc' dir='ltr'><strong><em>ι</em></strong></span> <span class='ocrx_word' id='word_1_151' title='bbox 3125 746 3300 816; x_wconf 92' lang='lat' dir='ltr'><strong>inquit</strong></span> <span class='ocrx_word' id='word_1_152' title='bbox 3339 765 3359 799; x_wconf 70' lang='grc' dir='ltr'>ι</span> <span class='ocrx_word' id='word_1_153' title='bbox 3407 747 3607 803; x_wconf 82' lang='lat' dir='ltr'><strong>ordine</strong></span> <span class='ocrx_word' id='word_1_154' title='bbox 3631 748 3704 802; x_wconf 85' lang='lat' dir='ltr'><strong>ad</strong></span> <span class='ocrx_word' id='word_1_155' title='bbox 3732 763 3831 803; x_wconf 83' lang='lat' dir='ltr'><strong>re-</strong></span> 
     </span>
    </p>
   </div>
   <div class='ocr_carea' id='block_1_22' title="bbox 2241 828 3831 909">
    <p class='ocr_par' dir='ltr' id='par_1_22' title="bbox 2241 828 3831 909">
     <span class='ocr_line' id='line_1_22' title="bbox 2241 828 3831 909; baseline 0.008 -28"><span class='ocrx_word' id='word_1_156' title='bbox 2241 829 2386 899; x_wconf 81' lang='lat' dir='ltr'><strong>gium</strong></span> <span class='ocrx_word' id='word_1_157' title='bbox 2406 828 2499 899; x_wconf 85' lang='lat' dir='ltr'><strong>jus</strong></span> <span class='ocrx_word' id='word_1_158' title='bbox 2526 834 2902 890; x_wconf 88' lang='lat' dir='ltr'><strong>accessit?llle</strong></span> <span class='ocrx_word' id='word_1_159' title='bbox 2929 851 3144 908; x_wconf 85' lang='lat' dir='ltr'><strong>quoque</strong></span> <span class='ocrx_word' id='word_1_160' title='bbox 3162 837 3301 893; x_wconf 91' lang='lat' dir='ltr'><strong>idem</strong></span> <span class='ocrx_word' id='word_1_161' title='bbox 3324 838 3694 909; x_wconf 83' lang='lat' dir='ltr'><strong>prosequitur.</strong></span> <span class='ocrx_word' id='word_1_162' title='bbox 3715 857 3734 891; x_wconf 78' lang='grc' dir='ltr'><strong><em>ι</em></strong></span> <span class='ocrx_word' id='word_1_163' title='bbox 3760 840 3831 894; x_wconf 77' lang='lat' dir='ltr'><strong>Et</strong></span> 
     </span>
    </p>
   </div>
   <div class='ocr_carea' id='block_1_23' title="bbox 2240 921 3829 999">
    <p class='ocr_par' dir='ltr' id='par_1_23' title="bbox 2240 921 3829 999">
     <span class='ocr_line' id='line_1_23' title="bbox 2240 921 3829 999; baseline 0.004 -23"><span class='ocrx_word' id='word_1_164' title='bbox 2240 921 2385 976; x_wconf 90' lang='lat' dir='ltr'><strong>iste:</strong></span> <span class='ocrx_word' id='word_1_165' title='bbox 2422 941 2442 974; x_wconf 72' lang='grc' dir='ltr'><strong>ε</strong></span> <span class='ocrx_word' id='word_1_166' title='bbox 2471 922 2579 978; x_wconf 92' lang='lat' dir='ltr'><strong>Cur</strong></span> <span class='ocrx_word' id='word_1_167' title='bbox 2609 943 2631 977; x_wconf 77' lang='grc' dir='ltr'><strong><em>ι</em></strong></span> <span class='ocrx_word' id='word_1_168' title='bbox 2663 925 2837 995; x_wconf 91' lang='lat' dir='ltr'><strong>inquit</strong></span> <span class='ocrx_word' id='word_1_169' title='bbox 2885 945 2904 979; x_wconf 74' lang='grc' dir='ltr'>ι</span> <span class='ocrx_word' id='word_1_170' title='bbox 2939 926 3110 984; x_wconf 88' lang='lat' dir='ltr'><strong>Odoni</strong></span> <span class='ocrx_word' id='word_1_171' title='bbox 3158 929 3518 999; x_wconf 68' lang='lat' dir='ltr'><strong>prmjuditium</strong></span> <span class='ocrx_word' id='word_1_172' title='bbox 3566 928 3663 995; x_wconf 84' lang='lat' dir='ltr'><strong>llt,</strong></span> <span class='ocrx_word' id='word_1_173' title='bbox 3696 945 3829 985; x_wconf 87' lang='lat' dir='ltr'><strong>cum</strong></span> 
     </span>
    </p>
   </div>
   <div class='ocr_carea' id='block_1_24' title="bbox 2239 1017 3830 1088">
    <p class='ocr_par' dir='ltr' id='par_1_24' title="bbox 2239 1017 3830 1088">
     <span class='ocr_line' id='line_1_24' title="bbox 2239 1017 3830 1088; baseline 0.005 -21"><span class='ocrx_word' id='word_1_174' title='bbox 2239 1025 2596 1079; x_wconf 89' lang='lat' dir='ltr'><strong>sepenumcro</strong></span> <span class='ocrx_word' id='word_1_175' title='bbox 2622 1017 2767 1071; x_wconf 90' lang='lat' dir='ltr'><strong>reddi</strong></span> <span class='ocrx_word' id='word_1_176' title='bbox 2794 1018 2897 1073; x_wconf 91' lang='lat' dir='ltr'><strong>sibi</strong></span> <span class='ocrx_word' id='word_1_177' title='bbox 2921 1020 3153 1088; x_wconf 87' lang='lat' dir='ltr'><strong>petierit,</strong></span> <span class='ocrx_word' id='word_1_178' title='bbox 3174 1029 3229 1074; x_wconf 85' lang='lat' dir='ltr'><strong>et</strong></span> <span class='ocrx_word' id='word_1_179' title='bbox 3249 1034 3310 1075; x_wconf 89' lang='lat' dir='ltr'><strong>se</strong></span> <span class='ocrx_word' id='word_1_180' title='bbox 3336 1019 3560 1076; x_wconf 88' lang='lat' dir='ltr'><strong>inferior</strong></span> <span class='ocrx_word' id='word_1_181' title='bbox 3586 1034 3655 1075; x_wconf 91' lang='lat' dir='ltr'><strong>eo</strong></span> <span class='ocrx_word' id='word_1_182' title='bbox 3678 1035 3830 1075; x_wconf 91' lang='lat' dir='ltr'><strong>nunc</strong></span> 
     </span>
    </p>
   </div>
   <div class='ocr_carea' id='block_1_25' title="bbox 2240 1099 3826 1180">
    <p class='ocr_par' dir='ltr' id='par_1_25' title="bbox 2240 1099 3826 1180">
     <span class='ocr_line' id='line_1_25' title="bbox 2240 1099 3826 1180; baseline -0.003 -14"><span class='ocrx_word' id='word_1_183' title='bbox 2240 1099 2511 1166; x_wconf 71' lang='lat' dir='ltr'><strong>Potiatur?</strong></span> <span class='ocrx_word' id='word_1_184' title='bbox 2531 1120 2548 1154; x_wconf 73' lang='grc' dir='ltr'><strong>ι</strong></span> <span class='ocrx_word' id='word_1_185' title='bbox 2583 1133 2655 1144; x_wconf 91' lang='lat'><strong>--</strong></span> <span class='ocrx_word' id='word_1_186' title='bbox 2680 1123 2699 1157; x_wconf 72' lang='grc' dir='ltr'>ι</span> <span class='ocrx_word' id='word_1_187' title='bbox 2722 1104 2986 1173; x_wconf 86' lang='lat' dir='ltr'><strong>Quoniam</strong></span> <span class='ocrx_word' id='word_1_188' title='bbox 3020 1127 3040 1160; x_wconf 75' lang='grc' dir='ltr'><strong><em>ι</em></strong></span> <span class='ocrx_word' id='word_1_189' title='bbox 3076 1109 3252 1180; x_wconf 89' lang='lat' dir='ltr'><strong>inquit</strong></span> <span class='ocrx_word' id='word_1_190' title='bbox 3275 1127 3294 1160; x_wconf 75' lang='grc' dir='ltr'>ι</span> <span class='ocrx_word' id='word_1_191' title='bbox 3324 1110 3378 1165; x_wconf 90' lang='lat' dir='ltr'><strong>id</strong></span> <span class='ocrx_word' id='word_1_192' title='bbox 3401 1110 3513 1180; x_wconf 84' lang='lat' dir='ltr'><strong>regi</strong></span> <span class='ocrx_word' id='word_1_193' title='bbox 3540 1110 3619 1165; x_wconf 92' lang='lat' dir='ltr'><strong>sic</strong></span> <span class='ocrx_word' id='word_1_194' title='bbox 3640 1110 3826 1163; x_wconf 78' lang='lat' dir='ltr'><strong>visum</strong></span> 
     </span>
    </p>
   </div>
   <div class='ocr_carea' id='block_1_26' title="bbox 2239 1189 3827 1267">
    <p class='ocr_par' dir='ltr' id='par_1_26' title="bbox 2239 1189 3827 1267">
     <span class='ocr_line' id='line_1_26' title="bbox 2239 1189 3827 1267; baseline 0.005 -24"><span class='ocrx_word' id='word_1_195' title='bbox 2239 1197 2342 1243; x_wconf 90' lang='lat' dir='ltr'><strong>est.</strong></span> <span class='ocrx_word' id='word_1_196' title='bbox 2376 1206 2396 1241; x_wconf 63' lang='grc' dir='ltr'>θ</span> <span class='ocrx_word' id='word_1_197' title='bbox 2426 1189 2493 1245; x_wconf 85' lang='grc' dir='ltr'><strong>Ει</strong></span> <span class='ocrx_word' id='word_1_198' title='bbox 2516 1190 2619 1247; x_wconf 90' lang='lat' dir='ltr'><strong>iste</strong></span> <span class='ocrx_word' id='word_1_199' title='bbox 2644 1210 2658 1247; x_wconf 90' lang='lat'><strong>:</strong></span> <span class='ocrx_word' id='word_1_200' title='bbox 2686 1212 2704 1245; x_wconf 87' lang='grc'><em>‹</em></span> <span class='ocrx_word' id='word_1_201' title='bbox 2733 1193 2967 1252; x_wconf 84' lang='lat' dir='ltr'><strong>Putasne</strong></span> <span class='ocrx_word' id='word_1_202' title='bbox 3013 1216 3033 1250; x_wconf 71' lang='grc' dir='ltr'><strong><em>ι</em></strong></span> <span class='ocrx_word' id='word_1_203' title='bbox 3066 1197 3258 1267; x_wconf 92' lang='lat' dir='ltr'><strong>inquit,</strong></span> <span class='ocrx_word' id='word_1_204' title='bbox 3291 1220 3311 1251; x_wconf 70' lang='grc' dir='ltr'>ι</span> <span class='ocrx_word' id='word_1_205' title='bbox 3349 1199 3521 1266; x_wconf 88' lang='lat' dir='ltr'><strong>ipsam</strong></span> <span class='ocrx_word' id='word_1_206' title='bbox 3551 1198 3827 1253; x_wconf 80' lang='lat' dir='ltr'><strong>Divinita-</strong></span> 
     </span>
    </p>
   </div>
   <div class='ocr_carea' id='block_1_27' title="bbox 2239 1281 3829 1361">
    <p class='ocr_par' dir='ltr' id='par_1_27' title="bbox 2239 1281 3829 1361">
     <span class='ocr_line' id='line_1_27' title="bbox 2239 1281 3829 1361; baseline 0.008 -28"><span class='ocrx_word' id='word_1_207' title='bbox 2239 1288 2346 1333; x_wconf 89' lang='lat' dir='ltr'><strong>tem</strong></span> <span class='ocrx_word' id='word_1_208' title='bbox 2376 1296 2483 1338; x_wconf 91' lang='lat' dir='ltr'><strong>non</strong></span> <span class='ocrx_word' id='word_1_209' title='bbox 2510 1281 2727 1351; x_wconf 80' lang='lat' dir='ltr'><strong>oﬂ&#39;endi,</strong></span> <span class='ocrx_word' id='word_1_210' title='bbox 2757 1300 2880 1341; x_wconf 88' lang='lat' dir='ltr'><strong>cum</strong></span> <span class='ocrx_word' id='word_1_211' title='bbox 2912 1296 3127 1344; x_wconf 91' lang='lat' dir='ltr'><strong>mortuo</strong></span> <span class='ocrx_word' id='word_1_212' title='bbox 3153 1300 3308 1361; x_wconf 88' lang='lat' dir='ltr'><strong>patre</strong></span> <span class='ocrx_word' id='word_1_213' title='bbox 3333 1288 3572 1360; x_wconf 92' lang='lat' dir='ltr'><strong>pupillus</strong></span> <span class='ocrx_word' id='word_1_214' title='bbox 3611 1290 3829 1360; x_wconf 86' lang='lat' dir='ltr'><strong>absque</strong></span> 
     </span>
    </p>
   </div>
   <div class='ocr_carea' id='block_1_28' title="bbox 2239 1373 3823 1452">
    <p class='ocr_par' dir='ltr' id='par_1_28' title="bbox 2239 1373 3823 1452">
     <span class='ocr_line' id='line_1_28' title="bbox 2239 1373 3823 1452; baseline 0.007 -27"><span class='ocrx_word' id='word_1_215' title='bbox 2239 1373 2645 1441; x_wconf 86' lang='lat' dir='ltr'><strong>repatrimonio</strong></span> <span class='ocrx_word' id='word_1_216' title='bbox 2688 1376 3066 1435; x_wconf 64' lang='lat' dir='ltr'><strong>frustratur?»</strong></span> <span class='ocrx_word' id='word_1_217' title='bbox 3102 1381 3169 1436; x_wconf 89' lang='grc' dir='ltr'><strong>Ει</strong></span> <span class='ocrx_word' id='word_1_218' title='bbox 3222 1381 3312 1437; x_wconf 92' lang='lat' dir='ltr'><strong>ille</strong></span> <span class='ocrx_word' id='word_1_219' title='bbox 3344 1399 3358 1436; x_wconf 92' lang='lat'><strong>:</strong></span> <span class='ocrx_word' id='word_1_220' title='bbox 3387 1401 3406 1435; x_wconf 72' lang='grc' dir='ltr'>ι</span> <span class='ocrx_word' id='word_1_221' title='bbox 3446 1381 3525 1437; x_wconf 89' lang='lat' dir='ltr'><strong>lta</strong></span> <span class='ocrx_word' id='word_1_222' title='bbox 3561 1399 3583 1435; x_wconf 70' lang='grc' dir='ltr'><strong>ο</strong></span> <span class='ocrx_word' id='word_1_223' title='bbox 3618 1382 3823 1452; x_wconf 87' lang='lat' dir='ltr'><strong>inquit.</strong></span> 
     </span>
    </p>
   </div>
   <div class='ocr_carea' id='block_1_29' title="bbox 2244 1462 3824 1543">
    <p class='ocr_par' dir='ltr' id='par_1_29' title="bbox 2244 1462 3824 1543">
     <span class='ocr_line' id='line_1_29' title="bbox 2244 1462 3824 1543; baseline 0.008 -28"><span class='ocrx_word' id='word_1_224' title='bbox 2244 1479 2264 1514; x_wconf 68' lang='grc' dir='ltr'><strong><em>ι</em></strong></span> <span class='ocrx_word' id='word_1_225' title='bbox 2292 1462 2359 1519; x_wconf 83' lang='grc' dir='ltr'><strong>Ει</strong></span> <span class='ocrx_word' id='word_1_226' title='bbox 2387 1480 2496 1521; x_wconf 91' lang='lat' dir='ltr'><strong>non</strong></span> <span class='ocrx_word' id='word_1_227' title='bbox 2537 1466 2711 1523; x_wconf 90' lang='lat' dir='ltr'><strong>solum</strong></span> <span class='ocrx_word' id='word_1_228' title='bbox 2750 1468 2825 1537; x_wconf 88' lang='lat' dir='ltr'><strong>id,</strong></span> <span class='ocrx_word' id='word_1_229' title='bbox 2856 1472 2951 1526; x_wconf 91' lang='lat' dir='ltr'><strong>sed</strong></span> <span class='ocrx_word' id='word_1_230' title='bbox 2989 1480 3047 1527; x_wconf 90' lang='lat' dir='ltr'><strong>et</strong></span> <span class='ocrx_word' id='word_1_231' title='bbox 3087 1472 3353 1529; x_wconf 89' lang='lat' dir='ltr'><strong>bonorum</strong></span> <span class='ocrx_word' id='word_1_232' title='bbox 3401 1473 3718 1543; x_wconf 80' lang='lat' dir='ltr'><strong>desperatio</strong></span> <span class='ocrx_word' id='word_1_233' title='bbox 3743 1473 3824 1527; x_wconf 83' lang='lat' dir='ltr'><strong>fit.</strong></span> 
     </span>
    </p>
   </div>
   <div class='ocr_carea' id='block_1_30' title="bbox 2238 1554 3827 1635">
    <p class='ocr_par' dir='ltr' id='par_1_30' title="bbox 2238 1554 3827 1635">
     <span class='ocr_line' id='line_1_30' title="bbox 2238 1554 3827 1635; baseline 0.006 -26"><span class='ocrx_word' id='word_1_234' title='bbox 2238 1554 2370 1622; x_wconf 84' lang='lat' dir='ltr'><strong>Quis</strong></span> <span class='ocrx_word' id='word_1_235' title='bbox 2408 1556 2553 1611; x_wconf 82' lang='lat' dir='ltr'><strong>enim</strong></span> <span class='ocrx_word' id='word_1_236' title='bbox 2608 1559 2753 1615; x_wconf 89' lang='lat' dir='ltr'><strong>inter</strong></span> <span class='ocrx_word' id='word_1_237' title='bbox 2790 1560 3052 1631; x_wconf 84' lang='lat' dir='ltr'><strong>primates</strong></span> <span class='ocrx_word' id='word_1_238' title='bbox 3096 1562 3281 1629; x_wconf 86' lang='lat' dir='ltr'><strong>Odone</strong></span> <span class='ocrx_word' id='word_1_239' title='bbox 3332 1565 3641 1635; x_wconf 77' lang='lat' dir='ltr'><strong>potentior?</strong></span> <span class='ocrx_word' id='word_1_240' title='bbox 3689 1563 3827 1633; x_wconf 88' lang='lat' dir='ltr'><strong>Quis</strong></span> 
     </span>
    </p>
   </div>
   <div class='ocr_carea' id='block_1_31' title="bbox 2235 1644 3818 1724">
    <p class='ocr_par' dir='ltr' id='par_1_31' title="bbox 2235 1644 3818 1724">
     <span class='ocr_line' id='line_1_31' title="bbox 2235 1644 3818 1724; baseline 0.006 -26"><span class='ocrx_word' id='word_1_241' title='bbox 2235 1644 2383 1699; x_wconf 91' lang='lat' dir='ltr'><strong>omni</strong></span> <span class='ocrx_word' id='word_1_242' title='bbox 2428 1646 2634 1703; x_wconf 90' lang='lat' dir='ltr'><strong>honore</strong></span> <span class='ocrx_word' id='word_1_243' title='bbox 2682 1649 2936 1721; x_wconf 75' lang='lat' dir='ltr'><strong>dignior?</strong></span> <span class='ocrx_word' id='word_1_244' title='bbox 2977 1672 2996 1705; x_wconf 73' lang='grc' dir='ltr'><strong>ι</strong></span> <span class='ocrx_word' id='word_1_245' title='bbox 3020 1653 3197 1724; x_wconf 81' lang='lat' dir='ltr'><strong>Atque</strong></span> <span class='ocrx_word' id='word_1_246' title='bbox 3218 1654 3285 1709; x_wconf 85' lang='lat' dir='ltr'><strong>ad</strong></span> <span class='ocrx_word' id='word_1_247' title='bbox 3311 1656 3425 1711; x_wconf 67' lang='lat' dir='ltr'><strong>haec</strong></span> <span class='ocrx_word' id='word_1_248' title='bbox 3476 1655 3619 1711; x_wconf 88' lang='lat' dir='ltr'><strong>iste:</strong></span> <span class='ocrx_word' id='word_1_249' title='bbox 3652 1675 3672 1709; x_wconf 78' lang='grc' dir='ltr'>ι</span> <span class='ocrx_word' id='word_1_250' title='bbox 3704 1654 3765 1712; x_wconf 88' lang='lat' dir='ltr'><strong>Si</strong></span> <span class='ocrx_word' id='word_1_251' title='bbox 3799 1676 3818 1708; x_wconf 80' lang='grc' dir='ltr'><strong><em>ι</em></strong></span> 
     </span>
    </p>
   </div>
   <div class='ocr_carea' id='block_1_32' title="bbox 2238 1732 3825 1816">
    <p class='ocr_par' dir='ltr' id='par_1_32' title="bbox 2238 1732 3825 1816">
     <span class='ocr_line' id='line_1_32' title="bbox 2238 1732 3825 1816; baseline 0.008 -29"><span class='ocrx_word' id='word_1_252' title='bbox 2238 1732 2413 1805; x_wconf 91' lang='lat' dir='ltr'><strong>inquit</strong></span> <span class='ocrx_word' id='word_1_253' title='bbox 2442 1754 2463 1788; x_wconf 71' lang='grc' dir='ltr'><strong><em>ι</em></strong></span> <span class='ocrx_word' id='word_1_254' title='bbox 2497 1738 2564 1793; x_wconf 87' lang='lat' dir='ltr'><strong>ad</strong></span> <span class='ocrx_word' id='word_1_255' title='bbox 2606 1738 2846 1796; x_wconf 89' lang='lat' dir='ltr'><strong>Odonem</strong></span> <span class='ocrx_word' id='word_1_256' title='bbox 2876 1746 3166 1799; x_wconf 78' lang='lat' dir='ltr'><strong>transverti</strong></span> <span class='ocrx_word' id='word_1_257' title='bbox 3196 1743 3385 1811; x_wconf 83' lang='lat' dir='ltr'><strong>velles,</strong></span> <span class='ocrx_word' id='word_1_258' title='bbox 3428 1745 3825 1816; x_wconf 85' lang='lat' dir='ltr'><strong>numquidnam</strong></span> 
     </span>
    </p>
   </div>
   <div class='ocr_carea' id='block_1_33' title="bbox 554 1816 3827 1903">
    <p class='ocr_par' dir='ltr' id='par_1_33' title="bbox 554 1816 3827 1903">
     <span class='ocr_line' id='line_1_33' title="bbox 554 1816 3827 1903; baseline 0.007 -32"><span class='ocrx_word' id='word_1_259' title='bbox 554 1818 816 1903; x_wconf 62' lang='lat' dir='ltr'><strong>ncrpetuo</strong></span> <span class='ocrx_word' id='word_1_260' title='bbox 865 1816 1056 1871; x_wconf 76' lang='lat' dir='ltr'><strong>teneri.</strong></span> <span class='ocrx_word' id='word_1_261' title='bbox 1090 1819 1157 1874; x_wconf 86' lang='lat' dir='ltr'><strong>Et</strong></span> <span class='ocrx_word' id='word_1_262' title='bbox 1203 1838 1327 1878; x_wconf 83' lang='lat' dir='ltr'><strong>mox</strong></span> <span class='ocrx_word' id='word_1_263' title='bbox 1382 1826 1762 1899; x_wconf 79' lang='lat' dir='ltr'><strong>episcoporum</strong></span> <span class='ocrx_word' id='word_1_264' title='bbox 1810 1834 2001 1903; x_wconf 58' lang='lat' dir='ltr'><strong>jussu,</strong></span> <span class='ocrx_word' id='word_1_265' title='bbox 2054 1837 2139 1893; x_wconf 78' lang='lat' dir='ltr'><strong>in.</strong></span> <span class='ocrx_word' id='word_1_266' title='bbox 2170 1820 2214 1880; x_wconf 85' lang='grc' dir='ltr'><strong>Β</strong></span> <span class='ocrx_word' id='word_1_267' title='bbox 2244 1827 2487 1897; x_wconf 91' lang='lat' dir='ltr'><strong>ampliori</strong></span> <span class='ocrx_word' id='word_1_268' title='bbox 2532 1832 2770 1901; x_wconf 82' lang='lat' dir='ltr'><strong>potentia</strong></span> <span class='ocrx_word' id='word_1_269' title='bbox 2815 1842 2939 1889; x_wconf 87' lang='lat' dir='ltr'><strong>tene</strong></span> <span class='ocrx_word' id='word_1_270' title='bbox 2985 1835 3384 1893; x_wconf 85' lang='lat' dir='ltr'><strong>sublimandum</strong></span> <span class='ocrx_word' id='word_1_271' title='bbox 3430 1837 3739 1893; x_wconf 74' lang='lat' dir='ltr'><strong>arbitrare?</strong></span> <span class='ocrx_word' id='word_1_272' title='bbox 3766 1837 3827 1894; x_wconf 89' lang='lat' dir='ltr'><strong>Si</strong></span> 
     </span>
    </p>
   </div>
   <div class='ocr_carea' id='block_1_34' title="bbox 555 1895 2137 1991">
    <p class='ocr_par' dir='ltr' id='par_1_34' title="bbox 555 1895 2137 1991">
     <span class='ocr_line' id='line_1_34' title="bbox 555 1895 2137 1991; baseline 0.02 -41"><span class='ocrx_word' id='word_1_273' title='bbox 555 1895 829 1956; x_wconf 86' lang='lat' dir='ltr'><strong>dumeutis</strong></span> <span class='ocrx_word' id='word_1_274' title='bbox 873 1906 1299 1966; x_wconf 79' lang='lat' dir='ltr'><strong>sacerdotalibus</strong></span> <span class='ocrx_word' id='word_1_275' title='bbox 1325 1895 1729 1984; x_wconf 58' lang='lat' dir='ltr'><strong>vestitur.Quae</strong></span> <span class='ocrx_word' id='word_1_276' title='bbox 1773 1895 2137 1991; x_wconf 40' lang='lat' dir='ltr'><strong>singula&#39;abs-</strong></span> 
     </span>
    </p>
   </div>
   <div class='ocr_carea' id='block_1_35' title="bbox 555 1991 2137 2083">
    <p class='ocr_par' dir='ltr' id='par_1_35' title="bbox 555 1991 2137 2083">
     <span class='ocr_line' id='line_1_35' title="bbox 555 1991 2137 2083; baseline 0.02 -43"><span class='ocrx_word' id='word_1_277' title='bbox 555 2004 660 2060; x_wconf 88' lang='lat' dir='ltr'><strong>que</strong></span> <span class='ocrx_word' id='word_1_278' title='bbox 705 1991 809 2047; x_wconf 88' lang='lat' dir='ltr'><strong>ulla</strong></span> <span class='ocrx_word' id='word_1_279' title='bbox 852 1995 1203 2055; x_wconf 84' lang='lat' dir='ltr'><strong>miseratione</strong></span> <span class='ocrx_word' id='word_1_280' title='bbox 1249 2002 1618 2073; x_wconf 86' lang='lat' dir='ltr'><strong>detrahentes,</strong></span> <span class='ocrx_word' id='word_1_281' title='bbox 1659 2010 1709 2065; x_wconf 91' lang='lat' dir='ltr'><strong>ei</strong></span> <span class='ocrx_word' id='word_1_282' title='bbox 1755 2011 1949 2083; x_wconf 88' lang='lat' dir='ltr'><strong>singuli</strong></span> <span class='ocrx_word' id='word_1_283' title='bbox 1988 2015 2137 2072; x_wconf 90' lang='lat' dir='ltr'><strong>dice-</strong></span> 
     </span>
    </p>
   </div>
   <div class='ocr_carea' id='block_1_36' title="bbox 555 2081 2135 2173">
    <p class='ocr_par' dir='ltr' id='par_1_36' title="bbox 555 2081 2135 2173">
     <span class='ocr_line' id='line_1_36' title="bbox 555 2081 2135 2173; baseline 0.016 -38"><span class='ocrx_word' id='word_1_284' title='bbox 555 2081 720 2138; x_wconf 87' lang='lat' dir='ltr'><strong>bant:</strong></span> <span class='ocrx_word' id='word_1_285' title='bbox 745 2082 902 2141; x_wconf 75' lang='lat' dir='ltr'><strong>Cassa</strong></span> <span class='ocrx_word' id='word_1_286' title='bbox 951 2089 1015 2143; x_wconf 79' lang='lat' dir='ltr'><strong>ab</strong></span> <span class='ocrx_word' id='word_1_287' title='bbox 1056 2090 1232 2161; x_wconf 78' lang='lat' dir='ltr'><strong>ofﬁcio</strong></span> <span class='ocrx_word' id='word_1_288' title='bbox 1272 2103 1385 2151; x_wconf 81' lang='lat' dir='ltr'><strong>tuo.</strong></span> <span class='ocrx_word' id='word_1_289' title='bbox 1430 2096 1713 2156; x_wconf 86' lang='lat' dir='ltr'><strong>Laieorum</strong></span> <span class='ocrx_word' id='word_1_290' title='bbox 1759 2081 1890 2173; x_wconf 73' lang='lat' dir='ltr'><strong>ergo</strong></span> <span class='ocrx_word' id='word_1_291' title='bbox 1930 2111 2135 2162; x_wconf 86' lang='lat' dir='ltr'><strong>tantum</strong></span> 
     </span>
    </p>
   </div>
   <div class='ocr_carea' id='block_1_37' title="bbox 555 2178 2138 2261">
    <p class='ocr_par' dir='ltr' id='par_1_37' title="bbox 555 2178 2138 2261">
     <span class='ocr_line' id='line_1_37' title="bbox 555 2178 2138 2261; baseline 0.017 -35"><span class='ocrx_word' id='word_1_292' title='bbox 555 2178 989 2234; x_wconf 86' lang='lat' dir='ltr'><strong>communionem</strong></span> <span class='ocrx_word' id='word_1_293' title='bbox 1040 2181 1089 2236; x_wconf 91' lang='lat' dir='ltr'><strong>ei</strong></span> <span class='ocrx_word' id='word_1_294' title='bbox 1131 2184 1435 2252; x_wconf 73' lang='lat' dir='ltr'><strong>retldenles,</strong></span> <span class='ocrx_word' id='word_1_295' title='bbox 1466 2188 1615 2245; x_wconf 91' lang='lat' dir='ltr'><strong>illum</strong></span> <span class='ocrx_word' id='word_1_296' title='bbox 1656 2192 1962 2261; x_wconf 71' lang='lat' dir='ltr'><strong>penitentiae</strong></span> <span class='ocrx_word' id='word_1_297' title='bbox 2010 2197 2138 2252; x_wconf 84' lang='lat' dir='ltr'><strong>sub-</strong></span> 
     </span>
    </p>
   </div>
   <div class='ocr_carea' id='block_1_38' title="bbox 556 2266 2135 2354">
    <p class='ocr_par' dir='ltr' id='par_1_38' title="bbox 556 2266 2135 2354">
     <span class='ocr_line' id='line_1_38' title="bbox 556 2266 2135 2354; baseline 0.013 -33"><span class='ocrx_word' id='word_1_298' title='bbox 556 2266 708 2332; x_wconf 87' lang='lat' dir='ltr'><strong>dunt,</strong></span> <span class='ocrx_word' id='word_1_299' title='bbox 740 2279 903 2339; x_wconf 90' lang='lat' dir='ltr'><strong>atque</strong></span> <span class='ocrx_word' id='word_1_300' title='bbox 924 2271 1003 2327; x_wconf 88' lang='lat' dir='ltr'><strong>sic</strong></span> <span class='ocrx_word' id='word_1_301' title='bbox 1031 2289 1060 2328; x_wconf 90' lang='lat' dir='ltr'><strong>a</strong></span> <span class='ocrx_word' id='word_1_302' title='bbox 1087 2274 1278 2331; x_wconf 81' lang='lat' dir='ltr'><strong>sinodo</strong></span> <span class='ocrx_word' id='word_1_303' title='bbox 1301 2278 1461 2335; x_wconf 90' lang='lat' dir='ltr'><strong>soluti</strong></span> <span class='ocrx_word' id='word_1_304' title='bbox 1489 2288 1635 2337; x_wconf 91' lang='lat' dir='ltr'><strong>sunt.</strong></span> <span class='ocrx_word' id='word_1_305' title='bbox 1687 2282 1745 2338; x_wconf 87' lang='lat' dir='ltr'><strong>Si</strong></span> <span class='ocrx_word' id='word_1_306' title='bbox 1785 2284 1906 2354; x_wconf 87' lang='lat' dir='ltr'><strong>quis</strong></span> <span class='ocrx_word' id='word_1_307' title='bbox 1955 2296 2135 2343; x_wconf 90' lang='lat' dir='ltr'><strong>autem</strong></span> 
     </span>
    </p>
   </div>
   <div class='ocr_carea' id='block_1_39' title="bbox 553 2356 2135 2441">
    <p class='ocr_par' dir='ltr' id='par_1_39' title="bbox 553 2356 2135 2441">
     <span class='ocr_line' id='line_1_39' title="bbox 553 2356 2135 2441; baseline 0.015 -32"><span class='ocrx_word' id='word_1_308' title='bbox 553 2356 769 2427; x_wconf 88' lang='lat' dir='ltr'><strong>plenius</strong></span> <span class='ocrx_word' id='word_1_309' title='bbox 800 2362 942 2416; x_wconf 90' lang='lat' dir='ltr'><strong>scire</strong></span> <span class='ocrx_word' id='word_1_310' title='bbox 972 2363 1222 2432; x_wconf 84' lang='lat' dir='ltr'><strong>voluerit,</strong></span> <span class='ocrx_word' id='word_1_311' title='bbox 1248 2369 1377 2437; x_wconf 90' lang='lat' dir='ltr'><strong>quid</strong></span> <span class='ocrx_word' id='word_1_312' title='bbox 1401 2370 1630 2441; x_wconf 85' lang='lat' dir='ltr'><strong>quisque</strong></span> <span class='ocrx_word' id='word_1_313' title='bbox 1655 2389 1840 2429; x_wconf 90' lang='lat' dir='ltr'><strong>eorum</strong></span> <span class='ocrx_word' id='word_1_314' title='bbox 1879 2374 1947 2431; x_wconf 88' lang='lat' dir='ltr'><strong>de</strong></span> <span class='ocrx_word' id='word_1_315' title='bbox 1974 2391 2135 2433; x_wconf 88' lang='lat' dir='ltr'><strong>cano-</strong></span> 
     </span>
    </p>
   </div>
   <div class='ocr_carea' id='block_1_40' title="bbox 510 2450 2136 2537">
    <p class='ocr_par' dir='ltr' id='par_1_40' title="bbox 510 2450 2136 2537">
     <span class='ocr_line' id='line_1_40' title="bbox 510 2450 2136 2537; baseline 0.013 -34"><span class='ocrx_word' id='word_1_316' title='bbox 510 2472 519 2476; x_wconf 54' lang='grc' dir='ltr'>δ</span> <span class='ocrx_word' id='word_1_317' title='bbox 554 2450 713 2506; x_wconf 88' lang='lat' dir='ltr'><strong>nibus</strong></span> <span class='ocrx_word' id='word_1_318' title='bbox 732 2459 789 2507; x_wconf 88' lang='lat' dir='ltr'><strong>et</strong></span> <span class='ocrx_word' id='word_1_319' title='bbox 812 2461 1024 2523; x_wconf 88' lang='lat' dir='ltr'><strong>patrum</strong></span> <span class='ocrx_word' id='word_1_320' title='bbox 1068 2456 1301 2515; x_wconf 87' lang='lat' dir='ltr'><strong>decretis</strong></span> <span class='ocrx_word' id='word_1_321' title='bbox 1333 2460 1384 2515; x_wconf 91' lang='lat' dir='ltr'><strong>in</strong></span> <span class='ocrx_word' id='word_1_322' title='bbox 1412 2463 1642 2519; x_wconf 89' lang='lat' dir='ltr'><strong>concilio</strong></span> <span class='ocrx_word' id='word_1_323' title='bbox 1678 2464 1978 2533; x_wconf 89' lang='lat' dir='ltr'><strong>protulerit,</strong></span> <span class='ocrx_word' id='word_1_324' title='bbox 2007 2468 2136 2537; x_wconf 90' lang='lat' dir='ltr'><strong>quid</strong></span> 
     </span>
    </p>
   </div>
   <div class='ocr_carea' id='block_1_41' title="bbox 553 2544 2136 2629">
    <p class='ocr_par' dir='ltr' id='par_1_41' title="bbox 553 2544 2136 2629">
     <span class='ocr_line' id='line_1_41' title="bbox 553 2544 2136 2629; baseline 0.012 -35"><span class='ocrx_word' id='word_1_325' title='bbox 553 2556 769 2612; x_wconf 89' lang='lat' dir='ltr'><strong>quoque</strong></span> <span class='ocrx_word' id='word_1_326' title='bbox 803 2544 870 2599; x_wconf 86' lang='lat' dir='ltr'><strong>ab</strong></span> <span class='ocrx_word' id='word_1_327' title='bbox 897 2548 976 2601; x_wconf 73' lang='lat' dir='ltr'><strong>eis</strong></span> <span class='ocrx_word' id='word_1_328' title='bbox 1014 2547 1086 2601; x_wconf 88' lang='lat' dir='ltr'><strong>ibi</strong></span> <span class='ocrx_word' id='word_1_329' title='bbox 1118 2551 1383 2604; x_wconf 85' lang='lat' dir='ltr'><strong>sancitum</strong></span> <span class='ocrx_word' id='word_1_330' title='bbox 1412 2552 1500 2615; x_wconf 91' lang='lat' dir='ltr'><strong>sit,</strong></span> <span class='ocrx_word' id='word_1_331' title='bbox 1537 2554 1666 2623; x_wconf 88' lang='lat' dir='ltr'><strong>quid</strong></span> <span class='ocrx_word' id='word_1_332' title='bbox 1695 2556 1859 2610; x_wconf 89' lang='lat' dir='ltr'><strong>etiam</strong></span> <span class='ocrx_word' id='word_1_333' title='bbox 1901 2572 1931 2611; x_wconf 89' lang='lat' dir='ltr'><strong>a</strong></span> <span class='ocrx_word' id='word_1_334' title='bbox 1997 2559 2136 2629; x_wconf 85' lang='lat' dir='ltr'><strong>regi-</strong></span> 
     </span>
    </p>
   </div>
   <div class='ocr_carea' id='block_1_42' title="bbox 551 2631 2136 2717">
    <p class='ocr_par' dir='ltr' id='par_1_42' title="bbox 551 2631 2136 2717">
     <span class='ocr_line' id='line_1_42' title="bbox 551 2631 2136 2717; baseline 0.013 -32"><span class='ocrx_word' id='word_1_335' title='bbox 551 2631 654 2687; x_wconf 87' lang='lat' dir='ltr'><strong>bus</strong></span> <span class='ocrx_word' id='word_1_336' title='bbox 691 2644 746 2688; x_wconf 89' lang='lat' dir='ltr'><strong>et</strong></span> <span class='ocrx_word' id='word_1_337' title='bbox 783 2636 1050 2706; x_wconf 83' lang='lat' dir='ltr'><strong>episcopis</strong></span> <span class='ocrx_word' id='word_1_338' title='bbox 1081 2637 1326 2694; x_wconf 82' lang='lat' dir='ltr'><strong>Romano</strong></span> <span class='ocrx_word' id='word_1_339' title='bbox 1356 2643 1595 2711; x_wconf 80' lang='lat' dir='ltr'><strong>pontifici</strong></span> <span class='ocrx_word' id='word_1_340' title='bbox 1621 2645 1908 2712; x_wconf 86' lang='lat' dir='ltr'><strong>directum,</strong></span> <span class='ocrx_word' id='word_1_341' title='bbox 1938 2649 2136 2717; x_wconf 89' lang='lat' dir='ltr'><strong>quibus</strong></span> 
     </span>
    </p>
   </div>
   <div class='ocr_carea' id='block_1_43' title="bbox 552 2729 2138 2793">
    <p class='ocr_par' dir='ltr' id='par_1_43' title="bbox 552 2729 2138 2793">
     <span class='ocr_line' id='line_1_43' title="bbox 552 2729 2138 2793; baseline 0.01 -16"><span class='ocrx_word' id='word_1_342' title='bbox 552 2737 769 2793; x_wconf 90' lang='lat' dir='ltr'><strong>quoque</strong></span> <span class='ocrx_word' id='word_1_343' title='bbox 790 2740 1075 2781; x_wconf 90' lang='lat' dir='ltr'><strong>causarum</strong></span> <span class='ocrx_word' id='word_1_344' title='bbox 1107 2729 1406 2786; x_wconf 88' lang='lat' dir='ltr'><strong>rationibus</strong></span> <span class='ocrx_word' id='word_1_345' title='bbox 1434 2732 1649 2791; x_wconf 86' lang='lat' dir='ltr'><strong>Arnull‘t</strong></span> <span class='ocrx_word' id='word_1_346' title='bbox 1676 2735 1944 2790; x_wconf 84' lang='lat' dir='ltr'><strong>abdicatio</strong></span> <span class='ocrx_word' id='word_1_347' title='bbox 1976 2738 2138 2792; x_wconf 87' lang='lat' dir='ltr'><strong>robo-</strong></span> 
     </span>
    </p>
   </div>
   <div class='ocr_carea' id='block_1_44' title="bbox 552 2817 2133 2898">
    <p class='ocr_par' dir='ltr' id='par_1_44' title="bbox 552 2817 2133 2898">
     <span class='ocr_line' id='line_1_44' title="bbox 552 2817 2133 2898; baseline 0.01 -29"><span class='ocrx_word' id='word_1_348' title='bbox 552 2828 670 2872; x_wconf 85' lang='lat' dir='ltr'><strong>rata</strong></span> <span class='ocrx_word' id='word_1_349' title='bbox 697 2827 800 2884; x_wconf 74' lang='lat' dir='ltr'><strong>est,</strong></span> <span class='ocrx_word' id='word_1_350' title='bbox 856 2817 1000 2890; x_wconf 82' lang='lat' dir='ltr'><strong>legat</strong></span> <span class='ocrx_word' id='word_1_351' title='bbox 1049 2820 1244 2875; x_wconf 85' lang='lat' dir='ltr'><strong>librum</strong></span> <span class='ocrx_word' id='word_1_352' title='bbox 1283 2823 1465 2879; x_wconf 88' lang='lat' dir='ltr'><strong>domui</strong></span> <span class='ocrx_word' id='word_1_353' title='bbox 1494 2834 1547 2880; x_wconf 87' lang='lat' dir='ltr'><strong>et</strong></span> <span class='ocrx_word' id='word_1_354' title='bbox 1574 2825 2009 2898; x_wconf 83' lang='lat' dir='ltr'><strong>iucomparabilis</strong></span> <span class='ocrx_word' id='word_1_355' title='bbox 2033 2829 2133 2885; x_wconf 77' lang='lat' dir='ltr'><strong>viri</strong></span> 
     </span>
    </p>
   </div>
   <div class='ocr_carea' id='block_1_45' title="bbox 550 2904 2131 2986">
    <p class='ocr_par' dir='ltr' id='par_1_45' title="bbox 550 2904 2131 2986">
     <span class='ocr_line' id='line_1_45' title="bbox 550 2904 2131 2986; baseline 0.01 -27"><span class='ocrx_word' id='word_1_356' title='bbox 550 2904 820 2973; x_wconf 86' lang='lat' dir='ltr'><strong>Gcrherti,</strong></span> <span class='ocrx_word' id='word_1_357' title='bbox 868 2910 1027 2980; x_wconf 85' lang='lat' dir='ltr'><strong>hujus</strong></span> <span class='ocrx_word' id='word_1_358' title='bbox 1054 2910 1263 2966; x_wconf 85' lang='lat' dir='ltr'><strong>Arnulti</strong></span> <span class='ocrx_word' id='word_1_359' title='bbox 1316 2913 1368 2970; x_wconf 91' lang='lat' dir='ltr'><strong>in</strong></span> <span class='ocrx_word' id='word_1_360' title='bbox 1426 2915 1734 2986; x_wconf 86' lang='lat' dir='ltr'><strong>episcopatu</strong></span> <span class='ocrx_word' id='word_1_361' title='bbox 1777 2920 2131 2986; x_wconf 87' lang='lat' dir='ltr'><strong>successoris,</strong></span> 
     </span>
    </p>
   </div>
   <div class='ocr_carea' id='block_1_46' title="bbox 482 2995 2135 3077">
    <p class='ocr_par' dir='ltr' id='par_1_46' title="bbox 482 2995 2135 3077">
     <span class='ocr_line' id='line_1_46' title="bbox 482 2995 2135 3077; baseline 0.01 -31"><span class='ocrx_word' id='word_1_362' title='bbox 482 3061 495 3072; x_wconf 81' lang='lat'><strong>_</strong></span> <span class='ocrx_word' id='word_1_363' title='bbox 550 2995 643 3066; x_wconf 89' lang='lat' dir='ltr'><strong>qui</strong></span> <span class='ocrx_word' id='word_1_364' title='bbox 695 2998 874 3051; x_wconf 84' lang='lat' dir='ltr'><strong>omnia</strong></span> <span class='ocrx_word' id='word_1_365' title='bbox 905 2998 1018 3053; x_wconf 65' lang='lat' dir='ltr'><strong>haec</strong></span> <span class='ocrx_word' id='word_1_366' title='bbox 1048 3001 1255 3070; x_wconf 84' lang='lat' dir='ltr'><strong>digesta</strong></span> <span class='ocrx_word' id='word_1_367' title='bbox 1297 3002 1603 3071; x_wconf 88' lang='lat' dir='ltr'><strong>continens,</strong></span> <span class='ocrx_word' id='word_1_368' title='bbox 1647 3006 1783 3061; x_wconf 89' lang='lat' dir='ltr'><strong>mira</strong></span> <span class='ocrx_word' id='word_1_369' title='bbox 1814 3007 2135 3077; x_wconf 64' lang='lat' dir='ltr'><strong>eloquentiae</strong></span> 
     </span>
    </p>
   </div>
   <div class='ocr_carea' id='block_1_47' title="bbox 550 3088 2133 3166">
    <p class='ocr_par' dir='ltr' id='par_1_47' title="bbox 550 3088 2133 3166">
     <span class='ocr_line' id='line_1_47' title="bbox 550 3088 2133 3166; baseline 0.009 -25"><span class='ocrx_word' id='word_1_370' title='bbox 550 3088 819 3144; x_wconf 80' lang='lat' dir='ltr'><strong>suavitate</strong></span> <span class='ocrx_word' id='word_1_371' title='bbox 840 3090 1086 3146; x_wconf 87' lang='lat' dir='ltr'><strong>Tulliano</strong></span> <span class='ocrx_word' id='word_1_372' title='bbox 1100 3093 1313 3163; x_wconf 83' lang='lat' dir='ltr'><strong>eloquio</strong></span> <span class='ocrx_word' id='word_1_373' title='bbox 1336 3105 1702 3165; x_wconf 88' lang='lat' dir='ltr'><strong>comparatur.</strong></span> <span class='ocrx_word' id='word_1_374' title='bbox 1729 3097 2133 3166; x_wconf 88' lang='lat' dir='ltr'><strong>Objectionibus</strong></span> 
     </span>
    </p>
   </div>
   <div class='ocr_carea' id='block_1_48' title="bbox 550 3186 2130 3264">
    <p class='ocr_par' dir='ltr' id='par_1_48' title="bbox 550 3186 2130 3264">
     <span class='ocr_line' id='line_1_48' title="bbox 550 3186 2130 3264; baseline 0.009 -32"><span class='ocrx_word' id='word_1_375' title='bbox 550 3193 785 3249; x_wconf 85' lang='lat' dir='ltr'><strong>namque</strong></span> <span class='ocrx_word' id='word_1_376' title='bbox 830 3192 886 3237; x_wconf 90' lang='lat' dir='ltr'><strong>et</strong></span> <span class='ocrx_word' id='word_1_377' title='bbox 934 3186 1399 3253; x_wconf 79' lang='lat' dir='ltr'><strong>respnnsionibus,</strong></span> <span class='ocrx_word' id='word_1_378' title='bbox 1449 3191 1925 3259; x_wconf 87' lang='lat' dir='ltr'><strong>conquestionibus</strong></span> <span class='ocrx_word' id='word_1_379' title='bbox 1970 3201 2130 3264; x_wconf 85' lang='lat' dir='ltr'><strong>atque</strong></span> 
     </span>
    </p>
   </div>
   <div class='ocr_carea' id='block_1_49' title="bbox 546 3274 2123 3352">
    <p class='ocr_par' dir='ltr' id='par_1_49' title="bbox 546 3274 2123 3352">
     <span class='ocr_line' id='line_1_49' title="bbox 546 3274 2123 3352; baseline 0.008 -24"><span class='ocrx_word' id='word_1_380' title='bbox 546 3274 1224 3341; x_wconf 79' lang='lat' dir='ltr'><strong>orationibus,invectivis,</strong></span> <span class='ocrx_word' id='word_1_381' title='bbox 1253 3279 1685 3352; x_wconf 89' lang='lat' dir='ltr'><strong>conjecturisque</strong></span> <span class='ocrx_word' id='word_1_382' title='bbox 1707 3292 1764 3337; x_wconf 91' lang='lat' dir='ltr'><strong>et</strong></span> <span class='ocrx_word' id='word_1_383' title='bbox 1790 3284 2123 3341; x_wconf 83' lang='lat' dir='ltr'><strong>difﬂnitioni-</strong></span> 
     </span>
    </p>
   </div>
   <div class='ocr_carea' id='block_1_50' title="bbox 546 3360 2131 3447">
    <p class='ocr_par' dir='ltr' id='par_1_50' title="bbox 546 3360 2131 3447">
     <span class='ocr_line' id='line_1_50' title="bbox 546 3360 2131 3447; baseline 0.009 -30"><span class='ocrx_word' id='word_1_384' title='bbox 546 3360 650 3418; x_wconf 84' lang='lat' dir='ltr'><strong>bus</strong></span> <span class='ocrx_word' id='word_1_385' title='bbox 681 3364 939 3435; x_wconf 88' lang='lat' dir='ltr'><strong>repletus,</strong></span> <span class='ocrx_word' id='word_1_386' title='bbox 972 3365 1396 3423; x_wconf 85' lang='lat' dir='ltr'><strong>luculentissime</strong></span> <span class='ocrx_word' id='word_1_387' title='bbox 1423 3386 1488 3426; x_wconf 90' lang='lat' dir='ltr'><strong>ac</strong></span> <span class='ocrx_word' id='word_1_388' title='bbox 1516 3374 1907 3429; x_wconf 83' lang='lat' dir='ltr'><strong>rationabiliter</strong></span> <span class='ocrx_word' id='word_1_389' title='bbox 1932 3391 2131 3447; x_wconf 88' lang='lat' dir='ltr'><strong>propo-</strong></span> 
     </span>
    </p>
   </div>
   <div class='ocr_carea' id='block_1_51' title="bbox 546 3453 2131 3528">
    <p class='ocr_par' dir='ltr' id='par_1_51' title="bbox 546 3453 2131 3528">
     <span class='ocr_line' id='line_1_51' title="bbox 546 3453 2131 3528; baseline 0.009 -20"><span class='ocrx_word' id='word_1_390' title='bbox 546 3453 652 3518; x_wconf 85' lang='lat' dir='ltr'><strong>nit,</strong></span> <span class='ocrx_word' id='word_1_391' title='bbox 676 3456 925 3522; x_wconf 86' lang='lat' dir='ltr'><strong>assumit,</strong></span> <span class='ocrx_word' id='word_1_392' title='bbox 953 3467 1116 3528; x_wconf 85' lang='lat' dir='ltr'><strong>atqtte</strong></span> <span class='ocrx_word' id='word_1_393' title='bbox 1162 3456 1453 3516; x_wconf 87' lang='lat' dir='ltr'><strong>concludit.</strong></span> <span class='ocrx_word' id='word_1_394' title='bbox 1479 3462 1579 3528; x_wconf 85' lang='lat' dir='ltr'><strong>Qui</strong></span> <span class='ocrx_word' id='word_1_395' title='bbox 1618 3479 1725 3521; x_wconf 89' lang='lat' dir='ltr'><strong>non</strong></span> <span class='ocrx_word' id='word_1_396' title='bbox 1776 3465 1945 3519; x_wconf 91' lang='lat' dir='ltr'><strong>solum</strong></span> <span class='ocrx_word' id='word_1_397' title='bbox 1983 3468 2131 3523; x_wconf 83' lang='lat' dir='ltr'><strong>sino-</strong></span> 
     </span>
    </p>
   </div>
   <div class='ocr_carea' id='block_1_52' title="bbox 547 3542 2132 3626">
    <p class='ocr_par' dir='ltr' id='par_1_52' title="bbox 547 3542 2132 3626">
     <span class='ocr_line' id='line_1_52' title="bbox 547 3542 2132 3626; baseline 0.009 -28"><span class='ocrx_word' id='word_1_398' title='bbox 547 3542 760 3600; x_wconf 88' lang='lat' dir='ltr'><strong>dalibus</strong></span> <span class='ocrx_word' id='word_1_399' title='bbox 789 3545 989 3613; x_wconf 86' lang='lat' dir='ltr'><strong>causis,</strong></span> <span class='ocrx_word' id='word_1_400' title='bbox 1021 3548 1115 3602; x_wconf 89' lang='lat' dir='ltr'><strong>sed</strong></span> <span class='ocrx_word' id='word_1_401' title='bbox 1143 3558 1320 3604; x_wconf 85' lang='lat' dir='ltr'><strong>status</strong></span> <span class='ocrx_word' id='word_1_402' title='bbox 1364 3551 1649 3607; x_wconf 72' lang='lat' dir='ltr'><strong>rethorica:</strong></span> <span class='ocrx_word' id='word_1_403' title='bbox 1681 3557 2132 3626; x_wconf 87' lang='lat' dir='ltr'><strong>cognoscentibus</strong></span> 
     </span>
    </p>
   </div>
   <div class='ocr_carea' id='block_1_53' title="bbox 549 3634 1091 3694">
    <p class='ocr_par' dir='ltr' id='par_1_53' title="bbox 549 3634 1091 3694">
     <span class='ocr_line' id='line_1_53' title="bbox 549 3634 1091 3694; baseline 0.009 -7"><span class='ocrx_word' id='word_1_404' title='bbox 549 3634 810 3692; x_wconf 83' lang='lat' dir='ltr'><strong>utillitnus</strong></span> <span class='ocrx_word' id='word_1_405' title='bbox 841 3639 1091 3694; x_wconf 87' lang='lat' dir='ltr'><strong>habetur.</strong></span> 
     </span>
    </p>
   </div>
   <div class='ocr_carea' id='block_1_54' title="bbox 618 3726 2128 3805">
    <p class='ocr_par' dir='ltr' id='par_1_54' title="bbox 618 3726 2128 3805">
     <span class='ocr_line' id='line_1_54' title="bbox 618 3726 2128 3805; baseline 0.009 -24"><span class='ocrx_word' id='word_1_406' title='bbox 618 3727 707 3782; x_wconf 74' lang='grc'><strong>74.</strong></span> <span class='ocrx_word' id='word_1_407' title='bbox 735 3726 1047 3801; x_wconf 77' lang='lat' dir='ltr'><strong>Conquestio</strong></span> <span class='ocrx_word' id='word_1_408' title='bbox 1070 3730 1139 3763; x_wconf 79' lang='grc'><strong>⁸³⁷</strong></span> <span class='ocrx_word' id='word_1_409' title='bbox 1186 3729 1390 3787; x_wconf 73' lang='lat' dir='ltr'><strong>Odon&#39;h</strong></span> <span class='ocrx_word' id='word_1_410' title='bbox 1414 3733 1481 3767; x_wconf 76' lang='lat'><strong>‘&quot;</strong></span> <span class='ocrx_word' id='word_1_411' title='bbox 1534 3735 1677 3805; x_wconf 83' lang='lat' dir='ltr'><strong>apud</strong></span> <span class='ocrx_word' id='word_1_412' title='bbox 1705 3736 1773 3769; x_wconf 78' lang='grc'><strong>⁸³⁷</strong></span> <span class='ocrx_word' id='word_1_413' title='bbox 1818 3754 1942 3794; x_wconf 75' lang='lat' dir='ltr'><strong>suos</strong></span> <span class='ocrx_word' id='word_1_414' title='bbox 1968 3739 2031 3794; x_wconf 87' lang='lat' dir='ltr'><strong>de</strong></span> <span class='ocrx_word' id='word_1_415' title='bbox 2059 3740 2128 3774; x_wconf 81' lang='grc'><strong>⁸³⁷</strong></span> 
     </span>
    </p>
   </div>
   <div class='ocr_carea' id='block_1_55' title="bbox 547 3817 2132 3890">
    <p class='ocr_par' dir='ltr' id='par_1_55' title="bbox 547 3817 2132 3890">
     <span class='ocr_line' id='line_1_55' title="bbox 547 3817 2132 3890; baseline 0.008 -16"><span class='ocrx_word' id='word_1_416' title='bbox 547 3817 801 3874; x_wconf 76' lang='lat' dir='ltr'><strong>Miliduni</strong></span> <span class='ocrx_word' id='word_1_417' title='bbox 827 3819 894 3852; x_wconf 77' lang='grc'><strong>⁵³⁷</strong></span> <span class='ocrx_word' id='word_1_418' title='bbox 916 3822 1178 3890; x_wconf 74' lang='lat' dir='ltr'><strong>ereptione</strong></span> <span class='ocrx_word' id='word_1_419' title='bbox 1205 3821 1295 3876; x_wconf 81' lang='lat'><strong>°&quot;.</strong></span> <span class='ocrx_word' id='word_1_420' title='bbox 1325 3853 1396 3864; x_wconf 89' lang='lat'><strong>--</strong></span> <span class='ocrx_word' id='word_1_421' title='bbox 1430 3824 1635 3881; x_wconf 80' lang='lat' dir='ltr'><strong>interea</strong></span> <span class='ocrx_word' id='word_1_422' title='bbox 1668 3826 1784 3883; x_wconf 89' lang='lat' dir='ltr'><strong>0-.lo</strong></span> <span class='ocrx_word' id='word_1_423' title='bbox 1806 3844 1984 3884; x_wconf 90' lang='lat' dir='ltr'><strong>rerum</strong></span> <span class='ocrx_word' id='word_1_424' title='bbox 2008 3845 2132 3886; x_wconf 86' lang='lat' dir='ltr'><strong>sua-</strong></span> 
     </span>
    </p>
   </div>
   <div class='ocr_carea' id='block_1_56' title="bbox 547 3917 2132 3997">
    <p class='ocr_par' dir='ltr' id='par_1_56' title="bbox 547 3917 2132 3997">
     <span class='ocr_line' id='line_1_56' title="bbox 547 3917 2132 3997; baseline 0.007 -31"><span class='ocrx_word' id='word_1_425' title='bbox 547 3927 667 3967; x_wconf 83' lang='lat' dir='ltr'><strong>rum</strong></span> <span class='ocrx_word' id='word_1_426' title='bbox 720 3923 1066 3984; x_wconf 85' lang='lat' dir='ltr'><strong>augmentum</strong></span> <span class='ocrx_word' id='word_1_427' title='bbox 1091 3917 1370 3997; x_wconf 56' lang='lat' dir='ltr'><strong>querebat:</strong></span> <span class='ocrx_word' id='word_1_428' title='bbox 1407 3917 1560 3974; x_wconf 90' lang='lat' dir='ltr'><strong>Unde</strong></span> <span class='ocrx_word' id='word_1_429' title='bbox 1584 3929 1638 3975; x_wconf 90' lang='lat' dir='ltr'><strong>et</strong></span> <span class='ocrx_word' id='word_1_430' title='bbox 1678 3922 1817 3990; x_wconf 89' lang='lat' dir='ltr'><strong>apud</strong></span> <span class='ocrx_word' id='word_1_431' title='bbox 1846 3937 1973 3977; x_wconf 89' lang='lat' dir='ltr'><strong>suos</strong></span> <span class='ocrx_word' id='word_1_432' title='bbox 1997 3937 2132 3992; x_wconf 90' lang='lat' dir='ltr'><strong>quo-</strong></span> 
     </span>
    </p>
   </div>
   <div class='ocr_carea' id='block_1_57' title="bbox 546 4004 2129 4073">
    <p class='ocr_par' dir='ltr' id='par_1_57' title="bbox 546 4004 2129 4073">
     <span class='ocr_line' id='line_1_57' title="bbox 546 4004 2129 4073; baseline 0.002 -10"><span class='ocrx_word' id='word_1_433' title='bbox 546 4019 666 4063; x_wconf 76' lang='lat' dir='ltr'><strong>rum</strong></span> <span class='ocrx_word' id='word_1_434' title='bbox 691 4004 848 4061; x_wconf 81' lang='lat' dir='ltr'><strong>fidem</strong></span> <span class='ocrx_word' id='word_1_435' title='bbox 887 4005 1244 4060; x_wconf 79' lang='lat' dir='ltr'><strong>indubitatam</strong></span> <span class='ocrx_word' id='word_1_436' title='bbox 1275 4008 1501 4073; x_wconf 89' lang='lat' dir='ltr'><strong>sciebat,</strong></span> <span class='ocrx_word' id='word_1_437' title='bbox 1528 4018 1765 4064; x_wconf 90' lang='lat' dir='ltr'><strong>castrum</strong></span> <span class='ocrx_word' id='word_1_438' title='bbox 1791 4010 2129 4066; x_wconf 84' lang='lat' dir='ltr'><strong>Meledunum</strong></span> 
     </span>
    </p>
   </div>
   <div class='ocr_carea' id='block_1_58' title="bbox 547 4090 2133 4170">
    <p class='ocr_par' dir='ltr' id='par_1_58' title="bbox 547 4090 2133 4170">
     <span class='ocr_line' id='line_1_58' title="bbox 547 4090 2133 4170; baseline 0.003 -19"><span class='ocrx_word' id='word_1_439' title='bbox 547 4093 601 4151; x_wconf 82' lang='lat' dir='ltr'><strong>in</strong></span> <span class='ocrx_word' id='word_1_440' title='bbox 628 4108 784 4148; x_wconf 90' lang='lat' dir='ltr'><strong>suum</strong></span> <span class='ocrx_word' id='word_1_441' title='bbox 818 4092 910 4162; x_wconf 85' lang='lat' dir='ltr'><strong>jus</strong></span> <span class='ocrx_word' id='word_1_442' title='bbox 966 4096 1266 4151; x_wconf 83' lang='lat' dir='ltr'><strong>transfundi</strong></span> <span class='ocrx_word' id='word_1_443' title='bbox 1322 4097 1582 4165; x_wconf 88' lang='lat' dir='ltr'><strong>parabat;</strong></span> <span class='ocrx_word' id='word_1_444' title='bbox 1616 4099 1716 4154; x_wconf 91' lang='lat' dir='ltr'><strong>sibi</strong></span> <span class='ocrx_word' id='word_1_445' title='bbox 1755 4090 2003 4170; x_wconf 85' lang='lat' dir='ltr'><strong>inquiens</strong></span> <span class='ocrx_word' id='word_1_446' title='bbox 2032 4102 2133 4156; x_wconf 88' lang='lat' dir='ltr'><strong>mi-</strong></span> 
     </span>
    </p>
   </div>
   <div class='ocr_carea' id='block_1_59' title="bbox 546 4183 2132 4256">
    <p class='ocr_par' dir='ltr' id='par_1_59' title="bbox 546 4183 2132 4256">
     <span class='ocr_line' id='line_1_59' title="bbox 546 4183 2132 4256; baseline 0.006 -18"><span class='ocrx_word' id='word_1_447' title='bbox 546 4183 838 4239; x_wconf 79' lang='lat' dir='ltr'><strong>serrimum</strong></span> <span class='ocrx_word' id='word_1_448' title='bbox 868 4183 1004 4251; x_wconf 85' lang='lat' dir='ltr'><strong>fore,</strong></span> <span class='ocrx_word' id='word_1_449' title='bbox 1035 4186 1178 4254; x_wconf 90' lang='lat' dir='ltr'><strong>quod</strong></span> <span class='ocrx_word' id='word_1_450' title='bbox 1205 4186 1256 4239; x_wconf 92' lang='lat' dir='ltr'><strong>in</strong></span> <span class='ocrx_word' id='word_1_451' title='bbox 1290 4186 1541 4256; x_wconf 88' lang='lat' dir='ltr'><strong>Sequana</strong></span> <span class='ocrx_word' id='word_1_452' title='bbox 1569 4188 1729 4244; x_wconf 83' lang='lat' dir='ltr'><strong>ﬂuvio</strong></span> <span class='ocrx_word' id='word_1_453' title='bbox 1762 4194 2132 4249; x_wconf 86' lang='lat' dir='ltr'><strong>transmitten-</strong></span> 
     </span>
    </p>
   </div>
   <div class='ocr_carea' id='block_1_60' title="bbox 547 4272 2131 4347">
    <p class='ocr_par' dir='ltr' id='par_1_60' title="bbox 547 4272 2131 4347">
     <span class='ocr_line' id='line_1_60' title="bbox 547 4272 2131 4347; baseline 0.008 -20"><span class='ocrx_word' id='word_1_454' title='bbox 547 4272 632 4327; x_wconf 87' lang='lat' dir='ltr'><strong>dis</strong></span> <span class='ocrx_word' id='word_1_455' title='bbox 649 4273 980 4328; x_wconf 79' lang='lat' dir='ltr'><strong>exercitibus</strong></span> <span class='ocrx_word' id='word_1_456' title='bbox 1005 4274 1187 4337; x_wconf 86' lang='lat' dir='ltr'><strong>nullus</strong></span> <span class='ocrx_word' id='word_1_457' title='bbox 1216 4274 1316 4330; x_wconf 88' lang='lat' dir='ltr'><strong>sibi</strong></span> <span class='ocrx_word' id='word_1_458' title='bbox 1344 4277 1602 4333; x_wconf 86' lang='lat' dir='ltr'><strong>transitus</strong></span> <span class='ocrx_word' id='word_1_459' title='bbox 1631 4289 1869 4347; x_wconf 88' lang='lat' dir='ltr'><strong>pateret;</strong></span> <span class='ocrx_word' id='word_1_460' title='bbox 1896 4282 2036 4337; x_wconf 88' lang='lat' dir='ltr'><strong>unde</strong></span> <span class='ocrx_word' id='word_1_461' title='bbox 2076 4291 2131 4338; x_wconf 90' lang='lat' dir='ltr'><strong>et</strong></span> 
     </span>
    </p>
   </div>
   <div class='ocr_carea' id='block_1_61' title="bbox 547 4365 2131 4447">
    <p class='ocr_par' dir='ltr' id='par_1_61' title="bbox 547 4365 2131 4447">
     <span class='ocr_line' id='line_1_61' title="bbox 547 4365 2131 4447; baseline 0.006 -24"><span class='ocrx_word' id='word_1_462' title='bbox 547 4365 602 4423; x_wconf 77' lang='lat' dir='ltr'><strong>id</strong></span> <span class='ocrx_word' id='word_1_463' title='bbox 646 4367 826 4423; x_wconf 87' lang='lat' dir='ltr'><strong>animo</strong></span> <span class='ocrx_word' id='word_1_464' title='bbox 854 4368 954 4422; x_wconf 90' lang='lat' dir='ltr'><strong>sibi</strong></span> <span class='ocrx_word' id='word_1_465' title='bbox 1000 4367 1275 4435; x_wconf 86' lang='lat' dir='ltr'><strong>incidisse,</strong></span> <span class='ocrx_word' id='word_1_466' title='bbox 1305 4370 1560 4440; x_wconf 87' lang='lat' dir='ltr'><strong>quatinus</strong></span> <span class='ocrx_word' id='word_1_467' title='bbox 1606 4372 1952 4442; x_wconf 84' lang='lat' dir='ltr'><strong>Milidunttm,</strong></span> <span class='ocrx_word' id='word_1_468' title='bbox 1988 4377 2131 4447; x_wconf 88' lang='lat' dir='ltr'><strong>quod</strong></span> 
     </span>
    </p>
   </div>
   <div class='ocr_carea' id='block_1_62' title="bbox 547 4460 2128 4539">
    <p class='ocr_par' dir='ltr' id='par_1_62' title="bbox 547 4460 2128 4539">
     <span class='ocr_line' id='line_1_62' title="bbox 547 4460 2128 4539; baseline 0.006 -24"><span class='ocrx_word' id='word_1_469' title='bbox 547 4467 631 4515; x_wconf 83' lang='lat' dir='ltr'><strong>est</strong></span> <span class='ocrx_word' id='word_1_470' title='bbox 665 4460 1070 4516; x_wconf 85' lang='lat' dir='ltr'><strong>circumﬂuente</strong></span> <span class='ocrx_word' id='word_1_471' title='bbox 1128 4460 1383 4533; x_wconf 88' lang='lat' dir='ltr'><strong>Sequana</strong></span> <span class='ocrx_word' id='word_1_472' title='bbox 1438 4465 1791 4532; x_wconf 81' lang='lat' dir='ltr'><strong>tutissimum,</strong></span> <span class='ocrx_word' id='word_1_473' title='bbox 1824 4477 1880 4523; x_wconf 87' lang='lat' dir='ltr'><strong>et</strong></span> <span class='ocrx_word' id='word_1_474' title='bbox 1931 4469 2128 4539; x_wconf 91' lang='lat' dir='ltr'><strong>duplici</strong></span> 
     </span>
    </p>
   </div>
   <div class='ocr_carea' id='block_1_63' title="bbox 2236 1917 3826 2002">
    <p class='ocr_par' dir='ltr' id='par_1_63' title="bbox 2236 1917 3826 2002">
     <span class='ocr_line' id='line_1_63' title="bbox 2236 1917 3826 2002; baseline 0.009 -30"><span class='ocrx_word' id='word_1_475' title='bbox 2236 1917 2354 1986; x_wconf 87' lang='lat' dir='ltr'><strong>ejus</strong></span> <span class='ocrx_word' id='word_1_476' title='bbox 2376 1934 2550 1988; x_wconf 89' lang='lat' dir='ltr'><strong>esses,</strong></span> <span class='ocrx_word' id='word_1_477' title='bbox 2575 1922 2693 1992; x_wconf 87' lang='lat' dir='ltr'><strong>ejus</strong></span> <span class='ocrx_word' id='word_1_478' title='bbox 2738 1924 2856 1982; x_wconf 91' lang='lat' dir='ltr'><strong>sine</strong></span> <span class='ocrx_word' id='word_1_479' title='bbox 2898 1928 3061 1983; x_wconf 88' lang='lat' dir='ltr'><strong>dubio</strong></span> <span class='ocrx_word' id='word_1_480' title='bbox 3088 1930 3342 2000; x_wconf 87' lang='lat' dir='ltr'><strong>gratiam,</strong></span> <span class='ocrx_word' id='word_1_481' title='bbox 3363 1930 3674 1997; x_wconf 89' lang='lat' dir='ltr'><strong>consilium,</strong></span> <span class='ocrx_word' id='word_1_482' title='bbox 3702 1946 3826 2002; x_wconf 88' lang='lat' dir='ltr'><strong>sup-</strong></span> 
     </span>
    </p>
   </div>
   <div class='ocr_carea' id='block_1_64' title="bbox 2235 2012 3820 2091">
    <p class='ocr_par' dir='ltr' id='par_1_64' title="bbox 2235 2012 3820 2091">
     <span class='ocr_line' id='line_1_64' title="bbox 2235 2012 3820 2091; baseline 0.008 -26"><span class='ocrx_word' id='word_1_483' title='bbox 2235 2012 2408 2080; x_wconf 90' lang='lat' dir='ltr'><strong>petias</strong></span> <span class='ocrx_word' id='word_1_484' title='bbox 2431 2013 2680 2072; x_wconf 90' lang='lat' dir='ltr'><strong>haberes.</strong></span> <span class='ocrx_word' id='word_1_485' title='bbox 2720 2016 2828 2073; x_wconf 91' lang='lat' dir='ltr'><strong>Pro</strong></span> <span class='ocrx_word' id='word_1_486' title='bbox 2855 2034 2964 2074; x_wconf 93' lang='lat' dir='ltr'><strong>uno</strong></span> <span class='ocrx_word' id='word_1_487' title='bbox 3003 2028 3181 2076; x_wconf 88' lang='lat' dir='ltr'><strong>castro</strong></span> <span class='ocrx_word' id='word_1_488' title='bbox 3227 2020 3455 2091; x_wconf 91' lang='lat' dir='ltr'><strong>plurima</strong></span> <span class='ocrx_word' id='word_1_489' title='bbox 3486 2021 3820 2091; x_wconf 85' lang='lat' dir='ltr'><strong>possideres.</strong></span> 
     </span>
    </p>
   </div>
   <div class='ocr_carea' id='block_1_65' title="bbox 2235 2102 3825 2183">
    <p class='ocr_par' dir='ltr' id='par_1_65' title="bbox 2235 2102 3825 2183">
     <span class='ocr_line' id='line_1_65' title="bbox 2235 2102 3825 2183; baseline 0.003 -19"><span class='ocrx_word' id='word_1_490' title='bbox 2235 2102 2395 2164; x_wconf 88' lang='lat' dir='ltr'><strong>Unde</strong></span> <span class='ocrx_word' id='word_1_491' title='bbox 2441 2116 2497 2162; x_wconf 90' lang='lat' dir='ltr'><strong>et</strong></span> <span class='ocrx_word' id='word_1_492' title='bbox 2540 2110 2618 2163; x_wconf 90' lang='lat' dir='ltr'><strong>tui</strong></span> <span class='ocrx_word' id='word_1_493' title='bbox 2666 2111 2903 2167; x_wconf 86' lang='lat' dir='ltr'><strong>nominis</strong></span> <span class='ocrx_word' id='word_1_494' title='bbox 2957 2111 3127 2183; x_wconf 86' lang='lat' dir='ltr'><strong>gloria</strong></span> <span class='ocrx_word' id='word_1_495' title='bbox 3157 2128 3223 2169; x_wconf 91' lang='lat' dir='ltr'><strong>eo</strong></span> <span class='ocrx_word' id='word_1_496' title='bbox 3270 2112 3499 2168; x_wconf 91' lang='lat' dir='ltr'><strong>ulterius</strong></span> <span class='ocrx_word' id='word_1_497' title='bbox 3540 2114 3663 2177; x_wconf 88' lang='lat' dir='ltr'><strong>iret,</strong></span> <span class='ocrx_word' id='word_1_498' title='bbox 3715 2128 3825 2183; x_wconf 92' lang='lat' dir='ltr'><strong>quo</strong></span> 
     </span>
    </p>
   </div>
   <div class='ocr_carea' id='block_1_66' title="bbox 2236 2200 3820 2275">
    <p class='ocr_par' dir='ltr' id='par_1_66' title="bbox 2236 2200 3820 2275">
     <span class='ocr_line' id='line_1_66' title="bbox 2236 2200 3820 2275; baseline 0.002 -20"><span class='ocrx_word' id='word_1_499' title='bbox 2236 2200 2467 2270; x_wconf 90' lang='lat' dir='ltr'><strong>amplius</strong></span> <span class='ocrx_word' id='word_1_500' title='bbox 2505 2200 2731 2255; x_wconf 90' lang='lat' dir='ltr'><strong>honoris</strong></span> <span class='ocrx_word' id='word_1_501' title='bbox 2771 2201 2983 2256; x_wconf 89' lang='lat' dir='ltr'><strong>culmen</strong></span> <span class='ocrx_word' id='word_1_502' title='bbox 3028 2203 3427 2275; x_wconf 87' lang='lat' dir='ltr'><strong>adipiscereris.</strong></span> <span class='ocrx_word' id='word_1_503' title='bbox 3462 2222 3482 2256; x_wconf 80' lang='grc'><strong>»</strong></span> <span class='ocrx_word' id='word_1_504' title='bbox 3516 2203 3609 2259; x_wconf 90' lang='lat' dir='ltr'><strong>Ille</strong></span> <span class='ocrx_word' id='word_1_505' title='bbox 3638 2219 3772 2259; x_wconf 83' lang='lat' dir='ltr'><strong>vero</strong></span> <span class='ocrx_word' id='word_1_506' title='bbox 3804 2223 3820 2258; x_wconf 88' lang='lat'><strong>:</strong></span> 
     </span>
    </p>
   </div>
   <div class='ocr_carea' id='block_1_67' title="bbox 2241 2292 3823 2365">
    <p class='ocr_par' dir='ltr' id='par_1_67' title="bbox 2241 2292 3823 2365">
     <span class='ocr_line' id='line_1_67' title="bbox 2241 2292 3823 2365; baseline 0.003 -21"><span class='ocrx_word' id='word_1_507' title='bbox 2241 2311 2261 2345; x_wconf 75' lang='grc' dir='ltr'>ι</span> <span class='ocrx_word' id='word_1_508' title='bbox 2292 2293 2576 2361; x_wconf 88' lang='lat' dir='ltr'><strong>Quomodo</strong></span> <span class='ocrx_word' id='word_1_509' title='bbox 2611 2310 2630 2345; x_wconf 72' lang='grc' dir='ltr'><strong><em>ι</em></strong></span> <span class='ocrx_word' id='word_1_510' title='bbox 2668 2292 2843 2363; x_wconf 86' lang='lat' dir='ltr'><strong>inquit</strong></span> <span class='ocrx_word' id='word_1_511' title='bbox 2892 2311 2912 2345; x_wconf 85' lang='grc'><strong>‹</strong></span> <span class='ocrx_word' id='word_1_512' title='bbox 2950 2293 3153 2365; x_wconf 88' lang='lat' dir='ltr'><strong>absque</strong></span> <span class='ocrx_word' id='word_1_513' title='bbox 3182 2303 3407 2364; x_wconf 85' lang='lat' dir='ltr'><strong>peccato</strong></span> <span class='ocrx_word' id='word_1_514' title='bbox 3451 2302 3508 2350; x_wconf 90' lang='lat' dir='ltr'><strong>et</strong></span> <span class='ocrx_word' id='word_1_515' title='bbox 3551 2293 3823 2349; x_wconf 87' lang='lat' dir='ltr'><strong>dedecore</strong></span> 
     </span>
    </p>
   </div>
   <div class='ocr_carea' id='block_1_68' title="bbox 2236 2383 3822 2456">
    <p class='ocr_par' dir='ltr' id='par_1_68' title="bbox 2236 2383 3822 2456">
     <span class='ocr_line' id='line_1_68' title="bbox 2236 2383 3822 2456; baseline 0 -16"><span class='ocrx_word' id='word_1_516' title='bbox 2236 2384 2336 2440; x_wconf 91' lang='lat' dir='ltr'><strong>hec</strong></span> <span class='ocrx_word' id='word_1_517' title='bbox 2380 2384 2496 2439; x_wconf 81' lang='lat' dir='ltr'><strong>fieri</strong></span> <span class='ocrx_word' id='word_1_518' title='bbox 2538 2399 2696 2453; x_wconf 87' lang='lat' dir='ltr'><strong>posse</strong></span> <span class='ocrx_word' id='word_1_519' title='bbox 2742 2384 3004 2440; x_wconf 78' lang='lat' dir='ltr'><strong>conﬁdis?</strong></span> <span class='ocrx_word' id='word_1_520' title='bbox 3037 2404 3054 2439; x_wconf 82' lang='lat' dir='ltr'><strong>I</strong></span> <span class='ocrx_word' id='word_1_521' title='bbox 3086 2385 3153 2440; x_wconf 91' lang='lat' dir='ltr'><strong>Et</strong></span> <span class='ocrx_word' id='word_1_522' title='bbox 3196 2387 3298 2443; x_wconf 88' lang='lat' dir='ltr'><strong>iste</strong></span> <span class='ocrx_word' id='word_1_523' title='bbox 3347 2386 3570 2456; x_wconf 88' lang='lat' dir='ltr'><strong>inquit:</strong></span> <span class='ocrx_word' id='word_1_524' title='bbox 3605 2403 3626 2436; x_wconf 71' lang='grc' dir='ltr'>ι</span> <span class='ocrx_word' id='word_1_525' title='bbox 3676 2383 3737 2440; x_wconf 93' lang='lat' dir='ltr'><strong>Si</strong></span> <span class='ocrx_word' id='word_1_526' title='bbox 3772 2395 3822 2440; x_wconf 88' lang='lat' dir='ltr'><strong>te</strong></span> 
     </span>
    </p>
   </div>
   <div class='ocr_carea' id='block_1_69' title="bbox 2234 2474 3827 2547">
    <p class='ocr_par' dir='ltr' id='par_1_69' title="bbox 2234 2474 3827 2547">
     <span class='ocr_line' id='line_1_69' title="bbox 2234 2474 3827 2547; baseline 0.001 -18"><span class='ocrx_word' id='word_1_527' title='bbox 2234 2489 2354 2529; x_wconf 89' lang='lat' dir='ltr'><strong>cum</strong></span> <span class='ocrx_word' id='word_1_528' title='bbox 2384 2484 2562 2530; x_wconf 84' lang='lat' dir='ltr'><strong>castro</strong></span> <span class='ocrx_word' id='word_1_529' title='bbox 2607 2474 2780 2531; x_wconf 87' lang='lat' dir='ltr'><strong>Odoni</strong></span> <span class='ocrx_word' id='word_1_530' title='bbox 2812 2475 3047 2541; x_wconf 82' lang='lat' dir='ltr'><strong>confers,</strong></span> <span class='ocrx_word' id='word_1_531' title='bbox 3086 2477 3341 2547; x_wconf 87' lang='lat' dir='ltr'><strong>quicquid</strong></span> <span class='ocrx_word' id='word_1_532' title='bbox 3394 2477 3620 2532; x_wconf 90' lang='lat' dir='ltr'><strong>sceleris</strong></span> <span class='ocrx_word' id='word_1_533' title='bbox 3663 2478 3827 2531; x_wconf 88' lang='lat' dir='ltr'><strong>nasci</strong></span> 
     </span>
    </p>
   </div>
   <div class='ocr_carea' id='block_1_70' title="bbox 2233 2564 3819 2634">
    <p class='ocr_par' dir='ltr' id='par_1_70' title="bbox 2233 2564 3819 2634">
     <span class='ocr_line' id='line_1_70' title="bbox 2233 2564 3819 2634; baseline 0.003 -18"><span class='ocrx_word' id='word_1_534' title='bbox 2233 2573 2416 2634; x_wconf 87' lang='lat' dir='ltr'><strong>putas,</strong></span> <span class='ocrx_word' id='word_1_535' title='bbox 2445 2579 2622 2619; x_wconf 91' lang='lat' dir='ltr'><strong>meum</strong></span> <span class='ocrx_word' id='word_1_536' title='bbox 2650 2564 2764 2629; x_wconf 83' lang='lat' dir='ltr'><strong>flat,</strong></span> <span class='ocrx_word' id='word_1_537' title='bbox 2798 2579 2979 2621; x_wconf 90' lang='lat' dir='ltr'><strong>meum</strong></span> <span class='ocrx_word' id='word_1_538' title='bbox 3011 2566 3241 2621; x_wconf 86' lang='lat' dir='ltr'><strong>dicatur.</strong></span> <span class='ocrx_word' id='word_1_539' title='bbox 3282 2565 3625 2623; x_wconf 74' lang='lat' dir='ltr'><strong>Puenasinde</strong></span> <span class='ocrx_word' id='word_1_540' title='bbox 3648 2567 3819 2634; x_wconf 85' lang='lat' dir='ltr'><strong>luam,</strong></span> 
     </span>
    </p>
   </div>
   <div class='ocr_carea' id='block_1_71' title="bbox 2233 2656 3819 2714">
    <p class='ocr_par' dir='ltr' id='par_1_71' title="bbox 2233 2656 3819 2714">
     <span class='ocr_line' id='line_1_71' title="bbox 2233 2656 3819 2714; baseline 0.001 -2"><span class='ocrx_word' id='word_1_541' title='bbox 2233 2665 2289 2712; x_wconf 87' lang='lat' dir='ltr'><strong>et</strong></span> <span class='ocrx_word' id='word_1_542' title='bbox 2313 2671 2535 2713; x_wconf 69' lang='lat' dir='ltr'><strong>summa:</strong></span> <span class='ocrx_word' id='word_1_543' title='bbox 2556 2656 2835 2713; x_wconf 85' lang='lat' dir='ltr'><strong>Divinitati</strong></span> <span class='ocrx_word' id='word_1_544' title='bbox 2875 2659 3141 2714; x_wconf 88' lang='lat' dir='ltr'><strong>rationem</strong></span> <span class='ocrx_word' id='word_1_545' title='bbox 3184 2660 3427 2714; x_wconf 87' lang='lat' dir='ltr'><strong>reddam.</strong></span> <span class='ocrx_word' id='word_1_546' title='bbox 3458 2657 3697 2714; x_wconf 86' lang='lat' dir='ltr'><strong>Consule</strong></span> <span class='ocrx_word' id='word_1_547' title='bbox 3717 2675 3819 2714; x_wconf 80' lang='lat' dir='ltr'><strong>no-</strong></span> 
     </span>
    </p>
   </div>
   <div class='ocr_carea' id='block_1_72' title="bbox 2232 2746 3829 2823">
    <p class='ocr_par' dir='ltr' id='par_1_72' title="bbox 2232 2746 3829 2823">
     <span class='ocr_line' id='line_1_72' title="bbox 2232 2746 3829 2823; baseline 0.001 -21"><span class='ocrx_word' id='word_1_548' title='bbox 2232 2746 2430 2807; x_wconf 88' lang='lat' dir='ltr'><strong>bilitati</strong></span> <span class='ocrx_word' id='word_1_549' title='bbox 2477 2756 2599 2802; x_wconf 64' lang='lat' dir='ltr'><strong>tute.</strong></span> <span class='ocrx_word' id='word_1_550' title='bbox 2646 2748 2755 2803; x_wconf 85' lang='lat' dir='ltr'><strong>Fac</strong></span> <span class='ocrx_word' id='word_1_551' title='bbox 2801 2758 3012 2804; x_wconf 88' lang='lat' dir='ltr'><strong>tuarum</strong></span> <span class='ocrx_word' id='word_1_552' title='bbox 3044 2765 3225 2806; x_wconf 88' lang='lat' dir='ltr'><strong>rerum</strong></span> <span class='ocrx_word' id='word_1_553' title='bbox 3254 2751 3829 2823; x_wconf 77' lang='lat' dir='ltr'><strong>augmentumJnslat</strong></span> 
     </span>
    </p>
   </div>
   <div class='ocr_carea' id='block_1_73' title="bbox 2237 2839 3819 2910">
    <p class='ocr_par' dir='ltr' id='par_1_73' title="bbox 2237 2839 3819 2910">
     <span class='ocr_line' id='line_1_73' title="bbox 2237 2839 3819 2910; baseline 0 -17"><span class='ocrx_word' id='word_1_554' title='bbox 2237 2846 2469 2907; x_wconf 89' lang='lat' dir='ltr'><strong>tempus.</strong></span> <span class='ocrx_word' id='word_1_555' title='bbox 2499 2839 2850 2908; x_wconf 89' lang='lat' dir='ltr'><strong>Oportunitas</strong></span> <span class='ocrx_word' id='word_1_556' title='bbox 2881 2840 2932 2895; x_wconf 91' lang='lat' dir='ltr'><strong>id</strong></span> <span class='ocrx_word' id='word_1_557' title='bbox 2972 2840 3184 2906; x_wconf 90' lang='lat' dir='ltr'><strong>suadet,</strong></span> <span class='ocrx_word' id='word_1_558' title='bbox 3223 2855 3347 2895; x_wconf 91' lang='lat' dir='ltr'><strong>cum</strong></span> <span class='ocrx_word' id='word_1_559' title='bbox 3400 2840 3705 2910; x_wconf 88' lang='lat' dir='ltr'><strong>inpotentia</strong></span> <span class='ocrx_word' id='word_1_560' title='bbox 3735 2855 3819 2894; x_wconf 89' lang='lat' dir='ltr'><strong>re-</strong></span> 
     </span>
    </p>
   </div>
   <div class='ocr_carea' id='block_1_74' title="bbox 2235 2927 3819 3010">
    <p class='ocr_par' dir='ltr' id='par_1_74' title="bbox 2235 2927 3819 3010">
     <span class='ocr_line' id='line_1_74' title="bbox 2235 2927 3819 3010; baseline 0.001 -30"><span class='ocrx_word' id='word_1_561' title='bbox 2235 2927 2436 2995; x_wconf 82' lang='lat' dir='ltr'><strong>gnandi</strong></span> <span class='ocrx_word' id='word_1_562' title='bbox 2460 2942 2555 2982; x_wconf 82' lang='lat' dir='ltr'><strong>rex</strong></span> <span class='ocrx_word' id='word_1_563' title='bbox 2578 2928 2648 2983; x_wconf 93' lang='lat' dir='ltr'><strong>sit</strong></span> <span class='ocrx_word' id='word_1_564' title='bbox 2670 2927 2950 2996; x_wconf 89' lang='lat' dir='ltr'><strong>inglorius,</strong></span> <span class='ocrx_word' id='word_1_565' title='bbox 2976 2940 3030 2983; x_wconf 93' lang='lat' dir='ltr'><strong>et</strong></span> <span class='ocrx_word' id='word_1_566' title='bbox 3054 2929 3295 2984; x_wconf 79' lang='lat' dir='ltr'><strong>Odonem</strong></span> <span class='ocrx_word' id='word_1_567' title='bbox 3337 2930 3654 3010; x_wconf 84' lang='lat' dir='ltr'><strong>prosperior</strong></span> <span class='ocrx_word' id='word_1_568' title='bbox 3676 2942 3819 2983; x_wconf 84' lang='lat' dir='ltr'><strong>sem-</strong></span> 
     </span>
    </p>
   </div>
   <div class='ocr_carea' id='block_1_75' title="bbox 2234 3019 3820 3090">
    <p class='ocr_par' dir='ltr' id='par_1_75' title="bbox 2234 3019 3820 3090">
     <span class='ocr_line' id='line_1_75' title="bbox 2234 3019 3820 3090; baseline 0.002 -20"><span class='ocrx_word' id='word_1_569' title='bbox 2234 3030 2333 3086; x_wconf 90' lang='lat' dir='ltr'><strong>per</strong></span> <span class='ocrx_word' id='word_1_570' title='bbox 2371 3025 2629 3087; x_wconf 87' lang='lat' dir='ltr'><strong>sequatur</strong></span> <span class='ocrx_word' id='word_1_571' title='bbox 2668 3032 2974 3074; x_wconf 89' lang='lat' dir='ltr'><strong>successus.</strong></span> <span class='ocrx_word' id='word_1_572' title='bbox 3036 3038 3055 3071; x_wconf 76' lang='grc'><strong>»</strong></span> <span class='ocrx_word' id='word_1_573' title='bbox 3084 3019 3175 3074; x_wconf 92' lang='lat' dir='ltr'><strong>llle</strong></span> <span class='ocrx_word' id='word_1_574' title='bbox 3220 3036 3399 3076; x_wconf 90' lang='lat' dir='ltr'><strong>rerum</strong></span> <span class='ocrx_word' id='word_1_575' title='bbox 3426 3021 3820 3090; x_wconf 87' lang='lat' dir='ltr'><strong>promissarum</strong></span> 
     </span>
    </p>
   </div>
   <div class='ocr_carea' id='block_1_76' title="bbox 2237 3107 3823 3182">
    <p class='ocr_par' dir='ltr' id='par_1_76' title="bbox 2237 3107 3823 3182">
     <span class='ocr_line' id='line_1_76' title="bbox 2237 3107 3823 3182; baseline 0.004 -21"><span class='ocrx_word' id='word_1_576' title='bbox 2237 3107 2483 3178; x_wconf 90' lang='lat' dir='ltr'><strong>cupidus,</strong></span> <span class='ocrx_word' id='word_1_577' title='bbox 2506 3117 2904 3163; x_wconf 89' lang='lat' dir='ltr'><strong>sacramentum</strong></span> <span class='ocrx_word' id='word_1_578' title='bbox 2929 3110 3082 3178; x_wconf 87' lang='lat' dir='ltr'><strong>petit.</strong></span> <span class='ocrx_word' id='word_1_579' title='bbox 3107 3110 3213 3165; x_wconf 86' lang='lat' dir='ltr'><strong>Iste</strong></span> <span class='ocrx_word' id='word_1_580' title='bbox 3234 3109 3385 3176; x_wconf 87' lang='lat' dir='ltr'><strong>facit,</strong></span> <span class='ocrx_word' id='word_1_581' title='bbox 3413 3119 3470 3166; x_wconf 92' lang='lat' dir='ltr'><strong>et</strong></span> <span class='ocrx_word' id='word_1_582' title='bbox 3490 3126 3588 3181; x_wconf 94' lang='lat' dir='ltr'><strong>pro</strong></span> <span class='ocrx_word' id='word_1_583' title='bbox 3610 3110 3823 3182; x_wconf 87' lang='lat' dir='ltr'><strong>agendo</strong></span> 
     </span>
    </p>
   </div>
   <div class='ocr_carea' id='block_1_77' title="bbox 2236 3199 3820 3270">
    <p class='ocr_par' dir='ltr' id='par_1_77' title="bbox 2236 3199 3820 3270">
     <span class='ocr_line' id='line_1_77' title="bbox 2236 3199 3820 3270; baseline 0.003 -18"><span class='ocrx_word' id='word_1_584' title='bbox 2236 3199 2453 3269; x_wconf 82' lang='lat' dir='ltr'><strong>negotio</strong></span> <span class='ocrx_word' id='word_1_585' title='bbox 2483 3199 2904 3270; x_wconf 89' lang='lat' dir='ltr'><strong>obsidesquerit.</strong></span> <span class='ocrx_word' id='word_1_586' title='bbox 2930 3201 3021 3256; x_wconf 91' lang='lat' dir='ltr'><strong>llle</strong></span> <span class='ocrx_word' id='word_1_587' title='bbox 3045 3202 3269 3256; x_wconf 91' lang='lat' dir='ltr'><strong>multum</strong></span> <span class='ocrx_word' id='word_1_588' title='bbox 3293 3203 3551 3258; x_wconf 90' lang='lat' dir='ltr'><strong>honorem</strong></span> <span class='ocrx_word' id='word_1_589' title='bbox 3569 3218 3691 3259; x_wconf 89' lang='lat' dir='ltr'><strong>sese</strong></span> <span class='ocrx_word' id='word_1_590' title='bbox 3721 3204 3820 3258; x_wconf 88' lang='lat' dir='ltr'><strong>ha-</strong></span> 
     </span>
    </p>
   </div>
   <div class='ocr_carea' id='block_1_78' title="bbox 2231 3289 3821 3359">
    <p class='ocr_par' dir='ltr' id='par_1_78' title="bbox 2231 3289 3821 3359">
     <span class='ocr_line' id='line_1_78' title="bbox 2231 3289 3821 3359; baseline 0.002 -17"><span class='ocrx_word' id='word_1_591' title='bbox 2231 3289 2470 3342; x_wconf 89' lang='lat' dir='ltr'><strong>biturum</strong></span> <span class='ocrx_word' id='word_1_592' title='bbox 2490 3289 2785 3353; x_wconf 85' lang='lat' dir='ltr'><strong>arbitrans,</strong></span> <span class='ocrx_word' id='word_1_593' title='bbox 2810 3290 3174 3346; x_wconf 78' lang='lat' dir='ltr'><strong>obsides&#39;dare</strong></span> <span class='ocrx_word' id='word_1_594' title='bbox 3187 3307 3291 3345; x_wconf 93' lang='lat' dir='ltr'><strong>non</strong></span> <span class='ocrx_word' id='word_1_595' title='bbox 3307 3290 3529 3346; x_wconf 89' lang='lat' dir='ltr'><strong>distulit.</strong></span> <span class='ocrx_word' id='word_1_596' title='bbox 3555 3290 3704 3359; x_wconf 80' lang='lat' dir='ltr'><strong>Quos</strong></span> <span class='ocrx_word' id='word_1_597' title='bbox 3717 3291 3821 3345; x_wconf 86' lang='lat' dir='ltr'><strong>iste</strong></span> 
     </span>
    </p>
   </div>
   <div class='ocr_carea' id='block_1_79' title="bbox 2224 3379 3746 3448">
    <p class='ocr_par' dir='ltr' id='par_1_79' title="bbox 2224 3379 3746 3448">
     <span class='ocr_line' id='line_1_79' title="bbox 2224 3379 3746 3448; baseline 0.003 -17"><span class='ocrx_word' id='word_1_598' title='bbox 2224 3388 2480 3448; x_wconf 76' lang='lat' dir='ltr'><strong>receptos</strong></span> <span class='ocrx_word' id='word_1_599' title='bbox 2519 3379 2734 3434; x_wconf 88' lang='lat' dir='ltr'><strong>domum</strong></span> <span class='ocrx_word' id='word_1_600' title='bbox 2749 3380 3371 3444; x_wconf 75' lang='lat' dir='ltr'><strong>duxit,et0douiomnia</strong></span> <span class='ocrx_word' id='word_1_601' title='bbox 3399 3383 3512 3436; x_wconf 85' lang='lat' dir='ltr'><strong>haec</strong></span> <span class='ocrx_word' id='word_1_602' title='bbox 3541 3382 3746 3437; x_wconf 90' lang='lat' dir='ltr'><strong>retulit.</strong></span> 
     </span>
    </p>
   </div>
   <div class='ocr_carea' id='block_1_80' title="bbox 2303 3466 3821 3526">
    <p class='ocr_par' dir='ltr' id='par_1_80' title="bbox 2303 3466 3821 3526">
     <span class='ocr_line' id='line_1_80' title="bbox 2303 3466 3821 3526; baseline 0.002 -6"><span class='ocrx_word' id='word_1_603' title='bbox 2303 3466 2391 3521; x_wconf 84' lang='lat'><strong>76.</strong></span> <span class='ocrx_word' id='word_1_604' title='bbox 2433 3466 2679 3521; x_wconf 79' lang='lat' dir='ltr'><strong>Pervasio</strong></span> <span class='ocrx_word' id='word_1_605' title='bbox 2692 3467 2761 3501; x_wconf 80' lang='grc'><strong>⁶³⁹</strong></span> <span class='ocrx_word' id='word_1_606' title='bbox 2778 3467 3028 3523; x_wconf 77' lang='grc' dir='ltr'><strong>Μὶιὶάιιηὶ</strong></span> <span class='ocrx_word' id='word_1_607' title='bbox 3042 3469 3110 3501; x_wconf 73' lang='grc'><strong>⁸⁸³</strong></span> <span class='ocrx_word' id='word_1_608' title='bbox 3127 3471 3190 3523; x_wconf 88' lang='lat' dir='ltr'><strong>ab</strong></span> <span class='ocrx_word' id='word_1_609' title='bbox 3215 3468 3396 3525; x_wconf 83' lang='lat' dir='ltr'><strong>Odone</strong></span> <span class='ocrx_word' id='word_1_610' title='bbox 3409 3469 3498 3524; x_wconf 76' lang='grc'><strong>⁸³⁸.</strong></span> <span class='ocrx_word' id='word_1_611' title='bbox 3514 3499 3586 3510; x_wconf 93' lang='grc'><strong>--</strong></span> <span class='ocrx_word' id='word_1_612' title='bbox 3606 3471 3625 3490; x_wconf 79' lang='grc'>⁶</span> <span class='ocrx_word' id='word_1_613' title='bbox 3644 3469 3821 3526; x_wconf 87' lang='lat' dir='ltr'><strong>Odoni</strong></span> 
     </span>
    </p>
   </div>
   <div class='ocr_carea' id='block_1_81' title="bbox 2232 3554 3816 3626">
    <p class='ocr_par' dir='ltr' id='par_1_81' title="bbox 2232 3554 3816 3626">
     <span class='ocr_line' id='line_1_81' title="bbox 2232 3554 3816 3626; baseline 0.003 -16"><span class='ocrx_word' id='word_1_614' title='bbox 2232 3554 2415 3626; x_wconf 82' lang='lat' dir='ltr'><strong>itaque</strong></span> <span class='ocrx_word' id='word_1_615' title='bbox 2443 3566 2504 3611; x_wconf 90' lang='lat' dir='ltr'><strong>ut</strong></span> <span class='ocrx_word' id='word_1_616' title='bbox 2527 3557 2722 3626; x_wconf 67' lang='lat' dir='ltr'><strong>emptis</strong></span> <span class='ocrx_word' id='word_1_617' title='bbox 2742 3557 2911 3616; x_wconf 78' lang='lat' dir='ltr'><strong>instet</strong></span> <span class='ocrx_word' id='word_1_618' title='bbox 2937 3560 3145 3614; x_wconf 86' lang='lat' dir='ltr'><strong>suadet.</strong></span> <span class='ocrx_word' id='word_1_619' title='bbox 3180 3560 3385 3616; x_wconf 89' lang='lat' dir='ltr'><strong>Interea</strong></span> <span class='ocrx_word' id='word_1_620' title='bbox 3415 3560 3482 3614; x_wconf 88' lang='lat' dir='ltr'><strong>ab</strong></span> <span class='ocrx_word' id='word_1_621' title='bbox 3505 3559 3697 3617; x_wconf 89' lang='lat' dir='ltr'><strong>Odone</strong></span> <span class='ocrx_word' id='word_1_622' title='bbox 3725 3576 3816 3616; x_wconf 84' lang='lat' dir='ltr'><strong>co-</strong></span> 
     </span>
    </p>
   </div>
   <div class='ocr_carea' id='block_1_82' title="bbox 2231 3647 3819 3722">
    <p class='ocr_par' dir='ltr' id='par_1_82' title="bbox 2231 3647 3819 3722">
     <span class='ocr_line' id='line_1_82' title="bbox 2231 3647 3819 3722; baseline 0.001 -21"><span class='ocrx_word' id='word_1_623' title='bbox 2231 3647 2333 3718; x_wconf 69' lang='lat' dir='ltr'><strong>pia:</strong></span> <span class='ocrx_word' id='word_1_624' title='bbox 2367 3648 2508 3703; x_wconf 91' lang='lat' dir='ltr'><strong>clam</strong></span> <span class='ocrx_word' id='word_1_625' title='bbox 2546 3659 2828 3717; x_wconf 88' lang='lat' dir='ltr'><strong>parantur,</strong></span> <span class='ocrx_word' id='word_1_626' title='bbox 2858 3657 2917 3703; x_wconf 91' lang='lat' dir='ltr'><strong>ut</strong></span> <span class='ocrx_word' id='word_1_627' title='bbox 2945 3659 3182 3704; x_wconf 90' lang='lat' dir='ltr'><strong>castrum</strong></span> <span class='ocrx_word' id='word_1_628' title='bbox 3227 3651 3563 3722; x_wconf 84' lang='lat' dir='ltr'><strong>ingrediatur</strong></span> <span class='ocrx_word' id='word_1_629' title='bbox 3591 3660 3648 3706; x_wconf 92' lang='lat' dir='ltr'><strong>et</strong></span> <span class='ocrx_word' id='word_1_630' title='bbox 3677 3651 3819 3722; x_wconf 80' lang='lat' dir='ltr'><strong>epti-</strong></span> 
     </span>
    </p>
   </div>
   <div class='ocr_carea' id='block_1_83' title="bbox 2232 3737 3821 3811">
    <p class='ocr_par' dir='ltr' id='par_1_83' title="bbox 2232 3737 3821 3811">
     <span class='ocr_line' id='line_1_83' title="bbox 2232 3737 3821 3811; baseline -0.001 -18"><span class='ocrx_word' id='word_1_631' title='bbox 2232 3746 2376 3793; x_wconf 89' lang='lat' dir='ltr'><strong>neat.</strong></span> <span class='ocrx_word' id='word_1_632' title='bbox 2421 3737 2633 3794; x_wconf 88' lang='lat' dir='ltr'><strong>Paratis</strong></span> <span class='ocrx_word' id='word_1_633' title='bbox 2674 3750 2855 3793; x_wconf 92' lang='lat' dir='ltr'><strong>autem</strong></span> <span class='ocrx_word' id='word_1_634' title='bbox 2901 3748 3142 3809; x_wconf 89' lang='lat' dir='ltr'><strong>tempore</strong></span> <span class='ocrx_word' id='word_1_635' title='bbox 3176 3750 3376 3796; x_wconf 87' lang='lat' dir='ltr'><strong>statuto</strong></span> <span class='ocrx_word' id='word_1_636' title='bbox 3408 3755 3698 3811; x_wconf 79' lang='lat' dir='ltr'><strong>aggressus</strong></span> <span class='ocrx_word' id='word_1_637' title='bbox 3727 3756 3821 3810; x_wconf 84' lang='lat' dir='ltr'><strong>ap-</strong></span> 
     </span>
    </p>
   </div>
   <div class='ocr_carea' id='block_1_84' title="bbox 2231 3829 3819 3900">
    <p class='ocr_par' dir='ltr' id='par_1_84' title="bbox 2231 3829 3819 3900">
     <span class='ocr_line' id='line_1_84' title="bbox 2231 3829 3819 3900; baseline -0.001 -17"><span class='ocrx_word' id='word_1_638' title='bbox 2231 3829 2370 3899; x_wconf 80' lang='lat' dir='ltr'><strong>petit</strong></span> <span class='ocrx_word' id='word_1_639' title='bbox 2403 3837 2458 3884; x_wconf 90' lang='lat' dir='ltr'><strong>et</strong></span> <span class='ocrx_word' id='word_1_640' title='bbox 2497 3829 2816 3900; x_wconf 83' lang='lat' dir='ltr'><strong>ingreditur.</strong></span> <span class='ocrx_word' id='word_1_641' title='bbox 2850 3829 3185 3885; x_wconf 88' lang='lat' dir='ltr'><strong>Proditorem</strong></span> <span class='ocrx_word' id='word_1_642' title='bbox 3230 3830 3483 3887; x_wconf 90' lang='lat' dir='ltr'><strong>simulato</strong></span> <span class='ocrx_word' id='word_1_643' title='bbox 3521 3830 3711 3885; x_wconf 87' lang='lat' dir='ltr'><strong>furore</strong></span> <span class='ocrx_word' id='word_1_644' title='bbox 3739 3830 3819 3884; x_wconf 86' lang='lat' dir='ltr'><strong>ia-</strong></span> 
     </span>
    </p>
   </div>
   <div class='ocr_carea' id='block_1_85' title="bbox 2233 3918 3820 3989">
    <p class='ocr_par' dir='ltr' id='par_1_85' title="bbox 2233 3918 3820 3989">
     <span class='ocr_line' id='line_1_85' title="bbox 2233 3918 3820 3989; baseline 0.001 -19"><span class='ocrx_word' id='word_1_645' title='bbox 2233 3918 2402 3982; x_wconf 78' lang='lat' dir='ltr'><strong>vadit,</strong></span> <span class='ocrx_word' id='word_1_646' title='bbox 2436 3928 2490 3973; x_wconf 90' lang='lat' dir='ltr'><strong>et</strong></span> <span class='ocrx_word' id='word_1_647' title='bbox 2515 3919 2721 3973; x_wconf 85' lang='lat' dir='ltr'><strong>carceri</strong></span> <span class='ocrx_word' id='word_1_648' title='bbox 2750 3920 3040 3988; x_wconf 89' lang='lat' dir='ltr'><strong>mancipat.</strong></span> <span class='ocrx_word' id='word_1_649' title='bbox 3073 3920 3175 3988; x_wconf 87' lang='lat' dir='ltr'><strong>Qui</strong></span> <span class='ocrx_word' id='word_1_650' title='bbox 3222 3936 3327 3974; x_wconf 89' lang='lat' dir='ltr'><strong>non</strong></span> <span class='ocrx_word' id='word_1_651' title='bbox 3359 3919 3525 3974; x_wconf 92' lang='lat' dir='ltr'><strong>multo</strong></span> <span class='ocrx_word' id='word_1_652' title='bbox 3547 3928 3671 3989; x_wconf 92' lang='lat' dir='ltr'><strong>post</strong></span> <span class='ocrx_word' id='word_1_653' title='bbox 3698 3934 3820 3975; x_wconf 82' lang='lat' dir='ltr'><strong>car-</strong></span> 
     </span>
    </p>
   </div>
   <div class='ocr_carea' id='block_1_86' title="bbox 2234 4007 3820 4074">
    <p class='ocr_par' dir='ltr' id='par_1_86' title="bbox 2234 4007 3820 4074">
     <span class='ocr_line' id='line_1_86' title="bbox 2234 4007 3820 4074; baseline 0.001 -13"><span class='ocrx_word' id='word_1_654' title='bbox 2234 4020 2358 4063; x_wconf 91' lang='lat' dir='ltr'><strong>cere</strong></span> <span class='ocrx_word' id='word_1_655' title='bbox 2401 4007 2669 4072; x_wconf 88' lang='lat' dir='ltr'><strong>emissus,</strong></span> <span class='ocrx_word' id='word_1_656' title='bbox 2718 4018 3060 4065; x_wconf 88' lang='lat' dir='ltr'><strong>sacramento</strong></span> <span class='ocrx_word' id='word_1_657' title='bbox 3105 4023 3289 4065; x_wconf 88' lang='lat' dir='ltr'><strong>coram</strong></span> <span class='ocrx_word' id='word_1_658' title='bbox 3338 4008 3497 4063; x_wconf 84' lang='lat' dir='ltr'><strong>fidem</strong></span> <span class='ocrx_word' id='word_1_659' title='bbox 3546 4008 3716 4074; x_wconf 88' lang='lat' dir='ltr'><strong>facit,</strong></span> <span class='ocrx_word' id='word_1_660' title='bbox 3764 4016 3820 4063; x_wconf 88' lang='lat' dir='ltr'><strong>et</strong></span> 
     </span>
    </p>
   </div>
   <div class='ocr_carea' id='block_1_87' title="bbox 2233 4097 3819 4174">
    <p class='ocr_par' dir='ltr' id='par_1_87' title="bbox 2233 4097 3819 4174">
     <span class='ocr_line' id='line_1_87' title="bbox 2233 4097 3819 4174; baseline 0.002 -20"><span class='ocrx_word' id='word_1_661' title='bbox 2233 4097 2430 4155; x_wconf 83' lang='lat' dir='ltr'><strong>exinde</strong></span> <span class='ocrx_word' id='word_1_662' title='bbox 2453 4101 2519 4155; x_wconf 88' lang='lat' dir='ltr'><strong>ad</strong></span> <span class='ocrx_word' id='word_1_663' title='bbox 2549 4103 2904 4158; x_wconf 86' lang='lat' dir='ltr'><strong>resistendum</strong></span> <span class='ocrx_word' id='word_1_664' title='bbox 2932 4118 3069 4161; x_wconf 21' lang='lat' dir='ltr'><strong>cum.</strong></span> <span class='ocrx_word' id='word_1_665' title='bbox 3088 4102 3275 4165; x_wconf 89' lang='lat' dir='ltr'><strong>Odone</strong></span> <span class='ocrx_word' id='word_1_666' title='bbox 3302 4117 3420 4159; x_wconf 83' lang='lat' dir='ltr'><strong>sese</strong></span> <span class='ocrx_word' id='word_1_667' title='bbox 3460 4111 3637 4174; x_wconf 86' lang='lat' dir='ltr'><strong>parat.</strong></span> <span class='ocrx_word' id='word_1_668' title='bbox 3685 4102 3819 4170; x_wconf 63' lang='lat' dir='ltr'><strong>Quae</strong></span> 
     </span>
    </p>
   </div>
   <div class='ocr_carea' id='block_1_88' title="bbox 2235 4193 3820 4265">
    <p class='ocr_par' dir='ltr' id='par_1_88' title="bbox 2235 4193 3820 4265">
     <span class='ocr_line' id='line_1_88' title="bbox 2235 4193 3820 4265; baseline 0.002 -18"><span class='ocrx_word' id='word_1_669' title='bbox 2235 4206 2415 4253; x_wconf 74' lang='lat' dir='ltr'><strong>omnia</strong></span> <span class='ocrx_word' id='word_1_670' title='bbox 2446 4193 2513 4249; x_wconf 91' lang='lat' dir='ltr'><strong>ad</strong></span> <span class='ocrx_word' id='word_1_671' title='bbox 2543 4207 2727 4263; x_wconf 86' lang='lat' dir='ltr'><strong>regum</strong></span> <span class='ocrx_word' id='word_1_672' title='bbox 2769 4210 2929 4250; x_wconf 89' lang='lat' dir='ltr'><strong>aures</strong></span> <span class='ocrx_word' id='word_1_673' title='bbox 2959 4211 3079 4250; x_wconf 82' lang='lat' dir='ltr'><strong>mox</strong></span> <span class='ocrx_word' id='word_1_674' title='bbox 3109 4196 3286 4251; x_wconf 87' lang='lat' dir='ltr'><strong>delata</strong></span> <span class='ocrx_word' id='word_1_675' title='bbox 3333 4194 3597 4250; x_wconf 80' lang='lat' dir='ltr'><strong>feruntur.</strong></span> <span class='ocrx_word' id='word_1_676' title='bbox 3642 4195 3820 4265; x_wconf 79' lang='lat' dir='ltr'><strong>Reges</strong></span> 
     </span>
    </p>
   </div>
   <div class='ocr_carea' id='block_1_89' title="bbox 2235 4284 3815 4358">
    <p class='ocr_par' dir='ltr' id='par_1_89' title="bbox 2235 4284 3815 4358">
     <span class='ocr_line' id='line_1_89' title="bbox 2235 4284 3815 4358; baseline 0.001 -18"><span class='ocrx_word' id='word_1_677' title='bbox 2235 4284 2301 4340; x_wconf 91' lang='lat' dir='ltr'><strong>de</strong></span> <span class='ocrx_word' id='word_1_678' title='bbox 2328 4286 2489 4340; x_wconf 89' lang='lat' dir='ltr'><strong>castri</strong></span> <span class='ocrx_word' id='word_1_679' title='bbox 2520 4288 2810 4343; x_wconf 90' lang='lat' dir='ltr'><strong>amissione</strong></span> <span class='ocrx_word' id='word_1_680' title='bbox 2846 4288 3139 4354; x_wconf 90' lang='lat' dir='ltr'><strong>commoti,</strong></span> <span class='ocrx_word' id='word_1_681' title='bbox 3172 4288 3226 4342; x_wconf 92' lang='lat' dir='ltr'><strong>in</strong></span> <span class='ocrx_word' id='word_1_682' title='bbox 3271 4289 3455 4344; x_wconf 88' lang='lat' dir='ltr'><strong>hostes</strong></span> <span class='ocrx_word' id='word_1_683' title='bbox 3488 4287 3688 4342; x_wconf 88' lang='lat' dir='ltr'><strong>milites</strong></span> <span class='ocrx_word' id='word_1_684' title='bbox 3718 4302 3815 4358; x_wconf 79' lang='lat' dir='ltr'><strong>pa-</strong></span> 
     </span>
    </p>
   </div>
   <div class='ocr_carea' id='block_1_90' title="bbox 2235 4377 3815 4448">
    <p class='ocr_par' dir='ltr' id='par_1_90' title="bbox 2235 4377 3815 4448">
     <span class='ocr_line' id='line_1_90' title="bbox 2235 4377 3815 4448; baseline 0 -17"><span class='ocrx_word' id='word_1_685' title='bbox 2235 4385 2388 4443; x_wconf 87' lang='lat' dir='ltr'><strong>rant;</strong></span> <span class='ocrx_word' id='word_1_686' title='bbox 2430 4387 2789 4448; x_wconf 86' lang='lat' dir='ltr'><strong>proponentcs</strong></span> <span class='ocrx_word' id='word_1_687' title='bbox 2829 4377 2897 4433; x_wconf 88' lang='lat' dir='ltr'><strong>ab</strong></span> <span class='ocrx_word' id='word_1_688' title='bbox 2933 4378 3213 4434; x_wconf 84' lang='lat' dir='ltr'><strong>obsidione</strong></span> <span class='ocrx_word' id='word_1_689' title='bbox 3255 4394 3363 4433; x_wconf 91' lang='lat' dir='ltr'><strong>non</strong></span> <span class='ocrx_word' id='word_1_690' title='bbox 3394 4392 3515 4433; x_wconf 91' lang='lat' dir='ltr'><strong>sese</strong></span> <span class='ocrx_word' id='word_1_691' title='bbox 3540 4378 3815 4432; x_wconf 85' lang='lat' dir='ltr'><strong>discessu-</strong></span> 
     </span>
    </p>
   </div>
   <div class='ocr_carea' id='block_1_91' title="bbox 2236 4470 3815 4541">
    <p class='ocr_par' dir='ltr' id='par_1_91' title="bbox 2236 4470 3815 4541">
     <span class='ocr_line' id='line_1_91' title="bbox 2236 4470 3815 4541; baseline 0.001 -18"><span class='ocrx_word' id='word_1_692' title='bbox 2236 4484 2344 4533; x_wconf 89' lang='lat' dir='ltr'><strong>ros,</strong></span> <span class='ocrx_word' id='word_1_693' title='bbox 2394 4470 2563 4524; x_wconf 90' lang='lat' dir='ltr'><strong>donec</strong></span> <span class='ocrx_word' id='word_1_694' title='bbox 2591 4479 2682 4524; x_wconf 91' lang='lat' dir='ltr'><strong>aut</strong></span> <span class='ocrx_word' id='word_1_695' title='bbox 2708 4480 3074 4540; x_wconf 81' lang='lat' dir='ltr'><strong>expugnatum</strong></span> <span class='ocrx_word' id='word_1_696' title='bbox 3098 4471 3382 4541; x_wconf 87' lang='lat' dir='ltr'><strong>recipiant,</strong></span> <span class='ocrx_word' id='word_1_697' title='bbox 3410 4480 3503 4525; x_wconf 90' lang='lat' dir='ltr'><strong>aut</strong></span> <span class='ocrx_word' id='word_1_698' title='bbox 3529 4471 3575 4526; x_wconf 89' lang='lat' dir='ltr'><strong>si</strong></span> <span class='ocrx_word' id='word_1_699' title='bbox 3606 4484 3697 4525; x_wconf 87' lang='lat' dir='ltr'><strong>res</strong></span> <span class='ocrx_word' id='word_1_700' title='bbox 3717 4485 3815 4525; x_wconf 82' lang='lat' dir='ltr'><strong>ex-</strong></span> 
     </span>
    </p>
   </div>
   <div class='ocr_carea' id='block_1_92' title="bbox 545 4544 3827 4632">
    <p class='ocr_par' dir='ltr' id='par_1_92' title="bbox 545 4544 3827 4632">
     <span class='ocr_line' id='line_1_92' title="bbox 545 4544 3827 4632; baseline 0.001 -21"><span class='ocrx_word' id='word_1_701' title='bbox 545 4566 705 4629; x_wconf 88' lang='lat' dir='ltr'><strong>portu</strong></span> <span class='ocrx_word' id='word_1_702' title='bbox 745 4558 985 4627; x_wconf 83' lang='lat' dir='ltr'><strong>pervium</strong></span> <span class='ocrx_word' id='word_1_703' title='bbox 1008 4596 1024 4622; x_wconf 93' lang='lat'><strong>,</strong></span> <span class='ocrx_word' id='word_1_704' title='bbox 1072 4556 1141 4611; x_wconf 91' lang='lat' dir='ltr'><strong>ad</strong></span> <span class='ocrx_word' id='word_1_705' title='bbox 1184 4571 1335 4611; x_wconf 90' lang='lat' dir='ltr'><strong>suam</strong></span> <span class='ocrx_word' id='word_1_706' title='bbox 1375 4567 1581 4627; x_wconf 90' lang='lat' dir='ltr'><strong>partem</strong></span> <span class='ocrx_word' id='word_1_707' title='bbox 1626 4570 1984 4632; x_wconf 85' lang='lat' dir='ltr'><strong>retorqueret,</strong></span> <span class='ocrx_word' id='word_1_708' title='bbox 2006 4577 2127 4618; x_wconf 89' lang='lat' dir='ltr'><strong>cum</strong></span> <span class='ocrx_word' id='word_1_709' title='bbox 2161 4544 2207 4602; x_wconf 75' lang='grc' dir='ltr'><strong>ί)</strong></span> <span class='ocrx_word' id='word_1_710' title='bbox 2233 4569 2418 4630; x_wconf 85' lang='lat' dir='ltr'><strong>poscat</strong></span> <span class='ocrx_word' id='word_1_711' title='bbox 2452 4575 2574 4615; x_wconf 91' lang='lat' dir='ltr'><strong>cum</strong></span> <span class='ocrx_word' id='word_1_712' title='bbox 2592 4560 2743 4615; x_wconf 90' lang='lat' dir='ltr'><strong>hoste</strong></span> <span class='ocrx_word' id='word_1_713' title='bbox 2758 4562 3058 4615; x_wconf 90' lang='lat' dir='ltr'><strong>comminus</strong></span> <span class='ocrx_word' id='word_1_714' title='bbox 3086 4562 3229 4615; x_wconf 79' lang='lat' dir='ltr'><strong>vires</strong></span> <span class='ocrx_word' id='word_1_715' title='bbox 3262 4569 3317 4617; x_wconf 91' lang='lat' dir='ltr'><strong>et</strong></span> <span class='ocrx_word' id='word_1_716' title='bbox 3335 4576 3485 4614; x_wconf 89' lang='lat' dir='ltr'><strong>arma</strong></span> <span class='ocrx_word' id='word_1_717' title='bbox 3510 4559 3827 4617; x_wconf 67' lang='lat' dir='ltr'><strong>conferant.</strong></span> 
     </span>
    </p>
   </div>
   <div class='ocr_carea' id='block_1_93' title="bbox 545 4649 2130 4724">
    <p class='ocr_par' dir='ltr' id='par_1_93' title="bbox 545 4649 2130 4724">
     <span class='ocr_line' id='line_1_93' title="bbox 545 4649 2130 4724; baseline 0.004 -19"><span class='ocrx_word' id='word_1_718' title='bbox 545 4650 707 4705; x_wconf 87' lang='lat' dir='ltr'><strong>etiam</strong></span> <span class='ocrx_word' id='word_1_719' title='bbox 736 4650 793 4704; x_wconf 92' lang='lat' dir='ltr'><strong>in</strong></span> <span class='ocrx_word' id='word_1_720' title='bbox 846 4649 1027 4720; x_wconf 79' lang='lat' dir='ltr'><strong>Ligeri</strong></span> <span class='ocrx_word' id='word_1_721' title='bbox 1072 4649 1253 4720; x_wconf 85' lang='lat' dir='ltr'><strong>plures</strong></span> <span class='ocrx_word' id='word_1_722' title='bbox 1282 4650 1381 4705; x_wconf 90' lang='lat' dir='ltr'><strong>sibi</strong></span> <span class='ocrx_word' id='word_1_723' title='bbox 1412 4662 1599 4721; x_wconf 89' lang='lat' dir='ltr'><strong>portus</strong></span> <span class='ocrx_word' id='word_1_724' title='bbox 1633 4664 1896 4724; x_wconf 82' lang='lat' dir='ltr'><strong>paterent.</strong></span> <span class='ocrx_word' id='word_1_725' title='bbox 1928 4655 2038 4712; x_wconf 82' lang='lat' dir='ltr'><strong>Nec</strong></span> <span class='ocrx_word' id='word_1_726' title='bbox 2064 4657 2130 4712; x_wconf 90' lang='lat' dir='ltr'><strong>de</strong></span> 
     </span>
    </p>
   </div>
   <div class='ocr_carea' id='block_1_94' title="bbox 543 4742 2129 4815">
    <p class='ocr_par' dir='ltr' id='par_1_94' title="bbox 543 4742 2129 4815">
     <span class='ocr_line' id='line_1_94' title="bbox 543 4742 2129 4815; baseline 0.003 -16"><span class='ocrx_word' id='word_1_727' title='bbox 543 4743 767 4814; x_wconf 85' lang='lat' dir='ltr'><strong>perjurii</strong></span> <span class='ocrx_word' id='word_1_728' title='bbox 817 4742 1058 4799; x_wconf 88' lang='lat' dir='ltr'><strong>facinore</strong></span> <span class='ocrx_word' id='word_1_729' title='bbox 1112 4742 1534 4809; x_wconf 86' lang='lat' dir='ltr'><strong>formidandum,</strong></span> <span class='ocrx_word' id='word_1_730' title='bbox 1584 4762 1706 4800; x_wconf 91' lang='lat' dir='ltr'><strong>cum</strong></span> <span class='ocrx_word' id='word_1_731' title='bbox 1738 4747 1867 4801; x_wconf 92' lang='lat' dir='ltr'><strong>illud</strong></span> <span class='ocrx_word' id='word_1_732' title='bbox 1908 4747 2024 4815; x_wconf 83' lang='lat' dir='ltr'><strong>jam</strong></span> <span class='ocrx_word' id='word_1_733' title='bbox 2059 4747 2129 4803; x_wconf 88' lang='lat' dir='ltr'><strong>ab</strong></span> 
     </span>
    </p>
   </div>
   <div class='ocr_carea' id='block_1_95' title="bbox 547 4832 2127 4906">
    <p class='ocr_par' dir='ltr' id='par_1_95' title="bbox 547 4832 2127 4906">
     <span class='ocr_line' id='line_1_95' title="bbox 547 4832 2127 4906; baseline 0.003 -19"><span class='ocrx_word' id='word_1_734' title='bbox 547 4847 649 4888; x_wconf 80' lang='lat' dir='ltr'><strong>avo</strong></span> <span class='ocrx_word' id='word_1_735' title='bbox 678 4847 986 4903; x_wconf 87' lang='lat' dir='ltr'><strong>possessum</strong></span> <span class='ocrx_word' id='word_1_736' title='bbox 1017 4832 1108 4897; x_wconf 89' lang='lat' dir='ltr'><strong>sit,</strong></span> <span class='ocrx_word' id='word_1_737' title='bbox 1142 4840 1198 4886; x_wconf 90' lang='lat' dir='ltr'><strong>et</strong></span> <span class='ocrx_word' id='word_1_738' title='bbox 1247 4847 1390 4887; x_wconf 91' lang='lat' dir='ltr'><strong>nunc</strong></span> <span class='ocrx_word' id='word_1_739' title='bbox 1438 4848 1544 4887; x_wconf 93' lang='lat' dir='ltr'><strong>non</strong></span> <span class='ocrx_word' id='word_1_740' title='bbox 1588 4836 1730 4906; x_wconf 84' lang='lat' dir='ltr'><strong>regis</strong></span> <span class='ocrx_word' id='word_1_741' title='bbox 1762 4837 1855 4891; x_wconf 91' lang='lat' dir='ltr'><strong>sed</strong></span> <span class='ocrx_word' id='word_1_742' title='bbox 1905 4836 2127 4892; x_wconf 88' lang='lat' dir='ltr'><strong>alterius</strong></span> 
     </span>
    </p>
   </div>
   <div class='ocr_carea' id='block_1_96' title="bbox 545 4922 2122 4996">
    <p class='ocr_par' dir='ltr' id='par_1_96' title="bbox 545 4922 2122 4996">
     <span class='ocr_line' id='line_1_96' title="bbox 545 4922 2122 4996; baseline 0.001 -17"><span class='ocrx_word' id='word_1_743' title='bbox 545 4922 834 4979; x_wconf 86' lang='lat' dir='ltr'><strong>habeatur.</strong></span> <span class='ocrx_word' id='word_1_744' title='bbox 870 4923 1023 4979; x_wconf 88' lang='lat' dir='ltr'><strong>Unde</strong></span> <span class='ocrx_word' id='word_1_745' title='bbox 1051 4931 1106 4977; x_wconf 88' lang='lat' dir='ltr'><strong>et</strong></span> <span class='ocrx_word' id='word_1_746' title='bbox 1146 4924 1396 4979; x_wconf 90' lang='lat' dir='ltr'><strong>omnibus</strong></span> <span class='ocrx_word' id='word_1_747' title='bbox 1443 4925 1535 4995; x_wconf 90' lang='lat' dir='ltr'><strong>qui</strong></span> <span class='ocrx_word' id='word_1_748' title='bbox 1571 4925 1729 4981; x_wconf 80' lang='lat' dir='ltr'><strong>(idem</strong></span> <span class='ocrx_word' id='word_1_749' title='bbox 1764 4927 2122 4996; x_wconf 87' lang='lat' dir='ltr'><strong>spondebant,</strong></span> 
     </span>
    </p>
   </div>
   <div class='ocr_carea' id='block_1_97' title="bbox 545 4997 2129 5087">
    <p class='ocr_par' dir='ltr' id='par_1_97' title="bbox 545 4997 2129 5087">
     <span class='ocr_line' id='line_1_97' title="bbox 545 4997 2129 5087; baseline 0.003 -16"><span class='ocrx_word' id='word_1_750' title='bbox 545 4997 958 5071; x_wconf 68' lang='lat' dir='ltr'><strong>accelerandum</strong></span> <span class='ocrx_word' id='word_1_751' title='bbox 986 5015 1269 5081; x_wconf 86' lang='lat' dir='ltr'><strong>suadebat,</strong></span> <span class='ocrx_word' id='word_1_752' title='bbox 1299 5026 1357 5070; x_wconf 90' lang='lat' dir='ltr'><strong>ut</strong></span> <span class='ocrx_word' id='word_1_753' title='bbox 1379 5032 1720 5087; x_wconf 88' lang='lat' dir='ltr'><strong>quacumque</strong></span> <span class='ocrx_word' id='word_1_754' title='bbox 1753 5019 1961 5075; x_wconf 86' lang='lat' dir='ltr'><strong>ratione</strong></span> <span class='ocrx_word' id='word_1_755' title='bbox 1987 5019 2129 5076; x_wconf 81' lang='lat' dir='ltr'><strong>vale-</strong></span> 
     </span>
    </p>
   </div>
   <div class='ocr_carea' id='block_1_98' title="bbox 545 5105 1629 5173">
    <p class='ocr_par' dir='ltr' id='par_1_98' title="bbox 545 5105 1629 5173">
     <span class='ocr_line' id='line_1_98' title="bbox 545 5105 1629 5173; baseline -0.007 -9"><span class='ocrx_word' id='word_1_756' title='bbox 545 5115 690 5173; x_wconf 81' lang='lat' dir='ltr'><strong>rent,</strong></span> <span class='ocrx_word' id='word_1_757' title='bbox 714 5105 780 5162; x_wconf 88' lang='lat' dir='ltr'><strong>ad</strong></span> <span class='ocrx_word' id='word_1_758' title='bbox 804 5106 888 5162; x_wconf 91' lang='lat' dir='ltr'><strong>sui</strong></span> <span class='ocrx_word' id='word_1_759' title='bbox 915 5105 1211 5161; x_wconf 88' lang='lat' dir='ltr'><strong>dominium</strong></span> <span class='ocrx_word' id='word_1_760' title='bbox 1247 5106 1629 5162; x_wconf 87' lang='lat' dir='ltr'><strong>transferrent.</strong></span> 
     </span>
    </p>
   </div>
   <div class='ocr_carea' id='block_1_99' title="bbox 618 5216 2126 5293">
    <p class='ocr_par' dir='ltr' id='par_1_99' title="bbox 618 5216 2126 5293">
     <span class='ocr_line' id='line_1_99' title="bbox 618 5216 2126 5293; baseline 0.002 -22"><span class='ocrx_word' id='word_1_761' title='bbox 618 5217 706 5273; x_wconf 86' lang='lat'><strong>75.</strong></span> <span class='ocrx_word' id='word_1_762' title='bbox 736 5217 983 5273; x_wconf 77' lang='lat' dir='ltr'><strong>Induclio</strong></span> <span class='ocrx_word' id='word_1_763' title='bbox 1010 5217 1078 5251; x_wconf 75' lang='grc'><strong>⁸³⁸</strong></span> <span class='ocrx_word' id='word_1_764' title='bbox 1100 5216 1163 5270; x_wconf 90' lang='lat' dir='ltr'><strong>ab</strong></span> <span class='ocrx_word' id='word_1_765' title='bbox 1182 5216 1251 5249; x_wconf 73' lang='grc'><strong>³³⁸</strong></span> <span class='ocrx_word' id='word_1_766' title='bbox 1271 5217 1438 5288; x_wconf 81' lang='lat' dir='ltr'><strong>legato</strong></span> <span class='ocrx_word' id='word_1_767' title='bbox 1457 5218 1656 5274; x_wconf 66' lang='lat' dir='ltr'><strong>Orionis</strong></span> <span class='ocrx_word' id='word_1_768' title='bbox 1678 5221 1732 5275; x_wconf 80' lang='lat' dir='ltr'><strong>in</strong></span> <span class='ocrx_word' id='word_1_769' title='bbox 1761 5221 1831 5254; x_wconf 79' lang='grc'><strong>⁸³⁸</strong></span> <span class='ocrx_word' id='word_1_770' title='bbox 1851 5223 2126 5293; x_wconf 76' lang='lat' dir='ltr'><strong>pra&#39;st&#39;dem</strong></span> 
     </span>
    </p>
   </div>
   <div class='ocr_carea' id='block_1_100' title="bbox 556 5310 888 5336">
    <p class='ocr_par' dir='ltr' id='par_1_100' title="bbox 556 5310 888 5336">
     <span class='ocr_line' id='line_1_100' title="bbox 556 5310 888 5336; baseline 0 0"><span class='ocrx_word' id='word_1_771' title='bbox 556 5310 798 5336; x_wconf 71' lang='lat' dir='ltr'><strong>Il:l.&#39;.l-....’</strong></span> <span class='ocrx_word' id='word_1_772' title='bbox 819 5312 888 5336; x_wconf 71' lang='lat' dir='ltr'><strong>an</strong></span> 
     </span>
    </p>
   </div>
   <div class='ocr_carea' id='block_1_101' title="bbox 1028 5310 1813 5336">
    <p class='ocr_par' dir='ltr' id='par_1_101' title="bbox 1028 5310 1813 5336">
     <span class='ocr_line' id='line_1_101' title="bbox 1028 5310 1813 5336; baseline 0 0"><span class='ocrx_word' id='word_1_773' title='bbox 1028 5310 1178 5336; x_wconf 63' lang='grc' dir='ltr'><strong>τη...-</strong></span> <span class='ocrx_word' id='word_1_774' title='bbox 1216 5326 1432 5336; x_wconf 58' lang='grc' dir='ltr'><strong>Α..ι.-.ι.αιι</strong></span> <span class='ocrx_word' id='word_1_775' title='bbox 1463 5329 1598 5336; x_wconf 62' lang='grc' dir='ltr'><strong>---ι-ι-</strong></span> <span class='ocrx_word' id='word_1_776' title='bbox 1655 5316 1813 5336; x_wconf 57' lang='grc' dir='ltr'><strong>Α--ι--ξ</strong></span> 
     </span>
    </p>
   </div>
   <div class='ocr_carea' id='block_1_102' title="bbox 2304 4669 3818 4742">
    <p class='ocr_par' dir='ltr' id='par_1_102' title="bbox 2304 4669 3818 4742">
     <span class='ocr_line' id='line_1_102' title="bbox 2304 4669 3818 4742; baseline -0.001 -16"><span class='ocrx_word' id='word_1_777' title='bbox 2304 4672 2390 4726; x_wconf 85' lang='grc'><strong>77.</strong></span> <span class='ocrx_word' id='word_1_778' title='bbox 2430 4671 2680 4726; x_wconf 77' lang='lat' dir='ltr'><strong>Accessus</strong></span> <span class='ocrx_word' id='word_1_779' title='bbox 2703 4670 2770 4703; x_wconf 69' lang='lat'><strong>&quot;‘°</strong></span> <span class='ocrx_word' id='word_1_780' title='bbox 2795 4688 2971 4742; x_wconf 83' lang='lat' dir='ltr'><strong>regum</strong></span> <span class='ocrx_word' id='word_1_781' title='bbox 2995 4672 3062 4725; x_wconf 84' lang='lat' dir='ltr'><strong>ad</strong></span> <span class='ocrx_word' id='word_1_782' title='bbox 3094 4671 3413 4727; x_wconf 80' lang='lat' dir='ltr'><strong>Milidunum</strong></span> <span class='ocrx_word' id='word_1_783' title='bbox 3437 4670 3524 4724; x_wconf 66' lang='grc' dir='ltr'>θδθ.</span> <span class='ocrx_word' id='word_1_784' title='bbox 3550 4700 3621 4711; x_wconf 94' lang='lat'><strong>——</strong></span> <span class='ocrx_word' id='word_1_785' title='bbox 3650 4669 3818 4725; x_wconf 83' lang='lat' dir='ltr'><strong>Para-</strong></span> 
     </span>
    </p>
   </div>
   <div class='ocr_carea' id='block_1_103' title="bbox 2234 4760 3817 4835">
    <p class='ocr_par' dir='ltr' id='par_1_103' title="bbox 2234 4760 3817 4835">
     <span class='ocr_line' id='line_1_103' title="bbox 2234 4760 3817 4835; baseline 0.001 -17"><span class='ocrx_word' id='word_1_786' title='bbox 2234 4764 2302 4819; x_wconf 90' lang='lat' dir='ltr'><strong>lis</strong></span> <span class='ocrx_word' id='word_1_787' title='bbox 2350 4760 2530 4835; x_wconf 67' lang='lat' dir='ltr'><strong>itaque</strong></span> <span class='ocrx_word' id='word_1_788' title='bbox 2581 4764 2769 4835; x_wconf 91' lang='lat' dir='ltr'><strong>copiis,</strong></span> <span class='ocrx_word' id='word_1_789' title='bbox 2819 4774 3181 4834; x_wconf 61' lang='lat' dir='ltr'><strong>expugnatum</strong></span> <span class='ocrx_word' id='word_1_790' title='bbox 3231 4765 3512 4818; x_wconf 86' lang='lat' dir='ltr'><strong>accedunt.</strong></span> <span class='ocrx_word' id='word_1_791' title='bbox 3566 4760 3632 4815; x_wconf 85' lang='lat' dir='ltr'><strong>Et</strong></span> <span class='ocrx_word' id='word_1_792' title='bbox 3688 4762 3817 4831; x_wconf 74' lang='lat' dir='ltr'><strong>quia</strong></span> 
     </span>
    </p>
   </div>
   <div class='ocr_carea' id='block_1_104' title="bbox 2231 4850 3821 4923">
    <p class='ocr_par' dir='ltr' id='par_1_104' title="bbox 2231 4850 3821 4923">
     <span class='ocr_line' id='line_1_104' title="bbox 2231 4850 3821 4923; baseline -0.001 -15"><span class='ocrx_word' id='word_1_793' title='bbox 2231 4863 2465 4909; x_wconf 84' lang='lat' dir='ltr'><strong>castrum</strong></span> <span class='ocrx_word' id='word_1_794' title='bbox 2495 4852 2900 4908; x_wconf 83' lang='lat' dir='ltr'><strong>circumﬂuente</strong></span> <span class='ocrx_word' id='word_1_795' title='bbox 2935 4852 3185 4923; x_wconf 87' lang='lat' dir='ltr'><strong>Sequana</strong></span> <span class='ocrx_word' id='word_1_796' title='bbox 3228 4852 3589 4917; x_wconf 86' lang='lat' dir='ltr'><strong>ambiebatur,</strong></span> <span class='ocrx_word' id='word_1_797' title='bbox 3620 4850 3724 4920; x_wconf 88' lang='lat' dir='ltr'><strong>ipsi</strong></span> <span class='ocrx_word' id='word_1_798' title='bbox 3763 4850 3821 4907; x_wconf 86' lang='lat' dir='ltr'><strong>in</strong></span> 
     </span>
    </p>
   </div>
   <div class='ocr_carea' id='block_1_105' title="bbox 2206 4943 3823 5016">
    <p class='ocr_par' dir='ltr' id='par_1_105' title="bbox 2206 4943 3823 5016">
     <span class='ocr_line' id='line_1_105' title="bbox 2206 4943 3823 5016; baseline -0.001 -15"><span class='ocrx_word' id='word_1_799' title='bbox 2206 4947 2387 5009; x_wconf 36' lang='lat' dir='ltr'><strong>.Iitore</strong></span> <span class='ocrx_word' id='word_1_800' title='bbox 2414 4947 2588 5016; x_wconf 92' lang='lat' dir='ltr'><strong>primo</strong></span> <span class='ocrx_word' id='word_1_801' title='bbox 2616 4954 2795 5001; x_wconf 88' lang='lat' dir='ltr'><strong>castra</strong></span> <span class='ocrx_word' id='word_1_802' title='bbox 2838 4943 3163 5014; x_wconf 79' lang='lat' dir='ltr'><strong>disponunt;</strong></span> <span class='ocrx_word' id='word_1_803' title='bbox 3205 4946 3257 4999; x_wconf 92' lang='lat' dir='ltr'><strong>iu</strong></span> <span class='ocrx_word' id='word_1_804' title='bbox 3296 4944 3574 5008; x_wconf 90' lang='lat' dir='ltr'><strong>ulteriore,</strong></span> <span class='ocrx_word' id='word_1_805' title='bbox 3609 4944 3823 4999; x_wconf 86' lang='lat' dir='ltr'><strong>accitas</strong></span> 
     </span>
    </p>
   </div>
   <div class='ocr_carea' id='block_1_106' title="bbox 2234 5035 3820 5110">
    <p class='ocr_par' dir='ltr' id='par_1_106' title="bbox 2234 5035 3820 5110">
     <span class='ocr_line' id='line_1_106' title="bbox 2234 5035 3820 5110; baseline -0.001 -19"><span class='ocrx_word' id='word_1_806' title='bbox 2234 5038 2301 5071; x_wconf 65' lang='grc'>⁸⁵⁸</span> <span class='ocrx_word' id='word_1_807' title='bbox 2331 5039 2624 5110; x_wconf 87' lang='lat' dir='ltr'><strong>piratarum</strong></span> <span class='ocrx_word' id='word_1_808' title='bbox 2656 5038 2819 5101; x_wconf 88' lang='lat' dir='ltr'><strong>acies,</strong></span> <span class='ocrx_word' id='word_1_809' title='bbox 2856 5036 3127 5091; x_wconf 88' lang='lat' dir='ltr'><strong>ordinant.</strong></span> <span class='ocrx_word' id='word_1_810' title='bbox 3160 5036 3228 5091; x_wconf 86' lang='lat' dir='ltr'><strong>Et</strong></span> <span class='ocrx_word' id='word_1_811' title='bbox 3269 5051 3337 5091; x_wconf 88' lang='lat' dir='ltr'><strong>ne</strong></span> <span class='ocrx_word' id='word_1_812' title='bbox 3382 5051 3490 5106; x_wconf 91' lang='lat' dir='ltr'><strong>quo</strong></span> <span class='ocrx_word' id='word_1_813' title='bbox 3525 5035 3820 5091; x_wconf 78' lang='lat' dir='ltr'><strong>intercide-</strong></span> 
     </span>
    </p>
   </div>
   <div class='ocr_carea' id='block_1_107' title="bbox 2235 5127 3818 5197">
    <p class='ocr_par' dir='ltr' id='par_1_107' title="bbox 2235 5127 3818 5197">
     <span class='ocr_line' id='line_1_107' title="bbox 2235 5127 3818 5197; baseline -0.004 -12"><span class='ocrx_word' id='word_1_814' title='bbox 2235 5140 2384 5187; x_wconf 88' lang='lat' dir='ltr'><strong>retur</strong></span> <span class='ocrx_word' id='word_1_815' title='bbox 2415 5130 2646 5197; x_wconf 88' lang='lat' dir='ltr'><strong>obsidio,</strong></span> <span class='ocrx_word' id='word_1_816' title='bbox 2677 5129 2876 5184; x_wconf 67' lang='lat' dir='ltr'><strong>class-es</strong></span> <span class='ocrx_word' id='word_1_817' title='bbox 2916 5139 3151 5185; x_wconf 88' lang='lat' dir='ltr'><strong>armatas</strong></span> <span class='ocrx_word' id='word_1_818' title='bbox 3184 5128 3235 5182; x_wconf 91' lang='lat' dir='ltr'><strong>in</strong></span> <span class='ocrx_word' id='word_1_819' title='bbox 3278 5128 3440 5182; x_wconf 75' lang='lat' dir='ltr'><strong>fluvio</strong></span> <span class='ocrx_word' id='word_1_820' title='bbox 3471 5127 3818 5196; x_wconf 82' lang='lat' dir='ltr'><strong>circumqua-</strong></span> 
     </span>
    </p>
   </div>
   <div class='ocr_carea' id='block_1_108' title="bbox 2232 5218 3817 5296">
    <p class='ocr_par' dir='ltr' id='par_1_108' title="bbox 2232 5218 3817 5296">
     <span class='ocr_line' id='line_1_108' title="bbox 2232 5218 3817 5296; baseline -0.005 -15"><span class='ocrx_word' id='word_1_821' title='bbox 2232 5241 2339 5296; x_wconf 89' lang='lat' dir='ltr'><strong>que</strong></span> <span class='ocrx_word' id='word_1_822' title='bbox 2361 5224 2636 5279; x_wconf 87' lang='lat' dir='ltr'><strong>adhibent.</strong></span> <span class='ocrx_word' id='word_1_823' title='bbox 2683 5222 2869 5293; x_wconf 89' lang='lat' dir='ltr'><strong>ltaque</strong></span> <span class='ocrx_word' id='word_1_824' title='bbox 2898 5219 3097 5277; x_wconf 88' lang='lat' dir='ltr'><strong>factum</strong></span> <span class='ocrx_word' id='word_1_825' title='bbox 3142 5219 3261 5285; x_wconf 89' lang='lat' dir='ltr'><strong>fuit,</strong></span> <span class='ocrx_word' id='word_1_826' title='bbox 3296 5227 3354 5275; x_wconf 85' lang='lat' dir='ltr'><strong>ut</strong></span> <span class='ocrx_word' id='word_1_827' title='bbox 3395 5218 3594 5274; x_wconf 82' lang='lat' dir='ltr'><strong>ﬂuviali</strong></span> <span class='ocrx_word' id='word_1_828' title='bbox 3624 5233 3817 5289; x_wconf 85' lang='lat' dir='ltr'><strong>super-</strong></span> 
     </span>
    </p>
   </div>
   <div class='ocr_carea' id='block_1_109' title="bbox 2786 5317 3788 5336">
    <p class='ocr_par' dir='ltr' id='par_1_109' title="bbox 2786 5317 3788 5336">
     <span class='ocr_line' id='line_1_109' title="bbox 2786 5317 3788 5336; baseline 0 0"><span class='ocrx_word' id='word_1_829' title='bbox 2786 5331 2830 5336; x_wconf 68' lang='lat'><strong>-..</strong></span> <span class='ocrx_word' id='word_1_830' title='bbox 2868 5317 3044 5336; x_wconf 62' lang='lat'><strong>_.._.-‘:</strong></span> <span class='ocrx_word' id='word_1_831' title='bbox 3090 5327 3261 5336; x_wconf 61' lang='grc' dir='ltr'><strong>...ιι-...ιι</strong></span> <span class='ocrx_word' id='word_1_832' title='bbox 3310 5317 3509 5336; x_wconf 60' lang='grc' dir='ltr'><strong>-Α-ζίλ-</strong></span> <span class='ocrx_word' id='word_1_833' title='bbox 3536 5317 3788 5336; x_wconf 61' lang='grc' dir='ltr'><strong>ιι“κΛ-Δ-ι.</strong></span> 
     </span>
    </p>
   </div>
  </div>
