4026 6312
241 377 352 432 157
1177 383 1654 446 HISTORIARUM
1695 387 1872 443 LIBRI
1908 387 2264 456 QUATL‘OR.
2303 425 2371 434 —
2405 395 2530 453 LIB.
2566 397 2653 453 IV.
3406 409 3514 466 {58

239 485 348 540 Pro
373 484 580 542 viribus
606 496 834 544 certant.
863 489 1202 548 Adversariis
1243 494 1387 550 nullo
1414 497 1570 552 modo
1601 498 1815 552 cedunt.
1849 483 1897 542 Α
1925 481 2064 568 sum,
2109 502 2224 560 Odo
2251 505 2317 540 “°
2347 506 2399 562 in
2443 508 2559 578 ejus
2605 519 2806 567 terram
2855 528 3007 570 versa
3042 515 3160 573 vice
3203 520 3505 575 exercitum

239 574 485 646 Cumque
525 577 726 633 diutius
777 580 1109 648 resistentes,
1153 585 1454 640 comminus
1498 598 1817 656 pugnarent,

240 676 344 720 nec
384 664 666 728 cederent,
699 670 904 737 postico
938 672 1080 740 quod
1121 672 1348 728 inferius
1389 674 1589 731 latebat
1617 678 1821 735 viribus

237 754 564 808 caedentium
589 767 768 823 eruto,
794 759 980 828 piratae
1009 762 1226 818 admissi
1257 772 1401 819 sunt.
1435 766 1500 820 Et
1528 783 1557 820 a
1591 777 1738 840 tergo
1765 770 1818 824 in

240 857 398 898 muro
445 849 806 916 pugnantibus
853 852 1310 920 supervenientes,
1358 855 1522 910 multa
1568 860 1714 914 caade
1765 858 1819 914 in

236 932 317 989 eis
361 934 637 990 debaccati
684 947 829 991 sunt.
880 938 969 995 Sic
1019 957 1232 1012 quoque
1276 944 1474 1000 factum
1518 957 1620 1014 est,
1670 959 1726 1004 ut
1766 959 1822 1006 et

237 1022 482 1092 reliquus
497 1027 769 1085 exercitus
781 1028 848 1065 δι’
862 1029 915 1083 in
939 1030 1095 1086 litore
1112 1034 1288 1088 adhuc
1302 1036 1623 1106 persistens,
1636 1040 1824 1095 classi-

232 1110 337 1172 bus
361 1115 613 1182 pedester
644 1118 1116 1189 intromitteretur,
1140 1133 1486 1197 castrumque
1507 1131 1822 1200 repentinus

231 1205 576 1280 pervaderet.

305 1295 396 1350 78.
439 1295 738 1355 Castrenses
771 1301 840 1334 ⁸⁸⁸
877 1305 1016 1374 capti
1048 1305 1272 1362 libertati
1308 1307 1377 1340 “'
1413 1310 1606 1366 dantur
1631 1313 1718 1368 ⁸⁸³.
1751 1344 1821 1356 -

231 1386 276 1440 Δ
308 1387 508 1456 quibus
535 1399 842 1448 castrenses
869 1396 1043 1466 capti,
1071 1405 1126 1452 et
1153 1397 1313 1463 victi,
1342 1414 1466 1454 mox
1509 1402 1620 1472 regi
1651 1403 1819 1460 oblati

228 1485 382 1530 sunt.
417 1475 522 1541 Pro
551 1479 746 1552 quibus
768 1496 949 1537 coram
989 1500 1114 1561 rege
1141 1485 1210 1542 ab
1236 1488 1428 1545 amicis.
1450 1491 1695 1547 oratione
1724 1493 1822 1550 ba-

228 1564 366 1632 hita,
412 1568 549 1629 facta
581 1572 692 1642 regi
727 1573 831 1629 fide
871 1575 1079 1635 dimissi
1123 1587 1270 1644 sunt,
1309 1595 1430 1636 cum
1461 1597 1567 1638 non
1609 1592 1816 1640 tantum

227 1659 308 1716 rei
349 1659 644 1728 majestatis
673 1665 856 1734 regiae,
878 1675 1138 1736 quantum
1175 1672 1258 1726 sui
1288 1671 1495 1732 domini
1522 1674 1706 1732 fideles
1733 1677 1817 1731 di—

226 1755 388 1809 cendi
420 1766 632 1824 essent;
667 1757 732 1813 ad
780 1759 830 1814 id
880 1761 1042 1816 etiam
1092 1778 1200 1818 non
1245 1766 1486 1836 perfidiae
1525 1769 1678 1835 vitio,
1723 1769 1816 1826 sed

1923 593 2152 661 induxit,
2199 598 2278 652 sic
2327 599 2379 653 in
2424 613 2487 654 ea
2529 601 2806 670 efferatus,
2855 613 2912 658 ut
2961 622 3062 662 nec
3109 611 3382 679 tugurium
3420 626 3507 680 vel

1921 684 2120 756 gallum
2152 687 2497 759 relinqueret,
2528 691 2736 747 hostem
2768 710 3088 765 provocans,
3117 708 3173 754 et
3200 708 3259 753 ut
3287 701 3509 755 dimica-

1922 785 2075 833 turus
2106 781 2286 833 veniat
2309 780 2560 838 invitans.
2589 783 2682 840 Ille
2705 796 2882 840 antem
2913 789 3097 857 copias
3125 805 3231 844 non
3259 790 3507 846 sufﬁcere

1921 869 2023 922 sibi
2062 885 2413 940 cognoscens,
2437 876 2750 942 provocanti
2775 879 2963 943 cessit,
2991 887 3153 948 atque
3177 883 3244 936 ad
3285 896 3380 936 sua
3420 897 3506 938 re-

1923 959 2038 1014 diit.
2068 961 2244 1030 Atque
2273 961 2385 1018 haec
2414 962 2528 1019 fere
2553 980 2648 1035 per
2674 965 2967 1022 biennium.

1993 1050 2079 1107 80.
2123 1051 2306 1105 Oratio
2329 1051 2614 1123 legatorum
2640 1053 2838 1111 Odonis
2862 1059 3002 1127 apud
3027 1074 3192 1127 regem
3215 1057 3286 1092 ⁶⁸⁰
3309 1060 3372 1114 de
3397 1059 3501 1115 Mi-

1921 1144 2091 1199 liduni
2119 1145 2417 1215 pervasione
2443 1143 2532 1198 m.
2560 1175 2631 1184 —
2664 1143 2783 1200 Odo
2824 1145 3049 1213 interea,
3077 1157 3256 1204 castro
3299 1150 3506 1206 amisso

1920 1237 2234 1300 frustratus,
2264 1235 2428 1290 etiam
2459 1234 2510 1289 in
2558 1235 2659 1290 hoc
2685 1250 2804 1290 sese
2828 1237 3200 1292 cautissimum
3244 1239 3498 1296 habebat.

1921 1326 2302 1382 Arbitrabatur
2332 1327 2531 1382 etenim
2560 1326 2757 1396 duplici
2789 1327 3096 1384 calamitate
3121 1345 3181 1385 se
3207 1345 3365 1400 posse
3393 1339 3503 1385 tor-

1921 1418 2096 1489 queri,
2125 1432 2246 1472 cum
2275 1418 2340 1472 de
2371 1417 2536 1472 castri
2565 1416 2856 1472 amissione
2884 1417 3172 1487 plurimum
3200 1420 3425 1485 doleret,
3447 1428 3504 1475 et

1921 1525 1951 1565 a
1976 1525 2102 1580 rege
2139 1509 2277 1564 irato
2306 1523 2411 1564 non
2442 1509 2785 1564 mediocriter
2809 1509 3015 1564 valeret
3040 1511 3239 1581 urgeri.
3267 1509 3417 1566 Unde
3445 1520 3502 1566 et

1920 1601 2036 1672 regi
2065 1600 2270 1670 legatos
2295 1599 2516 1666 direxit,
2538 1615 2636 1670 per
2655 1615 2789 1670 quos
2820 1614 2940 1656 sese
2960 1600 3161 1670 optime
3190 1601 3499 1656 ratiocinari

1918 1708 2078 1764 posse
2111 1694 2175 1748 de
2197 1691 2422 1760 objectis
2455 1692 2886 1761 quibuscumque
2915 1700 3249 1763 suggereret.
3285 1690 3417 1747 Sese
3446 1692 3501 1746 in

1920 1783 2066 1839 nullo
2113 1783 2316 1854 regiam
2351 1782 2686 1853 majestatem
2727 1781 2914 1837 lesisse
2942 1791 3308 1836 ostensurum.
3343 1781 3398 1836 Si
3431 1781 3502 1837 de

225 1844 398 1898 nutlta
447 1846 646 1902 virtute
696 1849 958 1906 adductos
993 1854 1326 1912 asserebant.
1373 1855 1466 1911 llis
1505 1872 1633 1929 ergo
1675 1861 1817 1915 obsi-
1847 1857 1892 1917 B
1922 1844 2657 1942 ualidunovagaturicontra
2705 1886 2888 1942 regem
2939 1871 3014 1925 nil
3057 1872 3182 1927 mali
3229 1873 3500 1937 molitum.

220 1932 357 1990 dum
394 1932 520 2007 jure
559 1937 821 2005 dimissis,
853 1949 907 1998 et
935 1951 1113 1998 castro
1143 1943 1362 1999 domino
1385 1945 1551 2016 priori
1581 1949 1818 2016 reddito,

216 2023 475 2090 proditor
509 2027 662 2098 cujus
690 2029 812 2085 dolo
839 2032 1140 2100 huiusmodi
1182 2033 1533 2092 infortunium
1564 2043 1812 2109 accessit,

217 2127 355 2166 mox
392 2119 833 2185 comprehensus,
867 2123 1158 2192 suspendio
1200 2139 1354 2180 secus
1395 2127 1559 2182 castri
1602 2139 1811 2198 portam

216 2203 448 2259 defecit.
481 2205 589 2261 Nec
628 2209 806 2264 minus
835 2211 950 2281 ejus
980 2228 1137 2279 uxor,
1181 2214 1440 2273 inusitato
1475 2217 1688 2274 ludibrii
1722 2237 1816 2292 ge-

213 2308 359 2357 nere
399 2297 622 2365 pedibus
667 2315 947 2370 suspensa,
998 2304 1208 2359 exuviis
1251 2307 1691 2380 circumquaque,
1718 2312 1817 2367 de.

212 2383 515 2450 ﬂuentibus
556 2389 777 2456 nudata,
823 2393 993 2447 atroci
1039 2393 1145 2449 fine
1183 2395 1339 2466 juxta
1375 2398 1548 2453 virum
1583 2401 1807 2458 interiit.

213 2476 359 2530 Cum
389 2477 503 2533 lucc
531 2482 847 2550 agebantur,
878 2485 991 2540 Odo
1026 2501 1148 2541 eum
1177 2489 1418 2544 exercitu
1450 2491 1592 2546 haud
1621 2495 1806 2563 procul

212 2565 299 2617 rei
358 2577 606 2621 eventum
657 2574 1075 2640 opperiebatur;
1129 2585 1281 2632 ratus
1327 2587 1562 2634 castrum
1615 2597 1646 2636 a
1697 2583 1809 2639 suis

211 2667 381 2720 posse
410 2667 595 2711 contra
628 2646 811 2716 boStes
847 2661 1089 2728 delendi,
1128 2665 1351 2721 insidias
1381 2669 1675 2737 piratarum
1705 2673 1804 2728 ali-

212 2747 540 2817 quantisper
574 2761 855 2820 suspectas
899 2753 1123 2809 habens.
1174 2755 1308 2810 Dum
1350 2772 1478 2827 ergo
1519 2759 1714 2816 bereus
1743 2763 1807 2818 de

213 2847 418 2894 eventu
452 2850 685 2904 nutaret,
716 2841 919 2898 aﬂ'uere
948 2847 1141 2911 nuntii,
1176 2846 1265 2916 qui
1297 2858 1533 2903 castrum
1565 2860 1800 2921 captum,

210 2943 458 2998 suosque
493 2935 910 3001 comprehensos
935 2946 989 2992 et
1016 2937 1255 2994 inermes.
1277 2938 1451 2995 factos
1476 2953 1802 3001 assererem.

213 3025 338 3091 Quo
369 3026 570 3092 audito,
612 3032 908 3085 exercitum
951 3048 1056 3087 non
1098 3049 1252 3104 mque
1279 3035 1461 3090 animo
1500 3038 1567 3092 ad
1598 3053 1692 3093 sua
1723 3040 1804 3094 di-

212 3117 407 3171 movit.
446 3116 693 3173 Cui~cum
724 3135 752 3173 a
789 3123 1030 3190 querulis
1063 3125 1378 3192 quibusdam
1408 3127 1797 3196 intenderetur,

1919 1981 2040 2022 cum
2069 1980 2176 2024 non
2209 1965 2325 2032 regi
2365 1964 2458 2018 sed
2489 1978 2588 2019 suo
2617 1963 2969 2020 commilitoni
3008 1962 3134 2016 illud
3165 1963 3498 2022 abstulisset.

1916 2057 2048 2128 Regi
2080 2056 2212 2111 nihil
2252 2057 2568 2125 derogatum
2617 2055 2805 2119 fuisse,
2852 2068 2972 2107 cum
3023 2053 3133 2123 ipse
3173 2055 3316 2124 regis
3347 2069 3504 2123 aeque

1913 2150 2008 2214 sit,
2037 2159 2095 2202 ut
2124 2148 2210 2202 ille
2237 2149 2320 2202 cui
2364 2147 2606 2203 abstulit.
2652 2147 2903 2216 Nihilque
2935 2146 3197 2200 interesse
3237 2155 3495 2215 quantum

1913 2236 1978 2292 ad
2039 2237 2240 2308 regiam
2300 2237 2658 2310 dignitatem,
2716 2236 3041 2306 quicumque
3101 2244 3298 2289 teneat.
3365 2233 3502 2289 Sese

1911 2327 2076 2381 etiam
2112 2325 2176 2357 ⁸⁸⁸
2216 2324 2380 2393 justis
2409 2326 2588 2381 causis
2617 2325 2670 2380 id
2703 2325 2970 2389 effecisse,
3001 2339 3121 2378 eum
3168 2323 3294 2378 illud
3326 2339 3355 2377 a
3385 2322 3500 2378 suis

1911 2416 2334 2486 przecessoribus
2388 2415 2516 2470 olim
2573 2430 2913 2485 possessum,
2966 2413 3250 2483 approbari
3300 2413 3494 2483 possit.

1915 2503 2065 2560 Unde
2091 2504 2254 2558 etiam
2285 2502 2457 2558 videri
2487 2517 2667 2573 posse,
2698 2518 2726 2556 a
2755 2516 2813 2558 se
2840 2503 3052 2572 dignius
3080 2501 3248 2554 teneri
3275 2501 3497 2566 debere,

1909 2612 2070 2667 quam
2102 2596 2170 2649 ab
2209 2595 2315 2649 alio
2356 2608 2716 2668 quocumque.
2765 2593 3004 2648 Tandem
3047 2592 3090 2645 si
3122 2591 3249 2660 quid
3297 2591 3496 2659 piaculi

1909 2687 2112 2742 factum
2144 2695 2248 2751 est,
2296 2686 2347 2740 in
2394 2701 2513 2740 sese
2560 2700 2776 2755 poenam
2823 2683 3103 2738 dedecoris
3140 2682 3490 2747 redundasse,

1910 2786 2227 2846 tantumque
2277 2775 2453 2830 scelus
2497 2776 2611 2844 pari
2658 2774 2947 2845 ignominia
2981 2773 3301 2826 abstersum.
3338 2771 3494 2828 Unde

1905 2876 1960 2924 et
1988 2867 2198 2922 facilius
2227 2866 2329 2920 sibi
2363 2865 2768 2934 indulgendum,
2812 2871 2973 2932 atque
3004 2862 3057 2914 in
3101 2871 3246 2915 tanta
3293 2861 3488 2931 injuria

1905 2958 2135 3030 amplius
2178 2955 2530 3027 parcendum.
2580 2954 2692 3008 Rex
2737 2952 3002 3006 orationis
3031 2951 3137 3004 vim
3180 2950 3493 3016 advertens,

1903 3051 2093 3123 legatis
2119 3047 2405 3112 satisfacit,
2448 3045 2976 3111 benivolentiamque
3015 3041 3216 3111 petenti
3248 3040 3487 3093 mandat.

1904 3141 2028 3195 llaec
2057 3139 2217 3210 legati
2246 3136 2417 3195 Odoni
2451 3135 2711 3190 referunt.
2743 3133 2859 3190 Odo
2897 3133 3080 3201 itaque
3121 3147 3302 3199 regem
3333 3129 3486 3184 adiit.

211 3217 440 3288 prOpter
475 3223 597 3263 eum
626 3212 800 3266 virum
843 3215 1182 3270 consularem
1209 3216 1277 3255 ⁸⁸⁵
1317 3221 1606 3288 suspendio
1633 3222 1800 3276 inter-
1826 3207 1870 3270 Ο
1901 3231 2095 3292 Coram
2115 3207 2228 3300 quo
2253 3229 2497 3284 oratione
2529 3227 2733 3282 utiliter
2761 3240 2911 3289 usus,
2944 3223 3060 3293 ejus
3089 3224 3260 3295 gratia
3289 3222 3493 3293 potitus

214 3282 344 3360 isse,
391 3295 506 3357 Odo
551 3301 888 3369 respondisse
931 3303 1128 3370 fertur,
1177 3320 1298 3361 sese
1339 3309 1571 3378 amplius
1629 3311 1806 3372 lesum,

212 3399 440 3438 suorum
462 3390 968 3456 comprehensione,
993 3407 1152 3462 quam
1177 3393 1468 3463 proditoris
1491 3400 1798 3468 suspendio.

288 3471 375 3528 79.
419 3473 558 3528 πίω
580 3475 646 3506 ⁸⁸⁵
672 3475 870 3533 Odonis
890 3491 938 3534 et
959 3479 1212 3538 Fulcom's
1233 3484 1306 3524 ⁸⁸⁸
1324 3486 1388 3538 de
1408 3485 1686 3544 Britannia
1709 3491 1797 3547 ⁸³⁵.

209 3594 282 3616 -τ-
301 3564 415 3622 Nec
443 3567 610 3623 multo
632 3581 754 3640 post
780 3573 916 3627 bella
941 3575 1120 3630 civilia
1146 3587 1394 3646 reparata
1419 3589 1563 3635 sunt.
1588 3581 1800 3637 Etenim

210 3656 380 3712 Fulco
401 3660 495 3728 qui
525 3674 709 3732 regum
731 3665 974 3732 partibus
999 3663 1232 3733 favebat,
1255 3669 1552 3724 exercitum
1582 3671 1634 3725 in
1661 3671 1800 3728 Odo-

213 3767 335 3807 nem
365 3755 613 3824 parabat,
644 3759 966 3826 quaesiturus
1003 3761 1070 3816 ab
1098 3775 1164 3817 eo
1209 3762 1525 3820 Brittanni-.2
1567 3775 1797 3835 partem,

210 3860 374 3920 quam
415 3860 531 3900 non.
557 3849 726 3904 multo
754 3859 880 3906 ante
910 3853 956 3907 ei
990 3853 1306 3910 abstulerat.
1347 3854 1575 3928 Collegit
1618 3859 1799 3928 itaque

210 3945 444 4003 quatuor
472 3936 641 4005 milia,
678 3939 768 4008 qui
817 3954 922 3994 non
958 3945 1260 4001 comminus
1303 3944 1690 4017 conﬂigerent,
1733 3963 1799 4004 eo

209 4026 349 4105 quod
377 4041 570 4081 eorum
601 4029 743 4085 vires
774 4028 975 4088 Odonis
1015 4036 1269 4104 potentia:
1313 4051 1420 4091 non
1467 4036 1794 4107 sufﬁcerent,

210 4101 301 4174 sed
330 4117 450 4186 ejus
481 4127 680 4175 terram
732 4122 994 4180 incendiis
1037 4136 1092 4180 et
1136 4128 1340 4197 rapinis
1385 4128 1678 4185 alIicerent.
1729 4132 1798 4189 Et

211 4212 392 4266 tandin
449 4213 503 4266 id
551 4212 854 4270 faciendum
901 4219 1288 4294 arbitrabatur,
1331 4223 1500 4280 donec
1542 4223 1657 4280 Odo
1704 4234 1798 4282 aut

210 4301 351 4356 tedio
381 4302 558 4358 victus
582 4305 850 4371 redderet,
883 4321 978 4362 aut
1005 4325 1102 4379 pro
1131 4326 1194 4366 ea
1227 4311 1386 4368 aliam
1418 4329 1523 4369 non
1553 4315 1802 4386 inparem.

209 4392 482 4449 Conferret
512 4395 599 4450 ⁸⁸⁸.
627 4395 860 4468 Preeeps
892 4400 1073 4470 itaque
1101 4401 1291 4468 fertur,
1323 4413 1632 4476 terramque
1658 4422 1796 4476 pra:-

212 4483 310 4549 dis,
339 4486 634 4554 manubiis,
658 4489 1231 4564 combustionibusque
1258 4493 1435 4552 affecit
1458 4497 1545 4551 “7.
1577 4499 1796 4554 Etcum

213 4575 343 4644 apud
373 4573 590 4631 Blesum
619 4578 690 4611 “'
718 4579 834 4635 loca
861 4583 1169 4639 suburbana
1195 4587 1570 4653 succenderet,
1602 4590 1787 4644 inreu-

214 4667 310 4723 diis
331 4685 463 4726 aura
496 4670 662 4728 ﬂante
689 4673 1111 4748 circumquaque
1136 4682 1564 4751 erumpentibus,
1593 4684 1645 4737 in
1673 4700 1787 4740 coe-

214 4761 423 4817 nobium
470 4767 861 4822 monachorum
893 4772 1064 4825 sancti
1106 4773 1433 4829 confessoris
1461 4774 1795 4834 Laudomari

217 4848 344 4919 ignis
384 4854 648 4923 plurimus
677 4857 929 4914 evolavit.
970 4860 1124 4929 Quod
1164 4879 1283 4919 mox
1330 4866 1670 4922 combustum
1706 4868 1789 4923 di-

218 4950 386 4997 rutum
429 4944 548 5000 fuit.
594 4946 712 5002 Cibi
756 4964 969 5020 quoque
1000 4955 1328 5025 consumpti.
1365 4955 1514 5012 Unde
1544 4973 1642 5012 nec
1673 4974 1784 5012 mo-

218 5032 498 5088 nachorum
529 5035 779 5107 migratio
802 5039 989 5099 defuit.
1019 5042 1114 5098 llis
1139 5045 1426 5116 exemptis,
1457 5046 1508 5100 in
1536 5047 1652 5102 loca
1679 5049 1783 5104 alia
1816 5113 1824 5118 ν

219 5127 508 5184 exercitum
545 5139 847 5203 retorquet,
894 5143 950 5190 et
983 5145 1177 5193 vastat.
1229 5139 1357 5196 Post
1387 5141 1542 5212 cujus
1574 5144 1782 5216 digres-

1901 3333 2019 3389 est;
2064 3332 2208 3377 tanta
2241 3321 2555 3381 affabilitate
2597 3320 2844 3389 insignis,
2887 3326 2946 3371 ttt
2984 3315 3277 3370 amicitiam
3305 3313 3492 3384 pristi-

1903 3434 2027 3474 nam
2053 3423 2394 3478 renovarent,
2413 3424 2467 3468 et
2491 3414 2543 3468 in
2570 3412 2714 3466 nullo
2736 3419 3016 3481 suspectus
3041 3409 3149 3479 regi
3174 3407 3490 3463 haberetur.

1968 3509 2058 3565 8l.
2094 3506 2302 3563 Bellum
2340 3507 2476 3560 inter
2521 3503 2754 3559 Odonem
2793 3512 2840 3557 et
2880 3502 2950 3542 W
2991 3499 3280 3553 Fulconem
3315 3497 3383 3528 ⁶⁵²
3423 3496 3487 3550 de

1898 3600 2200 3655 Britannia.
2225 3629 2295 3640 —
2323 3596 2434 3653 Hac
2463 3604 2783 3666 tempestate
2811 3595 2995 3650 itidem
3027 3591 3203 3648 civilia
3235 3590 3373 3646 bella
3402 3605 3490 3644 rea

1899 3697 2086 3760 parata
2114 3696 2258 3744 sunt.
2293 3687 2426 3742 Nam
2453 3686 2618 3742 Fulco
2643 3685 2961 3743 Brittanniaa
2991 3691 3144 3752 parte
3168 3679 3489 3746 frustratus,

1901 3780 2123 3836 insidias
2145 3780 2320 3834 adhuc
2343 3792 2536 3848 parare
2555 3778 2938 3832 contendebat.
2960 3775 3303 3842 Collectoque
3325 3787 3486 3826 exer-a

1898 3871 2028 3935 citu,
2054 3870 2105 3923 in
2128 3868 2488 3923 Brittanniam
2514 3881 2752 3936 prmceps
2774 3864 2964 3928 fertur,
2984 3861 3308 3930 Namtasque
3333 3861 3488 3931 (127).

1897 3961 2119 4034 appetit.
2153 3960 2318 4032 Cujus
2355 3958 2608 4014 custodes
2652 3957 2784 4011 alios
2813 3971 2946 4009 auro
2991 3955 3265 4023 corrupit,
3299 3955 3318 3973 ‘
3347 3953 3495 4008 alios.

1897 4050 2218 4124 quibusdam
2242 4048 2723 4119 pollicitationibus
2747 4045 2934 4106 illexit.
2963 4044 3055 4100 Eis
3075 4056 3288 4113 quoque
3311 4056 3488 4111 usque

1897 4144 1965 4198 ad
1991 4141 2243 4198 elfectum
2271 4139 2463 4205 suasit,
2490 4154 2596 4208 quo
2623 4137 2723 4192 sibi
2751 4134 3152 4195 satisfacerent,
3179 4141 3235 4187 ut
3267 4132 3482 4188 scilicet.

1896 4237 2048 4291 urbis
2092 4234 2374 4289 introitum
2420 4232 2737 4301 panderent.
2778 4228 2878 4296 Qui
2920 4226 3086 4292 suasi,
3139 4231 3488 4280 sacramento.

1897 4334 2109 4398 tempus
2133 4325 2489 4381 constituunt.
2524 4321 2633 4377 Nec
2663 4321 2830 4374 multo
2855 4326 2977 4390 post
2998 4325 3054 4372 et
3080 4317 3131 4370 in
3166 4315 3353 4368 urbem
3379 4314 3480 4367 ad-

1894 4419 2132 4475 mittunt.
2185 4416 2569 4486 Ingressusque
2610 4411 2884 4480 pervadit,
2932 4417 2986 4462 et
3026 4422 3056 4460 a
3103 4405 3308 4460 civibus
3354 4404 3486 4473 jure

1895 4506 2218 4565 sacramenti
2245 4504 2461 4559 obsides
2489 4502 2716 4570 accepit.
2745 4500 2939 4557 Arcem
2971 4497 3139 4552 solam
3165 4509 3485 4565 expugnare

1896 4617 2002 4657 non
2048 4598 2233 4663 valuit,
2283 4611 2347 4652 eo
2393 4593 2533 4664 quod
2567 4592 2761 4646 milites
2805 4589 3180 4658 magnanimos
3230 4587 3480 4643 haberet.

1896 4694 2050 4752 Unde
2078 4700 2132 4746 et
2160 4691 2356 4756 cessit,
2395 4705 2513 4745 sese
2557 4687 2806 4743 recedere
2835 4684 3161 4748 deliberans,
3203 4691 3263 4738 ut
3305 4682 3479 4752 copiis

1894 4785 2244 4856 amplioribus
2277 4795 2668 4853 congressurus
2714 4779 2942 4844 rediret,
2987 4791 3274 4848 arcemque
3301 4790 3474 4847 expu-

1894 4887 2104 4948 gnaret.
2465 4867 2470 4872 ’

1962 4969 2051 5026 82.
2093 4967 2345 5024 Conanus
2389 4966 2440 5020 in
2486 4962 2846 5019 exterioribus
2882 4960 3193 5016 Brittanniae
3226 4960 3474 5030 partibus

1893 5062 1984 5132 qui
2032 5061 2183 5117 locus
2227 5059 2498 5114 Bruerecb
2543 5057 2762 5120 dicitur,
2795 5055 2860 5110 de
2890 5055 3049 5108 rebus
3090 5052 3298 5107 bellicis
3331 5052 3472 5120 apud

1890 5169 2020 5209 suos
2061 5149 2448 5222 pertractabat,
2493 5164 2615 5204 cum
2661 5147 2727 5203 ad
2773 5145 2888 5216 ejus
2930 5158 3090 5199 aures
3136 5144 3249 5198 hzre
3293 5141 3470 5196 delata

1431 5360 1440 5369 .
1502 5284 1737 5343 vanus
1773 5289 2171 5349 LECTIONES.

223 5408 344 5507 m‘“
373 5409 426 5507 ila.
452 5410 629 5480 primo
656 5413 903 5507 deletum.

995 5421 1062 5453 “3
1107 5423 1326 5487 enses,i
1362 5423 1623 5491 libertati,
1668 5437 1793 5485 ntnr
1818 5433 2042 5488 abscisa.

308 5481 713 5562 redderetcorr.
743 5488 1032 5562 conferret.
1106 5491 1172 5523 “7
1206 5481 1434 5562 percutit
1461 5513 1596 5550 corr.
1612 5481 1822 5555 affecit.

2593 5429 2662 5462 ⁸⁸⁸
2697 5443 2756 5486 a.
2783 5423 3068 5483 Fulconis,
3115 5430 3203 5475 tan
3239 5418 3464 5473 abscisa.

2137 5432 2208 5465 ‘“
2249 5433 2329 5489 VC
2370 5433 2488 5488 cod.
2593 5432 2662 5462 ⁸⁵⁵
2697 5443 2756 5486 a.
2784 5432 3068 5483 Fulconis,
3115 5432 3203 5475 tan
3239 5432 3464 5473 anscrsa.

2140 5512 2344 5558 astrum
2379 5504 2624 5558 deletum.
2701 5497 2770 5531 ⁸⁸⁸
2801 5495 2865 5553 Ο.
2899 5512 2944 5550 c.
3034 5491 3103 5525 ⁶⁵⁰
3133 5506 3332 5563 regem,
3363 5504 3479 5549 one,

1922 5505 1989 5536 “3
2017 5506 2068 5560 b.
2107 5512 2344 5559 castrum
2379 5504 2624 5558 deletum.

223 5547 423 5604 abscisa.
499 5551 565 5584 ⁶⁸⁸
589 5554 752 5609 etiam
785 5557 837 5612 id
861 5559 1024 5630 justis
1051 5575 1100 5617 c.
1130 5562 1182 5618 id
1206 5547 1263 5618 'e.
1295 5547 1475 5620 codex.
1498 5547 1511 5550 ⁷
1530 5547 1533 5548 ν
1553 5547 2266 5633 ⁸⁸(έῖ’Ϋῶοοηθηιυᾶὺῖῖὧξ

1753 5683 1958 5743 NOTAE}
1969 5727 1982 5743 .

283 5760 418 5831 (19.7)
459 5762 677 5820 Nautes.
