4026 6312
568 376 671 430 159

1739 376 2013 433 RICHERI
2042 378 2098 436 S.
2126 380 2382 438 REMlGll
2418 381 2722 441 MONACHI

3719 388 3823 447 [60

568 490 715 539 sunt.
747 482 1023 555 Magisque
1062 492 1239 555 empto
1279 485 1500 555 negotio
1546 486 1821 554 insistens,
1851 490 2145 545 exercitum
2174 483 2224 537 Α
2251 497 2517 566 posterior
2545 498 2837 564 exercitus,
2884 496 3050 568 priori
3092 498 3432 570 precipitato,
3476 505 3624 572 terga
3651 501 3822 556 dedit.

478 590 483 596 '
569 584 865 646 congregat
890 575 981 642 “’,
1022 576 1323 646 bellumque
1370 576 1489 632 fieri
1534 587 1704 649 parat.
1741 580 1761 600 ⁹
1788 579 1853 633 Et
1892 582 2145 650 quoniam

569 661 834 718 obsidioni
884 664 1186 719 instandum
1236 674 1445 735 tempus
1510 667 1812 734 suadebat,
1866 669 2147 726 collectum

568 754 866 808 exercitum
892 756 1010 809 urbi
1033 755 1257 820 inducit,
1274 757 1432 826 eique
1460 759 1526 814 ad
1551 759 1621 791 ”‘
1644 776 1807 814 unum
1837 760 1977 817 latus
2007 763 2150 819 obsi-

570 840 785 896 dionem
826 859 924 913 per
957 851 1159 898 terram
1202 845 1443 902 ordinat.
1485 852 1565 906 Ad
1608 850 1834 906 alterum
1880 869 2006 908 vero
2052 870 2150 925 per

569 930 804 1000 Ligerim
829 934 1028 990 classes
1057 935 1353 1004 piratarum
1380 942 1605 997 adhibet
1626 943 1715 997 ⁸⁸⁸.
1750 941 1997 1014 Undique
2021 960 2148 1018 ergo

569 1025 853 1082 obsidione
878 1027 1160 1096 disposita,
1189 1046 1217 1084 a
1242 1030 1439 1100 piratis
1468 1049 1565 1104 per
1589 1033 1830 1105 fluvium,
1856 1051 1885 1091 a
1914 1038 2150 1093 Brittan-

569 1115 655 1169 nis
699 1130 797 1185 per
837 1125 1033 1171 terram
1077 1120 1269 1174 urbani
1313 1125 1665 1180 vehementer
1710 1137 1990 1198 urgentur.
2039 1129 2149 1185 Nec

568 1203 748 1258 minus
784 1206 875 1275 qui
913 1207 967 1260 in
996 1223 1122 1263 arce
1151 1223 1554 1279 remanserant,
1587 1231 1618 1270 a
1648 1217 2016 1285 superioribus
2057 1217 2147 1286 ja-

566 1292 814 1349 culorum
845 1296 1059 1352 diversa
1090 1314 1286 1369 genera
1328 1305 1756 1375 praecipitabant.
1800 1306 2032 1378 Parique
2067 1309 2151 1363 in-

566 1386 896 1454 pugnatione
938 1389 1485 1464 superiorum'atque
1526 1395 1839 1453 inferiorum
1865 1400 1956 1468 qui
1987 1400 2146 1456 medii

566 1485 726 1530 erant
751 1478 1106 1532 vexabantur.
1148 1478 1285 1537 Nam
1324 1486 1416 1554 qui
1445 1486 1496 1540 in
1529 1501 1653 1542 arce
1694 1496 1748 1540 et
1784 1488 1835 1541 in
1867 1490 2147 1547 obsidione

569 1565 876 1629 certabant,
901 1564 1104 1621 Conani
1132 1574 1318 1638 partes
1343 1574 1646 1629 tuebantur.
1673 1575 1874 1631 Urbani
1899 1592 2026 1632 vero
2049 1594 2146 1648 pro

568 1652 821 1710 Fuleonis
849 1655 1075 1710 victoria
1109 1672 1333 1730 Operam
1360 1662 1581 1718 dabant.
1612 1664 1722 1720 Nec
1748 1666 1925 1721 minus
1978 1668 2145 1725 Fulco

567 1744 749 1814 copias
776 1746 1022 1814 parabat,
1050 1756 1105 1802 et
1137 1753 1437 1807 exercitum
1464 1764 1571 1808 tam
1599 1755 1663 1810 de
1686 1757 1797 1809 suis
1819 1772 1980 1826 quam
2007 1774 2139 1815 oon-

567 1834 813 1890 ducticiis
839 1841 1219 1911 congregabat.
1246 1843 1444 1898 Audito
1470 1845 1539 1877 ⁸⁸⁸
1564 1861 1693 1901 vero
1718 1846 1995 1904 Conanum
2024 1852 2143 1907 urbi

568 1921 640 1954 ‘"
662 1924 998 1982 obsidionem
1025 1930 1334 1988 adhibuisse
1364 1933 1455 2001 ⁵⁸⁸,
1486 1949 1610 1990 mox
1640 1935 1903 2007 legionem
1933 1938 2145 1997 Britan-

567 2012 673 2067 nia:
703 2014 884 2069 infert.

637 2102 726 2158 83.
771 2105 934 2161 Dolus
960 2107 1027 2141 ⁸⁸⁷
1059 2109 1284 2166 Fulconi
1316 2113 1385 2147 ⁸⁸⁷
1419 2125 1655 2185 paratus.
1679 2147 1749 2157 —
1774 2117 1904 2173 Erat
1924 2134 2145 2190 campus

567 2208 676 2249 non
701 2196 854 2252 valde
873 2201 1085 2268 procul,
1108 2202 1441 2274 longitudine
1460 2207 1541 2262 sui
1561 2217 1615 2263 et
1636 2208 1917 2265 latitudine
1936 2220 2142 2279 vastus,

567 2283 822 2341 filicetum
852 2288 903 2341 in
926 2303 985 2343 se
1005 2291 1300 2347 maximum
1326 2295 1552 2349 habens.
1576 2295 1674 2351 Hic
1695 2296 1947 2353 Conanus
1969 2298 2144 2354 locum

566 2376 788 2445 gerendi
833 2378 958 2432 belli
1003 2383 1356 2449 constituens,
1390 2386 1706 2443 insidiarum
1750 2389 1903 2444 dolos
1928 2389 2141 2446 infodit.

564 2463 701 2520 Nam
752 2466 931 2524 fossas
958 2485 1119 2539 quam
1163 2473 1345 2544 plures
1396 2478 1469 2531 ibi
1499 2477 1829 2549 inmergens,
1876 2480 2043 2551 virgis
2088 2490 2144 2537 et

565 2555 861 2614 viminibus
883 2561 1199 2633 stipulisque
1225 2581 1411 2621 earum
1440 2568 1618 2626 hiatus
1647 2571 1881 2642 desuper
1907 2574 2140 2642 Operuit,

566 2645 715 2703 intus
736 2651 969 2707 surculis
990 2652 1201 2722 deﬁxis,
1230 2658 1320 2727 qui
1347 2661 1623 2729 superiora
1648 2664 2069 2722 continerentMs
2090 2673 2145 2720 et

562 2736 889 2796 soliditatem
939 2747 1247 2814 superticiei
1290 2749 1623 2807 simularent.
1672 2752 1737 2806 Et
1784 2763 1846 2808 ut
1891 2756 2142 2811 simulata

560 2828 877 2897 superficies
898 2834 1115 2903 penitus
1140 2836 1352 2905 lateret,
1386 2840 1580 2898 ﬁlicem
1606 2842 1893 2900 collectam
1912 2846 2143 2917 desuper

564 2923 847 2989 respersit,
875 2924 1203 2997 insidiasque
1230 2931 1607 2990 dissimulavit.

632 3008 721 3063 84.
762 3011 928 3068 Dolus
956 3015 1024 3048 ⁶⁸⁹
1054 3015 1257 3073 Commi
1286 3021 1354 3053 ⁸⁵⁸
1384 3036 1565 3077 contra
1602 3026 1773 3083 hostes
1799 3028 1889 3083 ⁸⁸⁸.
1922 3060 1987 3071 -
2012 3030 2142 3087 Post

563 3099 791 3157 insidias
816 3104 931 3174 ipse
958 3109 1103 3165 acies
1128 3114 1407 3181 ordinans,
1437 3118 1515 3173 sic
1551 3118 1739 3176 fraude
1778 3138 1909 3180 usus
1939 3135 2043 3194 est,
2080 3136 2138 3183 ut

562 3190 766 3248 diceret
789 3210 847 3251 se
879 3197 950 3253 ibi
989 3216 1323 3271 mansurum,
1352 3222 1451 3264 nec
1479 3210 1706 3268 ulterius
1738 3214 1920 3276 hostes
1941 3173 2137 3289 quaesi-
2164 3173 2210 3236 Θ

562 3287 765 3338 turum.
894 3288 1075 3345 hostes
1102 3305 1387 3364 urgerent,
1412 3299 1484 3353 ibi
1521 3308 1727 3358 tantum
1756 3305 1921 3360 vitam
1943 3284 2139 3377 defen-

561 3385 769 3428 surum.
815 3376 925 3440 Nec
952 3379 1022 3433 ob
1050 3392 1248 3438 metum
1286 3386 1337 3441 id
1365 3388 1654 3459 facturum,
1700 3403 1757 3449 at
1792 3405 1850 3449 ut
1880 3376 2063 3454 hostes
2090 3399 2137 3455 si

561 3476 684 3517 sese
708 3476 936 3533 querant
958 3477 1012 3523 et
1043 3472 1327 3542 impetant,
1371 3489 1565 3534 contra
1597 3480 1687 3550 jus
1717 3483 1768 3539 id
1794 3483 2013 3542 faciant.
2044 3487 2137 3544 Sic

560 3553 706 3607 enim
738 3570 923 3611 eorum
954 3560 1104 3615 ruina
1132 3562 1343 3622 facilius
1364 3572 1650 3639 provenire
1674 3575 1867 3642 possit,
1891 3592 2015 3632 cum
2038 3594 2136 3635 sua

563 3646 869 3703 temeritate
897 3651 1108 3719 quietos
1138 3662 1192 3710 et
1220 3656 1469 3716 innoxios
1497 3664 1901 3733 aggrediantur.
1929 3667 2004 3723 lbi
2035 3669 2136 3725 ita-

560 3748 667 3824 que
694 3737 842 3792 acies
885 3741 1187 3809 ordinavit,
1221 3747 1441 3805 insidias
1483 3752 1534 3806 in
1579 3764 1863 3824 prospectu
1909 3750 2132 3815 habens.

559 3823 798 3914 lierebat
838 3843 987 3901 ergo,
1034 3833 1333 3906 hostesque
1364 3851 1691 3911 excepturus
1731 3846 2132 3914 opperiebatur.

556 3905 724 3971 Fuleo
764 3916 1043 3977 Conanum
1080 3924 1356 3983 herentem
1396 3932 1612 3998 videns,
1659 3950 1760 3990 nec
1805 3938 1874 3991 ab
1913 3952 1977 3992 eo
2018 3938 2135 3996 loco

555 4005 825 4061 exiturum
857 4008 948 4075 “°,
979 4027 1099 4067 cum
1132 4016 1354 4072 insidias
1376 4022 1626 4087 nesciret,
1662 4038 1789 4079 suos
1816 4025 1981 4079 multo
2007 4028 2135 4081 hor-

555 4102 669 4179 tatu
717 4100 1010 4167 suadebat,
1055 4108 1310 4173 quatinus
1351 4112 1654 4168 vehementi
1700 4116 1983 4170 conamine
2028 4119 2135 4183 im-

551 4194 737 4253 petum
770 4187 1037 4257 facerent,
1076 4196 1364 4268 hostesque
1391 4205 1608 4271 aggredi
1654 4220 1757 4259 non
1799 4208 2130 4268 dubitarent.

552 4272 631 4329 De
663 4276 885 4332 victoria
917 4296 1022 4335 non
1059 4284 1384 4354 diffiderent,
1407 4305 1530 4345 cum
1553 4291 1746 4348 virium
1778 4310 1900 4364 spes
1930 4299 2131 4367 optima

553 4381 660 4422 non
691 4369 847 4436 desit,
896 4373 940 4427 si
986 4375 1250 4433 Divinitas
1281 4397 1479 4436 aversa.
1502 4399 1606 4438 non
1643 4385 1732 4439 sit.
1772 4388 1905 4442 Dato
1948 4391 2132 4461 itaque

2249 584 2402 640 Unde
2432 591 2488 640 et
2506 584 2678 641 Fulco
2697 586 2818 642 vitae
2846 595 3054 642 tantum
3081 587 3390 655 consulens,
3412 588 3655 659 profugio
3683 590 3825 660 eripi

2246 675 2559 730 conabatur.

2315 762 2404 819 86.
2453 762 2749 835 Interfectio
2777 764 2845 798 ‘“
2887 765 3089 821 (ἐθνιαηὶ
3119 767 3207 820 ⁸⁸⁸.
3238 796 3307 808 --
3348 766 3518 834 Quem
3544 781 3665 820 eum
3694 764 3828 837 fuga

2245 855 2566 925 exagitaret,
2608 854 2860 911 Conanus
2897 856 3113 913 interim
3161 857 3213 912 in
3258 857 3531 911 dumetum
3561 871 3682 910 cum
3715 855 3825 909 tri-

2245 949 2345 1005 bus
2371 964 2491 1005 sese
2541 951 2765 1021 recepit,
2810 953 3082 1022 armisque
3108 951 3388 1022 depositis,
3436 950 3678 1020 corporis
3708 948 3831 1005 fer-

2245 1053 2428 1094 vorem
2456 1041 2523 1095 ad
2562 1056 2747 1095 auram
2789 1041 3086 1112 mitigabat.
3120 1040 3288 1108 Quem
3316 1040 3532 1110 quidam
3559 1042 3827 1096 adversa-

2245 1130 2448 1185 riorum
2476 1130 2720 1195 intuitus,
2751 1129 2896 1185 facto
2935 1132 3139 1201 impetu
3179 1129 3326 1184 illum
3355 1130 3601 1196 adorsus,
3642 1129 3829 1201 gladio

2246 1222 2536 1288 transfixit,
2566 1221 2926 1292 Fulconisque
2944 1222 3223 1276 victoriam
3256 1220 3468 1275 extulit.
3495 1219 3677 1286 Falco,
3699 1220 3831 1275 ani-

2246 1326 2335 1367 mo
2358 1321 2652 1381 resumpto,
2684 1310 2904 1368 Namtas
2943 1313 3155 1383 repetit,
3194 1320 3356 1380 atque
3380 1312 3698 1382 ingreditur,
3729 1312 3831 1381 qui

2246 1408 2300 1463 in
2328 1424 2453 1463 arce
2486 1415 2641 1462 erant
2669 1407 2868 1462 acriter
2909 1422 3132 1462 vexans.
3162 1405 3266 1472 Qui
3307 1405 3552 1474 principe
3579 1404 3831 1459 destituti

2244 1515 2382 1570 pene
2406 1499 2703 1566 exanimes,
2744 1499 3062 1571 iupugnauti
3093 1497 3317 1563 cedunt,
3343 1495 3607 1567 fidemque
3630 1504 3829 1566 postu-

2243 1592 2337 1647 lati
2362 1591 2584 1646 faciunt.

2313 1684 2402 1741 8'7.
2435 1683 2726 1754 Repudium
2748 1681 3040 1753 ““regime
3061 1681 3132 1714 ‘“
3162 1680 3420 1736 Susanna:
3451 1697 3483 1735 a
3508 1679 3579 1715 '“
3606 1697 3724 1750 rege
3747 1680 3832 1718 ⁸⁸⁵

2247 1774 2489 1828 Rotberto
2513 1772 2602 1826 ⁸⁸⁸.
2625 1803 2695 1813 -
2720 1772 2815 1827 His
2862 1773 2935 1827 ita
2967 1787 3087 1827 sese
3130 1771 3478 1837 habentibus,
3528 1771 3833 1826 Rotbertus

2247 1878 2343 1917 rex
2360 1878 2482 1917 cum
2504 1863 2555 1916 in
2581 1862 2978 1917 undevicesimo
3004 1862 3179 1916 anatis
3200 1875 3357 1925 anno,
3378 1860 3673 1931 iuventutis
3693 1860 3833 1915 ﬂore

2243 1962 2516 2019 vernaret,
2565 1952 2870 2008 Susannam
2925 1968 3146 2008 uxorem
3192 1969 3390 2024 genere
3440 1952 3703 2017 Italicam,
3757 1968 3835 2010 eo

2243 2044 2386 2114 quod
2416 2058 2551 2098 anus
2583 2053 2744 2109 esset,
2774 2042 2915 2098 facto
2946 2043 3176 2098 divortio
3204 2042 3523 2113 repudiavit.
3556 2040 3691 2108 Quae
3731 2057 3829 2097 re-

2243 2136 2486 2206 pudiata,
2515 2150 2637 2190 cum
2681 2149 2743 2190 ea
2791 2149 2908 2203 quae
2935 2148 2999 2188 ex
3046 2134 3171 2188 dote
3217 2140 3520 2201 acceperat,
3575 2141 3833 2203 repetere

2245 2226 2422 2291 vellet,
2477 2241 2575 2281 nec
2615 2226 2665 2280 ei
2694 2241 2786 2280 rex
2820 2225 3213 2295 adquiesceret,
3268 2225 3525 2279 aliorsum
3580 2226 3831 2279 animum

2244 2314 2580 2370 transvertit.
2614 2314 2658 2368 A
2684 2331 2787 2384 qua
2818 2315 2979 2370 etiam
3010 2316 3119 2380 die,
3167 2330 3261 2369 sua
3289 2330 3559 2384 quaerens,
3601 2316 3713 2387 regi
3744 2317 3833 2371 in.

2244 2403 2409 2459 sidias
2440 2403 2779 2458 moliebatur.
2802 2403 2936 2458 Nam
2958 2403 3391 2459 Monasterioium
3417 2415 3655 2461 castrum
3679 2407 3826 2476 quod

2245 2493 2298 2547 in
2328 2491 2454 2547 dote
2482 2503 2784 2562 acceperat,
2831 2494 2904 2549 ad
2926 2509 3083 2548 suum
3126 2495 3215 2566 jus
3264 2493 3550 2550 refundcre
3575 2496 3826 2567 cupiens,

2244 2599 2365 2638 cum
2405 2585 2457 2638 id
2505 2584 2716 2640 ellicere
2763 2600 2869 2639 non
2909 2595 3111 2656 posset,
3162 2603 3318 2643 secus
3371 2604 3494 2643 eum
3526 2589 3672 2644 aliud
3728 2606 3827 2645 no-

2243 2674 2388 2728 mine
2430 2672 2519 2727 m.
2545 2713 2558 2728 .
2580 2714 2594 2728 .
2615 2713 2631 2729 .
2651 2715 2664 2728 .
2687 2714 2703 2728 .
2722 2716 2735 2729 .
2768 2677 3043 2743 extruxit;
3099 2692 3226 2748 rege
3274 2678 3488 2732 interim
3534 2688 3824 2748 occupato,

2244 2762 2385 2817 circa
2414 2762 2616 2819 Odonis
2664 2772 2718 2819 et
2757 2763 3010 2827 Fulconis
3064 2765 3324 2820 facinora.
3352 2764 3430 2819 Ex
3463 2765 3616 2834 cujus
3649 2769 3825 2822 mutti~

2245 2856 2391 2911 tione
2431 2857 2801 2911 arbitrabatur
2845 2872 3004 2928 posse
3045 2872 3259 2912 omnem
3288 2858 3505 2913 navium
3532 2867 3825 2913 convecta-

2243 2948 2444 3001 tionem
2491 2946 2785 3016 prohiberi,
2826 2963 2949 3002 eum
2999 2948 3099 3002 sibi
3147 2948 3492 3003 advenientes
3521 2950 3823 3019 sese—prius

2241 3036 2518 3104 oﬂ'errent,
2556 3036 2699 3092 unde
2747 3045 2802 3092 et
2851 3038 2930 3093 eis
2962 3039 3249 3093 transitum
3302 3038 3534 3095 ulterius
3571 3040 3821 3095 inhibere

2242 3130 2469 3185 valeret.

2310 3221 2396 3276 88;
2438 3219 2780 3290 Repreliensio
2811 3220 2880 3259 ⁸⁸⁸
2921 3221 3123 3290 repudii
3151 3220 3238 3276 ⁸⁸⁸.
3287 3252 3358 3262 -
3386 3220 3557 3293 Hujus
3608 3223 3818 3292 repudii

2247 3309 2444 3373 scelus,
2472 3324 2500 3362 a
2533 3309 2601 3341 “’
2632 3309 2904 3363 nonnullis
2929 3310 3020 3380 qui
3045 3310 3411 3381 intelligentia:
3443 3310 3679 3379 purioris
3704 3311 3821 3365 fue-

2239 3413 2321 3462 re,
2352 3398 2485 3453 satis
2536 3398 2826 3453 laceratum
2879 3412 2943 3453 eo
2982 3407 3223 3467 tempore
3259 3398 3381 3465 fuit,
3431 3397 3570 3453 clam
3610 3407 3813 3468 tamen,

2237 3501 2336 3542 nec
2368 3486 2572 3556 patenti
2601 3485 2961 3558 refragatione
2993 3488 3285 3556 culpatum.

2307 3578 2425 3634 89c
2463 3576 2695 3633 Sinodus
2746 3578 2921 3635 Chelw
2972 3580 3171 3634 habita.
3220 3610 3293 3621 —
3340 3579 3510 3650 ilujus
3559 3582 3818 3651 temporis

2236 3671 2425 3726 diebus
2446 3686 2568 3725 cum
2617 3686 2648 3724 a
2694 3686 2830 3741 papa
2860 3671 3101 3726 Romano
3132 3672 3193 3726 Β.
3228 3670 3373 3743 (128)
3423 3673 3689 3727 abdicatio
3713 3674 3806 3727 Ar-

2232 3760 2363 3837 nulti
2385 3770 2439 3815 et
2468 3761 2735 3830 promotio
2759 3759 3006 3816 Gcrberti
3038 3761 3281 3831 plurimis
3301 3760 3648 3831 epistolarum
3678 3762 3817 3816 scri-

2223 3852 2339 3931 ptis
2361 3850 2841 3916 calumniarentur,
2869 3852 3104 3922 episcopi
3140 3866 3354 3922 quoque
3379 3853 3454 3906 rei
3504 3851 3814 3922 huiusmodi

2233 3949 2488 3997 auctores
2516 3940 2787 4010 simulque
2830 3949 2884 3995 et
2925 3940 3015 3996 alii
3065 3950 3438 4012 cooperatores
3469 3940 3696 3995 diversis
3721 3954 3813 3996 re-

2231 4030 2681 4106 prehensionibus
2746 4035 3228 4104 redarguerentur,
3287 4033 3486 4104 placuit
3543 4034 3813 4103 episcopis

2231 4125 2417 4195 Gallia:
2443 4128 2495 4182 in
2518 4142 2683 4181 unum
2715 4129 3024 4195 convenire,
3065 4136 3119 4183 et
3161 4141 3322 4196 super
3368 4126 3469 4181 hac
3515 4126 3814 4196 reprehen-

2232 4218 2386 4273 sione
2424 4216 2724 4274 consulere.
2775 4218 2979 4285 Quibus
3038 4217 3217 4274 Chelas
3265 4215 3525 4284 collectis,
3584 4217 3811 4274 siuodus

2228 4311 2417 4365 habita
2443 4318 2544 4365 est.
2593 4309 2690 4366 Cui
2732 4326 2826 4366 rex
2868 4311 3161 4367 Botbertus
3206 4310 3479 4381 praesedit,
3512 4312 3805 4367 considen-

2232 4400 2375 4455 tibus
2418 4400 2864 4469 metropolitanis.
2893 4400 3156 4456 Gerberto
3187 4398 3441 4454 Remensi
3480 4400 3564 4454 cui
3594 4409 3705 4456 tota
3735 4402 3811 4458 si-

551 4458 980 4577 irruunt.
1016 4468 1285 4569 .Arbitrati
1325 4488 1537 4545 quoque
1560 4476 1787 4532 solidum
1815 4480 1939 4547 iter,
1970 4458 2134 4557 fossis
2153 4516 2204 4577 Β
2231 4488 2501 4544 nodalium
2523 4458 2807 4544 causarum
2839 4490 2976 4545 ratio
3003 4490 3337 4544 discutienda
3364 4490 3653 4545 commissa
3678 4490 3806 4557 fuit,

552 4547 850 4609 indubitate
878 4558 1255 4628 propinquant.

621 4638 707 4693 85.
760 4641 1119 4713 Prwcipitatio
1169 4651 1236 4682 ⁶⁶¹
1285 4653 1510 4708 hostium
1536 4672 1568 4710 α
1610 4656 1678 4688 ⁸⁸⁸
1709 4658 1921 4715 Conano
1951 4662 2128 4716 ⁶⁶¹.--

547 4728 790 4823 cumque
838 4732 1147 4794 Brittannos
1197 4751 1344 4797 metu
1397 4743 1650 4803 herentes
1693 4750 2125 4823 arbitrarentur,

547 4818 668 4874 telis
702 4822 1009 4915 obnitentes
1059 4832 1124 4882 ad
1174 4830 1346 4888 fossas
1400 4836 1667 4905 irruunt;
1716 4818 2128 4915 precipitatique

546 4922 664 5000 cum
700 4911 853 4979 equis
882 4914 1274 4989 inmerguntur,
1319 4940 1382 4979 ac
1419 4941 1560 4983 caeca
1604 4930 1757 4984 ruina
1802 4911 2124 5000 cohﬁrsiiad

547 4998 732 5068 tiginti
782 5003 928 5061 milia
971 5007 1040 5040 ⁸⁶¹
1089 5011 1309 5069 inmersi
1349 5024 1511 5087 atque
1541 5023 1838 5090 compressi
1866 4998 2022 5079 sunt.
2047 5026 2118 5082 At

2232 4577 2457 4649 Signina
2487 4593 2701 4648 quoque
2729 4576 3049 4644 Senonensi,
3094 4578 3481 4635 Erchembaldo
3511 4580 3801 4646 Turonico,

2229 4666 2482 4721 Daiberto
2501 4665 2846 4732 Biturieensi,
2873 4668 3102 4738 aliisque
3125 4670 3316 4723 horum
3344 4670 3805 4740 comprovintiali-

2228 4759 2331 4813 bus
2367 4758 2654 4813 nonnullis.
2695 4758 2753 4812 In
2780 4775 2883 4829 qua
2910 4768 3194 4830 postquam
3223 4775 3290 4814 ex
3321 4769 3533 4830 patrum
3571 4762 3807 4827 decretis

2230 4851 2467 4906 rationes
2495 4850 2563 4905 de
2591 4859 2736 4906 statu
2772 4860 2971 4907 sanctze
3000 4852 3257 4908 aecclesia:
3284 4853 3718 4924 promulgarunt,
3748 4854 3805 4909 in

2230 4951 2310 4996 ter
2337 4942 2590 4996 nonnulla
2627 4943 2800 5009 utilia,
2838 4945 3094 4999 constitui
3120 4952 3175 5000 et
3210 4944 3455 5000 roberari
3489 4944 3715 5014 placuit,
3745 4955 3827 5001 ut-

2227 5032 2293 5086 ab
2318 5045 2380 5085 ea
2411 5031 2519 5097 die,
2548 5032 2687 5087 idem
2710 5034 2992 5099 sentirent,
3018 5034 3159 5090 idem
3198 5033 3415 5102 vellent,
3447 5034 3588 5089 idem
3609 5047 3823 5107 coepe-—

1821 5162 2054 5220 VARUS
2089 5166 2489 5225 LECTIONES.

616 5246 688 5331 "’.
711 5260 1027 5331 93’3159'5
1056 5272 1365 5331 congregat-

547 5318 770 5391 g‘hscis'a.
874 5324 943 5357 “"
974 5327 1089 5391 Dol,
1124 5318 1429 5390 ni'ab'srisa.

548 5385 613 5417 “'
645 5393 919 5465 ιιι-ωαξης]
945 5397 989 5451 t1
1011 5385 1234 5455 abscisa.
1278 5385 1519 5461 ΗέίῖΧΧ
1542 5385 1722 5465 code;

549 5472 698 5513 cuus.
775 5462 847 5494 ⁸⁸⁸
870 5464 966 5531 Re,
996 5483 1052 5523 re
1082 5472 1306 5528 abscisa.
1384 5476 1453 5508 ⁸⁸⁷
1483 5462 1555 5534 an
1574 5462 1757 5535 eodem

1457 5266 1653 5343 6"iper
1679 5288 1838 5341 supra
1886 5276 2053 5343 posito
2105 5280 2172 5333 ad
2199 5295 2247 5335 c.

1526 5339 1594 5371 ⁸⁸⁸
1624 5339 1776 5410 supe,
1817 5339 1939 5397 cont
1970 5347 2193 5401 abscisa.

1822 5412 1890 5445 ⁸⁸³
1912 5414 1991 5482 lu,
2022 5415 2096 5471 Co
2124 5419 2345 5475 abscisa.

2345 5280 2414 5352 Ψ
2446 5280 2689 5352 adhibuit
2716 5299 2836 5337 corr
2883 5284 3121 5341 adhibet.
3215 5285 3285 5317 ⁸³⁸
3309 5285 3511 5351 audito.
3538 5286 3659 5352 “rb.
3691 5287 3819 5344 adh-

2292 5350 2359 5384 ⁸⁸⁹
2392 5351 2507 5413 Dol,
2540 5367 2624 5412 na.
2671 5354 2738 5407 ho
2772 5354 2992 5409 abscisa.
3098 5355 3166 5388 ⁶⁶⁰
3210 5370 3260 5410 e.
3302 5358 3587 5412 advertens
3638 5350 3802 5414 delet.

2439 5420 2507 5454 '“
2542 5421 2640 5489 Re,
2669 5437 2754 5489 re,
2799 5441 2830 5479 a
2862 5441 2907 5492 r,
2955 5427 3107 5481 berto
3131 5426 3353 5481 abscisa.
3439 5426 3507 5459 ‘“
3534 5428 3679 5482 locus
3708 5443 3828 5485 vat--

2100 5603 2331 5662 NOTIE.

621 5689 768 5762 (128)
794 5691 997 5754 Joanne
1040 5698 1174 5769 XVI,
1207 5718 1328 5785 nam
1360 5705 1677 5766 Benedictus
1715 5711 1799 5768 ΠΙ
1836 5695 1980 5773 anno
2014 5717 2117 5774 985
2152 5721 2382 5777 obierat.
