3910 5336
189 262 270 316 161

1101 265 1573 324 HISTORIARUM
1603 265 1778 322 LIBRI
1809 268 2164 337 QUATUOR.
2201 304 2272 314 —
2307 274 2435 330 LIB.
2475 276 2567 332 IV.

3322 284 3426 342 163

183 383 446 441 rarenter,
482 380 780 433 secundum
809 377 860 432 id
906 377 1048 448 quod
1086 379 1343 449 scriptum
1379 389 1496 436 est:
1526 379 1656 434 Erat
1679 381 1744 434 ei:

1859 378 1978 418 mox
2008 365 2186 420 animo
2227 367 2442 424 habitus
2485 377 2586 425 est.
2635 370 2822 442 Itaque
2868 389 2965 445 per
2997 374 3201 447 legatos
3229 377 3429 435 Odonis

181 482 264 518 cor
290 484 452 520 unum
475 478 523 521 et
553 468 732 542 anima
756 485 858 522 una
883 468 1022 539 (Act.
1053 484 1118 528 tv.
1148 470 1260 540 52).
1289 470 1512 524 Decerui
1548 478 1602 524 et
1628 469 1757 523 illud

179 555 414 622 voluere,
458 566 517 611 ut
565 559 608 612 si
641 559 694 611 in
727 558 966 627 qualibet
993 559 1257 623 tecclesia,
1293 573 1644 629 quzecumque
1691 559 1757 613 ti-

177 645 359 700 rannis
378 657 705 717 emergeret,
747 663 868 716 qua:
909 649 1013 704 telo
1037 651 1394 705 anathematis
1424 649 1660 704 ferienda
1687 651 1756 684 ⁸⁸⁸

172 734 466 800 videretur,
513 735 566 790 id
599 738 846 806 inprimis
871 738 936 792 ab
963 741 1213 794 omnibus
1262 740 1673 808 consulendum,
1702 750 1756 795 et

170 824 246 878 sic
274 827 552 879 communi
585 827 805 882 decreto
828 829 1155 898 agitandum.
1201 830 1264 884 Et
1291 832 1379 900 qui
1408 832 1755 887 anathemate

170 913 444 968 relaxandi
495 914 695 981 forent,
752 918 971 973 decreto
1022 920 1295 973 communi
1337 920 1586 976 similiter
1615 922 1754 976 rela-

169 1003 390 1069 xandos,
442 993 599 1073 juxta
639 1008 785 1076 quod
831 1008 1092 1077 scriptum
1129 1020 1252 1065 est:
1284 1009 1574 1065 Consilium
1603 1029 1634 1065 a
1660 1029 1750 1065 sa-

162 1095 330 1162 piente
377 1100 620 1168 perquire
651 1097 804 1165 (Tob.
835 1115 907 1163 tv,
961 1101 1069 1171 19).
1118 1102 1327 1158 Placuit
1364 1119 1578 1173 quoque
1625 1119 1750 1158 san-

164 1184 285 1246 ciri,
314 1185 358 1238 si
393 1186 524 1255 quid
558 1203 588 1241 a
614 1204 752 1259 papa
784 1190 1026 1246 Romano
1054 1203 1244 1247 contra
1289 1202 1503 1264 patrum
1531 1195 1746 1250 decreta

159 1284 561 1343 suggereretur,
613 1293 830 1333 cassum
875 1290 928 1334 et
973 1282 1185 1335 irritum
1237 1282 1375 1346 ﬁeri,
1402 1285 1555 1354 juxta
1603 1285 1745 1354 quod

158 1363 447 1432 Apostolus
474 1369 550 1422 ait
574 1387 587 1422 :
623 1368 923 1425 Hereticum
951 1373 1209 1428 hominem
1236 1386 1282 1429 et
1307 1377 1370 1429 ab
1399 1377 1616 1431 ecclesia
1639 1378 1746 1430 dis-

153 1458 479 1522 sentientem,
510 1462 719 1528 penitus
761 1461 927 1516 devita
980 1463 1106 1534 (Tit.
1142 1481 1223 1529 m,
1253 1466 1362 1536 l0).
1416 1466 1520 1521 Nec
1568 1469 1745 1525 minus

153 1547 546 1605 abdicationem
605 1553 818 1609 Armtlli
879 1564 932 1610 et
1000 1559 1392 1627 promotionem
1452 1559 1740 1626 Gerberti,

150 1649 307 1707 prout
335 1642 405 1695 ab
452 1641 533 1697 eis
579 1645 844 1700 ordinatze
871 1656 924 1700 et
954 1657 1184 1715 peractae
1233 1659 1434 1716 essent,
1483 1661 1741 1721 perpetuo

1856 455 2146 509 amicitiam
2204 459 2408 527 expetit
2454 477 2468 526 ;
2534 477 2633 530 pro
2686 462 2890 518 Conani
2945 465 3163 521 interitu
3207 476 3428 522 centum

1855 545 2032 613 pondo
2060 546 2130 577 ⁸⁷³
2159 549 2367 616 argenti
2418 565 2536 604 sese
2585 551 2951 621 impensurum
3001 557 3264 622 mandat;
3311 556 3430 613 loco

1854 635 2040 691 militis
2085 637 2378 705 interfecti,
2431 641 2597 695 filium
2638 658 2791 697 suum
2838 661 2934 714 pro
2963 661 3029 700 eo
3075 647 3427 703 militaturum

1852 723 2043 791 offert;
2071 736 2309 780 castrum
2332 737 2637 784 extructum
2662 733 2715 786 in
2752 734 2869 802 eius
2899 735 3102 790 honore
3131 751 3250 790 sese
3275 752 3430 792 ever-

1853 829 2059 878 surum,
2095 825 2257 885 atque
2280 832 2313 870 a
2351 819 2462 873 suis
2495 832 2883 877 evacuaturum
2923 842 2937 890 ;
2989 840 3110 880 sese
3139 841 3353 898 quoque
3374 828 3427 882 ei

1851 915 2042 976 Sponte
2066 909 2439 974 militaturum,
2466 913 2512 966 si
2557 913 2610 966 id
2642 915 2752 982 regi
2787 915 3106 986 injuriosum
3132 932 3235 972 non
3266 917 3425 973 foret.

1850 999 2002 1066 Quod
2052 1000 2178 1069 quia
2229 1001 2434 1072 absque
2489 1004 2629 1073 regis
2659 1004 2852 1072 injuria
2883 1006 3000 1061 fieri
3049 1024 3156 1063 non
3188 1017 3422 1078 poterat,

1849 1088 1963 1158 ejus
2014 1089 2122 1143 filio
2169 1107 2360 1145 manus
2409 1107 2506 1160 per
2540 1105 2938 1150 sacramentum
2987 1097 3192 1162 daret;
3244 1099 3426 1168 itaque

1848 1178 2022 1242 fieret,
2055 1191 2114 1233 ut
2144 1179 2256 1249 ipse
2283 1195 2404 1234 cum
2433 1191 2560 1235 nato
2604 1183 2882 1249 militaret,
2920 1202 3042 1240 cum
3075 1186 3242 1242 filium
3266 1204 3424 1243 suum

1847 1267 2017 1322 Odoni
2054 1285 2152 1338 pro
2181 1270 2402 1327 Conauo
2428 1273 2600 1336 daret,
2643 1283 2697 1328 et
2723 1291 2844 1330 sese
2891 1276 3093 1332 Odonis
3131 1279 3239 1334 lilio
3286 1280 3426 1335 mili-

1848 1364 2055 1414 taturos
2106 1363 2486 1418 committeret.
2537 1364 2794 1419 Daturum
2847 1382 2907 1422 se
2936 1368 3098 1422 etiam
3143 1369 3301 1424 ﬁdem
3337 1387 3424 1427 sa-

1845 1461 2124 1507 cramento
2151 1463 2338 1509 contra
2369 1455 2608 1510 omnium
2637 1472 2878 1524 causam,
2931 1469 3127 1529 praeter
3173 1463 3330 1532 regis,
3368 1473 3426 1518 et

1844 1541 2034 1595 horum
2086 1543 2280 1612 quibus
2330 1545 2551 1614 speciali
2603 1547 3068 1617 consanguinitate
3100 1549 3280 1616 carius
3330 1551 3425 1605 ad-

1841 1629 2019 1686 dictus
2038 1642 2141 1699 est,
2174 1643 2357 1704 utpote
2387 1636 2519 1700 nati,
2551 1635 2737 1692 fratris
2787 1654 2848 1693 ac
2877 1648 3152 1709 nepotum.
3185 1640 3285 1708 llis
3308 1641 3424 1697 Odo

148 1727 348 1796 placuit
389 1733 615 1800 sanciri,
648 1735 802 1805 juxta
858 1739 999 1805 quod
1047 1739 1100 1792 in
1148 1741 1446 1795 eanonibus
1477 1741 1734 1810 scriptum

1841 1723 2132 1791 perceptis,
2157 1738 2379 1778 suorum
2421 1741 2548 1780 usus
2586 1727 2835 1793 consilio,
2879 1730 2992 1784 hac
3021 1745 3140 1785 sese
3166 1741 3424 1801 exceptu-

148 1817 410 1874 babetur:
439 1821 652 1877 δίποάο
685 1826 991 1895 provinciali
1015 1836 1286 1894 statutum,
1317 1846 1347 1882 a
1374 1830 1514 1884 nullo
1546 1840 1734 1885 temere

146 1906 600 1976 labefactandam.

214 1999 298 2052 90.
344 1999 586 2072 Impetus
618 2003 686 2039 ‘"
723 2003 920 2061 Odonis
960 2017 1007 2061 et
1041 2006 1292 2063 Fulcanis
1321 2009 1388 2042 ⁸⁸⁸
1413 2010 1546 2064 inter
1567 2027 1620 2063 se
1641 2009 1729 2064 m.

139 2116 212 2126 —
233 2088 340 2143 llac
375 2100 710 2160 tempestate
753 2096 888 2150 bella
920 2097 1096 2151 civilia
1141 2108 1388 2168 reparata
1422 2108 1566 2154 sunt.
1599 2099 1730 2154 Cum

137 2177 280 2229 enim
333 2179 684 2236 tirannorum
738 2184 947 2240 insidiis
999 2186 1203 2242 Odonis
1256 2197 1309 2242 et
1365 2188 1615 2243 Fulconis
1665 2189 1731 2243 de

135 2267 455 2326 Brittanniaz
481 2274 790 2344 principatu
818 2277 934 2330 rixa
965 2288 1293 2349 resurgeret,
1326 2279 1429 2334 illis
1461 2279 1732 2334 dissiden-

136 2360 278 2415 tibus
306 2362 506 2433 reliqui
535 2366 700 2420 etiam
745 2382 1028 2438 regnorum
1058 2369 1329 2439 principes
1355 2371 1486 2424 moti
1518 2370 1729 2425 dissen-

133 2466 269 2506 sere.
296 2454 414 2508 Rex
446 2455 706 2512 Fulconis
728 2468 906 2528 partes
935 2459 1162 2527 tutabat,
1199 2458 1314 2516 Odo
1353 2476 1571 2515 suorum
1597 2475 1727 2515 nec-

132 2558 236 2596 non
263 2553 318 2597 et
343 2547 656 2614 piratarum
684 2549 773 2618 qui
800 2565 924 2620 rege
955 2549 1168 2605 deserto
1198 2552 1266 2606 ad
1293 2567 1353 2606 se
1377 2552 1723 2616 transierant,

129 2633 646 2705 Aquitanorumque
671 2637 840 2707 copiis
865 2639 1353 2696 fretusincedebat.
1381 2640 1537 2696 Unde
1563 2639 1727 2695 Fulco

129 2724 185 2777 in
221 2724 476 2781 Odonem
530 2742 791 2798 przeceps,
839 2728 954 2798 ejus
1003 2739 1201 2785 terram
1249 2731 1622 2802 depopulatur,
1672 2741 1728 2786 et

126 2826 251 2884 post
273 2817 328 2870 in
363 2832 430 2872 ea
466 2833 578 2872 non
601 2819 786 2888 procul
814 2821 882 2876 ab
912 2822 1046 2876 urbe
1083 2821 1352 2878 Turonica
1381 2823 1722 2892 oppidum”

127 2907 366 2960 exstruit
419 2917 588 2976 atque
627 2910 836 2976 munit;
887 2912 1069 2981 copias
1119 2913 1304 2982 ponit;
1341 2913 1600 2968 militibus
1625 2914 1724 2968 im-

127 2993 268 3063 plet;
310 3007 368 3051 et
391 2999 518 3066 quia
562 3000 626 3054 ad
673 3000 775 3055 hoc
819 3003 1138 3057 diruendum
1170 3003 1409 3060 Odonem
1466 3007 1725 3062 adventu-

1838 1826 1955 1866 rum
1981 1812 2183 1881 optime
2225 1815 2462 1881 mandat,
2510 1817 2555 1872 si
2599 1817 2824 1874 Namtas
2869 1819 3188 1876 Brittannite
3230 1823 3420 1878 urbem

1837 1905 1958 1962 dolo
1979 1915 2188 1975 captam
2219 1909 2434 1973 reddat,
2479 1916 2533 1962 et
2565 1924 2594 1962 a
2652 1910 2766 1965 suis
2807 1921 3054 1966 evacuet.
3095 1912 3420 1981 lnjuriosum

1837 1999 1981 2052 enim
2017 2000 2069 2053 id
2102 1999 2299 2065 videri,
2342 2001 2386 2055 si
2417 2001 2596 2058 ablata
2642 2003 2792 2072 prius
2818 2018 2923 2057 non
2969 2013 3199 2075 repetat,
3228 2013 3282 2060 et
3311 2021 3419 2061 non

1835 2091 2077 2154 redditis,
2108 2107 2230 2146 cum
2262 2091 2416 2147 hoste
2444 2107 2627 2162 pacem
2649 2092 2841 2148 faciat.

1903 2182 1992 2236 92.
2024 2183 2257 2253 Abjectio
2309 2184 2380 2216 ‘7‘
2417 2187 2812 2255 supplicationis
2852 2187 2920 2220 "“
2955 2189 3020 2243 ab
3058 2188 3290 2246 Fulcone
3323 2191 3414 2246 θ’δ.

1830 2306 1902 2315 -
1929 2275 2053 2331 Hzec
2082 2277 2208 2332 dum
2239 2279 2666 2348 exagitarentur,
2702 2289 2757 2336 et
2787 2280 2900 2336 Odo
2928 2282 3225 2336 exercitum
3257 2299 3416 2341 suum

1831 2367 2088 2437 paulatim
2117 2369 2302 2438 augeri
2326 2369 2702 2435 arbitraretur,
2733 2371 3046 2442 priusquam
3083 2374 3270 2443 cepias
3291 2391 3417 2432 con-

1831 2458 2111 2528 gradiendi
2145 2459 2388 2523 haberet,
2417 2474 2513 2513 rex
2543 2475 2664 2514 cum
2696 2461 2978 2516 duodecim
3002 2463 3215 2517 milibus
3241 2463 3412 2529 all‘uit,

1830 2567 1952 2606 cum
1990 2551 2280 2606 Fulconem
2316 2567 2408 2606 sex
2450 2552 2595 2606 milia
2627 2568 2845 2607 suorum
2883 2555 3165 2624 stiparent.
3205 2554 3415 2622 Quibus

1829 2642 2033 2706 mixtis,
2056 2643 2340 2697 exercitus
2369 2652 2701 2696 armatorum
2729 2644 2986 2699 densatus
3021 2653 3123 2699 est.
3171 2644 3323 2700 Unde
3358 2655 3416 2701 et

1826 2731 1994 2788 Fulco
2022 2732 2341 2787 insolentior
2374 2731 2566 2797 factus,
2595 2747 2715 2802 quae
2737 2743 2862 2787 ante
2886 2733 3108 2802 supplex
3139 2733 3412 2790 obtulerat

1825 2822 2050 2892 Spernit.
2085 2821 2156 2877 Ut
2197 2821 2392 2876 bellum
2427 2820 2538 2884 liat,
2573 2821 2809 2876 fervidus
2835 2821 3040 2888 instat;
3082 2831 3142 2876 et
3184 2831 3240 2877 ut
3272 2824 3411 2879 vada

1824 2915 2035 2985 Ligeris
2058 2914 2149 2984 qui
2175 2914 2256 2968 eis
2279 2912 2626 2968 interﬂuebat
2664 2923 3058 2983 per-transeant,
3093 2915 3411 2985 hostemque

1825 3006 2106 3074 impetant,
2139 3004 2386 3058 hortatur
2415 3012 2577 3071 atque
2627 3003 2836 3058 suadet.
2887 3003 3002 3060 Odo
3051 3019 3177 3059 suos
3203 3013 3262 3058 ut
3288 3020 3413 3074 spo-

127 3099 247 3139 rum
278 3089 564 3156 sperabat,
621 3105 798 3160 regem
855 3092 1032 3161 petiit,
1073 3093 1269 3148 auxilia
1320 3094 1719 3164 imploraturus.
1752 3093 1795 3154 C
1827 3097 2129 3166 ponderant
2165 3110 2272 3149 non
2304 3093 2521 3148 venisse
2561 3093 2879 3159 advertens,
2936 3109 3002 3149 eo
3028 3094 3170 3164 quod
3201 3095 3410 3150 exerci-

128 3177 228 3232 Cui
282 3195 409 3233 cum
467 3196 566 3235 rex
621 3183 877 3238 auxilium
928 3184 1313 3254 polliceretur,
1369 3187 1721 3244 obstinatiore

126 3271 310 3324 animo
338 3269 639 3327 ferebatur.
673 3273 861 3344 itaque
883 3277 1069 3345 cepias
1109 3286 1300 3332 contra
1347 3279 1553 3334 hostem
1585 3295 1719 3334 con-

126 3374 416 3428 gressurus
479 3371 688 3430 parat;
743 3365 1040 3419 exercitum
1091 3366 1293 3436 colligit
1339 3383 1354 3432 ;
1413 3367 1718 3437 bellumque

123 3451 326 3506 Odonis
365 3452 579 3507 indicit.
613 3453 746 3522 Odo,
791 3455 993 3524 pudore
1023 3465 1218 3523 tactus,
1248 3473 1278 3510 a
1326 3456 1494 3512 Gallis
1537 3438 1716 3530 Belgis

125 3542 364 3596 subsidia
394 3545 553 3613 petit.
597 3545 653 3598 Si
688 3545 887 3611 adsint,
912 3547 1140 3616 gratiam
1171 3562 1291 3602 sese
1340 3561 1716 3618 recompensac

126 3641 302 3685 turum
354 3633 608 3700 spondet.
666 3633 742 3688 llli
789 3634 1084 3690 liberaliter
1133 3647 1396 3701 annuunt,
1449 3635 1720 3706 fidemque

124 3718 350 3775 faciunt.
406 3720 523 3776 Nec
573 3723 755 3778 minus
800 3725 1159 3781 Flandrenses
1205 3726 1272 3757 °“
1314 3727 1588 3794 accersit,
1646 3727 1715 3782 ab

123 3813 302 3882 eisque
327 3805 560 3868 tutelam
581 3816 754 3884 petiit,
785 3817 954 3872 vicem
993 3818 1274 3888 pollicens,
1315 3820 1360 3874 si
1405 3821 1546 3889 quod
1581 3824 1715 3890 petit

123 3919 220 3958 non
254 3906 528 3959 abnuant.
568 3908 649 3962 llli
687 3923 896 3978 quoque
926 3911 1105 3967 animo
1150 3911 1358 3967 liberali
1385 3915 1592 3984 quesita
1624 3930 1712 3970 ac-

123 3996 496 4049 commodant.
549 3996 751 4051 Piratis
792 3999 952 4052 etiam
1006 4000 1210 4070 legatos
1241 4001 1498 4072 dirigens,
1528 4003 1712 4072 copias

122 4087 217 4140 sibi
257 4102 376 4141 non
420 4089 610 4159 negari
639 4090 898 4158 deposcit.
932 4090 1163 4160 Tempus
1191 4099 1245 4145 et
1281 4091 1433 4146 locus
1460 4094 1710 4149 omnibus

121 4179 492 4243 constituitur,
538 4195 646 4248 quo
688 4179 897 4234 collecti
945 4196 1065 4238 sese
1113 4180 1416 4238 conferant.
1474 4181 1589 4238 Odo
1628 4183 1708 4236 in-

121 4268 273 4321 terim
305 4283 440 4322 suos
491 4269 690 4338 placat,
719 4270 923 4342 colligit
965 4282 1018 4327 et
1046 4273 1254 4327 incitat.
1288 4271 1563 4343 Ratusque
1590 4273 1710 4329 Bel-

119 4377 209 4428 gas
236 4371 294 4415 et
317 4361 521 4431 piratas
551 4364 918 4433 tempestivos,
943 4382 1063 4420 cum
1090 4381 1310 4420 suorum
1346 4367 1531 4434 paucis
1554 4363 1705 4420 tanta

1822 3185 1964 3240 tibus
2001 3183 2315 3255 colligendis
2361 3181 2521 3250 hujus
2581 3183 2840 3252 temporis
2882 3183 3119 3237 brevitas
3158 3197 3263 3236 non
3301 3183 3410 3238 suf-

1819 3275 2022 3339 ﬁceret,
2054 3275 2234 3329 animo
2257 3273 2419 3328 nimis
2444 3273 2657 3328 turbato
2679 3271 2972 3327 ferebatur.
3004 3272 3258 3327 Attamen
3282 3289 3406 3328 cum

1817 3374 2048 3437 quatuor
2077 3364 2290 3419 milibus
2319 3362 2818 3434 refragratus,vada
2840 3362 3046 3433 Ligeris
3064 3365 3402 3433 prohibebat.

1874 3457 1974 3512 ‘95.
2037 3456 2153 3510 Rex
2213 3455 2336 3509 vadi
2402 3454 2618 3508 incessu
2678 3454 2985 3524 prohibitus
3004 3494 3024 3520 ,
3073 3455 3142 3509 ad
3199 3455 3402 3509 Amba-

1816 3549 1944 3602 tiam
1973 3547 2118 3618 (1‘29)
2159 3555 2397 3601 castrum
2430 3553 2707 3614 retorquet
2737 3547 3064 3612 exercitum,
3103 3549 3249 3617 quod
3291 3563 3400 3603 non

1812 3638 1999 3708 procul
2028 3639 2080 3692 in
2111 3638 2300 3692 eodem
2330 3637 2486 3690 litore
2533 3636 2771 3716 ﬂuminis
2812 3638 2955 3692 inter
2997 3654 3160 3708 rupes
3199 3640 3404 3695 emine-

1814 3728 1992 3791 nebat,
2022 3736 2082 3781 ut
2107 3727 2179 3781 ibi
2229 3727 2497 3781 transiens
2532 3736 2593 3780 et
2628 3737 2751 3796 post
2789 3728 3124 3797 obliquatus,
3154 3731 3402 3785 hostibus

1813 3837 1842 3876 a
1888 3829 2036 3892 tergo
2080 3817 2383 3887 inprovisus
2425 3817 2671 3882 adsistat,
2709 3833 2912 3888 eosque
2959 3821 3240 3890 adurgeat.
3283 3821 3401 3878 Odo

1813 3911 1953 3981 regis
1999 3907 2300 3964 exercitum
2353 3921 2461 3961 non
2509 3907 2799 3974 sustinens,
2842 3909 3044 3979 legatos
3091 3911 3140 3966 ei
3177 3911 3396 3982 dirigit:

1811 4003 2019 4057 hostem
2051 4016 2231 4064 suum,
2258 4013 2363 4053 non
2392 4013 2572 4069 regem
2605 4013 2722 4053 sese
2765 3999 3060 4070 impetiisse
3091 4003 3395 4068 mandans;

1811 4111 1910 4151 nec
1948 4103 2136 4151 contra
2188 4106 2368 4163 regem
2409 4092 2697 4162 quicquam
2747 4091 3080 4157 moliturum,
3131 4100 3185 4146 at
3211 4102 3395 4148 contra

1809 4185 2106 4239 inimicum.
2150 4182 2205 4237 Si
2247 4197 2339 4236 rex
2367 4179 2573 4249 jubeat,
2613 4195 2670 4236 se
2702 4195 2822 4235 mox
2853 4182 3080 4237 ulterius
3113 4183 3311 4237 iturum
3341 4192 3395 4239 et

1809 4274 1908 4329 sibi
1953 4275 2020 4327 de
2057 4271 2305 4326 omnibus
2352 4270 2775 4326 satisfacturum.
2840 4269 2954 4326 Rex
3002 4271 3227 4326 rationis
3269 4287 3396 4327 cou-

1809 4366 2142 4436 sequentiam
2167 4365 2474 4429 advertens,
2499 4371 2705 4417 tantum
2737 4363 2910 4416 virmn
2939 4364 3140 4433 absque
3170 4379 3332 4419 causa
3363 4379 3394 4418 a

120 4452 402 4507 celeritate
444 4456 496 4508 in
538 4454 837 4510 Fulconem
867 4456 1058 4523 fertur,
1095 4467 1151 4511 ut
1176 4458 1229 4510 in
1256 4457 1552 4512 certamine
1586 4457 1704 4526 plus
1735 4435 1782 4495 D
1811 4435 2095 4522 selaesum,
2116 4453 2686 4526 suspectumhabebat.
2717 4452 2868 4508 Unde
2892 4462 2948 4507 et
2967 4469 3032 4507 ne
3050 4455 3264 4523 penitus
3284 4471 3313 4508 a
3335 4470 3394 4509 se

119 4554 354 4611 quatuor
401 4547 616 4602 milibus
663 4557 1020 4618 pugnatorum
1070 4565 1176 4606 non
1230 4551 1473 4606 haberet.
1512 4549 1704 4605 Castro

119 4641 298 4688 tamen
345 4637 681 4693 obsidionem
725 4638 960 4703 adhibet,
1007 4641 1398 4710 armiferosque
1450 4639 1700 4710 disponit.

118 4724 434 4784 Castrenses
461 4729 630 4784 multo
651 4739 851 4784 conatu
875 4731 1115 4803 adurget.

187 4817 279 4872 91.
329 4816 581 4874 Fulcom's
617 4819 933 4889 supplicatio
961 4822 1026 4854 ⁶⁷²
1057 4821 1231 4877 Odoni
1267 4836 1358 4890 per
1381 4822 1574 4890 legatos
1608 4819 1696 4872 στ’.

119 4910 377 4968 —Fulco
431 4928 614 4984 regem
666 4921 968 4966 morantem
1020 4930 1125 4969 non
1189 4912 1588 4975 auxiliaturum,
1641 4920 1696 4965 et

120 4996 318 5057 Odonis
362 5006 669 5061 exercitum
723 5002 1111 5062 intolerabilem
1156 5013 1308 5059 ratus
1337 5044 1352 5071 ,
1399 5002 1695 5059 remissiori

1811 4549 2083 4614 deficeret,
2125 4549 2192 4602 ab
2229 4561 2292 4602 eo
2319 4546 2536 4600 obsides
2565 4545 2665 4600 sub
2688 4558 2819 4612 pace
2842 4553 3120 4614 sequestra
3144 4547 3392 4616 accepit;

1809 4644 1875 4699 de
1889 4641 2139 4696 omnibus
2154 4653 2272 4708 qua:
2288 4638 2338 4692 ei
2355 4636 2675 4700 intenderet,
2695 4645 2816 4706 post
2834 4638 3098 4691 rationem
3122 4637 3190 4692 ab
3206 4653 3272 4693 eo
3300 4653 3397 4692 au-

1807 4733 2037 4787 diturus.
2067 4729 2219 4786 Unde
2233 4728 2596 4785 etexercitum
2628 4727 2909 4791 reducens,
2937 4727 3202 4781 Parisium
3234 4729 3395 4783 deve-

1807 4821 1904 4876 nit.
1926 4819 2041 4876 0th
2055 4835 2266 4890 quoque
2282 4816 2414 4871 nihil
2429 4819 2700 4882 amittens,
2719 4815 3022 4888 indempnis
3038 4815 3249 4871 Meldim
3273 4830 3400 4872 eum

1806 4914 1919 4970 suis
1937 4914 2170 4969 devenit.
2189 4913 2319 4969 lude
2333 4911 2495 4966 etiam
2511 4917 2631 4980 post
2652 4911 2763 4965 dies
2786 4925 2892 4964 non
2917 4911 3138 4975 multos;
3156 4920 3402 4964 castrum

1806 5005 1950 5075 quod
1980 5006 2187 5059 Dunum
2217 5002 2366 5078 (150)
2390 5001 2612 5069 dicitur,
2639 5017 2737 5057 sua
2765 5002 3124 5072 diSpositurus
3149 5001 3325 5068 petiit.

1431 5145 1666 5200 VARIAE
1709 5145 2109 5203 LECTIONES.
