4026 6312
563 353 668 410 463
1698 331 1978 389 RlCllERl
2017 330 2077 385 S.
2103 324 2361 383 REMIGII
2389 317 2695 377 MONAClll
2942 402 2946 405 .
3708 318 3796 375 ωδ

632 462 722 518 94.
751 459 934 516 Obitus
957 455 1024 490 ⁸⁷⁸
1057 453 1256 511 Odom's
1282 452 1373 504 ⁸⁷⁸.
1405 447 1556 505 Unde
1604 460 1724 500 cum
1755 445 1819 498 de
1859 443 1971 496 suis
2015 455 2150 511 quos
2184 422 2222 479 Α

2057 455 2150 493 nos
2184 422 2226 479 Α
2259 443 2401 500 rent,
2427 445 2721 499 eorumque
2749 429 2985 484 animum
3023 443 3088 484 ex
3115 424 3220 483 h'oc
3246 427 3347 484 sibi
3376 429 3647 485 referrent.

559 555 664 612 sub
693 567 820 622 pace
847 558 1123 619 sequestra
1151 544 1261 616 regi
1285 542 1646 611 delegaverat,
1677 534 1906 606 plurima
1930 530 2148 586 consul-

2321 521 2410 577 96.
2453 519 2607 586 Quod
2658 517 2726 560 διο
2771 519 2972 587 regibus
3020 517 3316 570 nuntiatum
3345 516 3413 548 ’⁵ο
3443 519 3528 582 sit,
3558 519 3796 590 episcopos

565 606 768 700 talio-ne
803 606 1146 700 deliberaret.
1199 606 1486 690 liumorum
1533 627 1602 659 ⁸⁷⁸
1643 623 2011 694 superfluitate
2055 635 2152 690 pro
2254 612 2554 668 Germania:
2588 609 2660 650 ⁸⁸⁸
2698 611 2753 662 in
2800 607 3057 679 synodum
3107 606 3179 638 ⁸⁸⁸
3226 609 3509 662 convenire.
3540 636 3604 648 -—
3631 608 3797 680 Legati

566 730 826 800 temporis
851 698 1229 783 immutatione
1273 730 1519 780 vexatus,
1551 717 1604 769 in
1636 712 1996 784 egritudinem
2033 723 2153 778 qua:
2257 703 2419 774 igitur
2447 699 2635 755 directi
2680 707 2826 754 sunt.
2875 698 3096 768 Legatio
3125 712 3336 768 quoque
3381 699 3606 767 prolata.
3644 699 3798 766 Quam

567 840 596 878 a
623 787 848 893 phisicis
889 817 1172 888 synantica
1201 813 1400 868 dicitur
1428 808 1651 865 decidit.
1704 805 1834 873 Quae
1860 819 1982 859 cum
2010 803 2153 856 intra
2254 795 2417 849 etiam
2446 806 2600 862 reges
2624 789 2968 846 serenissima
2999 795 3177 841 mente
3215 787 3558 857 excipientes,
3589 803 3730 858 papa:
3757 799 3801 844 et

567 914 704 985 sum
735 911 992 968 interiora
1041 909 1222 963 sedem
1275 905 1491 966 habeat,
1521 915 1587 954 ex
1639 898 1905 954 geumatis
1940 910 2153 950 reuma.
2256 883 2630 953 episcoporum
2655 880 2928 935 mandatis
2958 879 3011 933 in
3036 877 3182 931 nullo
3213 885 3339 931 tunc
3364 876 3614 946 refragati
3650 888 3803 945 sunt;

570 1007 732 1058 tismo
774 1014 1078 1073 progressa,
1135 1008 1314 1052 tamen
1358 996 1644 1065 aliquando
1695 994 1761 1048 ad
1808 989 2056 1045 maxillas
2103 997 2158 1042 et

2256 990 2377 1032 sese
2409 974 2692 1030 consilium
2721 987 2882 1043 super
2926 971 3028 1025 hoc
3061 969 3383 1040 quaesituros
3426 971 3804 1038 respondentes,

569 1112 760 1168 genas,
788 1093 1077 1163 aliquando
1108 1091 1175 1145 ad
1213 1100 1452 1144 toraeem
1480 1096 1534 1142 et
1579 1086 1858 1156 pulmones
1889 1092 2154 1137 tumorem

2259 1078 2420 1138 atque
2447 1068 2755 1137 aequitatem
2777 1065 2844 1119 de
2862 1064 3112 1119 omnibus
3138 1062 3394 1117 facturos.
3415 1061 3624 1132 Legatis
3645 1063 3809 1132 itaque

568 1205 692 1244 cum
723 1187 905 1241 dolore
937 1183 1086 1256 gravi
1115 1182 1376 1236 immittit.
1407 1180 1614 1246 Quibus
1644 1176 1974 1232 tumentibus
1995 1183 2158 1242 atque

2260 1160 2542 1222 abductis,
2595 1173 2692 1228 per
2753 1156 3017 1228 quosdam
3079 1153 3294 1224 regibus
3352 1152 3640 1208 indicatum
3695 1162 3807 1218 est,

571 1278 902 1335 ferventibus
936 1242 1164 1344 Excepta
1187 1273 1323 1326 initii
1352 1273 1458 1335 die,
1482 1278 1600 1341 post
1625 1267 1924 1329 diatritnm,
1951 1264 2161 1335 patien—

2259 1249 2652 1305 Adalberonem
2704 1244 3117 1302 Laudunensem
3170 1243 3496 1313 episcopum,
3550 1243 3660 1297 haec
3703 1242 3809 1298 dolo

572 1381 680 1424 tem
710 1369 951 1439 perimit.
974 1366 1028 1419 lu
1059 1367 1197 1420 hanc
1219 1363 1381 1434 igitur
1415 1361 1530 1417 Odo
1564 1361 1764 1429 lapsus,
1791 1355 2001 1411 infestis
2027 1354 2162 1424 gulae
2260 1340 2574 1403 οτάίηειεεθς
2609 1337 2830 1392 οιηιιίιιο
2851 1336 3012 1389 ﬁliam
3037 1333 3177 1402 δι)υά
3207 1331 3446 1387 Οάοῐιθιη
3470 1330 3594 1385 mild
3624 1331 3808 1400 Ρτίάθιη

574 1459 853 1514 doloribus
919 1456 1338 1523 circumquaque
1389 1451 1706 1520 pulsabatur
1763 1465 1778 1514 ;
1831 1446 2160 1500 arteriarum
2262 1436 2642 1499 Ρθητθοῑίιδδθ·
2691 1425 2889 1480 Eorum
2923 1422 3288 1490 utrumquein
3323 1431 3446 1475 "010
3475 1421 3740 1485 habuisse.
3761 1429 3812 1475 ιιι

574 1561 787 1618 quoque
825 1543 1028 1607 fervor,
1053 1542 1322 1596 sermonis
1364 1539 1768 1594 intercisionem
1814 1533 2160 1606 Operabatur.

2265 1518 2517 1574 Ottonem
2546 1532 2724 1588 regem
2754 1515 2944 1571 Galliis
2978 1513 3319 1579 inducerent,
3360 1520 3415 1566 et
3439 1527 3591 1581 reges
3621 1510 3811 1582 ingenio

573 1639 686 1694 Nec
710 1637 862 1708 petiit
888 1634 1192 1706 huiusmodi
1218 1632 1368 1688 dolor
1413 1631 1604 1701 capitis
1624 1601 1922 1698 superiora,
1951 1635 2006 1679 at
2029 1640 2166 1695 pra.»
2265 1623 2320 1668 ει
2345 1610 2550 1665 Viribus
2580 1609 2724 1665 foras
2748 1615 3137 1678 expungerent-
3166 1605 3458 1674 Ερίεοοροε
3471 1617 3677 1672 quoque
3696 1601 3812 1657 δεῖ·

575 1694 760 1784 cordia
784 1691 1175 1796 pertemptans,
1205 1691 1516 1791 pulmonem
1544 1729 1597 1773 et
1620 1691 1751 1786 epZir
1775 1691 2045 1784 peracuto'
2063 1712 2162 1767 do—
2268 1701 2484 1766 malum.
2507 1700 2627 1756 ideo
2654 1699 3040 1762 convenirem
3061 1694 3239 1750 dolum
3265 1694 3544 1764 quaesitum
3564 1691 3811 1762 expleant.

575 1819 690 1872 lore
717 1781 1047 1872 stimulabat.
1085 1781 1419 1882 Fuit-itaque
1467 1781 1699 1864 militum
1753 1781 1947 1868 luctus,
1989 1805 2163 1858 famu-
2196 1791 2238 1849 Β
2269 1796 2444 1867 Reges
2496 1795 2699 1864 itaque,
2742 1791 2933 1846 fraude
2974 1796 3249 1859 percepta,
3299 1785 3564 1856 episcOpis
3601 1784 3706 1855 jam
3757 1781 3814 1836 ad

575 1907 749 1961 lorum
782 1905 1006 1969 clamor,
1059 1902 1382 1957 feminarum
1431 1900 1683 1968 frequens
1733 1895 2074 1959 exclamatio,
2100 1908 2164 1949 eo
2268 1890 2446 1946 locum
2489 1888 2828 1958 designatum
2876 1883 2944 1916 ⁶⁸¹
2993 1879 3441 1936 convenientibus
3497 1891 3592 1947 per
3634 1875 3814 1944 legatos

577 1997 722 2067 quod
748 1994 1023 2049 dominum
1058 1991 1423 2047 inconsultum
1457 1967 1796 2052 amittebant,
1828 1995 1883 2041 et
1910 1987 2050 2040 natis
2074 1985 2162 2039 do-
2268 1982 2600 2045 indicavere,
2649 1992 2768 2033 sese
2819 1975 2946 2030 illuc
2994 1987 3097 2028 non
3130 1972 3326 2035 ituros,
3359 1985 3424 2024 eo
3451 1967 3590 2039 quod
3616 1981 3814 2023 suorum

579 2085 819 2143 minandi
871 2099 995 2154 spes
1040 2083 1182 2137 nulla
1229 2081 1650 2150 relinqueretur,
1683 2094 1804 2132 eum
1846 2092 2000 2145 reges
2029 2066 2167 2145 patri
2268 2075 2574 2147 praecipuos
2625 2084 2792 2140 penes
2841 2083 2900 2124 se
2949 2081 3057 2122 non
3108 2063 3392 2127 haberent,
3445 2061 3561 2117 sine
3609 2072 3812 2128 quorum

583 2178 758 2232 adhuc
806 2151 988 2229 animo
1035 2174 1174 2227 irato
1215 2180 1543 2244 perstarent,
1574 2179 1629 2225 et
1671 2169 1838 2225 Fulco
1869 2169 2171 2224 insolentia:
2271 2165 2496 2225 consilio
2536 2165 2670 2220 nihil
2715 2162 2980 2234 agendum
3027 2157 3111 2212 vel
3157 2153 3512 2242 omittendum
3541 2151 3814 2205 videbatur.

583 2267 800 2338 spiritu,
833 2281 1020 2335 pacem
1057 2231 1409 2317 multifariam
1463 2260 1725 2316 turbaret.
1781 2259 1848 2314 Et
1887 2268 2062 2314 tamen
2117 2258 2170 2310 in
2271 2260 2554 2329 Indignum
2584 2231 2880 2311 etiamisibi
2908 2249 3103 2313 videri,
3135 2246 3179 2302 si
3211 2231 3535 2301 correctioni
3571 2240 3820 2310 episcopo-

583 2357 736 2412 brevi
772 2357 1036 2419 victurus,
1101 2354 1319 2424 regibus
1378 2353 1584 2423 legatos
1618 2351 1820 2405 celeres
1867 2349 2030 2414 misit,
2080 2348 2173 2418 qui
2274 2368 2394 2407 rum
2449 2348 2756 2406 Germania;
2808 2360 2934 2400 suos
2974 2341 3191 2406 subdat,
3234 2352 3357 2395 cum
3397 2335 3485 2391 isti
3525 2349 3626 2389 non
3669 2332 3824 2386 minus

593 2463 696 2518 pro
725 2462 783 2502 se
822 2446 1094 2516 supplices
1147 2445 1390 2500 suasorie
1433 2451 1707 2512 rogarent,
1754 2451 1807 2496 et
1835 2457 1934 2512 pro
1965 2439 2177 2508 injuriis
2277 2440 2508 2504 nobiles,
2539 2454 2646 2494 non
2675 2437 2852 2490 minus
2866 2440 3302 2504 potentes,aeque
3327 2427 3499 2482 etiam
3521 2432 3611 2479 aut
3628 2419 3824 2490 amplius

587 2534 1223 2606 illatisjustissimam‘"
1250 2533 1805 2605 recompensationem
1829 2533 2174 2602 sponderent.
2279 2532 2554 2601 sapientes
2601 2527 2728 2583 sint.
2768 2525 2871 2594 Ipsi
2931 2537 3060 2593 ergo
3105 2521 3149 2575 si
3204 2517 3482 2588 indigent,
3541 2515 3593 2569 in
3651 2509 3825 2567 Gallias

588 2625 703 2682 Rex
734 2637 1023 2682 veteranus
1052 2627 1314 2681 malorum
1350 2627 1739 2681 correctionem
1772 2626 1839 2679 ab
1867 2623 2058 2696 legatis
2085 2639 2181 2678 ex-
2281 2629 2590 2695 properent,
2624 2619 2767 2674 unde
2812 2613 2998 2671 volunt
3038 2612 3273 2668 edlcanl.
3305 2608 3584 2678 Alioquin,
3611 2603 3822 2666 redeant,

595 2719 776 2789 cipere
806 2719 1007 2782 volens,
1038 2734 1067 2773 a
1111 2719 1218 2773 lilio
1247 2719 1564 2788 indignante
1606 2716 1863 2772 inhibitus
1892 2725 1995 2771 est.
2030 2714 2182 2770 Unde
2280 2723 2334 2770 et
2360 2729 2456 2769 sua
2473 2723 2533 2768 ut
2556 2712 2686 2766 libet
2715 2715 2926 2764 curent.
2959 2705 3162 2761 Horum
3182 2718 3308 2774 ergo
3331 2718 3428 2757 res
3450 2701 3502 2755 in
3529 2697 3826 2755 contrarium

598 2820 656 2865 et
681 2810 980 2880 legatorum
1006 2810 1380 2879 allegationem
1409 2809 1624 2878 penitus
1647 2809 1867 2878 sprevit,
1888 2817 2046 2877 atque
2066 2807 2184 2861 illos
2283 2804 2495 2874 relapsa
2545 2811 2646 2858 est.
2704 2801 2976 2856 Adalbero
3009 2797 3154 2851 enim
3185 2795 3277 2864 qui
3312 2795 3514 2848 horum
3554 2788 3825 2845 ministrum

604 2904 873 2958 immunes
915 2902 1090 2956 redire
1137 2902 1332 2970 coegit.
1385 2900 1591 2966 Quibus
1639 2900 1691 2953 in
1741 2900 1932 2954 itinere
1976 2912 2184 2952 moram
2285 2909 2402 2948 sese
2441 2893 2778 2962 praebuerat,
2824 2904 2947 2944 cum
2997 2884 3282 2942 delationis
3331 2883 3410 2924 ⁸⁸³
3457 2880 3660 2936 nescius
3701 2888 3828 2945 reges

605 2994 907 3062 agentibus.
936 3001 1221 3060 antequam
1249 2991 1520 3044 redissent
1562 2990 1648 3043 die
1689 2999 1882 3057 quarta
1930 2999 2071 3044 nata:
2098 3003 2190 3058 sy-
2287 2990 2561 3045 moneret,
2593 2989 2656 3036 ut
2681 2977 3096 3035 occurrentibus
3122 2973 3432 3038 obveniret,
3461 2986 3552 3027 rex
3579 2977 3829 3023 veteranus

600 3083 836 3138 nautica:
884 3081 1056 3144 facta,-
1080 3080 1195 3136 Odo
1226 3081 1524 3134 monachus
1555 3079 1730 3134 factus
1771 3079 1990 3143 defecit,
2022 3089 2184 3148 atque
2225 3145 2254 3148 _
2286 3075 2555 3130 fraudium
2595 3091 2702 3130 non
2729 3075 2967 3144 ignarus,
3004 3069 3338 3126 Ludovicum
3384 3067 3564 3124 Karoli
3597 3064 3750 3120 ﬁlium
3774 3059 3828 3113 ab

594 3172 676 3228 sic
699 3172 819 3224 vitae
850 3171 1010 3225 finem
1064 3170 1253 3224 habuit
1286 3186 1300 3233 ;
1333 3171 1399 3223 ad
1447 3178 1692 3224 sanctum
1724 3168 2012 3222 Martinnm
2042 3145 2186 3223 dela-
2211 3145 2256 3208 Ο
2288 3180 2354 3221 eo
2396 3164 2648 3235 reposcit,
2680 3179 2838 3233 quem
2883 3163 2935 3217 in
2983 3162 3228 3232 captione
3255 3159 3502 3214 Laudnni
3529 3164 3730 3227 captum
3751 3192 3763 3214 ,
3787 3151 3830 3204 ei

597 3274 707 3330 tus,
735 3273 789 3318 et
818 3264 1011 3317 inloco
1035 3264 1177 3332 quod
1204 3260 1374 3330 Maius
1402 3261 1942 3333 monasterium(l31)
1967 3261 2183 3326 dicitur,
2289 3255 2702 3312 custodiendum
2733 3254 3099 3309 commiserat.
3147 3252 3480 3321 Repoposcit
3519 3249 3674 3304 etiam
3712 3245 3831 3314 ejus5

603 3374 725 3414 cum
757 3357 922 3411 multo
953 3371 1172 3410 suorum
1198 3356 1458 3424 obsequio
1485 3354 1753 3424 sepultus.
2290 3348 2409 3404 (lem
2445 3345 2595 3400 urbis
2617 3360 2818 3407 arcem,
2847 3360 3007 3414 quam
3033 3343 3279 3398 similiter
3308 3340 3674 3396 commiserat.

667 3447 755 3502 95.
796 3446 1068 3500 Johannes
1094 3445 1163 3477 ⁸⁷⁸
1207 3463 1343 3514 papa
1394 3423 1616 3498 Leonem
1649 3445 1719 3479 ⁸⁷⁸
1751 3445 1988 3499 abbatem
2032 3446 2085 3498 in
2115 3444 2184 3479 ⁸⁷⁸

2358 3437 2447 3510 97.
2478 3435 2738 3488 Adalbero
2763 3431 2836 3476 ⁸⁸³
2862 3435 3021 3488 totius
3052 3432 3256 3502 fraudis
3280 3431 3356 3473 ⁸⁸³
3389 3446 3547 3486 causa
3587 3423 3829 3496 reprehen-

598 3533 800 3589 Gallias
849 3534 920 3574 ⁸⁷⁸
965 3533 1119 3586 mittit
1164 3533 1233 3567 ⁸⁷⁸
1267 3543 1322 3586 ut
1360 3531 1428 3564 ⁸⁷⁸
1457 3532 1663 3600 Arnul/i
1693 3532 2077 3586 abdicationem
2112 3530 2185 3564 ⁸⁷⁸

2289 3527 2531 3582 ditari”.
2558 3557 2612 3567 -—
2639 3525 2756 3593 Quo
2783 3524 2985 3579 credita
3004 3523 3229 3578 reddere
3255 3522 3459 3586 reniso,
3480 3517 3607 3589 regii
3635 3514 3832 3584 stipatoo

608 3625 881 3680 dissolvat.
915 3655 985 3664 —-
1014 3623 1118 3678 Per
1159 3624 1300 3677 idem
1332 3632 1541 3693 tempus
1584 3639 1705 3678 cum
1735 3639 1765 3676 a
1796 3624 2187 3678 Germanorum
2290 3635 2378 3675 res
2433 3618 2614 3672 animo
2662 3617 2976 3689 indignante
3031 3612 3374 3669 suhinferunt
3421 3633 3437 3666 -.
3491 3631 3508 3663 ι
3544 3609 3672 3662 Cum
3717 3613 3833 3667 tu,0

597 3716 867 3785 cpiscOpis
908 3715 1106 3769 domno
1147 3712 1377 3768 Johanni
1411 3689 1560 3783 papae
1587 3728 1682 3782 per
1726 3713 1983 3783 epistolas
2012 3729 2184 3784 sche-
2288 3712 2558 3782 epismpe,
2583 3709 2634 3762 in
2682 3707 2977 3778 perniciem
3024 3703 3210 3774 regum
3260 3711 3314 3758 et
3351 3701 3668 3773 principum,
3713 3689 3831 3763 apud

601 3821 832 3861 numero
893 3815 1204 3876 suggestum
1253 3805 1414 3871 foret,
1470 3814 1531 3859 ut
1587 3804 1837 3860 Gerherti
1891 3806 2183 3861 Remorum
2289 3801 2541 3857 Ottonem
2586 3813 2765 3866 regem
2798 3805 2850 3850 et
2875 3795 3116 3851 Odonem
3152 3794 3428 3848 tirannum
3452 3790 3678 3861 plurima
3704 3796 3830 3854 qum-

600 3896 1006 3966 metmpolitani
1070 3897 1465 3966 promotionem
1520 3897 1816 3961 abdicaret,
1870 3905 1924 3951 et
1978 3896 2187 3951 Arnulfi
2289 3892 2469 3955 sieris,
2501 3888 2770 3958 quomodo
2812 3887 2903 3942 hic
2946 3895 3075 3941 ante
3106 3885 3356 3940 dominos
3385 3892 3506 3939 tuos
3549 3891 3696 3949 reges
3739 3881 3832 3927 tam

602 3985 995 4041 abdicationem
1023 3996 1218 4057 prmter
1239 3985 1326 4056 jus
1351 3985 1546 4040 factam
1576 3986 1972 4055 indignaretur,
1997 4001 2024 4038 a
2050 4001 2184 4056 papa
2290 3983 2577 4054 magnifica
2608 3980 2919 4052 confingere
2948 3993 3054 4032 non
3082 3973 3323 4031 vereris?
3356 3972 3498 4041 Quid
3535 3963 3835 4026 Ludovicum

602 4074 658 4129 in
701 4075 1050 4130 Germaniam
1107 4085 1234 4131 tunc
1273 4077 1509 4131 directus
1544 4083 1629 4130 est
1675 4075 1784 4131 Leo
1814 4077 2109 4131 monachus
2136 4086 2192 4133 et
2289 4092 2344 4138 et
2363 4095 2542 4136 arcem
2573 4079 2800 4134 reddere
2827 4073 3043 4139 metuis,
3065 4071 3110 4128 si
3133 4070 3292 4125 fidem
3313 4067 3534 4138 regibus
3554 4072 3603 4118 te
3617 4064 3834 4115 servasse

605 4167 792 4232 abbas,
854 4169 944 4237 qui
988 4169 1198 4224 vicibus
1261 4184 1411 4240 papas
1463 4171 1686 4240 potitus,
1744 4186 1867 4225 cum
1922 4174 2189 4244 episcopis
2290 4190 2396 4229 non
2431 4169 2684 4228 dubitas?
2715 4167 2854 4236 Quid
2898 4181 3028 4237 ergo
3055 4172 3138 4218 est
3169 4160 3376 4215 credita
3420 4155 3562 4213 nolle
3608 4149 3833 4244 reddere.

603 4255 908 4312 Germania:
953 4267 1114 4328 atque
1151 4235 1636 4332 Galliarum-hujus
1671 4265 1869 4334 negotii
1901 4235 2188 4337 et-iuda-gi-
2290 4262 2394 4317 nisi
2442 4268 2630 4316 contra
2686 4235 2840 4328 reges
2892 4235 3127 4309 infausta
3181 4247 3396 4304 moliri?
3445 4235 3838 4301 Evidentissime

606 4364 729 4404 nem
761 4349 982 4418 faceret,
1010 4361 1065 4406 et
1083 4351 1334 4420 juditium
1363 4329 1590 4425 diligens
1621 4329 2052 4426 inde'proferret.
2084 4329 2187 4426 Q'ui
2291 4353 2448 4409 fidem
2476 4349 2758 4421 abrupisti,
2789 4361 2909 4402 cum
2941 4343 3080 4415 apud
3108 4341 3362 4398 Ottonem
3388 4338 3455 4393 de
3487 4346 3669 4404 regum
3694 4329 3840 4382 inter-

605 4439 1000 4496 humanissime
1035 4443 1103 4497 ab
1128 4443 1396 4513 episcopis
1420 4443 1489 4481 “'9
1518 4456 1795 4515 exceptus,
1838 4447 1904 4502 de
1938 4425 2184 4504 habenda
2220 4498 2262 4515 n
2293 4448 2369 4503 itu
2420 4444 2706 4509 tractasti,
2736 4453 3031 4510 eorumque
3065 4437 3326 4491 honorem
3355 4432 3619 4487 subruere
3639 4425 3841 4488 templa-

605 4531 795 4585 sinodo
825 4548 987 4603 super
1008 4534 1110 4588 hoc
1141 4534 1353 4602 negotio
1374 4550 1494 4590 cum
1520 4536 1600 4591 eis
1626 4537 1970 4593 traCtabat.A
1995 4540 2188 4609 quibus
2217 4498 2265 4557 Β
2291 4539 2382 4594 sti.
2432 4537 2584 4592 Unde
2621 4542 2674 4589 et
2721 4498 2958 4603 periurii.
3001 4537 3154 4583 reatu
3199 4524 3479 4580 detineris.
3522 4513 3841 4605 Legationes!

605 4619 882 4675 Gallorum
941 4624 1176 4695 regibus,
1230 4624 1438 4696 Hugoni
1485 4627 1734 4682 videlicet
1790 4596 2025 4700 ejusque.
2077 4631 2186 4688 filio
2289 4631 2451 4686 etiam
2478 4596 2745 4695 tamquam
2774 4596 2841 4677 ah
2865 4622 2944 4677 eis
2971 4619 3192 4674 missam
3223 4614 3407 4671 Otloni
3439 4611 3548 4682 regi
3581 4596 3842 4700 pertulisti,

605 4709 889 4776 Rotberto,
919 4713 1078 4785 legati
1117 4716 1306 4772 directi
1355 4726 1505 4782 sunt,
1535 4720 1626 4788 qui
1665 4735 1818 4790 papa:
1848 4723 2181 4786 mandatum,
2291 4736 2356 4776 ac
2378 4720 2516 4790 apud
2541 4686 2664 4773 enin
2690 4715 2873 4771 dolose
2899 4711 3183 4773 ordinasti,
3205 4717 3262 4762 ut
3290 4707 3409 4777 ipse
3437 4719 3559 4759 cum
3585 4694 3759 4770 paucis
3785 4686 3844 4724 εδδ

606 4816 818 4857 necnon
855 4812 911 4858 et
949 4806 1326 4876 episcoporum
1359 4810 1692 4866 voluntatem
1725 4828 1890 4883 super
1916 4815 2018 4869 hoc
2059 4830 2188 4884 apc-
2291 4810 2610 4873 adveniret,
2668 4815 2724 4861 et
2790 4804 3022 4858 militum
3087 4796 3487 4855 multitudinem
3547 4805 3648 4844 non
3709 4782 3846 4846 longe

608 4893 787 4959 riant,
839 4897 1026 4966 eisque
1070 4910 1130 4954 ut
1175 4915 1297 4954 cum
1353 4903 1464 4956 suis
1522 4905 1790 4973 episcopis
1841 4908 2184 4975 conveniant,
2293 4903 2601 4974 expeditam
2651 4899 2892 4955 haberet.
2922 4894 3161 4964 Regibus
3190 4901 3405 4959 quoque
3439 4881 3636 4939 nostris
3673 4876 3845 4975 advfrfi

701 4986 711 4997 .
939 4955 955 4966 -
1452 4955 1457 4956 ν
1532 4955 1787 4973 κινηνντνν
1847 4955 2184 4975 ννν---ν---ηι
2300 4955 2453 4974 "1”
3005 4955 3033 4964 ν
3208 4955 3226 4959 “
3318 4955 3333 4957 -
3819 4958 3826 4966 ”

610 4989 1004 5043 rationabiliter
1054 4993 1349 5058 suadeant;
1410 4994 1585 5049 locum
1647 4996 1811 5050 etiam
1871 5007 2189 5068 tempusque
2297 4997 2442 5052 sario
2491 5008 2612 5048 cum
2665 4990 2851 5062 paucis
2897 5001 3186 5043 occurrere
3235 4979 3476 5041 suasisti,
3533 4983 3690 5042 atque
3734 4955 3848 5016 nihil

608 5090 718 5146 (ιυο
741 5087 795 5132 et
822 5083 1034 5150 quando
1065 5087 1492 5141 conveniendum
1524 5097 1668 5142 esset
1713 5105 1741 5143 a
1772 5091 1988 5158 regibus
2016 5092 2190 5147 disee-
2299 5088 2427 5144 mali
2467 5101 2532 5142 ex
2563 5087 2665 5141 hoc
2696 5089 3084 5155 proventuram
3128 5071 3484 5149 sp0pondisti.
3535 5066 3684 5122 llanc
3704 5054 3848 5112 etiam

1930 5222 2159 5278 VARle
2202 5223 2601 5282 LECTIONES.

683 5325 754 5362 ⁸⁷⁸
784 5328 1271 5411 U_bi.n01_loqbsciso.
1347 5332 1418 5411 f"
1452 5334 1735 5411 li_omorum
1771 5335 1970 5411 cades;
2031 5337 2100 5373 ⁸⁷⁷
2131 5339 2493 5408 aequissimam
2526 5353 2685 5404 supra
2722 5337 2887 5402 posito
2904 5329 3263 5400 iustissimam
3289 5323 3406 5380 cod.
3485 5318 3554 5402 ‘7'
3578 5314 3848 5411 Jpltannehsc

787 5374 895 5393 --ιη
922 5374 1271 5385 “mnuum.
1771 5374 1952 5389 w.......
2131 5374 2174 5391 ιι
2218 5374 2266 5391 ι.
2304 5374 2326 5391 ο
2526 5374 2685 5390 om...
2739 5374 2883 5391 ,νων
2933 5374 3263 5385 ,,υ,,υ,,,,-,,,,,
3291 5374 3338 5380 ,,
3372 5374 3376 5375 ,

612 5394 778 5478 Leon,
812 5399 1006 5478 iiLGal,
1041 5403 1102 5455 tit
1128 5418 1180 5464 u,
1203 5404 1561 5478 tliCati,_so_lva
1585 5407 1839 5478 abscisas
1903 5406 2042 5478 “fe.
2070 5374 2360 5476 germanam:
2381 5374 2624 5462 deletum'.
2722 5374 2796 5436 [68°
2830 5374 2994 5474 qubd,
3026 5399 3258 5460 nuntiat,
3287 5409 3439 5466 gern,
3468 5374 3850 5478 lsiuodum‘sf?“

1994 5445 2042 5459 ν.
2871 5445 2972 5458 ω.

614 5483 772 5545 “3*?-
848 5467 918 5500 ‘"
973 5486 1318 5545 quelercscs
1371 5445 1781 5544 designavean
1819 5477 1869 5530 ι.
1945 5445 2436 5545 εειρῗοιιῑιῑοιιίςί.
2525 5479 2594 5509 ³⁸³
2618 5445 2905 5544 Αᾱιιιυρῗο,
2947 5445 3172 5538 fraudis,
3202 5445 3396 5537 rc'p‘ieh
3426 5460 3650 5516 abscisa.
3721 5445 3846 5514 “‘9-

617 5536 683 5589 ad
725 5535 900 5592 locum
930 5535 1072 5608 quod
1111 5535 1409 5599 Mosomum
1456 5535 1752 5616 appellatur
1796 5545 1983 5602 deleta.
2041 5535 2058 5545 ’
2702 5569 2718 5602 ι

2145 5658 2376 5720 NOTAE.

691 5761 836 5836 (131)
879 5763 1551 5826 Ιιίεινιῐιοιιιίθι·-Ιρεοτοιπε.
