4026 6312
180 383 262 441 163

1002 378 1478 440 HlSTORlARUM
1517 378 1699 435 LlBRl
1731 377 2086 446 QUATUOR.
2118 405 2188 421 οι-
2225 376 2351 436 LIB.
2394 381 2484 438 1V.

3275 395 3380 453 166

175 495 569 561 collocutionem,
623 494 896 564 utrimque
947 492 1241 551 utillimum
1281 495 1400 553 ﬁeri
1456 495 1698 562 dicebas,
1727 476 1775 535 Α
1806 493 1956 549 tricis
1978 493 2159 550 Mariae
2178 496 2466 551 ordinatim
2499 513 2650 555 more
2669 486 3036 559 ecclesiastico
3061 504 3377 574 consedere,

174 602 272 643 cum
294 586 381 639 hos
403 592 452 638 et
491 582 636 637 illum
678 583 746 639 de
775 584 1154 641 communibus
1192 593 1248 640 et
1288 586 1515 655 privatis
1541 584 1705 638 fami-

174 676 345 731 liariter
376 673 724 729 collocutums
770 673 1083 729 simulabas.
1133 675 1334 731 Verum
1395 675 1553 730 aliter
1605 673 1699 730 tibi

174 767 313 820 visum
341 771 470 827 erat,
510 778 630 818 cum
664 763 766 819 hoc
806 764 931 819 ideo
976 765 1346 835 praetendebas
1404 765 1493 831 ⁸³³,
1540 773 1601 821 ιιι
1632 765 1707 821 ab

173 857 334 914 Ottone
359 871 479 927 rege
507 856 755 911 dominos
780 865 901 911 tuos
927 872 1082 928 reges
1111 858 1497 929 comprehendi
1549 857 1699 913 face-

172 964 257 1013 res,
270 963 581 1018 regnumque
594 946 930 1002 Francorum
946 948 998 1003 in
1008 948 1096 1018 jus
1109 948 1251 1003 illius
1270 948 1698 1014 transfunderes,

174 1048 219 1093 ut
252 1048 297 1092 tu
323 1037 559 1093 videlicet
601 1037 890 1092 Remorum
919 1039 1388 1108 metropolitanus,
1423 1038 1540 1094 Odo
1569 1054 1700 1095 vero

170 1125 457 1182 Francorum
489 1128 594 1181 dux
626 1127 935 1182 haberetur.
960 1128 1125 1198 ldque
1151 1137 1275 1184 tunc
1302 1129 1458 1185 nobis
1478 1129 1700 1186 omnino

170 1221 326 1290 patuit,
345 1220 432 1274 sed
456 1220 521 1275 ad
551 1230 762 1290 tempus
793 1235 1141 1290 suppressum
1170 1220 1291 1276 fuit.
1330 1222 1396 1276 Et
1415 1237 1448 1276 ο
1476 1235 1702 1277 summa?

169 1311 433 1365 Divinitatis
500 1310 908 1366 miserationem
968 1312 1426 1379 iuestimabilem,
1481 1312 1701 1382 quantis

169 1398 360 1453 miseriis
395 1400 590 1470 erepti,
621 1409 825 1468 quanto
848 1399 1113 1459 ‘ludibrio
1159 1401 1423 1457 subtracti
1469 1403 1695 1457 sumus!

167 1487 303 1543 Instat
327 1498 527 1559 tempus
556 1505 664 1559 quo
692 1497 896 1560 parata:
940 1489 1151 1545 insidiae
1183 1489 1434 1546 effectum
1462 1491 1692 1562 promit-

168 1586 274 1631 tant.
299 1578 539 1650 Episcopi
566 1581 767 1635 etenim
793 1582 893 1635 sub
927 1582 1107 1650 specie
1151 1573 1432 1654 religionis
1459 1599 1524 1639 ac
1550 1584 1595 1639 si
1627 1585 1694 1640 de

166 1670 456 1738 promotione
469 1679 525 1725 et
538 1669 878 1726 abdicatione
895 1669 1143 1727 Gerberti
1163 1682 1325 1743 atque
1348 1672 1558 1728 Arnultl
1585 1674 1700 1744 epi-

166 1773 404 1827 scoporum
416 1761 720 1830 quaesituri,
734 1761 1027 1831 praemissis
1042 1763 1229 1835 legatis
1248 1764 1558 1820 adveniunt.
1574 1764 1701 1821 Otto

1804 583 2008 639 scilicet
2036 584 2272 655 Sugcrus
2310 585 2885 659 Mimagadvurdensis,
2915 593 3209 651 Leodulfus
3241 596 3378 654 Tre-

1804 673 2062 737 verensis,
2090 674 2365 731 Nocherus
2386 676 2756 747 Lcodicensis,
2783 691 2839 737 et
2855 683 3044 741 Haimo
3070 684 3378 743 Virdunen-

1803 764 1897 820 sis.
1948 764 2152 820 llorum
2218 768 2429 822 medius
2485 770 2652 827 abbas
2705 772 2813 829 Leo
2843 777 3068 843 resedit,
3123 778 3379 850 vicesque

1801 855 1984 909 domni
2020 870 2170 926 papae
2198 858 2450 913 obtinuit.
2480 860 2680 918 Contra
2705 880 2840 934 quos
2869 867 3032 922 etiam
3081 867 3379 927 Gerbertus

1803 944 2097 1001 Remorum
2139 949 2604 1019 metropolitanus,
2636 956 2727 1025 qui
2780 957 2927 1013 solus
2964 973 3032 1013 ex
3081 958 3378 1017 Galliarum

1801 1038 2070 1109 episcopis
2113 1041 2329 1109 regibus
2373 1043 2537 1099 etiam
2572 1046 3018 1105 interdicentibus
3060 1052 3376 1121 advenerat,

1800 1142 1899 1197 pro
1928 1143 1987 1183 se
2015 1144 2379 1200 responsurus
2408 1147 2474 1186 ex
2499 1135 2725 1191 adverso
2756 1139 2977 1193 resedit.
2996 1139 3377 1196 Consederunt

1801 1230 2015 1287 quoque
2074 1219 2409 1275 diversorum
2468 1222 2707 1279 locorum
2768 1225 3012 1295 abbates,
3070 1243 3135 1285 ac
3192 1229 3380 1286 clerici

1803 1309 2065 1364 nonnulli.
2089 1310 2238 1367 Laici
2267 1312 2428 1367 etiam
2453 1312 2777 1372 Godefridus
2798 1333 2985 1375 comes
3011 1335 3133 1375 cum
3165 1321 3379 1378 duobus

1802 1400 1927 1459 filiis
1942 1403 2073 1468 suis,
2099 1413 2261 1475 atque
2284 1405 2600 1478 Ragenerixs
2621 1408 2969 1465 Remensium
2986 1411 3374 1470 vicedomiuus.

1874 1494 1995 1550 100.
2030 1494 2348 1551 Prwloculio
2379 1498 2448 1539 ⁸⁸⁷
2478 1500 2755 1557 Haimonis
2792 1501 3134 1557 Virdunensis
3162 1503 3230 1535 ⁸⁸⁷
3264 1507 3376 1574 epi-

1800 1586 1943 1654 εεορὶ
1973 1586 2037 1640 de
2052 1602 2213 1641 causa
2241 1586 2311 1621 ⁸⁸⁷
2332 1589 2507 1644 sinodi
2528 1588 2619 1644 ⁸⁸⁷.
2634 1622 2706 1631 —
2727 1591 2932 1659 Quibus
2953 1593 3379 1664 circumquaque

1803 1674 2112 1741 silentibus,
2137 1676 2425 1748 episcopus
2452 1679 2816 1737 Virdunensis
2844 1697 2911 1737 eo
2951 1684 3098 1752 quod
3137 1683 3379 1755 linguam

1800 1765 2065 1821 Gallicam
2092 1775 2274 1833 norat,
2306 1783 2527 1824 causam
2555 1769 2732 1826 sinodi
2762 1771 3073 1842 prolaturus
3100 1776 3376 1831 surrexit:

166 1862 336 1917 quoque
352 1864 441 1904 rex
460 1848 611 1905 Metti
633 1850 817 1917 adest;
836 1866 988 1921 aquo
1010 1867 1114 1907 non
1131 1852 1288 1925 longe
1302 1854 1574 1909 exercitus
1593 1853 1702 1909 col-
1731 1844 1778 1904 Β
1811 1878 1828 1910 ι
1859 1857 2125 1925 Quoniam
2180 1860 2432 1931 inquiens
2477 1862 2545 1917 ad
2595 1877 2756 1919 aures
2796 1863 2979 1919 domui
3017 1879 3168 1935 papa:
3196 1867 3380 1936 saepis-

165 1936 300 1993 leclus
311 1938 652 2008 praedicatur.
672 1940 727 1995 Si
747 1955 876 2013 ergo
904 1942 1065 2009 imus,
1096 1952 1189 1998 aut
1209 1943 1592 2015 pugnabimus,
1610 1954 1704 2001 aut

166 2030 418 2101 capiamur.
464 2031 524 2088 Si
553 2048 686 2088 vero
703 2048 808 2088 non
837 2034 995 2101 imus,
1017 2035 1239 2106 perjurii
1261 2051 1572 2107 arguemur.
1594 2034 1701 2091 Sed

164 2120 225 2175 ire
235 2137 367 2195 reges
381 2141 483 2182 non
506 2128 749 2198 expedit,
775 2140 840 2183 eo
858 2129 1000 2198 quod
1019 2129 1247 2183 militum
1262 2128 1415 2199 copia
1432 2128 1701 2184 sufﬁciens

163 2213 223 2268 eis
243 2230 334 2271 non
368 2218 454 2272 sit.
499 2218 735 2290 Perjurii
765 2233 895 2275 vero
932 2228 1115 2276 reatus
1156 2221 1213 2277 in
1260 2229 1310 2277 te
1351 2220 1698 2288 redundabit,

160 2318 256 2359 cum
280 2316 327 2361 tu
353 2308 492 2365 solus
518 2310 741 2383 regibus
775 2311 976 2367 nesciis
995 2311 1208 2383 juratus
1235 2312 1330 2367 sis.
1367 2329 1386 2364 ι

212 2397 285 2453 98.
330 2399 407 2455 Ad
480 2402 603 2458 haec
663 2403 950 2474 episcopus
1004 2404 1350 2470 erubescens,
1408 2403 1696 2459 obmutuit.

163 2484 294 2552 Quem
317 2505 430 2545 cum
458 2507 604 2547 unus
628 2508 849 2548 suorum
877 2494 964 2549 his
985 2495 1302 2550 exterritum
1332 2494 1486 2559 vidit,
1510 2503 1697 2549 contra

162 2575 250 2632 hac
300 2593 661 2651 responsurus
726 2583 994 2645 surrexit.
1056 2591 1113 2639 et
1183 2583 1264 2638 sic
1326 2582 1697 2639 oblocutorem

162 2674 346 2733 adorsus
371 2687 492 2733 est:
529 2698 553 2732 ι
610 2677 814 2734 llorum
862 2679 1106 2734 omnium
1156 2678 1400 2749 objector
1456 2678 1587 2733 mihi
1620 2677 1698 2733 lo-

162 2775 333 2831 quatur.
371 2769 583 2824 Adsum
617 2769 708 2838 qui
744 2783 846 2840 pro
884 2769 1172 2823 criminato
1201 2769 1468 2824 rationem
1506 2767 1693 2824 reddo.

163 2854 277 2911 Unus
320 2867 522 2914 tantum
578 2861 693 2916 haec
746 2858 1007 2931 proferat.
1055 2859 1231 2930 Caput
1275 2875 1490 2930 quoque
1538 2873 1695 2914 suum

161 2959 252 2999 meo
268 2946 491 3016 objiciat.
526 2948 696 3004 Arma
721 2963 935 3020 quoque
967 2950 1133 3005 armis
1153 2959 1449 3021 comparet.
1478 2949 1695 3005 Necnon

158 3039 339 3094 ctrires
367 3041 581 3096 viribus
639 3039 903 3096 conferat.
937 3059 955 3093 ι
992 3039 1147 3096 Ilunc
1186 3055 1285 3110 pro
1332 3040 1549 3095 domino
1597 3054 1696 3096 suo

159 3125 467 3186 insanientem
498 3141 561 3187 et
598 3129 889 3197 fervidum,
916 3130 1219 3186 Landricus
1245 3146 1430 3186 comes
1454 3131 1532 3186 sic
1560 3130 1694 3187 allo-

158 3220 337 3286 quitur:
366 3243 383 3275 ι
419 3223 463 3280 Ο
489 3224 703 3294 optime
727 3192 905 3287 miles,
932 3222 1125 3276 harum
1149 3230 1210 3277 ut
1236 3223 1392 3277 video
1418 3220 1688 3276 fraudium
1719 3192 1765 3255 Ο

158 3312 327 3377 penitus
353 3326 410 3369 es
436 3315 685 3386 ignarus.
719 3312 851 3380 Quae
890 3312 1017 3367 licet
1062 3320 1115 3367 te
1159 3313 1463 3383 ignorante,
1510 3321 1693 3367 tamen

158 3409 201 3452 ut
227 3403 576 3470 pradicantur
599 3402 837 3472 quaesitae
861 3410 1007 3457 sunt.
1043 3400 1197 3458 Unde
1222 3410 1278 3457 et
1313 3410 1552 3473 tempera
1571 3401 1691 3457 ani.

158 3506 287 3559 mum,
326 3495 513 3567 mitiga
546 3495 834 3552 fervorem.
865 3493 1003 3550 Belli
1044 3495 1423 3554 necessitatem
1451 3509 1557 3550 non
1597 3495 1693 3551 tibi

155 3580 373 3655 imponas.
422 3587 549 3642 Non
590 3596 644 3642 te
674 3585 943 3658 impellas,
991 3586 1135 3641 unde
1184 3586 1470 3657 ingressus
1513 3585 1694 3640 redire

153 3689 236 3730 non
259 3678 465 3747 poteris.
496 3676 611 3734 Sed
640 3692 783 3734 nunc
823 3691 945 3734 meo
986 3691 1117 3735 usus
1143 3676 1387 3740 consilio,
1414 3675 1693 3746 paululum

153 3766 250 3825 hinc
274 3773 471 3836 secede,
506 3771 898 3843 dominumque
929 3779 1080 3826 tuum
1110 3771 1175 3826 de
1201 3770 1287 3826 his
1312 3785 1379 3824 an
1405 3783 1535 3824 vera
1562 3768 1692 3837 sint,

152 3858 401 3936 interroga.
438 3864 505 3921 Si
545 3873 599 3919 te
641 3863 711 3920 ad
762 3879 999 3935 pugnam
1033 3864 1307 3928 hortatur,
1335 3862 1690 3934 congredere.

153 3949 197 4006 Si
234 3953 348 4011 dicit
380 3954 728 4021 cessandum,
776 3954 947 4011 furori
987 3969 1172 4024 parce.
1203 3972 1222 4007 ι
1259 3952 1499 4009 Seecssit
1538 3966 1689 4024 ergo,

151 4041 492 4118 dominumque
513 4055 767 4103 vocatum
794 4060 862 4101 an
885 4045 964 4101 sic
984 4059 1072 4101 res
1092 4046 1357 4100 habeatur
1373 4045 1689 4115 interrogat.

152 4129 404 4206 Episcopus
444 4144 636 4208 utpote
679 4152 712 4191 a
745 4136 965 4193 conscio
990 4136 1289 4203 convictus,
1321 4150 1434 4191 rem
1461 4137 1531 4191 ita
1572 4149 1693 4192 esse

148 4227 368 4289 querenti
410 4226 700 4284 confessus
741 4235 843 4281 est.
873 4224 1026 4282 Unde
1067 4233 1122 4282 et
1166 4240 1402 4297 pugnam
1434 4225 1687 4281 inhibuit.

151 4313 312 4373 Sedato
337 4318 527 4391 itaque
556 4327 705 4374 tanto
728 4317 938 4374 fervore
963 4317 1169 4384 militis,
1191 4332 1278 4373 res
1299 4317 1518 4388 penitus
1544 4316 1694 4371 inno-

149 4409 241 4463 tuit.
282 4411 540 4469 Detentus
585 4427 716 4484 ergo
762 4426 948 4483 regum
992 4409 1169 4480 jussu,
1216 4417 1404 4480 utpote
1447 4408 1694 4465 desertor

1801 1951 1937 2007 sime
1963 1951 2228 2023 perlatum
2253 1961 2354 2018 est,
2381 1953 2673 2009 Remorum
2697 1955 3039 2026 metropolim
3068 1972 3375 2027 pervasam,

1800 2049 1855 2096 et
1880 2052 2075 2112 praeter
2096 2039 2186 2109 jus
2214 2050 2267 2097 et
2294 2057 2506 2113 aequum
2538 2045 2754 2115 proprio
2780 2055 3000 2118 pastore
3032 2045 3375 2114 frustratam,

1801 2147 1909 2187 non
1953 2132 2120 2188 semel
2150 2141 2205 2187 et
2239 2132 2324 2189 his
2357 2133 2553 2190 litteris
2600 2137 2887 2207 suggessit,
2926 2137 3180 2207 quatinus
3223 2138 3378 2194 nobis

1799 2223 1853 2278 in
1884 2240 2047 2278 unum
2078 2224 2337 2290 colleCtis,
2373 2234 2581 2281 tantum
2612 2226 2822 2282 facinus
2840 2228 2986 2299 justa
3018 2228 3171 2283 lance
3186 2229 3379 2283 utrim-

1796 2330 1905 2386 que
1952 2331 2326 2387 pensaremus,
2359 2326 2413 2372 et
2444 2332 2540 2373 sua
2585 2320 2910 2375 auctoritate
2940 2335 3037 2391 per
3065 2334 3166 2375 nos
3196 2335 3379 2377 corre-

1798 2417 1945 2464 ctum
1973 2409 2039 2463 ad
2068 2425 2315 2464 normam
2346 2412 2747 2467 reduceremus.
2784 2410 2892 2467 Sed
2916 2412 3169 2482 quoniam
3206 2413 3379 2483 impe-

1797 2498 1981 2556 diente
2012 2515 2194 2556 rerum
2227 2501 2545 2557 diversitate
2577 2503 2628 2558 id
2659 2502 2841 2559 facere
2872 2503 3198 2567 distulimus,
3231 2519 3376 2561 nunc

1796 2598 1919 2659 post
1978 2597 2057 2644 tot
2122 2592 2542 2648 ammouitiones
2603 2593 2859 2648 domuum
2921 2593 3065 2647 hunc
3123 2592 3375 2647 abbatem

1794 2676 2032 2733 Leonem
2058 2687 2113 2734 et
2140 2681 2465 2735 monachum
2496 2682 2711 2738 mittere
2738 2682 2928 2750 voluit,
2954 2683 3047 2752 qui
3077 2683 3224 2738 vices
3250 2698 3378 2739 suas

1797 2776 1995 2832 teneat,
2028 2778 2085 2824 et
2123 2784 2238 2824 rem
2262 2779 2617 2825 memoratam
2650 2772 2803 2828 nobis
2830 2774 3230 2829 obmdientibus
3260 2775 3374 2829 dis-

1795 2856 1992 2911 cuciat.
2033 2856 2139 2911 Per
2191 2872 2350 2927 quem
2390 2859 2554 2913 etiam
2597 2859 2859 2929 scriptum
2911 2875 3022 2916 sua:
3081 2861 3376 2917 voluntatis

1795 2946 2072 3018 allegavit,
2101 2950 2161 3003 ut
2195 2948 2239 3003 si
2267 2948 2396 3018 quid
2430 2948 2632 3005 oblivio
2656 2950 2961 3021 derogaret,
3000 2951 3207 3021 scripto
3229 2965 3378 3006 com-

1796 3040 2112 3095 mendatum
2163 3041 2480 3096 haberetur.
2547 3041 2701 3108 Quod
2760 3052 2815 3097 et
2884 3030 3376 3113 impraesentiarum

1797 3131 1987 3186 audire
2015 3131 2147 3187 utile
2166 3139 2269 3187 est.
2306 3151 2324 3185 ι
2360 3132 2426 3188 Ει
2447 3134 2633 3188 statim
2660 3134 2885 3203 protulit
2905 3137 3190 3206 scriptum,
3216 3145 3378 3205 atque

1796 3224 1851 3279 in
1881 3240 2043 3281 aures
2072 3225 2470 3282 eonsidentium
2501 3228 2769 3290 recitavit,
2791 3227 2934 3296 quod
2966 3228 3090 3297 quia
3120 3226 3375 3281 brevitati

1794 3316 2100 3382 studemus,
2124 3325 2180 3373 et
2209 3317 2365 3374 nobis
2390 3318 2568 3374 minus
2596 3317 2697 3372 fuit
2716 3319 3147 3385 accommodum,
3178 3317 3378 3374 nostris
3440 3306 3447 3317 ’

1798 3408 2019 3480 scriptis
2045 3408 2285 3464 inserere
2305 3409 2618 3464 vitavimus.

1866 3500 1991 3555 101.
2018 3496 2202 3554 Oratio
2222 3497 2457 3555 Gcrberli
2481 3500 2552 3540 ⁸⁸⁸
2578 3517 2673 3571 pro
2701 3517 2756 3555 se
2777 3501 2831 3555 in
2852 3500 3070 3556 consilio
3095 3499 3164 3532 ⁸⁸⁸
3190 3501 3380 3554 recita-

1798 3599 1876 3645 ta.
1905 3621 1975 3633 —-
2022 3590 2149 3645 Post
2179 3592 2333 3663 cujus
2362 3592 2768 3660 recitationem,
2800 3592 3093 3649 Gerbertus
3119 3592 3373 3657 surrexit,

1797 3690 1963 3751 atque
1997 3681 2304 3737 orationem
2346 3697 2444 3752 pro
2490 3697 2548 3737 se
2594 3683 2850 3753 scriptam
2901 3684 2954 3738 in
2984 3682 3213 3738 concilio
3251 3698 3377 3738 mox

1793 3772 2065 3828 recitavit.
2096 3771 2352 3841 Satisque
2400 3774 2542 3842 apud
2592 3773 2712 3829 illos
2741 3772 3046 3827 luculenter
3074 3771 3372 3842 peroravit.

1794 3862 1901 3918 Sed
1929 3863 2068 3919 hanc
2107 3862 2302 3917 addere
2328 3861 2419 3916 hic
2446 3861 2668 3931 placuit,
2698 3862 2843 3932 quod
2882 3862 3040 3932 plena
3071 3861 3375 3916 rationibus

1791 3950 2079 4025 plurimam
2116 3951 2307 4008 lectori
2344 3951 2633 4008 utilitatem
2671 3959 2971 4022 comparat.
2998 3949 3163 4019 Cujus
3195 3958 3377 4006 textus

1793 4042 2101 4113 huiusmodi
2129 4052 2214 4101 est
2235 4044 2307 4081 ⁸⁸³
2336 4060 2351 4098 :

1863 4136 1987 4190 102.
2026 4134 2342 4190 Exordium.
2363 4158 2434 4174 --
2462 4149 2482 4185 ι
2524 4131 2751 4204 Semper
2773 4130 3014 4203 quidem,
3042 4131 3374 4189 reverentis-

1791 4227 1917 4283 simi
1943 4227 2335 4298 patres,hanc
2383 4226 2526 4282 diem
2556 4240 2666 4296 prce
2697 4224 2870 4281 oculis
2918 4224 3116 4292 habui,
3168 4240 3263 4296 spe
3311 4239 3378 4281 ac

1789 4325 1917 4372 voto
1964 4318 2032 4371 ad
2061 4331 2182 4371 eam
2216 4315 2422 4371 intendi
2447 4355 2461 4379 ,
2498 4328 2565 4370 ex
2594 4329 2702 4384 quo
2737 4328 2768 4368 a
2797 4312 3058 4369 fratribus
3100 4313 3237 4369 meis
3281 4313 3377 4369 ad.

1791 4408 2031 4464 monitus
2050 4447 2066 4473 ,
2095 4422 2235 4462 onus
2280 4407 2383 4461 hoc
2411 4406 2704 4461 sacerdotii
2735 4420 2840 4460 non
2871 4405 2986 4460 sine
3010 4403 3251 4475 periculo
3279 4420 3377 4461 ca-

148 4504 421 4560 custodibus
461 4505 648 4561 datur.
674 4504 843 4575 Cujus
878 4502 1078 4560 milites
1104 4517 1228 4558 mox
1262 4502 1478 4574 regibus
1499 4516 1688 4558 sacra-
1716 4546 1768 4606 D
1794 4500 1921 4571 pitis
1951 4497 2055 4554 mei
2085 4496 2246 4553 subii.
2275 4493 2433 4550 Tanti
2458 4494 2744 4599 erat-apud
2769 4509 2857 4549 me
2884 4492 3164 4564 pereuntis
3187 4492 3371 4606 populi

147 4600 293 4649 mento
311 4595 514 4667 alligati
537 4603 682 4650 sunt.

197 4681 273 4737 99.
300 4684 547 4757 Synodus
586 4700 704 4751 qua:
739 4701 833 4756 pro
860 4684 1087 4757 Amulio
1125 4684 1351 4739 Μουσηιὶ
1387 4682 1566 4739 habita
1590 4692 1687 4739 est.

143 4763 337 4822 -Dum
362 4770 483 4825 haec
526 4776 820 4839 agerentur
848 4766 939 4833 ⁸⁸⁸,
964 4781 1087 4822 eum
1121 4766 1419 4822 Galliarum
1450 4763 1688 4835 episcopi

144 4857 198 4911 ab
220 4860 418 4930 regibus
444 4862 703 4933 prohibiti
727 4871 927 4930 essent,
953 4870 1014 4916 ut
1042 4862 1108 4917 ad
1136 4862 1384 4917 sinodum
1428 4867 1684 4916 statutam

146 4962 228 5005 non
261 4954 550 5021 venissent,
603 4954 836 5024 episcopi
878 4964 1057 5008 tamen
1104 4951 1409 5009 Germaniae
1459 4966 1529 5005 ne
1584 4950 1690 5005 doli

147 5051 469 5110 arguerentur
497 5045 541 5101 si
572 5061 676 5107 non
704 5045 1041 5110 accederent,
1064 5051 1268 5099 statuto
1307 5051 1550 5111 tempore
1580 5040 1691 5096 Mo-

147 5143 321 5190 sotnum
371 5138 720 5203 conveniunt,
776 5137 959 5192 domui
1010 5151 1162 5207 papae
1215 5135 1450 5207 legatum
1502 5148 1685 5189 secum

148 5217 394 5284 habentes.
435 5227 658 5285 Collecti
694 5242 822 5301 ergo
846 5228 901 5283 in
931 5228 1153 5284 basilica
1186 5237 1385 5282 sancta?
1417 5225 1512 5280 Dei
1535 5225 1689 5296 geni-

1795 4592 1977 4658 salus,
2023 4589 2158 4645 tanti
2187 4596 2369 4644 vestra
2399 4587 2724 4652 auctoritas,
2760 4599 2866 4656 qua
2909 4599 2996 4641 me
3036 4592 3212 4655 tutum
3261 4585 3379 4641 fore

1794 4681 2197 4740 existimabam.
2223 4678 2575 4735 Recordabar
2623 4678 3027 4748 praeteritorum
3084 4676 3377 4732 beneficio-

1796 4788 1940 4839 rum,
1969 4770 2141 4827 dulcis
2172 4777 2335 4840 atque
2367 4766 2600 4823 affabilis
2622 4765 3003 4822 benivolentia:
3034 4775 3247 4832 vestras,
3268 4781 3375 4836 qua

1795 4876 2167 4936 saepenumero
2194 4876 2316 4916 cum
2348 4859 2518 4915 multa
2543 4857 2700 4913 laude
2726 4857 3083 4927 prestantium
3105 4872 3236 4912 usus
3262 4856 3375 4913 fue-

1793 4971 1932 5011 ram.
1964 4953 2097 5010 Cum
2124 4966 2251 5008 ecce
2295 4948 2589 5007 subitus‘”
2621 4962 2808 5003 rumor
2846 4963 2943 5003 vos
2970 4944 3205 5003 oll‘ensos
3236 4946 3372 5002 insi~

1792 5053 1923 5100 nuat
1946 5085 1962 5111 ,
1990 5044 2231 5113 vitioque
2273 5042 2406 5096 dare
2433 5040 2674 5105 laborat,
2705 5038 2848 5108 quod
2892 5050 3085 5108 magna
3123 5044 3372 5106 paratum

1790 5135 1992 5191 virtute
2041 5134 2184 5188 inter
2229 5130 2363 5187 alios
2411 5130 2715 5186 constabat.
2774 5126 3004 5190 llorrui,
3061 5126 3264 5188 fateor;
3320 5134 3375 5180 et

1790 5244 1928 5301 quos
1970 5236 2095 5282 ante
2140 5225 2496 5281 formidabam
2546 5222 2787 5295 gladios,
2838 5235 2949 5292 prae
2999 5218 3372 5290 indignatione

1388 5431 1622 5491 VABltE
1648 5430 2054 5491 LECTIONES.

291 5630 653 5707 pratendebas
689 5651 736 5689 c.
812 5633 882 5668 ⁸⁸⁸
908 5648 1006 5705 age
1038 5634 1320 5690 abscisum.
1395 5636 1464 5669 ⁸⁸⁷
1495 5634 1592 5698 ιίο,
1622 5632 1712 5697 du,
1735 5646 1785 5694 e,
1812 5630 1863 5686 di
1893 5628 2128 5707 abscisa:
2191 5628 2261 5707 “fl
2290 5625 2556 5707 Gerberti,
2593 5624 2644 5679 io
2672 5616 3265 5707 abscist‘r’ru‘s'i’hj'oliu'm
3284 5634 3373 5707 ίιςτ

152 5686 315 5775 ξψηῆ
345 5699 434 5775 fui
471 5686 646 5775 oratio
670 5686 1091 5774 inlacriptaizrat,
1110 5686 1389 5775 p'ééiilfai
1430 5686 1602 5775 ante};
1630 5686 1846 5775 eamea:
1880 5701 2055 5754 codice
2095 5694 2435 5775 gugduneitsi
2457 5697 2592 5775 inter
2617 5692 2793 5775 .coddl.
2850 5686 3130 5745 Vossianus
3161 5686 3237 5743 Ν.
3281 5686 3371 5743 εις

154 5755 226 5810 ³δὶ
256 5755 408 5822 multo
449 5755 797 5842 emendation,
815 5755 1137 5846 ’q’aimi'apiui
1152 5755 1555 5833 ἒὲὲὲιήἧὲιιόὲξὶ
1570 5755 1836 5845 legebatur
1856 5779 2019 5827 extat.
2096 5755 2373 5826 6"’vsubito
2394 5764 2700 5823 contrarius
2723 5762 2806 5817 ed.
