3910 5336
496 349 601 405 ίϐἵ

1603 335 1884 392 RlCllElti
1924 334 1983 389 s.
2001 296 2006 302 ’
2026 323 2281 386 nemo"
2313 328 2620 385 mensem

3653 329 3752 386 168

491 471 670 520 vestra
693 459 1006 533 posthabui.
1028 456 1182 513 Nunc
1201 457 1326 528 quia
1344 453 1574 524 prOpitia
1601 449 1862 505 Divinitas
1886 460 2070 502 coram
2099 426 2148 484 Α
2173 443 2457 514 praesentia
2495 442 2732 498 fidelium
2763 443 2980 497 testium
3005 441 3270 496 seniorem
3297 457 3474 496 meum
3500 443 3752 508 conveni,

496 553 756 618 contulit,
803 551 1001 622 quibus
1035 549 1264 604 salutem
1312 559 1494 600 meam.
1535 557 1749 611 semper
1796 538 2075 602 commisi,

497 661 666 716 pauca
693 659 854 715 super
883 642 1250 698 innocentiam
1275 653 1446 692 meam
1475 634 1728 699 referam,
1758 643 1810 688 et
1838 647 2077 702 quonam

497 736 724 791 consilio
754 733 871 788 urbi
899 732 1191 787 Remorum
1221 727 1476 799 prmlatus
1499 726 1598 780 sim
1622 725 1939 780 edisseram.
1965 723 2078 792 Ego

500 825 699 895 quippe
726 833 847 894 post
875 823 1077 878 obitum
1107 821 1215 875 divi
1258 819 1509 876 Otthonis
1535 819 1787 889 augusti,
1813 833 1936 872 cum
1963 826 2078 872 sta-

497 918 722 970 tuissem
764 931 869 970 non
901 915 1177 969 discedere
1218 929 1249 967 a
1294 911 1542 968 clientela
1577 911 1747 980 patris
1788 909 1893 964 mei
1937 905 2080 963 beati

498 1004 888 1068 Adalberonis,
939 1003 1006 1056 ab
1053 1002 1240 1056 eodem
1274 1001 1564 1071 ignorans,
1601 999 1666 1053 ad
1718 999 2081 1054 sacerdotium

499 1093 819 1164 przeelectus
840 1108 988 1158 sum;
1020 1101 1181 1161 atque
1205 1092 1256 1145 in
1282 1091 1398 1160 ejus
1421 1090 1661 1144 discessu
1681 1088 1749 1143 ad
1774 1088 2079 1152 Dominum,

502 1199 684 1240 coram
713 1183 1009 1237 illustribus
1046 1183 1179 1236 viris
1211 1180 1422 1234 futurus
1451 1178 1694 1234 ecclesiae
1733 1186 1921 1246 pastor
1946 1177 2085 1232 de'si-

498 1287 714 1346 gnatus.
765 1274 871 1328 Sed
914 1272 1223 1327 Simoniaca
1268 1271 1524 1335 haeresis,
1561 1269 1616 1323 in
1645 1268 1790 1322 Petri
1817 1267 2086 1324 soliditate

502 1382 590 1421 me
614 1375 847 1422 stantem
880 1365 1183 1430 inveniens,
1222 1363 1474 1434 reppulit,
1506 1361 1792 1416 Arnulfum
1830 1360 2083 1430 praetulit.

501 1459 600 1515 Cui
632 1467 806 1512 tamen
838 1457 956 1526 plus
981 1472 1142 1526 quam
1187 1456 1526 1526 oportuerit,
1560 1454 1727 1508 ﬁdum
1764 1454 2084 1523 obsequium

501 1547 706 1618 praebui
727 1588 741 1610 ,
775 1547 946 1601 donec
970 1560 1091 1599 eum
1121 1560 1217 1616 per
1238 1545 1435 1600 multos
1458 1552 1512 1598 et
1540 1559 1636 1614 per
1657 1559 1749 1598 me
1779 1552 2086 1612 apostatare

503 1637 683 1708 palam
718 1637 1042 1707 intelligens,
1066 1637 1190 1690 dato
1223 1636 1428 1706 repudii
1447 1634 1653 1701 libello,
1682 1650 1806 1690 cum
1834 1635 2086 1689 omnibus

505 1728 617 1784 suis
650 1727 964 1796 apostaticis
1013 1727 1308 1796 dereliqui;
1362 1741 1466 1780 non
1515 1741 1644 1796 spe,
1688 1740 1789 1780 nec
1834 1725 2085 1796 pactione

504 1816 822 1886 capessendi
855 1816 972 1885 ejus
1002 1817 1222 1871 honoris
1243 1856 1258 1881 ,
1299 1824 1353 1872 ut
1401 1816 1506 1870 mei
1535 1815 1711 1870 remuli
1744 1816 1960 1880 dicunt,
1992 1817 2085 1871 sed

505 1907 866 1962 monstruosis
893 1908 1146 1977 operibus
1175 1907 1397 1962 territus
1411 1907 1502 1972 ⁸⁹¹,
1549 1906 1603 1960 in
1649 1906 1822 1978 efﬁgie
1853 1907 2086 1964 hominis

506 1997 783 2052 latitantis.
815 1996 931 2053 Non
977 1999 1194 2068 inquam
1222 1999 1344 2053 idco
1389 1998 1540 2052 illum
1576 1999 1869 2069 dereliqui,
1901 2000 1994 2055 sed
2021 2015 2089 2056 ne

507 2089 636 2144 illud
665 2090 1034 2159 prepheticum
1064 2090 1396 2144 incurrerem
1421 2105 1435 2143 :
1464 2109 1484 2142 ι
1510 2089 1681 2161 impio
1709 2092 1914 2162 praebes
1938 2091 2090 2146 auxi-

512 2197 533 2230 t
564 2179 790 2245 lium,et
819 2180 883 2233 iis
909 2179 1000 2250 qui
1029 2179 1258 2234 oderunt
1279 2195 1366 2235 me
1397 2181 1633 2235 amicitia
1655 2179 2091 2252 jungeris,etid—

515 2285 534 2318 ι
560 2267 706 2322 circo
729 2267 862 2321 iram
881 2268 1096 2336 quidem
1117 2268 1324 2322 Domini
1349 2268 1646 2325 merebaris
1663 2268 1956 2342 (ILParal.
1975 2287 2090 2338 xxx,

515 2375 536 2408 ι
561 2355 643 2425 2).
681 2376 700 2410 ι
739 2356 941 2412 Deinde
973 2357 1342 2412 sanctionibus
1369 2357 1780 2425 ecclesiasticis,
1809 2375 1907 2430 per
1933 2360 2092 2430 longa

513 2453 816 2515 temporum
877 2447 1052 2515 spatia
1101 2447 1371 2515 peractis,
1420 2446 1646 2518 legeque
1693 2450 2095 2520 perhemptoria

510 2544 916 2600 consummata,
948 2551 1069 2592 cum
1103 2536 1235 2592 nihil
1270 2537 1413 2592 aliud
1446 2547 1704 2604 restaret,
1734 2539 1839 2594 nisi
1869 2547 1928 2594 ut
1951 2539 2096 2610 judi-

512 2630 680 2685 ciaria
719 2631 979 2700 principis
1012 2633 1280 2702 potestate
1320 2633 1725 2698 cohercerctur,
1753 2641 1810 2687 et
1839 2639 2097 2702 tanquam

511 2721 806 2778 seditiosus
833 2737 896 2776 ac
925 2723 1141 2778 rebellis
1172 2739 1202 2777 a
1234 2723 1517 2794 principali
1553 2724 1813 2779 cathedra
1857 2738 2100 2780 remove-

512 2819 687 2876 retur,
724 2811 840 2882 lege
867 2811 1113 2868 Africani
1141 2813 1376 2876 concilii,
1414 2815 1610 2870 iterum
1635 2829 1665 2868 a
1687 2812 1945 2870 fratribus
1968 2814 2103 2870 meis

513 2911 571 2955 et
597 2902 747 2972 regni
785 2902 1110 2972 primatibus
1137 2912 1436 2960 conventus
1463 2913 1518 2959 et
1552 2905 1913 2962 commonitus
1947 2921 2101 2971 sum,

514 3002 577 3044 ut
603 2991 824 3072 excluso
853 3003 1095 3061 apostata
1122 3010 1310 3048 cur-am
1339 2996 1554 3050 discissi
1587 3005 1639 3051 et
1661 2997 1904 3051 dilaniati
1934 2998 2104 3053 susci-

2176 541 2235 586 ut
2257 539 2480 602 propter
2509 545 2595 586 me
2624 545 2725 586 nec
2751 532 2819 585 ad
2844 539 3176 584 momentum
3191 530 3259 561 "-"
3287 529 3390 583 ulla
3421 530 3753 585 detineretur

2177 624 2440 680 custodia.
2472 621 2528 678 Si
2558 624 2703 678 enim
2747 622 3041 677 auctoritas
3085 630 3262 676 vestra
3307 636 3404 689 pro
3431 635 3519 674 me
3548 629 3755 685 staret,

2168 715 2232 776 in
2265 723 2473 770 tantum
2493 713 2750 769 Arnulfus
2769 713 3077 776 vilesceret,
3109 719 3168 765 ut
3196 697 3326 766 mihi
3351 710 3641 764 minimum
3665 723 3746 766 vt

2177 804 2313 860 leret
2339 803 2548 859 obesse.
2586 804 2738 871 Quod
2782 804 2826 859 si
2874 801 3146 858 contraria
3195 801 3359 865 mibi,
3399 799 3546 869 quod
3583 800 3758 852 absit.

2179 895 2443 950 sententia
2488 904 2666 948 vestra
2695 895 3043 958 decerneret,
3089 891 3216 960 quid
3264 903 3383 944 mea
3431 889 3764 950 interesset,

2178 995 2361 1040 utrum
2395 982 2683 1048 Arnulfus,
2717 1000 2782 1037 an
2814 983 2952 1038 alius
2997 982 3293 1037 Remorum
3338 978 3770 1034 constitueretur

2180 1076 2496 1148 episcopus?
2522 1074 2641 1130 Jam
2691 1075 2757 1130 de
2803 1090 3001 1143 sponsa
3047 1083 3201 1143 rapta
3252 1073 3487 1140 sedeque
3533 1082 3767 1139 pervasa

2181 1166 2323 1238 quod
2371 1167 2592 1232 dicitur,
2624 1165 2971 1220 ridiculosum
3004 1173 3106 1218 est.
3141 1164 3268 1218 Dico
3296 1161 3438 1216 enim
3487 1158 3728 1229 primum
3752 1196 3771 1219 .

2181 1272 2473 1328 numquam
2523 1257 2668 1312 illius
2694 1255 2862 1312 fuisse
2891 1270 3144 1324 sponsam
3162 1294 3177 1318 ,
3208 1269 3372 1323 quam
3398 1268 3495 1322 pro
3524 1250 3774 1320 legitima

2181 1349 2470 1404 donatione
2494 1349 2788 1418 spiritualis
2810 1348 2950 1402 dotis
2975 1347 3184 1402 collatis
3209 1355 3334 1399 ante
3360 1343 3645 1398 beneﬁciis
3668 1356 3738 1394 ex
3755 1370 3774 1380 -

2182 1439 2425 1509 poliavit,
2451 1440 2732 1508 proscidit,
2757 1454 2820 1494 ac
2839 1437 3138 1493 dilaniavit.
3169 1435 3406 1490 Necdum
3443 1431 3778 1489 sacerdotali

2185 1528 2345 1582 anulo
2369 1529 2659 1597 insignitus
2680 1535 2817 1592 erat,
2839 1534 2894 1582 et
2915 1525 3028 1595 jam
3052 1524 3234 1579 omnia
3259 1537 3379 1593 qua:
3407 1521 3780 1577 denominata:

2185 1632 2395 1689 sponsae
2417 1618 2580 1673 fuisse
2591 1615 3207 1680 videbantur,satellites
3233 1612 3486 1684 Symonis
3516 1619 3784 1665 vastave-

2185 1716 2328 1762 rant.
2344 1706 2474 1761 Dico
2500 1705 2745 1769 etiam,si
2775 1703 3160 1759 concederetur
3179 1701 3420 1772 quolibet
3442 1700 3602 1753 modo
3630 1697 3786 1752 illius

2188 1814 2382 1871 sponsa
2401 1797 2586 1864 fuisse,
2605 1797 2788 1866 utique
2809 1809 2928 1851 esse
2953 1793 3132 1857 desiit,
3150 1803 3437 1862 postquam
3457 1804 3578 1845 eam
3600 1787 3786 1858 pollu-

2187 1901 2298 1948 tam
2325 1900 2380 1947 et
2406 1890 2690 1956 violatam,
2719 1896 2809 1953 et,
2839 1895 2898 1940 ut
2927 1886 3001 1940 ita
3028 1885 3227 1950 dicam,
3267 1881 3626 1937 adulteratam
3663 1878 3786 1933 suis

2185 1983 2513 2056 predonibus
2537 1981 2847 2054 prostravit.
2868 1979 3004 2034 Num
3029 1978 3192 2049 igitur
3215 1991 3354 2038 eam,
3373 1984 3465 2028 aut
3488 1987 3652 2043 quam
3675 1984 3788 2024 non

2189 2077 2374 2133 habuit
2399 2086 2492 2131 aut
2524 2090 2684 2145 quam
2710 2088 2807 2129 suo
2835 2070 3041 2126 scelere
3065 2066 3318 2138 perdidit,
3351 2063 3493 2119 illius
3519 2073 3789 2132 sponsam

2191 2168 2372 2239 rapui?
2393 2166 2588 2222 Sedem
2609 2174 2786 2220 autem
2815 2159 3132 2232 populorum
3153 2155 3497 2211 multitudine
3513 2151 3792 2206 refertam

2191 2259 2398 2314 advena
2420 2255 2822 2326 etperegrinus,
2840 2249 3000 2306 nullis
3029 2247 3200 2303 fretus
3228 2246 3449 2318 opibus,
3477 2241 3790 2314 pervadere

2190 2349 2283 2420 qui
2318 2349 2504 2420 potui?
2535 2346 2643 2402 Sed
2674 2345 2814 2400 forte
2840 2341 3139 2414 apostolica
3163 2338 3322 2394 sedes
3366 2337 3526 2393 nobis
3553 2332 3794 2405 opponi-

2195 2452 2304 2509 tur,
2337 2451 2611 2512 tamquam
2637 2454 2699 2495 ea
2729 2436 3030 2494 inconsulta
3061 2445 3332 2489 summum
3358 2432 3462 2486 hoc
3487 2427 3789 2498 negocium

2195 2537 2499 2593 discussum
2526 2533 2620 2598 sit,
2650 2531 2735 2586 vel
2766 2527 3091 2600 ignorantia,
3110 2523 3192 2579 vel
3213 2520 3579 2578 contumacia.
3613 2517 3786 2575 Certe

2195 2629 2333 2684 nihil
2363 2636 2542 2683 actum
2570 2624 2656 2680 vel
2684 2621 2950 2693 agendum
2985 2617 3122 2699 fuit,
3149 2615 3292 2686 quod
3323 2612 3641 2684 apostolicae
3673 2609 3796 2665 sedi

2198 2721 2426 2777 relatum
2456 2732 2562 2773 non
2590 2714 2785 2778 fuerit,
2809 2711 3033 2783 ejusque
3060 2709 3155 2778 pe'r
3185 2707 3370 2760 decem
3402 2713 3458 2758 et
3479 2710 3609 2756 octo
3635 2713 3794 2754 men-

2199 2825 2286 2866 ses
2311 2815 2593 2878 espectata
2615 2802 2905 2860 sententia.
2934 2797 3042 2854 Sed
3067 2796 3193 2851 dum
3218 2794 3286 2848 ab
3309 2789 3624 2847 hominibus
3650 2803 3789 2844 con-

2199 2900 2378 2956 silium
2401 2913 2510 2954 non
2527 2895 2758 2966 capitur,
2777 2892 2842 2947 ad
2860 2889 2956 2944 ﬁlii
2971 2889 3064 2942 Dei
3081 2883 3491 2956 supereminens
3510 2879 3799 2949 eloquium

2201 2990 2544 3046 recurritur:
2585 3004 2603 3036 ι
2643 2983 2704 3038 Si
2733 2981 2915 3036 oculus
2963 2978 3140 3048 inquit
3179 2987 3299 3030 tuus
3329 2970 3665 3028 scandalizat
3690 2979 3742 3022 te
3775 2986 3795 3019 ι

515 3065 700 3151 perem
727 3081 928 3177 populi.
967 3081 1120 3149 Quod
1149 3085 1369 3153 quidem
1395 3094 1448 3139 et
1471 3087 1562 3140 diu
1590 3088 1805 3154 distuli,
1833 3097 1888 3144 et
1916 3098 2100 3158 postea
2130 3115 2174 3177 ϐ
2204 3088 2260 3136 et
2289 3075 2583 3146 reliquam
2621 3071 2837 3144 (Matth.
2873 3085 2928 3134 v,
2954 3069 3068 3139 29).
3102 3068 3168 3121 Et
3205 3065 3423 3120 fratrem
3452 3069 3800 3163 peccantem,

518 3183 628 3224 non
655 3168 787 3224 satis
828 3179 1019 3239 sponte
1049 3174 1330 3242 acquievi,
1375 3177 1628 3244 quoniam
1657 3152 2104 3247 quaevtormento-
2130 3152 2174 3177 υ
2201 3186 2389 3229 coram
2416 3169 2647 3225 testibus
2685 3177 2978 3232 coramque
3021 3158 3251 3216 ecclesia
3278 3152 3679 3218 comtnonitum
3702 3191 3718 3215 ,
3749 3157 3806 3202 et

519 3273 642 3313 rum
669 3273 864 3330 genera
911 3276 996 3316 me
1027 3262 1434 3327 comitarentur,
1485 3267 1810 3323 omnimodis
1839 3268 2101 3324 intellexi.

521 3346 649 3402 Ilaec
674 3358 758 3404 est
784 3349 994 3404 viarum
1045 3366 1289 3406 mearum
1327 3353 1676 3423 simplicitas,
1708 3357 1822 3411 haec
1850 3358 2107 3414 innocen-

521 3441 612 3494 tia:
639 3441 848 3510 puritas
870 3482 884 3501 .
913 3449 968 3496 et
995 3457 1180 3497 coram
1214 3443 1443 3499 Domino
1482 3455 1537 3500 et
1558 3446 1712 3501 vobis
1734 3447 2107 3504 sacerdotibus

524 3530 579 3585 in
607 3531 692 3585 his
721 3529 973 3586 omnibus
1001 3533 1200 3586 munda
1227 3533 1577 3589 conscientia.
1620 3556 1640 3588 ι

595 3619 719 3675 105.
764 3618 1023 3676 Particio.
1045 3652 1117 3662 —
1143 3641 1161 3674 ι
1205 3622 1313 3679 Sed
1343 3639 1498 3690 cccc,
1524 3641 1591 3681 ex
1621 3627 1848 3684 adverso
1872 3631 2110 3685 occurrit

525 3709 952 3780 calumpniator;
1000 3728 1193 3768 vocum
1222 3715 1576 3781 novitatibus,
1615 3727 1675 3771 ut
1704 3719 1877 3789 major
1911 3720 2003 3774 fiat
2029 3721 2110 3776 in-

525 3803 700 3868 vidia,
733 3803 1032 3860 delectatus
1066 3803 1375 3874 obloquitur
1405 3824 1420 3860 :
1461 3804 1740 3863 Dominum
1772 3821 1919 3864 tuum
1948 3813 2113 3866 tradi-

527 3894 652 3947 disti
669 3935 684 3960 ,
713 3895 912 3948 carceri
938 3897 1249 3965 mancipasli
1267 3935 1284 3964 ,
1309 3913 1554 3966 sponsam
1597 3900 1712 3968 ejus
1743 3902 1995 3969 rapuisti,
2030 3918 2111 3956 se-

528 3992 644 4045 dem
670 3993 944 4061 perrasisti
957 3992 977 4045 .'
1023 4010 1041 4043 ι

601 4080 725 4134 104.
767 4079 1112 4147 Conﬁrmatio
1133 4089 1181 4134 et
1206 4082 1530 4150 reprehensio
1551 4081 1849 4138 alternatim
1876 4063 2108 4156 αἱρέεται.

530 4188 644 4220 -ι
679 4169 826 4223 Itane
871 4184 970 4239 ego
1021 4169 1330 4237 dominum,
1377 4169 1530 4239 cujus
1579 4189 1871 4242 numquam
1924 4191 2114 4233 servus

532 4261 727 4315 fuerim
749 4301 762 4325 ,
801 4261 888 4315 cui
918 4260 1080 4314 etiam
1109 4260 1314 4314 nullum
1338 4264 1662 4317 sacramenti
1683 4280 1852 4335 genus
1877 4282 2114 4336 unquam

533 4348 901 4419 prestiterim?
928 4347 1040 4402 Etsi
1069 4349 1214 4402 enim
1265 4349 1332 4403 ad
1380 4359 1591 4421 tempus
1639 4352 1927 4408 famulatus
1955 4371 2071 4410 sum
2097 4397 2112 4423 ,

2205 3278 2312 3317 non
2380 3258 2794 3318 obaudientem,
2849 3251 3096 3307 decernit
3147 3247 3453 3303 habendum
3511 3251 3803 3312 tamquam

2207 3349 2570 3426 ethnicuny'”
2604 3356 2658 3402 et
2684 3343 3056 3416 publicanum.
3094 3339 3402 3396 Conventus
3435 3348 3567 3402 ergo
3593 3331 3804 3386 Arnul-

2209 3444 2327 3506 fus,
2359 3449 2414 3496 et
2459 3425 2820 3495 commonitus
2857 3432 3054 3488 litteris
3096 3440 3152 3486 et
3197 3428 3387 3499 legatis
3415 3425 3807 3496 episcoporum

2207 3531 2422 3597 Galliae,
2455 3537 2564 3584 uta
2592 3537 2767 3597 empto
2791 3524 2975 3579 furore
3001 3521 3324 3585 desisteret,
3355 3526 3443 3582 et,
3471 3517 3518 3571 si
3556 3515 3797 3575 valeret,

2209 3635 2428 3693 quoquo
2449 3619 2611 3675 modo
2639 3633 2697 3673 se
2723 3633 2752 3671 a
2775 3612 3094 3686 perditionis
3121 3607 3325 3666 scelere
3349 3611 3613 3679 purgaret
3631 3643 3649 3670 ,
3678 3603 3807 3658 dum

2209 3713 2416 3769 monita
2462 3710 2699 3767 salubria
2746 3704 3076 3768 contemnit,
3136 3701 3351 3757 habitus
3381 3706 3469 3754 est
3519 3706 3809 3764 tamquam

2211 3801 2464 3856 ethnicus
2508 3806 2563 3852 et
2613 3795 2951 3867 publicanus.
2991 3790 3101 3846 Nec
3136 3798 3316 3844 tamen
3360 3786 3562 3840 idcirco
3592 3781 3804 3851 dijudi-

2211 3899 2364 3946 catus
2388 3898 2448 3943 ut
2477 3887 2758 3948 ethnicus,
2806 3884 2875 3938 ob
2918 3882 3281 3937 reverentiam
3308 3877 3452 3934 sedis
3479 3873 3806 3945 apostolicae

2214 3979 2615 4048 sacerdotiique
2661 3975 2804 4031 sacri
2855 3974 3167 4046 privilegia,
3203 3972 3296 4026 sed
3341 3985 3371 4024 a
3408 3984 3466 4024 se
3508 3969 3632 4037 ipso
3665 3968 3722 4021 in
3752 3982 3810 4021 se

2216 4075 2390 4144 ipsum
2416 4068 2784 4125 damnationis
2807 4066 3073 4122 sententia
3096 4063 3327 4133 prolata,
3351 4061 3452 4115 hoc
3473 4059 3656 4114 solum
3681 4073 3810 4113 eum

2215 4165 2270 4217 in
2311 4161 2460 4216 omni
2485 4161 2597 4215 vita
2645 4174 2738 4214 sua
2787 4156 3033 4228 preclare
3081 4154 3257 4224 egisse
3303 4150 3660 4220 dijudicatum
3693 4161 3809 4211 eSt;

2215 4255 2344 4326 quia
2374 4255 2628 4308 nimirum
2653 4291 2668 4318 ,
2701 4251 2744 4305 si
2775 4265 2898 4304 eum
2922 4264 3001 4314 se,
3047 4247 3165 4317 ipso
3211 4245 3533 4308 damnante,
3560 4242 3814 4312 episcOpi

2217 4346 2592 4410 absolverent,
2619 4358 2838 4414 poenam
2870 4340 3089 4396 sceleris
3115 4339 3233 4410 ejus
3270 4339 3634 4392 incurrerent.
3671 4355 3693 4386 ι
3730 4336 3812 4399 Si,

535 4440 666 4494 fecit
695 4439 798 4493 hoc
831 4439 1114 4509 imperium
1150 4439 1321 4507 patris
1357 4441 1462 4493 mei
1491 4439 1876 4508 Adalberonis,
1909 4446 2000 4513 qui
2031 4461 2116 4499 me
2143 4453 2194 4512 ι)
2225 4460 2244 4494 ‹
2281 4440 2460 4511 inquit
2483 4452 2706 4508 magnus
2725 4436 2834 4490 Leo
2854 4449 3012 4504 papa,
3037 4447 3223 4488 omnes
3243 4429 3548 4485 sacerdotes
3568 4437 3625 4482 et
3649 4444 3816 4482 mun-

537 4531 592 4585 in
610 4529 860 4584 Remensi
878 4528 1101 4584 ecclesia
1126 4529 1450 4583 commorari
1472 4532 1746 4601 praecepit,
1766 4533 2116 4604 quoadusque

535 4619 805 4689 pontificis
837 4620 888 4672 in
921 4634 983 4673 ea
1016 4618 1215 4673 sacrati
1251 4634 1431 4675 mores
1458 4631 1720 4690 actusque
1751 4623 2112 4680 dinoscerem.

537 4709 692 4775 Quod
726 4709 853 4762 dum
896 4709 1131 4778 operior,
1170 4709 1403 4764 hostium
1447 4711 1627 4779 praeda
1677 4711 1850 4768 factus
1877 4729 1995 4768 sum
2017 4754 2030 4778 ,
2065 4723 2120 4769 et

539 4814 661 4868 qua
689 4807 867 4852 vestra
892 4799 1260 4853 munificentia
1282 4815 1708 4870 magnorumque
1733 4801 1929 4858 ducum
1956 4805 2122 4876 largi-

542 4899 628 4945 tas
652 4889 796 4944 clara
823 4898 875 4944 et
895 4895 1166 4960 praecipua
1197 4891 1523 4955 contulerat,
1553 4893 1787 4948 violenta
1810 4899 2123 4963 praedonum

541 4995 738 5036 manus
761 4981 1000 5046 abstulit,
1032 4996 1224 5050 meque
1252 4996 1388 5051 pene
1417 4981 1619 5035 nudum
1650 4981 1842 5053 gladiis
1867 4985 1978 5040 suis
2002 5001 2124 5042 ere-

872 5079 883 5090 ι
942 5073 981 5090 n
999 5088 1006 5089 κ

2227 4554 2246 4586 ι
2273 4534 2372 4588 dus
2400 4530 2662 4586 assentiat
2708 4524 3056 4588 damnandis,
3089 4521 3365 4576 damnatio
3394 4517 3811 4573 consentientes

2229 4640 2247 4674 ‹
2278 4619 2523 4684 involvit,
2549 4632 2655 4671 non
2684 4612 3183 4687 praevaricationem
3214 4623 3510 4666 consensus
3541 4607 3811 4663 absolvit.

2230 4733 2248 4766 ι
2282 4713 2395 4768 Hoc
2428 4711 2575 4766 enim
2605 4711 2746 4764 Deus
2781 4707 3023 4762 omnium
3054 4701 3339 4766 indicavit,
3365 4700 3454 4770 qui
3485 4708 3816 4769 peccantem

2231 4823 2249 4856 ι
2278 4802 2536 4856 mundum
2565 4796 2802 4869 generali
2830 4794 3031 4850 diluvio
3058 4790 3356 4846 interemit.
3390 4807 3409 4840 ι
3442 4788 3508 4842 Et
3531 4802 3672 4856 papa
3702 4786 3818 4841 Gc-

2226 4892 2436 4946 lasius:
2493 4907 2512 4940 ‹
2548 4888 2715 4942 Error
2758 4884 2849 4954 qui
2896 4882 3063 4938 semel
3117 4889 3202 4935 est
3250 4894 3374 4933 cum
3425 4892 3523 4932 suo
3579 4885 3819 4930 auctore

2230 5002 2248 5035 ι
2279 4984 2597 5043 damnatus,
2629 4978 2682 5031 in
2711 4975 2975 5046 participe
2997 4971 3236 5042 quolibet
3259 4967 3818 5040 pravaecommunio-

2405 5072 2580 5090 -m--.-
2636 5066 3029 5090 A—‘annl:nnnssn
3074 5065 3153 5090 (ill:
3203 5068 3371 5090 nnnlnl
3404 5065 3454 5090 Δ.
3508 5071 3729 5090 umnam
3792 5074 3810 5090 ι
