4026 6312
212 407 295 461 I69
1052 405 1525 464 HISTORIARUM
1571 405 1746 461 LIBRI
1783 404 2134 473 QUATUOR.
2173 438 2242 448 —
2266 406 2392 462 LIB.
2433 407 2522 460 IV.

3329 405 3427 462 I70

207 521 458 575 testatione
483 519 786 589 impositum
815 530 919 575 est.
952 521 1106 588 Quod
1132 525 1176 578 si
1205 523 1345 580 forte
1395 539 1425 578 a
1473 525 1646 579 sacris
1669 523 1744 578 le-
1774 509 1822 569 Α
1851 533 1972 594 post
1997 525 2199 596 aliquot
2225 540 2501 581 sermones
2530 541 2559 579 a
2591 525 2790 580 domno
2833 540 2970 594 papa
2999 538 3196 596 corpus
3222 533 3276 579 et
3305 540 3432 581 san-

206 611 335 679 gibus
360 609 622 680 quippiam
655 609 930 665 deviatum
961 621 1075 677 est,
1109 628 1216 668 non
1265 613 1318 666 id
1369 613 1583 668 malicia
1605 653 1619 676 ,
1653 613 1750 668 sed

203 703 432 773 temporis
482 702 791 782 importayit
839 705 1158 760 necessitas.
1208 704 1461 774 Alioquin
1509 715 1752 775 tempore

202 793 356 848 hostili
378 806 534 846 omne
555 792 669 862 jus,
705 806 973 863 omneque
1010 793 1216 848 licitum
1254 809 1482 858 cavere,
1513 796 1642 863 quid
1667 805 1750 848 est

201 882 322 937 aliud
347 897 500 952 quam
535 882 765 950 patriam
795 882 1023 953 perdere
1068 893 1124 940 et
1154 900 1343 940 necem
1374 884 1614 939 inferre?
1660 885 1749 940 Si-

201 974 554 1042 lentequidcm
599 972 746 1043 leges
791 975 934 1028 inter
983 991 1168 1040 arma;
1205 975 1402 1046 quibus
1443 976 1532 1030 ille
1565 974 1750 1030 feralis

201 1067 343 1120 bestia
371 1065 495 1120 0‘”
524 1065 672 1133 (l5?)
699 1067 770 1118 ita
788 1065 858 1100 ⁸³⁸
885 1065 1088 1121 abusus
1119 1076 1234 1132 est,
1266 1078 1320 1121 ut
1359 1068 1752 1123 reverendissi-

200 1171 297 1210 mos
334 1156 640 1210 sacerdotes
671 1156 804 1220 Dei,
838 1157 991 1224 quasi
1025 1156 1147 1211 vilia
1182 1158 1453 1226 mancipia
1499 1170 1748 1228 caperet,

200 1265 282 1302 nec
303 1247 364 1301 ab
388 1249 518 1316 ipsis
548 1249 915 1302 sacrosanctis
941 1248 1204 1304 altaribus
1232 1259 1577 1321 temperaret,
1607 1265 1752 1304 com-

203 1350 382 1394 meatus
411 1339 657 1407 publicos
687 1339 1088 1394 intercluderet.

255 1429 360 1483 lilii.
397 1428 674 1499 Epilogus.
697 1459 766 1469 —
790 1449 809 1480 ι
851 1429 1033 1484 Redeo
1077 1431 1145 1485 ad
1174 1447 1290 1497 me,
1324 1431 1749 1488 reverentisslmi

196 1529 378 1589 patres,
403 1519 488 1572 cui
526 1519 839 1588 specialiter
865 1520 936 1575 ob
982 1521 1212 1576 salutem
1258 1523 1537 1592 pereuntis
1566 1523 1752 1591 populi

197 1612 434 1680 totiusque
465 1611 546 1664 rei
597 1610 827 1681 publica:
875 1627 1062 1666 curam
1112 1627 1259 1666 mors
1289 1611 1582 1666 furibunda
1627 1627 1750 1666 cum

198 1702 418 1756 omnibus
461 1703 578 1757 suis
634 1703 879 1758 incubuit
924 1704 1118 1772 copiis.
1157 1704 1295 1758 Hinc
1340 1705 1457 1759 dira
1505 1714 1750 1775 egestas,

196 1792 389 1846 horreas
419 1803 473 1847 et
507 1795 808 1864 apothecas
860 1804 1070 1848 armata
1117 1811 1281 1849 manu
1328 1795 1429 1850 sibi
1478 1797 1748 1862 vindicat,

1850 614 2064 684 guinem
2113 613 2358 680 Domini,
2390 630 2454 668 ac
2483 613 2823 669 sacerdotale
2868 613 3106 668 ofﬁcium
3153 614 3255 670 sub
3284 629 3430 684 prte-

1850 705 2024 758 sentia
2054 704 2214 773 legati
2241 706 2530 774 prohibere
2577 704 2810 769 vellent,
2842 704 2930 760 ille
2961 720 3085 759 mox
3115 719 3184 760 ex
3209 704 3435 759 canoni-

1849 796 1951 850 bus
1975 804 2032 849 et
2057 796 2293 850 decretis
2319 795 2653 850 conﬁdenter
2679 797 2934 860 astruxit,
2963 796 3095 851 nulli
3131 797 3236 852 hoc
3264 797 3435 867 impo-

1850 886 2118 953 nendum,
2148 886 2253 941 nisi
2281 895 2375 940 aut
2402 903 2468 942 ex
2501 888 2726 942 crimine
2756 889 3037 953 convicto,
3071 897 3165 943 aut
3192 898 3316 960 post
3336 903 3435 946 vo-

1850 982 2122 1037 cationem
2149 982 2335 1036 venire
2363 983 2429 1037 ad
2455 981 2744 1037 concilium
2777 981 2860 1037 vel
2894 983 3159 1038 rationem
3189 991 3433 1038 contem-

1849 1073 2058 1142 pnenti.
2085 1070 2221 1127 Huic
2249 1087 2401 1140 pena:
2427 1087 2532 1126 non
2551 1087 2670 1146 sese
2687 1086 2808 1127 esse
2835 1072 3155 1137 obnoxium,
3178 1087 3300 1126 cum
3325 1073 3440 1141 ipse

1850 1165 2014 1220 etiam
2054 1163 2358 1233 prohibitus
2412 1165 2733 1228 accesserit,
2784 1173 2839 1219 et
2889 1179 3012 1219 cum
3064 1165 3212 1219 nullo
3261 1165 3441 1220 adhuc

1852 1258 2078 1312 crimine
2106 1259 2386 1314 convictus
2417 1259 2508 1314 sit.
2543 1257 2825 1329 Simulque
2853 1259 2955 1313 hoc
2988 1274 3054 1314 cx
3101 1258 3366 1314 Africano
3385 1267 3442 1314 et

1852 1348 2114 1402 Toletano
2142 1350 2388 1404 conciliis
2433 1350 2732 1404 asserebat.
2782 1347 2890 1404 Sed
2942 1364 3010 1404 ne
3056 1348 3254 1404 domno
3289 1364 3441 1420 papa:

1852 1443 2074 1496 omnino
2122 1442 2282 1497 reniti
2317 1442 2614 1507 videretur,
2665 1456 2694 1494 a
2753 1441 3044 1496 missarum
3075 1442 3444 1498 celebratione

1853 1549 1974 1588 sese
2004 1541 2343 1588 cessaturum
2375 1548 2546 1603 usque
2590 1533 2642 1586 in
2687 1533 3004 1588 alterumm
3035 1532 3284 1587 sinodum
3311 1548 3437 1604 spo-

1854 1622 2061 1694 pondit.
2096 1623 2164 1677 Et
2192 1624 2377 1678 statim
2407 1623 2493 1678 his
2522 1623 2684 1678 dictis
2714 1635 2922 1678 sessum
2954 1624 3160 1679 reversi
3191 1633 3336 1678 sunt.

1928 1713 2050 1770 I07.
2093 1714 2300 1782 Quibus
2329 1715 2738 1770 considentibus
2764 1714 3125 1770 Virdunensis
3152 1716 3441 1786 episcopus

1859 1803 2054 1859 iterum
2081 1820 2310 1874 surgens
2336 1820 2402 1860 eo
2434 1805 2577 1874 quod
2609 1805 2783 1860 sinodi
2810 1806 3078 1877 interpres
3117 1806 3442 1870 habebatur,

198 1884 319 1938 illinc
339 1883 470 1938 foris
492 1884 707 1955 gladius
733 1894 788 1940 et
810 1885 955 1938 intus
977 1900 1164 1953 pavor,
1191 1885 1309 1940 dies
1331 1900 1395 1940 ac
1421 1895 1608 1940 noctes
1633 1886 1754 1941 red-
1785 1871 1830 1930 Β
1860 1893 1927 1948 ad
1956 1893 2092 1948 alios
2138 1871 2229 1964 qui
2260 1871 2638 1964 episcoporum
2687 1894 2915 1949 consilio
2952 1871 3068 1949 'non
3115 1894 3444 1958 interfuere,

198 1975 419 2029 diderunt
462 1977 744 2030 insomnes
763 1975 853 2028 ‘9'.
900 1975 1024 2029 Sola
1073 1985 1251 2029 vestra
1311 1977 1645 2040 auctoritas,
1694 1983 1756 2029 ut

198 2075 438 2118 tantorum
489 2067 758 2118 malorum
793 2066 1036 2119 levamen
1070 2066 1256 2129 ﬁeret,
1307 2075 1591 2134 expectata
1637 2073 1751 2131 est;

195 2170 293 2221 qua:
318 2164 514 2209 tantam
543 2156 655 2210 vim
689 2157 885 2211 habere
916 2156 1179 2219 creditur,
1210 2165 1267 2210 ut
1302 2173 1410 2211 non
1438 2157 1611 2212 solum
1644 2156 1753 2212 Re-

195 2249 339 2304 mensi
357 2289 370 2314 ,
397 2250 492 2304 sed
521 2249 693 2304 etiam
721 2249 868 2304 onmi
903 2248 1146 2304 ecclesia:
1171 2248 1448 2304 Gallorum
1477 2248 1751 2313 desolatae,

194 2353 237 2394 et
261 2356 382 2409 pene
424 2342 491 2396 ad
529 2341 764 2395 nihilum
802 2343 1069 2404 redactae,
1115 2341 1359 2396 subsidio
1391 2356 1512 2398 esse
1541 2340 1753 2406 valeat;

194 2433 310 2500 quod
353 2432 648 2488 Divinitate
694 2434 932 2502 propitia
983 2440 1382 2502 expectamus,
1415 2442 1469 2488 et
1518 2441 1579 2486 ut
1625 2432 1752 2499 ﬁat,

193 2539 352 2580 omnes
379 2527 430 2580 in
459 2541 754 2581 commune
785 2541 1025 2580 oramus.
1063 2545 1080 2577 ι

249 2617 356 2672 I06.
395 2620 575 2686 Quam
604 2618 933 2688 perlectam,
966 2615 1144 2688 legato
1193 2633 1344 2689 papze
1394 2633 1516 2672 mox
1569 2618 1752 2686 legen-

194 2710 296 2764 dum
322 2712 586 2780 porrexit.
619 2709 772 2765 Tunc
804 2711 1043 2779 episcopi
1087 2726 1274 2764 omnes
1303 2726 1425 2764 cum
1457 2707 1752 2764 Godefrido

194 2802 364 2857 comite
391 2804 481 2871 qui
506 2801 595 2856 eis
624 2802 888 2856 intererat
913 2800 1075 2856 simul
1104 2809 1393 2871 surgentes
1411 2841 1426 2863 ,
1455 2811 1752 2867 orsumque

194 2892 401 2958 seducti,
440 2893 580 2962 quid
620 2892 889 2961 agendum
917 2892 1042 2946 inde
1073 2901 1221 2946 esset
1248 2891 1642 2946 deliberabant.
1678 2889 1752 2944 Et

195 2996 292 3054 post
315 2987 591 3056 paululum
627 2987 802 3059 ipsum
826 2987 1152 3044 Gerbcrtum
1203 2987 1455 3042 invitant.
1487 2987 1587 3043 Cui
1629 3001 1751 3042 cum

1862 1984 1942 2038 sic
1970 1985 2329 2039 concionatus
2374 1985 2451 2039 ait
2480 2003 2492 2038 :
2531 2002 2549 2035 ‹
2589 1983 2855 2051 Quoniam
2887 1985 3136 2055 inquiens
3165 1985 3268 2042 hoc
3301 1986 3445 2041 unde

1863 2075 1949 2129 hic
1979 2074 2182 2146 agitur,
2214 2073 2430 2130 diﬂiniri
2462 2091 2602 2131 nunc
2632 2091 2740 2131 non
2789 2085 3004 2145 potest,
3037 2092 3103 2131 eo
3140 2076 3285 2145 quod
3311 2091 3442 2132 con-

1862 2166 2142 2221 troversia:
2191 2180 2318 2237 pars
2383 2165 2555 2222 altera
2605 2166 2820 2232 deﬁcit,
2868 2166 3048 2237 placet
3094 2167 3180 2221 his
3230 2166 3445 2221 domuis

1862 2259 2129 2329 episcOpis
2160 2268 2220 2312 ut
2250 2257 2402 2312 vobis
2431 2260 2852 2320 demonstretur,
2901 2257 3169 2326 presentis
3214 2256 3445 2311 rationis

1861 2361 2114 2414 causam,
2146 2347 2201 2404 in
2237 2346 2382 2403 aliud
2410 2357 2621 2416 tempus
2649 2346 3099 2413 transferendam,
3146 2355 3205 2402 ut
3237 2346 3309 2402 ibi
3353 2347 3446 2417 qui

1859 2439 2137 2504 intendat,
2166 2449 2225 2494 et
2265 2440 2357 2510 qui
2392 2439 2606 2494 refellat
2653 2448 2780 2494 ante
2813 2438 3054 2510 judicem
3101 2439 3444 2502 consistant,

1857 2539 1916 2586 ut
1946 2531 2288 2600 singulorum
2320 2531 2567 2600 partibus
2598 2530 2894 2596 discussis,
2946 2530 3080 2585 recti
3103 2528 3293 2597 judicii
3322 2543 3451 2599 pro-

1855 2621 2066 2677 feratur
2095 2637 2348 2677 censura.
2389 2639 2407 2674 ι
2441 2622 2526 2678 Ab
2549 2622 2806 2676 omnibus
2835 2621 3154 2676 conceditur
3174 2628 3228 2674 et
3261 2618 3448 2673 lauda-

1861 2723 1966 2768 tur.
2001 2713 2315 2769 Destinatur
2360 2727 2490 2786 ergo
2533 2713 2684 2766 locus
2731 2711 2917 2766 Remis
2961 2711 3102 2780 apud
3133 2709 3442 2764 ctenobium

1862 2803 2256 2858 monachorum
2290 2801 2467 2855 sancti
2500 2799 2761 2870 Remigii;
2795 2810 3006 2868 tempus
3051 2813 3268 2867 quoque
3297 2797 3386 2852 die
3409 2796 3442 2850 8

1861 2904 1980 2967 post
2010 2895 2191 2950 natale
2220 2894 2394 2948 sancti
2417 2892 2682 2948 Johannis
2705 2891 2979 2961 Baptistze.
3008 2890 3215 2957 Quibus
3240 2891 3449 2946 consti-

1861 2986 1994 3042 tutis
2023 2996 2078 3042 et
2101 2985 2262 3041 dictis
2283 3025 2297 3051 ,
2328 2984 2555 3040 sinodus
2582 2982 2758 3039 soluta
2789 2990 2891 3037 est.

257 3127 394 3209 Post
422 3129 734 3191 Historia:
759 3129 936 3209 ﬁnem
971 3131 1034 3191 in
1072 3129 1281 3209 codice
1319 3148 1428 3209 ms.
1459 3125 1982 3209 notiticegliquot
2012 3137 2201 3185 manu
2232 3122 2484 3209 Richeri
2519 3119 2770 3198 scriptor
2799 3114 3118 3194 teguntur,
3155 3133 3288 3194 qua:
3309 3131 3436 3194 pro

190 3206 568 3283 fundamento
605 3201 810 3288 operis
843 3208 1132 3288 exigendi
1163 3207 1454 3270 habenda:
1480 3227 1604 3268 esse
1631 3201 1966 3275 videntur;
2003 3211 2150 3264 sunt
2189 3211 2391 3263 autem
2419 3201 2509 3261 hae
2546 3220 2564 3259 :

247 3326 380 3398 (995)
397 3328 674 3398 Tempore
703 3336 904 3383 statuto
928 3329 1458 3384 Silvanectisinodus
1475 3329 1752 3400 cpiscopo-
1780 3336 1826 3397 (ζ
1928 3328 2081 3400 Hugo
2112 3344 2206 3383 rex
2247 3326 2457 3398 pupulis
2496 3333 2608 3380 toto
2635 3336 2865 3394 corpore
2894 3321 3176 3380 confectus
3196 3362 3214 3389 ,
3254 3319 3308 3376 in
3344 3335 3442 3391 op-

191 3436 287 3475 rum
305 3403 529 3477 collecta
553 3432 656 3486 est,
679 3420 768 3476 ubi
790 3423 954 3476 etiam
973 3423 1112 3477 inter
1126 3422 1450 3478 Gerbcrtum
1477 3431 1531 3476 et
1555 3422 1752 3476 Arnul-

193 3511 280 3566 lum
295 3512 692 3583 prmsentaliter
708 3513 846 3567 ratio
858 3514 1101 3569 discussa
1114 3515 1312 3569 eststh
1324 3515 1608 3582 praesentia
1625 3514 1754 3570 Leo-

189 3601 258 3657 nis
287 3604 490 3659 abbatis
527 3613 582 3656 et
622 3603 878 3657 monachi
905 3603 1066 3674 legati
1093 3603 1431 3671 aliorumque
1473 3603 1751 3672 quamplu-

191 3692 324 3746 rium.
341 3692 499 3749 Berta
517 3691 806 3748 Odonism
827 3709 962 3747 uxor
976 3709 1196 3750 suarum
1213 3707 1394 3746 rerum
1411 3689 1754 3746 defensorem

188 3791 326 3851 atque
351 3785 678 3839 advocatum
708 3783 1031 3838 Rotbertum
1063 3799 1243 3853 regem
1267 3783 1496 3851 accepit.
1532 3781 1755 3836 Richar-

190 3875 272 3930 dus
294 3889 612 3950 pyratarum
647 3879 756 3932 dux
782 3877 1066 3948 apoplexia
1095 3879 1307 3933 minore
1333 3878 1513 3949 periit.
1549 3876 1755 3932 Hildui-

189 3980 274 4022 nus
299 3983 518 4038 quoque
559 3967 876 4022 vinolentia.

245 4056 468 4115 Siuodus
520 4059 758 4128 quinque
806 4059 1184 4129 episcoporum
1236 4059 1288 4112 in
1324 4067 1506 4114 monte
1552 4066 1756 4115 sancta:

189 4145 348 4204 Ilarize
394 4149 585 4204 habita
637 4159 740 4204 cst.
791 4148 1103 4222 [Heinricus
1158 4151 1306 4222 (155)
1383 4167 1596 4222 quoque
1645 4153 1753 4205 dux

190 4241 430 4316 obiitm].
465 4242 590 4297 Alia
643 4243 771 4298 item
831 4244 1055 4299 sinodus
1104 4244 1244 4314 apud
1300 4245 1614 4315 Engleheim
1676 4248 1753 4299 in-

190 4330 311 4386 dicta
343 4343 423 4388 est
454 4343 663 4389 sanctae
698 4334 940 4402 Agathcs
973 4335 1267 4388 festivitate
1315 4337 1594 4399 habenda,
1637 4350 1757 4407 quae

187 4427 231 4472 et
259 4435 350 4476 suo
382 4432 630 4492 tempore
660 4422 844 4477 habita
875 4432 960 4477 est
995 4422 1152 4492 (996,
1185 4421 1342 4478 Febr.
1376 4423 1540 4495 5)"°'.

244 4507 396 4565 Berta
422 4511 689 4567 Rotberto
713 4515 917 4568 nuberc
940 4515 1126 4568 volens
1148 4514 1474 4570 Gerbcrtum
1495 4515 1754 4581 consulit,

191 4613 244 4652 ac
269 4601 332 4654 ab
363 4618 429 4657 eo
460 4603 796 4656 confutatur.

1857 3424 1981 3494 pido
2011 3422 2250 3492 Hugonis
2289 3420 2475 3476 Judeis
2503 3416 2652 3489 (154)
2678 3419 2951 3472 extinctus
2985 3425 3090 3470 est.

1928 3513 2221 3568 Rothertus
2237 3527 2325 3565 rex
2341 3510 2481 3582 patri
2499 3508 2819 3568 succedens,
2839 3521 3060 3562 suormn
3077 3504 3304 3560 consilio
3318 3502 3443 3558 Ber-

1859 3613 1968 3658 tam
1983 3603 2378 3658 duxituxorem
2397 3600 2538 3671 (Oct.
2563 3599 2656 3667 25)
2673 3613 2738 3652 ea
2758 3613 2886 3650 usus
2903 3596 3134 3660 ratione,
3164 3594 3308 3664 quod
3337 3609 3448 3648 mc-

1858 3693 2050 3750 lius’sit
2065 3706 2290 3762 parvum
2309 3689 2524 3762 aggredi
2541 3689 2764 3752 malum,
2782 3696 2839 3741 ut
2865 3686 3158 3740 maximum
3182 3684 3438 3740 evitetur.

1931 3786 2079 3857 (997)
2122 3785 2416 3839 Rothertus
2447 3797 2538 3836 rex
2568 3784 2729 3836 ducta
2758 3780 2920 3835 Berta
2950 3793 3139 3843 uxore,
3172 3778 3226 3831 in
3251 3777 3450 3832 Fulco-

1859 3888 1982 3929 nem
2007 3874 2099 3943 qui
2123 3872 2329 3928 Odonis
2355 3871 2704 3925 adversarius
2729 3868 2908 3923 fuerat
2942 3867 3139 3932 fertur,
3189 3876 3246 3920 et
3291 3869 3360 3920 ab
3383 3883 3448 3921 eo

1856 3969 2050 4024 urbem
2073 3965 2400 4022 Turouicam
2416 3972 2471 4019 et
2494 3963 2598 4017 alia
2623 3978 2742 4033 qua:
2770 3967 3081 4033 pervaserat
3105 3959 3212 4013 vim
3232 3959 3441 4028 recipit.

1927 4060 2222 4115 Rothertus
2277 4073 2369 4113 rex
2421 4056 2474 4110 in
2525 4054 2818 4125 Aquitania
2866 4053 2936 4108 ob
2982 4059 3231 4120 nepotem
3284 4064 3438 4105 suum

1859 4150 2170 4205 Wilelmum
2201 4147 2486 4204 obsidione
2511 4144 2884 4200 Hildebertum
2918 4141 3141 4212 premit.

1932 4239 2235 4297 Gerbertus
2283 4239 2478 4293 iterum
2513 4235 2739 4290 Romam
2789 4233 2935 4297 adit,
2967 4231 3152 4300 ibique
3177 4244 3302 4286 cum
3334 4245 3452 4284 mo-

1861 4347 1975 4387 ram
2004 4330 2244 4395 faceret,
2287 4326 2546 4384 Arnulfus
2595 4341 2627 4380 a
2680 4325 2943 4380 Rotberto
2977 4338 3104 4394 rege
3133 4322 3445 4377 dimittitur.

1929 4424 2229 4480 Gerbertus
2244 4437 2371 4477 cum
2389 4419 2636 4474 Rotberti
2653 4418 2796 4488 regis
2813 4416 3096 4486 perfidiam
3112 4417 3440 4479 dinosceret,

1858 4518 2109 4575 Ottonem
2127 4530 2308 4586 regem
2323 4513 2649 4584 frequentat,
2667 4521 2721 4566 et
2733 4509 3002 4580 patefacta
3032 4509 3114 4562 sui
3135 4507 3331 4578 ingenii
3349 4522 3438 4576 pc-

1861 4611 2003 4672 ritia,
2036 4609 2406 4678 episcopatum
2450 4605 2819 4661 Ravennatem
2847 4603 2916 4657 ab
2946 4617 3010 4656 eo
3042 4601 3238 4672 accipit
3271 4598 3440 4672 (998).

246 4689 538 4746 Gerbertus
568 4693 790 4747 Romam
816 4693 1243 4751 ratiocinaturus
1272 4697 1435 4761 vadit,
1472 4713 1536 4752 ac
1567 4698 1637 4753 ibi
1672 4715 1755 4753 ra-
1788 4685 1834 4744 Β
1932 4701 2226 4773 Gregorius
2257 4714 2393 4769 papa
2422 4697 2570 4768 (155)
2598 4696 2782 4752 tandiu
2811 4695 3080 4766 permittit
3107 4693 3335 4748 Arunlfo
3362 4693 3448 4748 of-

191 4781 318 4838 tione
347 4799 506 4852 papae
535 4784 658 4838 (lata
690 4799 810 4839 cum
842 4785 1020 4840 nullus
1052 4798 1371 4856 accusaret,
1400 4788 1502 4844 alia
1535 4791 1758 4846 sinodus

192 4873 426 4931 indicitur
441 4877 536 4931 τοί.

1863 4793 2044 4848 ficium
2073 4787 2442 4852 sacerdotale,
2475 4787 2649 4842 donec
2675 4786 2732 4840 in
2763 4785 3097 4856 temporibus
3132 4784 3444 4839 racionabi-

1863 4884 1987 4938 liter
2015 4889 2108 4936 aut
2133 4880 2341 4951 legibus
2374 4877 2625 4946 adquirat
2657 4883 2752 4930 aut
2775 4875 2982 4945 legibus
3010 4873 3313 4928 amittat’"

1490 4996 1723 5052 VARIJE
1766 4992 2165 5050 LECTIONES.

251 5082 315 5114 ⁶’⁸
337 5083 466 5140 Οιιο
490 5086 574 5138 ed.

653 5085 723 5116 ⁶⁹⁶
745 5085 944 5161 italioc
970 5096 1207 5161 tempore
1238 5105 1286 5144 a.
1311 5090 1395 5143 ed.
1471 5090 1538 5122 ⁶⁹”¹
1561 5091 1706 5144 illinc
1727 5089 1766 5144 f.
1796 5105 1847 5161 g.
1871 5097 1928 5161 et
1949 5088 1988 5161 ri.
2017 5103 2069 5161 p_.
2103 5087 2155 5140 d.
2177 5101 2240 5140 ac
2257 5101 2312 5138 n.
2341 5100 2386 5138 r.
2412 5083 2686 5161 insomnes
2712 5083 2898 5138 desunt
2921 5083 2979 5161 in
3000 5099 3047 5161 e.

3127 5081 3195 5112 ⁸⁸⁸
3220 5078 3447 5134 alterim

193 5170 236 5226 ίῖ.
330 5154 397 5186 ⁶⁹⁹
425 5157 484 5211 Ο.
518 5155 700 5208 codex.
773 5157 845 5226 Τ⁰⁰
873 5149 1282 5212 iterum-deleta.
1359 5161 1426 5194 ⁷⁰¹
1464 5176 1561 5214 voa:
1592 5149 1825 5214 obtecta:
1890 5159 1960 5190 ’θ’
2011 5149 2286 5226 Ηιιειιδιιαο
2321 5164 2612 5226 unum"!!!
2641 5154 2918 5226 Ϊ³⁴³⁶⁰νί1³⁴⁰
2952 5152 3080 5226 Ῑθίίρ
3107 5149 3351 5226 “dig-is}
3379 5177 3450 5187 —

194 5224 255 5277 ‘28
287 5238 500 5300 exarata
532 5235 652 5278 sunt
678 5241 695 5288 ;
724 5225 922 5300 reliqua
952 5238 1300 5282 atramentum
1331 5231 1538 5300 nigrum
1565 5231 1814 5299 foliorum
1848 5229 2017 5284 28-55
2046 5219 2353 5300 priefefrunt.
2550 5219 2662 5300 llic
2693 5219 3000 5300 notitiuruin
3023 5222 3201 5300 [ἤιξε.-
3222 5219 3445 5300 Reliqua

193 5295 367 5362 pagina
387 5312 551 5348 vacua
572 5289 1068 5366 renransidexcepta
1118 5289 1422 5367 probatione
1459 5289 1658 5367 pennre,
1691 5311 1742 5354 et
1785 5302 1882 5352 hac
1909 5289 2168 5352 sententid
2196 5295 2418 5363 inferius
2452 5293 2662 5367 Hic/teri
2709 5311 2868 5347 ntanu
2891 5289 3097 5367 adjecta
3133 5289 3446 5367 {Libellum

196 5359 335 5440 ιιιεζτφ
363 5368 466 5420 hoc
502 5381 651 5440 anno
671 5359 1017 5434 praestitistis.
1050 5359 1127 5423 de'
1142 5370 1428 5424 medicina.
1455 5359 1510 5425 et
1539 5372 1603 5424 de
1647 5359 1936 5440 speciebus
1977 5359 2340 5423 metallorum.
2372 5363 2589 5434 quando
2632 5366 2686 5420 in
2716 5359 2968 5418 armario'
3008 5359 3169 5417 simul
3218 5359 3439 5413 fuimus.

198 5434 312 5489 mihi
363 5435 732 5490 transmittite.

1659 5527 1884 5583 NOTAE.

258 5621 396 5683 (l5?)
439 5619 576 5680 Odo,
616 5617 902 5672 Meldensis
951 5626 1005 5672 et
1052 5617 1336 5673 Trecensis
1382 5635 1582 5675 comes.

261 5691 397 5755 (L33)
417 5688 1041 5760 lIeinricusBaioar.dux
1059 5689 1266 5760 3.995,
1290 5690 1340 5760 d.
1363 5692 1479 5760 Aug
1505 5692 1570 5742 Ξῖ
1603 5689 1754 5744 obiit.

263 5760 405 5829 (ὧι)
445 5760 495 5812 ld
539 5769 622 5814 est
669 5776 697 5812 a
746 5757 973 5822 Iudaeis,
1010 5758 1234 5812 medicis
1283 5757 1537 5825 fortasSe,
1589 5771 1645 5815 ut
1693 5763 1756 5816 de

482 5855 768 5916 Ρηιιοι..
804 5851 1212 5919 CXXXVIII.
1301 5846 1306 5850 ’

1867 5617 2063 5672 Karolo
2088 5617 2252 5673 Calvo
2278 5617 2603 5673 Hincmarus
2632 5618 2840 5672 scribit.

1937 5689 2084 5758 (I55)
2124 5689 2272 5746 Obiit
2311 5705 2400 5744 an.
2444 5689 2569 5754 999,
2613 5689 2698 5742 die
2724 5689 2884 5742 Febr.
2908 5685 3075 5758 I8,7et
3102 5684 3188 5740 die
3216 5685 3385 5756 April.
3408 5687 3443 5743 9.

1865 5757 2162 5816 Gerbertus
2207 5759 2580 5830 pontiﬁcatum
2616 5757 2919 5814 Romanum
2952 5757 3176 5827 adeptus
3202 5766 3304 5811 est.

3130 5851 3168 5911 6
