3910 5336
466 290 3741 340 W

460 446 1693 615 APPENDIX
1778 447 2103 712 ΑΙ)
2196 452 3397 712 ξλίΕΟΙΙΙλΠΜ
3482 449 3729 613 X.

1689 814 2298 947 S/ECULI
2394 815 2510 941 Χ

860 1073 1863 1323 AUCTORES
1946 1072 2411 1233 ANNI
2491 1078 3323 1236 INCERTI.

1571 1427 2581 1544 GEBARDUS

1249 1634 1531 1697 SANCTI
1576 1636 1947 1699 MEDARDI
1989 1637 2586 1702 SUESSIONENSIS
2620 1640 3008 1705 DECANUS.

750 1890 1187 1992 GEBARDI
1244 1886 1748 1990 PROLOGUS
1820 1891 1923 1990 1N
1946 1852 2352 1991 ’νίψω
2387 1892 2461 1991 s.
2519 1892 2904 1992 ROMANI
2959 1894 3393 1995 EPISCOPI

1379 2111 1464 2154 ΔΙ)
1506 2110 1817 2154 BUGONEM
1861 2109 2423 2155 ROTBOMAGENSEM
2466 2113 2843 2158 EPISCOPUM.

1406 2250 1586 2323 (Apud
1612 2250 1838 2319 Mabill.,
1865 2250 2101 2306 Analect.
2135 2266 2259 2307 nov.
2294 2252 2451 2317 edit...
2482 2268 2603 2325 pag.
2634 2253 2787 2327 429.)

515 2564 823 2627 GSBABDUS,
860 2560 1034 2632 gratia
1094 2559 1212 2627 Dei,
1266 2557 1593 2616 venerabilis
1631 2557 1793 2617 Pater
1836 2573 2020 2616 emno-

2137 2556 2341 2612 preces,
2370 2540 2641 2613 similique
2662 2540 2821 2597 modo
2842 2539 2895 2597 in
2923 2541 3255 2598 monasterio
3275 2543 3451 2601 sancti
3476 2544 3735 2604 Audoaﬁ

444 2655 708 2722 hilarum,
754 2654 953 2710 domno
1000 2652 1205 2709 Hucom
1254 2650 1708 2725 Rotbomagensis
1760 2651 1914 2709 urbis
1943 2666 2027 2706 ar-

442 2750 806 2820 chiepiscOpo,
835 2757 889 2802 et
917 2747 1062 2802 omni
1101 2746 1327 2816 collegio
1354 2745 1426 2799 ibi
1455 2743 1567 2800 Deo
1589 2744 1866 2810 militanti,
1893 2759 2024 2813 pro-

441 2853 659 2910 sperum
695 2839 821 2892 vitae
868 2835 1148 2905 praesentis
1177 2850 1489 2890 successum
1518 2842 1681 2902 atque
1722 2832 2025 2889 indelebilis

443 2930 717 2986 felicitatis
746 2929 1012 2982 bravium.

512 3040 735 3097 Noverit
757 3026 1133 3094 benivolentiae
1150 3044 1343 3092 vestrm
1371 3036 1639 3108 sagacitas
1664 3036 1733 3092 de
1754 3033 1875 3091 Vita
1901 3050 2027 3091 san-

440 3133 515 3189 cti
543 3131 770 3197 Romani
808 3130 973 3184 vestri
1010 3129 1243 3200 patroni,
1286 3143 1386 3197 pro
1420 3143 1524 3198 qua
1578 3126 1878 3182 humillima
1911 3141 2026 3180 mc-

449 3231 558 3278 met
604 3220 869 3277 exorastis
899 3234 1079 3290 prece,
1122 3219 1375 3290 quoniam
1421 3226 1636 3288 pactum
1671 3219 1813 3287 quod
1850 3217 2028 3288 pepigi

443 3311 742 3375 vobiscum,
782 3309 933 3364 nullo
963 3309 1121 3364 modo
1169 3308 1452 3364 attendere
1479 3308 1646 3377 quivi,
1691 3308 1759 3363 ob
1789 3306 2027 3362 adversi-

439 3411 608 3458 tatnm
649 3400 896 3457 videlicet
924 3399 1418 3465 incommoditates,
1446 3415 1583 3470 quas
1605 3400 1844 3469 undique
1887 3413 2025 3470 pra:-

439 3495 578 3549 scnti
601 3509 741 3549 anno
773 3494 826 3547 in
859 3494 1061 3549 nostris
1084 3492 1330 3562 partibus
1366 3492 1608 3563 perpessi
1631 3506 1836 3547 sumus.
1866 3489 2025 3545 Modo

438 3598 619 3641 autem
655 3587 824 3657 dirigo
854 3585 1005 3640 vobis
1051 3586 1217 3640 vitam
1267 3593 1580 3641 veteranam
1627 3584 1848 3640 heroico
1897 3598 2023 3639 car-

440 3681 586 3735 mine
631 3679 854 3745 editam,
895 3686 956 3733 ut
1002 3678 1224 3733 omnino
1272 3678 1484 3734 cunctis
1527 3686 1712 3733 notum
1764 3675 1834 3732 sit
1881 3676 2024 3745 quod

440 3771 584 3825 nulla
613 3771 983 3826 inventionum
1024 3769 1178 3826 vobis
1203 3769 1376 3842 dirigo
1407 3769 1710 3825 mendacia.
1749 3767 1899 3823 Illam
1928 3782 2023 3821 au-

2130 2633 2267 2699 ﬁeri,
2307 2641 2361 2689 et
2391 2633 2443 2686 in
2474 2633 2725 2689 omnibus
2752 2632 2886 2688 locis
2926 2641 3123 2689 vestra:
3149 2636 3432 2704 potestatis
3472 2635 3669 2707 iubete
3697 2652 3719 2691 ε

2125 2728 2380 2796 quoniam
2430 2732 2581 2781 tanto
2624 2725 2865 2796 pondere
2914 2725 3303 2783 imbecillitatis
3357 2741 3602 2798 premor,
3659 2736 3726 2782 ut

2125 2817 2316 2871 ultima
2342 2830 2557 2887 semper
2600 2816 2779 2872 exitus
2826 2815 2959 2871 hora
3000 2816 3135 2873 milii
3184 2832 3427 2889 praesens
3463 2819 3735 2876 videatur

2126 2907 2335 2962 adesse.

2195 2995 2383 3052 Gratia
2411 3011 2506 3053 vos
2532 2996 2746 3052 Domini
2777 3006 2960 3054 servet
2988 3013 3104 3054 stne
3128 2998 3303 3054 limite
3324 2999 3521 3070 quovis
3547 3017 3564 3068 ;

2196 3085 2374 3155 Atque
2393 3100 2558 3141 suave
2572 3085 2761 3156 jugum
2790 3086 2908 3143 miti
2938 3088 3149 3144 cervice
3175 3087 3431 3158 ferentes,

2197 3177 2485 3249 Angelicas
2514 3178 2619 3234 laeti
2652 3178 2873 3248 possitis
2903 3179 3060 3234 adire
3082 3180 3359 3236 cohortes.

2632 3285 2798 3345 ITEM
2828 3289 3214 3348 PROLOGUS.

2200 3382 2521 3438 Sanctorum
2536 3382 2754 3438 Patrum
2782 3385 2941 3448 vitas,
2962 3385 3178 3441 Fratres
3206 3385 3534 3453 cbarissimi,
3557 3396 3737 3443 totius

2130 3473 2256 3527 anni
2288 3487 2386 3543 per
2410 3476 2585 3544 spatia
2608 3477 2901 3542 rcvolutas,
2934 3491 2965 3530 a
3006 3476 3159 3533 nobis
3186 3477 3346 3533 unius
3383 3477 3593 3535 amoris
3627 3481 3730 3534 de-

2129 3565 2349 3620 votione
2369 3563 2635 3621 celebrari
2666 3574 2902 3637 oportet,
2931 3575 3038 3621 etc.

2695 3676 2943 3733 INCIPIT
2985 3676 3167 3733 VITA.

2200 3766 2467 3836 Tempora
2486 3768 2652 3840 igitur
2676 3768 2934 3826 mundani
2966 3770 3116 3842 regni
3154 3786 3252 3841 per
3279 3766 3475 3828 saecula
3498 3772 3729 3829 caduca

437 3870 544 3915 tcm
576 3879 696 3933 qua:
721 3860 986 3917 historiali
1016 3860 1156 3933 stylo
1195 3869 1281 3916 est
1323 3860 1553 3929 depicta,
1608 3873 1709 3928 pro
1733 3858 1901 3914 nimia
1924 3872 2022 3913 ve-
2054 3894 2103 3956 Β
2127 3855 2267 3935 vitm,
2298 3864 2407 3913 etc.

438 3964 637 4009 tnstazc
689 3969 854 4024 penes
909 3967 1008 4006 nos
1060 3953 1319 4013 retinens,
1375 3951 1516 4006 hanc
1568 3951 1832 4021 digestam
1883 3949 2023 4021 stylo

440 4046 584 4100 illius
610 4047 676 4100 ad
711 4047 882 4099 instar
927 4043 1083 4099 vobis
1130 4042 1462 4097 transmitto.
1504 4042 1762 4098 Ordinem
1811 4057 2024 4111 quoque

436 4139 538 4201 rei,
584 4136 817 4205 qualiter
862 4136 1003 4189 hanc
1051 4136 1224 4191 merui
1274 4133 1520 4204 adipisci,
1573 4133 1724 4190 vobis
1777 4134 2029 4191 indicabo

436 4225 587 4280 ln-cvi
618 4238 887 4279 sermone.
951 4223 1007 4277 ln
1057 4222 1252 4277 Braina
1300 4238 1449 4294 ergo,
1498 4225 1786 4293 potestatis
1829 4232 2025 4279 vestrae

432 4317 573 4380 loco,
620 4315 810 4369 eadem
856 4313 978 4369 Vita
1027 4313 1369 4385 negligentiae
1426 4329 1590 4371 causa
1639 4313 1741 4369 fuit
1790 4316 2020 4385 perdita,

437 4409 636 4478 aliique
671 4404 1054 4477 quamplurimi
1107 4404 1249 4462 libri.
1281 4404 1510 4473 Quidam
1561 4414 1740 4461 autem
1791 4405 2022 4461 clericus

435 4496 751 4553 Suessionis
777 4496 1015 4551 civitatis
1057 4494 1127 4551 ab
1169 4494 1451 4551 inventore
1498 4503 1794 4550 mercatam
1823 4504 2020 4549 nostra:

431 4587 725 4645 contribuit
755 4585 900 4656 nepti
953 4586 1299 4641 obtinendam
1349 4586 1404 4640 in
1442 4586 1773 4642 monasterio
1801 4582 1893 4640 Dei
1923 4601 2016 4656 ge-

434 4678 645 4733 nitricis
671 4675 856 4733 Mariae
908 4677 1018 4732 Deo
1052 4686 1319 4743 sacratae;
1376 4676 1575 4747 illaque
1624 4686 1742 4746 post
1779 4676 1894 4731 haec
1932 4675 2017 4729 in-

436 4769 661 4839 terjecto
711 4768 887 4837 exigui
946 4766 1205 4836 temporis
1253 4766 1479 4821 articulo
1530 4766 1774 4821 eamdem
1837 4764 2014 4820 Vitam

434 4859 569 4915 mihi
597 4859 836 4914 muneris
855 4860 1029 4928 gratia
1064 4858 1379 4929 impertivit,
1427 4858 1718 4913 multorum
1748 4872 2013 4912 annorum

431 4948 667 5020 peractis
687 4946 800 5015 jam
847 4946 1151 5002 curriculis.
1201 4945 1471 5001 Praeterea
1522 4944 1662 5000 ﬂexo
1690 4946 1869 5002 cordis
1921 4961 2015 5017 po-

428 5041 564 5112 plite
618 5054 840 5095 oramus
894 5037 1285 5093 muniﬁcentiae
1340 5046 1536 5091 vestrae
1586 5037 1906 5092 modestiam
1958 5047 2015 5093 ut

429 5132 588 5187 nobis
617 5130 787 5186 vicem
824 5128 1211 5197 reimpendatis
1262 5126 1567 5191 cbaritatis,
1597 5126 1804 5183 scilicet
1840 5137 2013 5182 trans-

429 5222 691 5278 mittenda
715 5222 871 5278 nobis
917 5235 1015 5290 per
1045 5219 1291 5290 gerulum.
1330 5227 1572 5274 aostrum
1609 5232 1674 5273 es
1706 5219 1894 5274 eodem
1920 5235 2011 5288 pa-

508 5267 688 5278 ..νιηνν
716 5267 748 5277 σε

430 5319 584 5336 .-Α-Α
610 5322 785 5336 ..-μί-,Α
818 5311 1132 5336 ’.ΑΛΙῖΑΙιζ-ΑΑ
1157 5311 1398 5336 “Au-Anno.
1422 5324 1809 5336 nnnnnmnnmnnnh
1832 5311 1989 5336 ..τη-κη

2647 4044 2921 4101 ADNOTA
2930 4045 3201 4103 TIONES.

2195 4132 2473 4206 Gerardus
2505 4136 2608 4191 iste
2628 4137 2844 4206 praefuit
2868 4136 3245 4195 Suessionensi
3270 4138 3442 4196 sancti
3470 4139 3720 4200 Medardi

2126 4205 2478 4271 monasterio,
2514 4207 2606 4261 ubi
2632 4205 2664 4261 a
2687 4208 2883 4264 stmulo
2905 4223 3051 4263 nono
3076 4208 3307 4265 celebris
3330 4218 3414 4265 est
3448 4215 3716 4269 memoria

2125 4276 2299 4330 sancti
2353 4272 2586 4353 Romani
2642 4278 2878 4348 episcopi
2929 4279 3434 4353 Rothomagensis;
3494 4289 3561 4353 at
3608 4299 3720 4353 quo

2127 4354 2369 4418 tempore
2416 4347 2999 4418 vixerit_,'operosum
3062 4359 3147 4403 est
3207 4347 3462 4407 delinire.
3514 4347 3719 4408 Mullus

2124 4414 2324 4494 quippe
2354 4414 2883 4494 legitttusﬁcra'rdos
2911 4419 2962 4494 in
3010 4418 3259 4494 catalogo
3287 4420 3543 4494 abbatum
3567 4424 3713 4494 ejus-

2123 4487 2273 4560 dem_
2300 4487 2655 4560 monasterii;
2689 4487 2887 4560 multos
2935 4488 3063 4543 item
3111 4487 3363 4560 "egeries
3412 4487 3715 4549 R'otltoina-

2158 4555 2611 4629 cnsisnEcclesiae
2650 4559 3108 4629 arclticpiscopos,
3143 4555 3236 4613 sed
3288 4559 3468 4615 nullus
3516 4576 3586 4616 ex
3626 4563 3713 4617 his

2171 4627 2382 4681 erardis
2432 4627 2953 4703 temporeconvcnit
2981 4627 3102 4683 cum
3127 4629 3241 4703 ullo
3284 4630 3527 4703 l_l_ugoue.
3557 4630 3709 4697 Qua-

2120 4707 2345 4772 prOpter
2368 4697 2624 4772 existimo
2648 4698 2947 4772 Gerardum
2995 4700 3268 4772 praedictae
3298 4697 3435 4755 Vitae
3468 4703 3707 4772 scripto-

2121 4770 2247 4819 rem‘
2280 4783 2393 4839 ‘non
2442 4767 2615 4839 fuisse
2669 4768 2918 4839 abbatem
2944 4810 2963 4839 ,ν
3000 4767 3108 4824 sed
3138 4770 3420 4839 idecanum
3465 4767 3709 4839 eiusdem

2121 4835 2352 4912 ρωποὺῇ
2376 4838 2473 4892 sub
2502 4836 2698 4912 abbate
2728 4838 2971 4912 saeculari
2997 4855 3010 4904 ;
3051 4846 3106 4892 ct
3136 4838 3434 4912 llu‘gonem,
3461 4835 3548 4895 citi
3570 4857 3712 4912 opus

2121 4922 2277 4988 suum
2310 4906 2584 4991 Gcrardus
2619 4909 2967 4988 nuncupavit,
3018 4923 3147 4991 esse
3186 4906 3462 4991 lfggonem
3498 4925 3566 4965 eo

2120 4978 2264 5050 mine
2310 4978 2635 5050 secundum,
2671 4977 2771 5050 qui
2820 4994 2888 5032 ex
2938 4979 3203 5050 monacho
3233 4977 3567 5050 Dionysialto
3597 4981 3712 5036 Ro—

2123 5046 2529 5117 thomagensem
2559 5046 2853 5117 Ecclesium
2881 5049 3021 5102 rexit
3049 5050 3116 5102 ab
3136 5064 3277 5105 anno
3303 5046 3410 5105 942
3446 5052 3499 5105 in
3529 5067 3708 5107 annos

2118 5125 2241 5170 octo
2268 5115 2327 5169 et
2352 5115 2555 5185 viginti.
2609 5115 2769 5172 Certe
2816 5132 2882 5173 eo
2930 5126 3169 5186 tempore
3219 5130 3459 5174 castrum
3505 5120 3705 5176 Braina

2119 5186 2313 5259 eratin
2354 5194 2618 5255 potestate
2649 5186 2901 5259 Ecclesiae
2938 5188 3390 5259 Botltomagensis
3427 5205 3443 5256 ;
3501 5201 3557 5245 et
3598 5189 3707 5247 Ile-

2039 5244 2088 5308 C
2119 5244 2562 5336 [ibertas-comes
2604 5273 2794 5336 agrum
2847 5244 3312 5336 SuessiottensEnt,
3344 5244 3702 5336 atq'ueetiatn
