4026 6312
540 407 649 466 175

541 516 786 591 Namun
814 508 1052 568 senatori
1083 507 1261 578 sopito
1288 513 1530 575 tempore
1560 501 1666 556 leni

540 607 779 680 Angelus
804 617 1072 675 apparens
1101 599 1239 654 facie
1260 595 1636 677 prtefulgidus,
1666 591 1872 661 inquit:

541 700 656 755 Pax
688 697 784 753 tibi
821 692 1068 751 decuriis
1094 690 1184 754 sit;
1220 687 1303 743 vir
1335 685 1624 741 Benedicte
1651 681 1848 747 ﬁdelis,

540 789 750 846 Gaudia
778 800 971 857 magna
1002 782 1098 837 tibi
1124 779 1354 851 spondet
1388 776 1663 846 Regnator
1688 773 1913 846 olympi,

538 876 648 934 Per
676 883 762 933 me
788 876 1025 946 legatum
1053 871 1148 926 dat
1174 883 1368 924 munus
1405 866 1608 921 habere
1634 864 1873 919 beatum.

539 951 797 1030 Felicitas
819 949 945 1022 felix
982 976 1207 1035 puerum
1246 959 1342 1015 tibi
1378 958 1574 1029 pignus
1602 957 1912 1019 honestum,

540 1059 771 1116 Nomine
798 1056 1102 1111 Romanum
1127 1048 1349 1105 virtutis
1378 1045 1615 1103 culmine
1653 1056 1930 1115 magnum,

542 1151 642 1218 Qui
672 1146 869 1219 praesul
898 1142 1102 1216 populi,
1138 1140 1231 1212 qui
1257 1147 1446 1210 pastor
1476 1137 1571 1191 fiet
1593 1134 1769 1199 ovilis,

541 1237 779 1311 Signifer
804 1234 1080 1300 Ecclesiae,
1109 1229 1371 1302 praeclara
1403 1227 1626 1281 lucerna
1656 1224 1880 1294 sophize,

539 1331 649 1388 Pro
670 1329 882 1385 meritis
910 1339 1121 1383 summa
1144 1320 1373 1377 Deitatis
1399 1318 1454 1373 in
1481 1315 1596 1373 :ede
1625 1314 1895 1371 columna.

538 1423 644 1480 Hic
677 1421 783 1478 erit
803 1429 860 1474 et
887 1417 1072 1473 multis
1097 1423 1316 1470 aeternae
1344 1409 1517 1467 forma
1554 1407 1768 1473 salutis,

540 1517 622 1571 Ac
644 1510 1055 1568 commissarum
1083 1505 1275 1561 doctor
1300 1501 1471 1558 solers
1495 1499 1822 1554 animarum.

539 1605 638 1662 His
665 1606 736 1660 ita
770 1600 1014 1673 prolatis,
1051 1613 1110 1653 se
1143 1593 1379 1651 reddidit
1413 1590 1635 1661 angelus
1665 1587 1847 1644 astris.

539 1696 767 1755 Excitus
795 1706 984 1749 somno
1011 1703 1131 1760 quae
1167 1686 1377 1742 viderat
1402 1681 1635 1754 inclytus
1666 1680 1824 1734 heros

541 1787 710 1843 Uxori
743 1783 923 1840 retulit
950 1799 964 1836 :
996 1781 1056 1834 fit
1080 1778 1321 1850 gaudens
1351 1787 1577 1830 munere
1606 1768 1828 1827 Christi.
1884 1820 1893 1825 -

538 1878 650 1934 Nec
681 1891 833 1932 mora
856 1872 1130 1941 concepit;
1164 1877 1356 1939 partus
1387 1864 1617 1921 feliciter
1644 1861 1780 1927 exit,

540 1970 773 2027 Nomine
804 1968 1128 2029 Romanum,
1156 1975 1316 2032 quem
1338 1955 1564 2029 protulit
1589 1954 1733 2010 unda
1761 1956 2027 2017 renatum;

542 2062 646 2130 Qui
675 2066 825 2116 tonet
850 2056 1036 2113 arterni
1065 2053 1249 2109 divino
1280 2049 1501 2106 flumine
1528 2046 1720 2113 Verbi;

542 2152 644 2220 Qui
677 2150 804 2205 tuba
839 2145 1077 2203 caelestis
1105 2142 1310 2213 pellens
1339 2136 1679 2194 incommoda
1708 2134 1880 2205 pestis

540 2242 780 2299 Crimina
806 2236 1152 2310 pcrmundet,
1174 2233 1304 2288 rivis
1332 2228 1551 2301 pietatis
1585 2227 1843 2282 abundet.

612 2331 829 2387 Plaudit
852 2338 1080 2396 uterque
1108 2337 1305 2395 parens
1328 2320 1511 2375 divino
1549 2324 1771 2372 munere
1797 2313 2056 2386 gaudens.

541 2423 695 2479 Felix
729 2418 1028 2488 auspicium
1056 2414 1208 2485 pueri
1237 2412 1341 2468 sibi
1368 2408 1606 2482 prtctulit
1635 2417 1805 2472 ortus,

539 2511 639 2568 Cui
668 2518 850 2581 pateat
880 2506 1053 2563 dulcis
1090 2502 1381 2574 tranquilla
1407 2516 1506 2571 per
1530 2513 1748 2569 aequora
1774 2507 1965 2568 portus

540 2605 610 2660 Et
635 2602 1006 2675 paradisiacus
1036 2612 1130 2668 per
1160 2595 1391 2667 plurima
1418 2592 1624 2647 semina
1664 2603 1919 2658 campus;

541 2698 641 2755 Cui
663 2697 824 2752 detur
856 2693 1029 2749 rutilis
1060 2690 1258 2746 ardens
1280 2687 1527 2742 diadema
1567 2682 1774 2738 berillis

542 2793 671 2849 Post
700 2788 862 2844 stadii
891 2799 1133 2847 cursum,
1162 2790 1287 2852 post
1314 2780 1438 2834 vitae
1468 2776 1722 2848 praxpetis
1751 2790 1929 2829 usum.

542 2882 698 2937 Nune
723 2878 924 2951 puerile
957 2877 1124 2931 decus
1150 2872 1388 2942 reliquos
1419 2886 1483 2924 ac
1512 2866 1759 2937 praesulis
1790 2876 1944 2920 actus

543 2975 833 3030 Percurrat
860 2971 1100 3026 calamus
1126 2968 1310 3023 divino
1339 2965 1559 3020 flamine
1588 2971 1789 3017 tactus.

545 3068 799 3122 Exterius
822 3079 1053 3119 vernans
1080 3061 1175 3117 sed
1203 3070 1256 3116 et
1287 3060 1432 3114 intus
1453 3057 1607 3129 pusio
1640 3055 1764 3111 talis

544 3159 813 3216 Nobilium
849 3157 1023 3226 primo
1051 3153 1290 3208 nutritur
1319 3153 1373 3206 in
1402 3152 1517 3205 aede
1548 3157 1857 3220 parentum,

546 3250 813 3308 UtJacob
838 3246 1067 3318 simplex
1091 3242 1343 3301 eillorens
1372 3241 1552 3296 indole
1581 3255 1812 3295 morum.

546 3343 805 3399 Traditur
834 3340 960 3394 hinc
988 3335 1208 3401 scholis,
1257 3334 1589 3404 sapientibus
1619 3350 1683 3387 ac
1707 3328 2038 3401 paedagogis,

547 3435 618 3493 Ut
648 3432 929 3504 tripertita:
950 3437 1167 3499 caperet
1193 3427 1514 3483 documenta
1544 3426 1771 3495 sophiae.

550 3524 786 3595 Spiritus
817 3523 960 3577 hunc
981 3528 1202 3574 sanctus
1239 3516 1432 3572 ditavit
1458 3530 1680 3570 munere
1713 3514 1828 3580 tali,

546 3616 617 3671 Ut
646 3632 742 3686 per
774 3627 967 3684 magna
995 3602 1148 3665 brevi
1180 3616 1394 3679 saperet
1422 3606 1677 3678 mysteria
1715 3604 1921 3662 Christi

550 3710 682 3776 Qiue
714 3706 861 3761 rudis
891 3719 955 3758 ac
986 3700 1185 3757 veteris
1211 3697 1486 3755 concludit
1514 3698 1709 3769 pagina
1738 3696 1890 3767 legis.

617 3799 746 3853 inde
773 3795 1066 3867 palatinam
1095 3792 1171 3847 de'
1191 3806 1340 3846 more
1378 3798 1605 3845 vocatur
1637 3790 1704 3844 ad
1741 3789 1953 3854 aulam;

558 3888 900 3959 Vestiturque
932 3898 1054 3956 toga
1085 3885 1257 3954 magis
1283 3882 1478 3938 ardens
1506 3880 1689 3937 cmlibe
1716 3881 1828 3937 vita

554 3984 695 4037 intra
722 3989 898 4035 castra
926 3977 1020 4032 Dei
1050 3976 1281 4031 devotus
1312 3973 1468 4027 miles
1499 3971 1711 4026 haberi.

552 4068 999 4126 lliranturvalde
1026 4067 1286 4135 primates
1318 4063 1482 4117 totius
1507 4060 1643 4115 aulae

548 4163 854 4234 Ingenium,
896 4157 1332 4227 ritores,lsetisum
1364 4154 1600 4223 iabiique
1628 4153 1867 4207 nitorem'

549 4256 656 4311 Per
677 4270 796 4325 quae
825 4251 1083 4322 majorem
1119 4248 1262 4317 regis
1289 4244 1532 4316 percepit
1559 4259 1820 4300 amorem.

624 4357 835 4411 Interea
865 4348 1068 4421 prtesul‘
1094 4345 1348 4416 migravit
1384 4342 1860 4413 Rothomagensis,

553 4451 621 4505 Et
651 4458 781 4518 grex
815 4442 1051 4514 pastoris
1075 4438 1330 4494 viduatus
1368 4444 1543 4491 morte
1566 4434 1848 4490 remansit.

556 4539 715 4597 Unde
746 4537 848 4592 sibi
869 4545 1117 4605 quaerens
1142 4529 1234 4600 qui
1268 4537 1417 4583 tanto
1439 4526 1625 4597 praesit
1655 4526 1811 4593 ovili,

556 4630 658 4699 Qui
691 4635 841 4697 reget
870 4623 1164 4681 Ecclesiam
1195 4620 1376 4691 digne,
1403 4618 1554 4672 velut
1576 4617 1786 4672 assecla
1814 4616 2035 4680 Christi,

558 4721 724 4777 Audit
756 4719 1058 4791 Romanum
1098 4713 1240 4769 fama
1269 4711 1521 4782 vulgante
1547 4710 1788 4783 beatum,

556 4809 677 4864 Prae
701 4807 915 4865 eunetis
944 4813 1214 4867 sanctum,
1252 4801 1478 4857 summis
1512 4798 1805 4859 virtutibus
1835 4807 2074 4860 auctum,

559 4901 721 4971 Optat
749 4907 805 4954 et
829 4896 1074 4967 exposcit
1103 4903 1252 4949 tanto
1280 4900 1496 4963 pastore
1521 4890 1712 4956 levari,

561 4992 677 5049 Hoc
708 4999 915 5046 rectore
943 4987 1079 5058 regi,
1104 4984 1194 5040 tali
1212 4997 1426 5054 gemma
1459 4980 1725 5037 decorari.

562 5084 679 5140 Rex
709 5082 795 5138 ubi
827 5081 1159 5135 Francorum
1182 5076 1450 5148 persensit
1470 5074 1703 5130 amabile
1728 5080 1930 5136 votum,

564 5175 752 5232 Totius
786 5172 1025 5229 occiduae
1047 5172 1224 5243 gentis
1252 5182 1648 5240 procerumque
1677 5180 1898 5221 suorum

567 5265 803 5322 Consilio
832 5262 983 5318 favit.
1011 5260 1164 5328 Quod
1200 5259 1352 5331 plebs
1384 5255 1691 5327 expostulat
1718 5255 1869 5309 audit

564 5357 705 5429 Erga
738 5353 1080 5426 magnificum
1108 5350 1306 5408 summi
1336 5349 1562 5404 rectoris
1586 5346 1841 5403 amicum.

565 5451 707 5519 Ergo
729 5448 1053 5505 renitentem
1081 5444 1327 5516 quamvis
1354 5441 1671 5513 pondusque
1694 5447 2006 5511 paventem,

569 5550 810 5605 Electum
829 5545 1046 5600 Domini
1071 5544 1374 5599 Romanum
1399 5540 1635 5596 destinat
1657 5538 1796 5594 urbi.

638 5640 684 5698 Ο
711 5639 909 5697 Christi
940 5638 1134 5710 pietas,
1164 5636 1254 5706 qui
1284 5649 1464 5690 rerum
1495 5639 1694 5688 tractat
1715 5632 1974 5694 habenas,

570 5734 798 5791 Ordinat
819 5740 874 5786 et
893 5738 1074 5786 servat
1094 5744 1213 5800 quae
1235 5727 1472 5783 condidit
1493 5734 1653 5795 atque
1680 5725 1974 5794 gubernat!

573 5826 813 5895 Namque
836 5821 961 5878 viro'
979 5819 1209 5887 Demini,
1228 5818 1338 5888 jam
1360 5828 1544 5891 portas
1575 5817 1916 5890 ingredienti,

1276 394 1567 453 APPEND.
1610 395 1703 451 AD
1742 390 1918 450 SEC.
1956 387 2024 442 Χ.
2068 417 2137 430 -
2175 386 2546 447 AUCTORES
2576 387 2741 444 ANNI
2771 386 3066 447 lNCER'l'I.
3690 392 3779 447 476

2153 481 2202 541 Α
2234 497 2305 554 Ut
2330 497 2601 555 Salvatori
2639 497 2840 554 dudum
2875 497 3149 570 Solymam
3180 498 3436 564 venienti,

2230 588 2399 646 Obvia
2424 591 2692 663 processit
2720 591 2808 661 pia
2837 591 2986 663 plebs
3012 605 3136 648 cum
3169 592 3412 649 laudibus
3432 593 3619 651 omnis.

2231 681 2410 754 thue
2438 685 2608 755 magis
2632 692 2873 755 stupeas,
2903 685 3133 741 Domino
3158 684 3424 757 praeconia
3452 690 3656 761 reddas,

2229 772 2331 841 Qui
2359 774 2450 829 vix
2472 773 2623 829 effari
2653 782 2925 843 poterant,
2947 775 3205 832 divinitus
3229 778 3337 833 acti

2235 865 2382 953 Voce
2406 867 2568 953 simul
2605 866 2752 922 clara
2783 867 2936 938 pueri
2975 868 3338 935 modulantur,
3378 869 3638 939 Bosanna,

2230 952 2336 1025 Qui
2365 950 2648 1015 benedicte
2677 960 2827 1016 venis
2859 956 3154 1018 clamantes
3182 958 3399 1019 nomine
3425 963 3639 1019 Christi.

2230 1049 2396 1107 Dulce
2423 1060 2625 1107 canunt
2653 1067 2898 1118 carmen,
2928 1054 3070 1122 quod
3113 1069 3215 1123 par
3254 1062 3566 1110 cantaverat
3592 1071 3783 1128 agmen,

2229 1142 2364 1197 Cum
2396 1142 2490 1196 tibi
2519 1151 2644 1198 nata
2675 1142 2805 1198 Sion
2838 1144 3057 1199 humilis
3079 1159 3171 1200 rex
3201 1153 3362 1215 atque
3385 1148 3649 1201 modestus

2230 1231 2349 1287 Non
2381 1233 2681 1288 Pharaonis
2705 1234 2861 1303 equis
2891 1235 3154 1302 graditur,
3191 1250 3291 1291 nec
3320 1235 3565 1292 curribus
3591 1235 3726 1303 altis,

2231 1322 2340 1378 Sed
2367 1325 2592 1379 veniens
2621 1325 2796 1390 asino,
2827 1326 2915 1380 cui
2941 1326 3111 1381 servit
3135 1326 3356 1382 ctelicus
3382 1327 3533 1392 ordo,

2231 1412 2366 1468 Cum
2398 1428 2564 1483 pecus
2593 1415 2869 1486 exiguum,
2907 1416 3174 1487 petulans,
3210 1416 3443 1487 ignobile
3468 1419 3698 1484 brutum,

2230 1501 2349 1569 Quo
2373 1503 2543 1574 spirat
2582 1504 2811 1561 mundus
2838 1513 3077 1574 gestaret
3105 1505 3284 1563 nobile
3303 1508 3528 1577 pondus.

2230 1591 2358 1649 Haec
2385 1608 2565 1665 regem
2596 1595 2746 1665 pacis
2776 1595 2956 1652 decuit
2978 1598 3258 1668 processio
3290 1599 3431 1664 talis,

2233 1685 2303 1741 Ut
2328 1686 2429 1742 sibi
2459 1702 2582 1742 cura
2614 1688 2828 1757 palmis,
2856 1704 2962 1744 non
2988 1705 3112 1745 cum
3142 1691 3456 1746 crudelibus
3480 1688 3647 1745 armis

2232 1777 2395 1833 Plebs
2414 1778 2590 1833 exiret
2618 1794 2815 1844 ovans,
2844 1779 3009 1836 flores
3045 1781 3269 1836 ramalia
3310 1791 3553 1852 portans,
3628 1828 3633 1831 .

2156 1861 2205 1920 B
2234 1868 2366 1937 Qua:
2398 1870 2520 1924 vitae
2548 1878 2752 1925 sertum
2780 1871 2997 1943 signant
3027 1874 3207 1943 regale
3246 1881 3526 1942 tropaeum,

2233 1961 2350 2029 Quo
2380 1961 2619 2018 moriens
2651 1972 2878 2018 mortem
2909 1963 3082 2019 victor
3105 1979 3320 2034 pessum
3346 1964 3493 2020 dedit
3513 1965 3733 2021 hostem.

2231 2056 2322 2112 Sic
2352 2056 2539 2113 insons
2564 2058 2675 2112 vita
2700 2056 2981 2113 Romanus
3010 2057 3078 2113 ab
3106 2057 3284 2114 indole
3306 2059 3502 2126 prima.

2226 2147 2460 2204 Caelitus
2482 2147 2721 2219 eligitur,
2760 2148 2942 2203 (liiina
2965 2148 3126 2203 laude
3148 2150 3383 2218 potitur,

2230 2241 2399 2308 Quem
2431 2239 2573 2295 Deus
2600 2255 2883 2295 assumens
2919 2248 3175 2310 tanquam
3214 2241 3315 2296 sub
3353 2238 3584 2311 tegmine
3612 2238 3789 2297 lumer.

2228 2327 2381 2399 COgit
2396 2327 2461 2382 ad
2478 2327 2781 2398 exemplum
2799 2328 3007 2383 cunctis
3022 2328 3200 2385 lucere
3216 2343 3313 2400 per
3326 2343 3448 2385 eum
3469 2324 3527 2399 [i.
3550 2342 3595 2382 ι.
3616 2321 3791 2393 aevum]

2226 2422 2432 2478 Ardeal
2461 2430 2519 2477 ut
2556 2436 2683 2477 vera
2715 2402 2923 2478 Christi
2944 2422 3155 2494 fulgore
3178 2423 3435 2490 hicerna;

2228 2512 2341 2569 Nec
2364 2521 2790 2593 consumeretur,
2823 2512 3093 2568 defectum
3119 2515 3203 2569 vel
3241 2517 3502 2585 patiatur,

2227 2590 2565 2673 lrradietque
2596 2590 2815 2661 domum
2850 2621 2954 2661 non
2982 2607 3373 2678 exstinguenda
3406 2621 3503 2678 per
3526 2617 3665 2660 eum.

2301 2699 2443 2771 Ergo
2467 2699 2561 2754 Dei
2587 2713 2745 2755 servo
2768 2700 2909 2754 sicut
2937 2715 3095 2754 sacer
3114 2701 3323 2769 expetit
3345 2699 3483 2756 ordo

2230 2791 2405 2846 luvito
2429 2791 2679 2862 quamvis
2704 2792 2865 2847 datur
2886 2791 3055 2847 infula
3087 2792 3449 2863 pontificalis;

2231 2876 2401 2951 Digne
2426 2891 2698 2948 sacratur,
2727 2882 2961 2952 pastoris
2988 2882 3115 2937 sede
3142 2880 3372 2938 locatur.
3402 2888 3409 2889 ⁷

2232 2974 2561 3045 Tripudiant
2581 2988 2770 3029 omnes
2796 2974 3097 3043 praesertim
3129 2974 3611 3043 Rothomagenses,

2233 3068 2376 3125 Grex
2415 3070 2597 3141 ovium
2629 3056 2834 3124 Christi
2872 3068 3078 3138 plaudit
3106 3056 3206 3123 sub
3234 3066 3463 3138 praesule
3492 3063 3604 3130 tali,

2235 3158 2337 3226 Qui
2370 3159 2596 3214 Domino
2624 3158 2747 3214 cmli
2775 3172 2834 3214 se
2865 3166 2974 3213 tota
3010 3167 3191 3213 mente
3217 3158 3448 3228 subegit.

2234 3250 2434 3306 Terrea
2463 3258 2843 3314 contemnens,
2878 3249 2951 3303 nil
2983 3259 3180 3318 prteter
3216 3245 3497 3304 commoda
3526 3248 3788 3313 quarens:

2234 3343 2444 3401 Caetera
2467 3342 2821 3407 distribuens,
2847 3341 2951 3396 sibi
2981 3341 3143 3412 frugi,
3172 3341 3356 3411 largus
3380 3335 3595 3407 egenis;

2236 3434 2421 3491 Hostis
2449 3434 2714 3498 avaritiae,
2740 3448 2860 3502 qua:
2882 3433 3118 3503 pessima
3141 3440 3337 3503 regnat
3362 3429 3586 3499 ubique,

2236 3527 2365 3594 Quae
2391 3534 2582 3596 gravat
2608 3524 2752 3579 hunc
2782 3523 3041 3578 mundum
3077 3523 3246 3579 cmlos
3268 3538 3340 3578 ne
3367 3518 3537 3593 possit
3564 3514 3721 3569 adire.

2237 3614 2351 3672 Non
2380 3615 2781 3685 exstinguihilis
2812 3630 2970 3685 rogus
2994 3615 3213 3681 ardens,
3254 3613 3427 3669 tristis
3458 3603 3673 3667 herinis,

2237 3708 2503 3765 Omnibus
2537 3708 2641 3762 hoc
2672 3706 2863 3761 vitium
2898 3705 3075 3760 vibrat
3105 3704 3300 3759 lethale
3335 3711 3597 3759 venenum
3627 3708 3641 3747 :

2240 3800 2499 3856 Praelatos
2529 3797 2794 3862 stimulat,
2830 3797 3104 3867 subjectos
3130 3796 3370 3866 denique
3399 3792 3604 3865 pulsat;

2240 3891 2538 3947 Ecclesiam
2569 3898 2768 3954 vastat,
2802 3889 3088 3958 populares
3106 3888 3347 3957 undique
3370 3886 3569 3941 mactat
3594 3893 3610 3930 :

2240 3982 2495 4036 lmmutat
2521 3995 2723 4045 mores,
2748 3979 2983 4051 indignis
3007 3987 3233 4050 praestat
3266 3978 3502 4036 honores
3530 3989 3544 4024 :

2242 4071 2448 4128 Nobilis
2473 4082 2526 4127 et
2554 4072 2738 4127 clarus
2756 4071 2934 4126 subito
2960 4070 3229 4125 vocitatur
3254 4081 3475 4130 avarus,

2248 4162 2462 4234 Ve‘rtig‘o
2488 4162 2717 4232 pridem,
2748 4177 2906 4231 quem
2940 4160 3145 4216 fecerat
3172 4176 3277 4214 una
3308 4156 3595 4227 Quiritem,

2144 4311 2149 4315 .
2246 4241 2351 4311 Sed
2381 4253 2708 4310 furiosorum
2732 4269 2839 4307 non
2876 4253 2958 4309 vis
2984 4252 3188 4323 pepulit
3217 4252 3583 4307 dominorum.

2246 4345 2540 4416 Subjectus
2577 4329 2740 4406 vitiis,
2769 4344 2960 4399 vinclis
2987 4358 3279 4414 oppressus
3304 4340 3528 4411 iniquis,

2247 4436 2315 4492 Et
2335 4437 2580 4507 quamvis
2610 4436 2791 4492 subito
2819 4436 2892 4490 sit
2913 4434 3077 4504 judex
3107 4436 3282 4491 tristis
3312 4447 3496 4504 agaso,

2253 4531 2336 4587 Sit
2370 4531 2580 4602 pollens
2612 4530 2797 4596 rebus,
2829 4538 3007 4586 tamen
3036 4531 3148 4585 exit
3174 4531 3403 4586 crimine
3424 4533 3630 4583 servus.

2179 4584 2225 4640 Β
2256 4621 2532 4676 Humanas
2558 4621 2705 4692 leges
2735 4620 2918 4691 regina
2942 4621 3170 4690 pecunia
3200 4628 3414 4679 tractat.

2258 4714 2321 4769 Et
2349 4714 2491 4783 quod
2520 4713 2807 4783 lugendum
2838 4714 3056 4785 gravius
3086 4714 3420 4784 multumque
3457 4697 3749 4764 dolendum.

2255 4794 2371 4876 Ipsa
2403 4814 2706 4876 potestates
2727 4821 3077 4874 corrumpens
3106 4805 3434 4876 spirituales,

2256 4894 2464 4951 Crebro
2491 4895 2768 4950 sacricolis
2797 4893 2960 4950 infert
2986 4894 3298 4952 discrimina
3338 4888 3549 4950 mortis.

2332 4986 2607 5055 Praacipue
2637 4986 2856 5053 multos,
2893 5001 3030 5056 quos
3056 4987 3240 5042 dicunt
3263 4981 3610 5040 simonianos.

2258 5078 2467 5134 invadit
2494 5079 2715 5146 penitus
2740 5076 3051 5132 flammante
3080 5077 3348 5149 cupidinis
3368 5083 3521 5130 testu.

2254 5170 2482 5227 Urdinat
2512 5170 2613 5227 hos
2640 5185 2910 5237 nummus,
2942 5186 3051 5226 non
3079 5170 3204 5227 vitze
3239 5168 3437 5227 nobilis
3465 5166 3642 5217 actus;

2258 5262 2451 5318 Servat
2479 5261 2619 5318 ovile
2642 5261 2819 5334 lupus,
2846 5272 3028 5333 captat
3058 5263 3237 5319 divina
3269 5261 3558 5331 malignus.

2258 5353 2527 5410 Daemonis
2558 5369 2627 5410 ex
2658 5354 2787 5410 nido
2815 5370 2975 5426 quem
3004 5356 3226 5426 protulit
3252 5365 3367 5411 atra
3402 5342 3611 5417 cupido.

2260 5446 2470 5513 Evolat,
2506 5447 2612 5502 alta
2650 5448 2803 5519 petit.
2839 5446 2994 5503 Facit
3030 5447 3131 5503 hoc
3154 5447 3399 5503 absentia
3426 5431 3591 5495 Petri.

2260 5536 2393 5593 Nam
2421 5538 2584 5594 credo
2612 5547 2817 5605 rueret,
2850 5539 2896 5593 si
2925 5537 3137 5608 Cephas
3166 5538 3444 5608 proximus
3470 5525 3630 5582 esset-

2259 5628 2460 5686 Contra
2488 5629 2763 5685 Romanus
2790 5631 2936 5686 subit
2962 5644 3142 5684 arcem
3169 5627 3530 5699 pontificatus,

2260 5722 2429 5790 Quem
2457 5723 2543 5792 pia
2567 5723 2720 5791 plebs
2746 5722 2925 5777 omnis
2958 5697 3184 5778 decreta
3209 5730 3396 5776 tenens
3421 5697 3654 5783 pietatis,

2258 5812 2538 5884 Jejunans,
2562 5814 2806 5886 vigilans,
2837 5814 2976 5871 votis
3004 5814 3218 5870 enixius
3243 5814 3452 5869 instans
3498 5830 3503 5833 -
