4026 6312
226 339 313 394 m
926 370 927 377 γ
1044 332 1428 392 unusunus
1463 333 1528 389 ι).
1562 330 1775 405 uno.“

1867 331 1872 386 ἱ
1900 331 2255 391 SUESSION.
2293 331 2632 393 DECANUS.

1803 432 1855 492 Α
1885 449 1975 505 Sic
1996 449 2209 507 Israelis
2237 459 2421 508 noster
2447 453 2556 508 dux
2578 451 2666 507 ille
2686 449 2874 515 ﬁdelis,

221 451 421 509 leitus
448 449 694 514 obtinuit,
722 448 862 506 sicut
889 450 1215 522 praedixerat
1232 452 1397 523 olim,

220 544 333 611 Ejus
357 541 653 597 melliﬁuum
680 557 998 611 przeconaus
1026 541 1248 613 angelus
1268 552 1470 609 ortum.

222 635 482 689 llistoriam
504 633 654 704 cujus
679 641 860 704 satyra
889 642 1196 704 repetamus
1225 632 1448 689 omissa.

219 725 286 777 Ne
306 723 436 793 quod
464 738 609 789 amor
644 722 834 786 scribit
856 722 1015 785 livori
1045 725 1266 792 deputet
1288 721 1479 787 hostis,

218 816 333 869 Cum
356 814 424 868 sit
448 822 728 883 peccatum
757 829 863 867 non
902 812 1124 869 fraudes
1151 812 1559 884 liypocritarum

219 906 308 975 l’ro
333 892 468 961 dono
493 904 688 977 lingua:
718 904 909 960 saltem
939 919 1197 960 mucrone
1224 902 1410 969 ferire,

219 998 271 1063 lit
293 995 506 1050 nimium
548 995 746 1051 fmzlam
781 996 1016 1067 Cayphze
1045 996 1337 1066 reprobare
1369 995 1703 1051 cathedram.

216 1088 397 1142 Taliter
418 1088 646 1143 elecwm
667 1087 927 1143 divinitus
957 1096 1119 1156 atque
1148 1095 1419 1157 sacratum

217 1178 503 1234 l’ontiﬁcem
527 1188 796 1245 sanctum,
822 1180 983 1252 digno
1007 1179 1152 1234 cultu
1174 1178 1559 1254 venerandum,

218 1270 512 1341 Rothomagi
547 1270 691 1325 cives
719 1270 916 1325 adeunt
946 1269 1190 1341 consulta
1224 1278 1494 1340 petentes,

216 1360 626 1429 Suppliciterque
653 1367 867 1437 rogant,
905 1375 1004 1433 sua
1047 1361 1127 1414 sic
1155 1359 1467 1415 discrimina
1511 1368 1775 1423 narrant;

216 1449 391 1505 Sancte
414 1449 596 1525 Pater,
628 1450 784 1527 nobis
815 1450 981 1525 instat
1009 1448 1338 1505 suavissimus
1365 1447 1558 1514 hostis,

214 1541 428 1595 Plurima
459 1540 657 1619 damna
689 1540 893 1608 ferens,
929 1554 1095 1611 pcncs
1128 1540 1278 1595 urbis
1316 1538 1521 1594 mmnia
1558 1538 1775 1609 degens.

213 1633 293 1703 Est
322 1633 389 1689 ibi
417 1649 541 1689 nam
574 1643 838 1700 castrum,
868 1633 1061 1688 murali
1102 1633 1295 1687 robore
1324 1631 1565 1696 ﬁrmum,

213 1727 262 1783 lu
287 1741 384 1797 quo
411 1725 683 1785 fmdarum
717 1726 910 1782 domus
940 1736 1056 1781 atra
1087 1725 1219 1779 latet
1252 1723 1622 1786 meretricum,

214 1819 509 1877 Foruicibus
545 1821 717 1875 variis
747 1819 908 1876 cmcis
938 1820 1193 1875 abstrusa
1222 1817 1467 1883 latebris.

212 1910 308 1965 Illic
333 1912 552 1985 obsceni
586 1910 784 1984 rivales
815 1926 910 1966 seu
938 1909 1186 1984 parasiti,

213 2001 293 2058 Vel
325 2019 456 2074 quos
483 2005 686 2075 impuri
706 2002 861 2073 juvat
893 2002 1156 2075 ingluvies
1183 2000 1420 2073 Epicuri.

214 2092 363 2149 Sorde
387 2095 638 2165 lupanari
675 2110 890 2165 semper
915 2094 1107 2150 sitiunt
1139 2092 1421 2148 maculari.

212 2183 262 2237 lu
285 2185 452 2239 medio
474 2184 649 2240 castri
676 2193 826 2254 patet
862 2199 988 2239 arca
1019 2197 1172 2238 more
1199 2182 1418 2251 theatri,

212 2273 312 2341 Quo
337 2273 518 2329 fanum
551 2274 784 2330 Veneris
814 2274 1001 2329 titulus
1028 2288 1240 2343 spurcae
1275 2269 1539 2343 mulieris“

212 2363 352 2419 Falso
371 2363 775 2435 frequentatur,
808 2365 974 2437 scorti
1009 2362 1221 2442 species
1248 2368 1573 2434 veneratur.

213 2457 389 2512 Subter
417 2457 583 2529 hians
609 2464 825 2531 antrum
855 2455 1071 2527 penitus
1097 2453 1319 2510 tendens
1340 2453 1395 2507 in
1430 2451 1706 2524 abyssum,

212 2547 451 2605 Faucibus
477 2556 775 2622 angustum
806 2558 1063 2616 tanquam
1095 2544 1335 2618 Stygiale
1357 2542 1686 2622 profundunt

213 2637 310 2692 Non
336 2638 475 2695 valet
499 2637 722 2712 attingi,
748 2635 895 2691 nullo
922 2636 1040 2691 visu
1065 2634 1381 2709 penetrari:

212 2727 435 2783 Claustra
463 2727 556 2782 vel
587 2728 689 2782 hos
717 2726 897 2781 aditus
919 2724 1094 2803 potuit
1133 2722 1468 2794 perfringere
1493 2716 1707 2787 nullus;

214 2817 363 2874 Tanta
386 2818 753 2890 malignorum
784 2817 868 2872 vis
894 2825 980 2871 est
1006 2816 1081 2871 ibi
1108 2813 1521 2869 daemoniorum.

211 2911 393 2978 Altera,
427 2910 659 2985 Sancte,
687 2910 794 2965 tuis
815 2924 912 2980 par
940 2917 1023 2975 est
1055 2906 1287 2978 irruptio
1316 2904 1527 2968 mortis,

212 3001 326 3057 Nam
355 3002 623 3075 Sequanae
665 3010 875 3057 vastum
904 3001 1140 3072 patimur
1164 2998 1457 3055 discrimen
1493 3009 1777 3067 aquarum,

213 3097 328 3151 Dum
357 3106 561 3156 contra
578 3110 785 3152 morem
820 3103 1019 3150 metam
1054 3090 1362 3163 superando
1384 3088 1637 3162 priorem.

210 3187 384 3245 Atreus
409 3188 678 3254 exundat,
709 3187 818 3244 late
849 3186 1083 3244 conﬁnia
1115 3193 1311 3250 vastat,

210 3279 357 3335 zEdes
379 3281 676 3350 subvertit,
699 3293 905 3350 parvos
922 3285 979 3334 et
1000 3276 1069 3333 ad
1102 3278 1267 3348 ubera
1290 3276 1505 3352 perdit,“

212 3370 427 3427 Eritium
452 3370 647 3443 multis
672 3368 837 3441 infert
861 3380 916 3425 et
954 3368 1150 3437 damna
1181 3367 1396 3424 salutis.

209 3462 319 3519 Inde
345 3463 519 3541 dolor,
553 3463 822 3535 planctus,
847 3475 1053 3518 mceror
1080 3476 1187 3517 non
1213 3468 1390 3517 cessat
1415 3473 1656 3526 amarus,

212 3552 418 3610 Casibus
442 3555 500 3610 in
531 3554 700 3609 tantis
726 3569 861 3624 quos
890 3554 1123 3625 impetus
1153 3553 1351 3625 ingerit
1384 3552 1582 3619 amnis,

211 3645 407 3704 Talibus
427 3648 697 3704 aerumnis
727 3645 1013 3716 afﬂigimur
1038 3654 1205 3717 atque
1231 3644 1469 3717 periclis.

209 3737 274 3794 De
298 3741 428 3797 casio
454 3740 623 3797 nobis
652 3739 757 3795 nisi
783 3740 951 3796 stillet
977 3739 1101 3796 fons
1127 3739 1377 3810 pictatis,

209 3832 321 3900 θυῖε
346 3834 554 3890 relevet
579 3834 809 3897 miseros
859 3832 1047 3899 urbem
1073 3832 1349 3889 lutulenda
1378 3832 1542 3889 libido

209 3921 277 3977 Ad
306 3923 511 3981 similes
540 3923 788 3980 Sodomae
814 3937 1006 3994 pinnas
1035 3923 1212 3979 tra‘bet
1236 3937 1409 3994 usque
1434 3918 1771 3979 Gomorrhae.

211 4012 302 4069 Sed
326 4023 432 4080 tua,
466 4015 695 4085 Sancte,
743 4030 958 4081 manus,
1000 4015 1198 4072 solidat
1231 4031 1351 4087 quae
1381 4015 1575 4072 debilis
1605 4023 1777 4071 artus.

212 4103 427 4161 Monstra
455 4117 685 4163 cruenta
717 4106 887 4178 fugat,
919 4107 1040 4162 diva
1071 4107 1270 4164 virtute
1301 4115 1573 4170 coruscat.

210 4193 401 4266 Expuat
429 4197 577 4253 banc
603 4197 801 4263 labem,
830 4196 1117 4269 Babylonis
1143 4199 1373 4260 subruat
1390 4210 1591 4253 arcem.

270 4286 486 4347 Talibus
512 4291 739 4361 auditis,
768 4292 1045 4359 Romanus
1070 4290 1269 4362 praesul
1295 4291 1499 4360 herilis,

211 4377 395 4437 Exorat
421 4382 725 4448 Christum,
752 4383 917 4449 totius
939 4384 1148 4455 egentis
1174 4384 1411 4455 asylum,

211 4468 386 4528 Pareat
414 4484 474 4528 ut
500 4473 713 4534 afﬂictis
740 4473 905 4535 veluti
935 4475 1211 4545 quondam
1236 4474 1521 4540 Ninivitis;

208 4560 418 4621 Avertat
444 4573 506 4622 et
531 4576 780 4633 mortem,
812 4566 1072 4625 bonitatis
1100 4575 1351 4624 conterat
1375 4568 1617 4633 hostem.

211 4650 337 4723 Ergo
360 4656 469 4711 dux
501 4655 625 4712 ﬁdei
653 4670 835 4719 mores
857 4656 928 4712 ad
952 4657 1069 4717 loca
1093 4657 1373 4729 perniciei.

210 4739 270 4796 Et
288 4756 473 4801 contra
502 4745 671 4803 fortes
692 4748 942 4820 proprias
969 4749 1039 4804 ad
1062 4748 1202 4804 bella
1230 4750 1504 4814 cohortes,

212 4833 547 4893 Psalmicines
579 4852 645 4893 ex
673 4855 825 4896 more
863 4856 1075 4913 greges,
1108 4841 1452 4912 reliquosque
1480 4840 1685 4905 ﬁdeles,

211 4922 330 4980 Cum
362 4931 618 4987 crucibus
647 4932 841 4996 sacris.
879 4949 1000 4989 cum
1028 4934 1344 5006 pignoribus
1369 4935 1642 5004 pretiosis.

213 5010 292 5069 Sic
319 5029 563 5073 castrum
596 5021 840 5087 subiens,
867 5023 1163 5093 divinaque
1180 5024 1385 5095 spicula
1410 5025 1600 5096 ﬁgens,

216 5099 404 5161 Fanum
444 5107 736 5175 destruxit,
769 5111 1062 5183 labyrinthi
1091 5114 1328 5172 claustra
1360 5114 1601 5179 revulsit,

217 5191 345 5250 ldola
371 5200 651 5265 contrivit,
684 5201 894 5258 funesta
921 5204 1118 5259 sacella
1151 5205 1402 5269 removit,

218 5277 596 5357 Spurcitiisque
624 5289 801 5353 locum
832 5292 1082 5360 purgavit
1101 5293 1514 5349 daemoniorum.

226 5368 453 5433 Territus
478 5382 765 5450 exsanguis
791 5382 873 5436 vis
904 5381 1048 5440 illico
1078 5384 1313 5453 perdidit
1333 5386 1527 5456 anguis

223 5459 294 5514 Ad
319 5463 518 5522 Christi
546 5468 792 5525 labarum
820 5486 930 5541 quo
967 5470 1217 5542 deposuit
1249 5472 1602 5529 dominatum.

228 5547 291 5605 Ut
311 5559 574 5624 quondam
603 5558 767 5618 Iosue
787 5561 1007 5620 Jericho
1032 5564 1263 5621 bellator
1289 5566 1343 5620 in
1369 5564 1504 5621 urbe

230 5638 415 5702 Oﬁciis
434 5648 644 5707 laudum
667 5669 863 5725 magno
886 5656 1141 5726 clangore
1176 5659 1427 5713 tubarum

234 5730 412 5794 “uenia
443 5746 717 5815 subvertit,
748 5750 1058 5804 muuumina
1097 5764 1323 5821 quaeque
1349 5750 1558 5821 subegit
1590 5770 1603 5804 :

1877 539 2098 596 Cinctus
2120 541 2364 612 utrisque
2402 541 2582 597 choris
2607 541 2787 597 divina
2818 539 2976 596 laude
3003 539 3243 605 canoris,

1877 631 2109 689 Delubra
2131 632 2271 689 fudit
2297 634 2468 699 humi,
2490 634 2686 704 quibus
2716 634 2937 688 exitium
2979 632 3081 689 fuit
3105 630 3275 688 humi.

1876 722 2005 778 Inde
2037 732 2227 793 potens
2249 726 2457 781 meritis
2480 725 2704 781 antistes
2730 724 2928 780 ﬁumen
2955 724 3146 789 adivit,

1879 816 2121 888 Stipatus
2144 816 2328 887 nitidis
2365 819 2574 888 reliqua
2603 834 2725 873 cum
2758 817 2914 887 plebe
2941 816 3224 881 ministris,

1877 906 2240 978 Armatusque
2263 908 2367 963 ﬁde
2390 908 2652 965 calcantis
2678 908 2734 962 in
2759 922 2976 977 :equore
2998 905 3147 962 Petri
3177 923 3190 960 :

1878 993 1981 1059 Per
2011 1012 2205 1053 nomen
2228 997 2463 1064 Triadis,
2494 1014 2592 1068 per
2609 998 2864 1053 virtutem
2895 996 3198 1059 Trinitatis,

1878 1082 2089 1156 Perque
2138 1087 2316 1153 crucis
2361 1087 2593 1158 signum,
2641 1086 2782 1159 quod
2829 1086 3111 1143 submovet
3154 1100 3313 1141 omne
3357 1099 3457 1141 uo«

1949 1181 2152 1251 cirum,

1878 1272 2115 1347 Imperat
2140 1280 2407 1340 utstaret,
2441 1287 2542 1331 nec
2579 1273 2647 1327 ad
2686 1271 2945 1327 ulteriora
2985 1278 3210 1334 mearet,

1881 1364 2050 1431 Quem
2080 1346 2255 1419 tenuit
2278 1364 2510 1434 primum
2538 1370 2788 1434 repetens
2821 1361 2891 1415 ab
2918 1361 3126 1432 origine
3148 1373 3384 1414 cursum.

1880 1453 2042 1510 Paret
2076 1454 2201 1509 huic
2225 1453 2348 1508 ﬁdei
2378 1462 2573 1507 natura
2611 1453 2783 1508 fluens
2813 1451 3089 1514 elementi,

1881 1542 2060 1613 Atque
2083 1542 2258 1597 sinum
2289 1543 2505 1613 repetit,
2542 1557 2643 1598 nec
2673 1542 2818 1612 ripas
2845 1539 3082 1595 ﬂuminis
3115 1538 3245 1593 exit.

1883 1633 1996 1689 Hoc
2024 1633 2291 1710 siquidem
2322 1633 2466 1688 facto
2494 1635 2707 1701 renitet,
2730 1632 3105 1698 sanctissinms
3135 1629 3353 1693 archus,
3452 1699 3461 1704 ἢ

1884 1723 2003 1780 Non
2036 1725 2212 1796 impar
2230 1724 2413 1791 Josue,
2446 1725 2599 1796 cujus
2629 1724 3049 1792 memoravimus
3074 1731 3224 1787 ante,

1883 1818 1983 1885 Qui
2012 1818 2238 1873 Domino
2264 1817 2385 1873 coeli
2410 1818 2636 1874 devotus
2662 1826 2842 1872 mente
2864 1815 3008 1870 ﬁdeli

1884 1907 2167 1983 Debellans
2188 1909 2404 1964 hostem
2430 1907 2592 1980 jussit
2612 1907 2907 1964 subsistere
2934 1906 3128 1972 solem,

1880 1998 2060 2055 Donec
2086 1999 2423 2075 inexhaustis
2449 2001 2595 2056 acies
2629 1998 3177 2056 consumerctarmis.

1879 2085 1986 2143 Par
2012 2089 2182 2145 virtus
2204 2090 2379 2146 radiat
2405 2089 2651 2160 quamvis
2678 2089 2880 2145 distent
2906 2087 3196 2144 elementa.

1879 2179 2013 2234 Nam
2044 2180 2356 2268 si‘qusisset
2384 2182 2522 2237 ratio
2548 2180 2633 2236 vel
2660 2195 2824 2237 causa
2861 2167 3071 2245 fuisset,

1879 2271 2034 2328 Sicut
2056 2282 2111 2328 et
2141 2274 2282 2329 unda
2308 2271 2499 2340 ﬂuens,
2531 2272 2609 2329 sol
2636 2273 2752 2343 ipse
2774 2287 2872 2343 per
2900 2271 3069 2326 ardua
3097 2284 3324 2327 currens
3390 2324 3397 2329 .

1880 2361 2151 2418 Redderet
2170 2364 2512 2433 obsequium,
2545 2378 2645 2418 nec
2679 2359 3153 2431 abessctpraeclue
3175 2359 3410 2430 signum.

1884 2454 2022 2511 Urbs
2059 2457 2133 2511 ita
2155 2456 2414 2523 salvatur,
2439 2457 2711 2528 tantisque
2747 2455 2904 2511 malis
2940 2454 3227 2526 spoliatur,

1882 2548 2098 2606 Fertilis
2125 2560 2180 2605 et
2218 2549 2375 2620 pleno
2399 2549 2539 2605 ridet
2577 2549 2680 2605 sibi
2707 2549 2861 2620 copia
2892 2563 3097 2618 cornu,

1835 2669 1849 2689 ο
1877 2645 2025 2703 Mors
2055 2640 2211 2712 fugit,
2243 2643 2415 2698 hostis
2450 2643 2624 2703 abest.
2652 2656 2792 2712 aqua
2822 2649 2949 2704 stat,
2988 2638 3205 2695 devotio
3242 2636 3461 2710 gaudet;

1883 2731 2088 2788 Praesul
2118 2732 2171 2786 in
2203 2731 2442 2799 Ecclesia
2472 2732 2678 2802 plaudit
2701 2730 2966 2801 prmconia
2998 2730 3180 2798 digna.

1806 2815 1815 2821 ⁷
1879 2821 2129 2877 Christus
2158 2821 2441 2895 aduratur,
2466 2836 2572 2892 quo
2598 2822 2679 2878 vis
2704 2822 2926 2878 inimica
2943 2820 3186 2892 fugatur,

1880 2911 2045 2983 Virgo
2074 2912 2323 2968 laudatur
2346 2928 2439 2983 per
2464 2924 2627 2983 quam
2656 2912 2941 2984 Cytheram
2975 2925 3266 2987 crematur,

1881 3004 2174 3062 Prostibuli
2195 3020 2410 3061 ccenum
2442 3005 2606 3061 decus
2636 3005 2739 3062 hoc
2769 3005 3003 3063 abolevit
3029 3022 3327 3065 amomum.

1804 3127 1852 3192 ε
1883 3099 1926 3154 Ο
1953 3098 2081 3153 felix
2107 3098 2332 3154 nimium
2361 3098 2562 3155 meruit
2589 3115 2709 3170 quae
2741 3100 2964 3173 gignere
2987 3101 3287 3167 Christum,

1886 3188 2083 3245 Munda
2105 3188 2287 3245 ferens
2312 3190 2591 3254 mundum,
2617 3191 2710 3247 sed
2736 3192 3087 3249 mundiﬁeata
3113 3208 3210 3263 per
3240 3193 3450 3262 ipsum;

1884 3281 2047 3352 Virga
2085 3295 2280 3351 gerens
2312 3280 2522 3348 ﬁorem,
2546 3281 2767 3352 capiens
2797 3282 2894 3338 sed
2922 3280 3055 3339 ﬁere
3081 3281 3351 3338 virorem!

1882 3374 2047 3446 Virgo
2077 3385 2252 3431 mater
2271 3389 2392 3441 ave,
2423 3383 2571 3431 tanta
2601 3374 2849 3431 redoleas
2878 3376 3102 3446 pietate,

1882 3463 2093 3533 Quanta
2124 3464 2282 3522 laude
2314 3465 2502 3531 micas,
2533 3473 2589 3520 et
2605 3465 2811 3520 sanctis
2834 3463 2997 3520 altior
3021 3472 3231 3529 exstas,

1878 3556 2081 3629 Inclyta
2109 3571 2222 3626 prae
2250 3556 2460 3617 eunetis
2489 3555 2690 3611 carnali
2726 3564 3011 3611 stemmate
3039 3554 3257 3620 functis,

1881 3649 1986 3705 Per
2016 3658 2068 3705 te
2096 3651 2419 3722 gaudentem
2442 3649 2529 3719 pia
2556 3658 2780 3720 protege
2805 3648 3020 3704 caelitus
3060 3649 3268 3703 urbem.

1880 3739 1959 3795 Ne
1976 3740 2143 3810 judex
2172 3738 2343 3803 feriat,
2374 3739 2608 3810 gladium
2640 3738 2909 3808 suspende
2932 3738 3209 3795 minantis.

1882 3830 1961 3886 Ne
1990 3830 2211 3887 damnet
2240 3830 2488 3894 miseros,
2520 3830 2655 3885 iram
2676 3845 2963 3901 compesce
2993 3829 3275 3886 Tonantis.

1883 3921 2064 3978 Prima
2096 3922 2207 3979 Deo
2231 3936 2470 3994 przeseus
2492 3922 2779 3978 mediatrix
2807 3930 2926 3978 esto
2953 3931 3192 3984 tuorum,

1884 4013 2051 4085 Spem
2070 4013 2241 4069 venia:
2269 4011 2535 4079 referens,
2576 4028 2645 4068 ne
2683 4011 2806 4068 labe
2826 4019 2989 4066 ruant
3018 4011 3294 4065 vitiorum.

1884 4106 2049 4162 Stella
2073 4104 2263 4171 maris,
2295 4114 2501 4176 portus,
2530 4104 2821 4175 pigmentis
2860 4101 3102 4158 consitus
3129 4100 3325 4166 hortis,

1884 4198 2159 4257 Fluctibus
2183 4214 2215 4254 e
2241 4195 2602 4264 mundiltrahe
2633 4210 2730 4252 nos
2755 4195 2824 4250 ad
2850 4193 3033 4249 littora
3060 4194 3231 4263 pacis.

1884 4275 1979 4347 llis
2011 4290 2083 4344 ita
2114 4287 2360 4359 digestis,
2394 4287 2462 4342 ad
2490 4294 2685 4343 caetera
2716 4285 3148 4357 progrediamur,

1884 4379 2016 4451 Ejus
2037 4388 2097 4434 ut
2125 4378 2179 4433 in
2201 4387 2389 4434 saneto
2418 4378 2643 4433 laudare
2672 4378 2843 4433 Deum
2860 4391 3165 4433 mereamur

1807 4484 1862 4546 D
1960 4467 2029 4524 Ut
2058 4467 2141 4523 vir
2164 4466 2511 4538 apostolicus,
2540 4466 2778 4522 caelestis
2807 4466 2949 4536 regis
2975 4465 3206 4532 amicus,

1828 4557 1837 4561 ’
1888 4559 2139 4616 Reddidit
2159 4560 2466 4617 immunem.
2483 4558 2711 4629 paganis
2732 4558 2924 4614 ritibus
2949 4559 3162 4623 urbem,
3446 4563 3456 4603 ι

1883 4651 2036 4707 Fecit
2060 4659 2115 4705 et
2140 4650 2466 4706 incolumem
2494 4651 2640 4706 cives
2659 4664 2886 4721 sperare
2904 4648 3161 4713 salutem.

1882 4741 2012 4798 lnde
2037 4755 2259 4797 movens
2285 4756 2523 4812 gressus,
2558 4741 2601 4795 it
2623 4739 2852 4811 perloca
2872 4741 3255 4811 pontiﬁcatus,

1882 4833 2135 4889 Plebibus
2158 4833 2346 4888 aeterni
2371 4831 2685 4902 dispergens
2704 4831 2910 4887 semina
2932 4831 3106 4888 verbi.

1884 4924 2137 4996 Proponit
2174 4923 2385 4979 cunctis
2407 4922 2566 4979 simul
2590 4930 2648 4978 et
2671 4921 2942 4993 pigmenta
2976 4920 3191 4986 salutis,

1884 5014 1961 5069 De
1983 5030 2076 5085 spe
2096 5012 2326 5079 caelesti,
2355 5027 2454 5069 nec
2481 5026 2588 5068 non
2609 5011 2883 5068 absinthia
2904 5010 3039 5082 legis

1887 5109 2146 5163 Sontibus
2166 5116 2383 5162 aeterna:
2408 5105 2709 5161 minitantis
2736 5118 2923 5159 amara
2953 5104 3232 5175 gehennae.

1888 5196 2085 5252 Doctus
2107 5206 2162 5251 et
2183 5195 2399 5266 ingenio
2425 5194 2686 5265 pallentes
2710 5193 2901 5249 radere
2931 5208 3131 5256 mores,

1892 5289 1960 5344 Ut
1987 5287 2212 5342 rationis
2231 5295 2372 5352 erat,
2401 5285 2652 5342 baculum
2678 5272 2994 5355 clavamque
3020 5281 3248 5348 ferebat,

1892 5377 2044 5433 llunc
2079 5378 2287 5433 civibus
2308 5377 2577 5447 praebens,
2602 5376 2703 5431 hac
2733 5392 2785 5430 tn
2808 5370 3152 5445 praedonibus
3182 5377 3360 5426 utens.

1893 5472 2036 5544 Ergo
2067 5470 2332 5545 festinans
2362 5469 2613 5526 dimcesis
2634 5476 2692 5525 et
2711 5468 2895 5525 abdita
2924 5467 3184 5533 lustrans,

1894 5565 2150 5639 Repperit
2178 5565 2384 5622 erroris
2409 5565 2739 5621 monimenta
2773 5561 3001 5618 nefanda
3030 5560 3249 5631 prioris,

1892 5654 1959 5712 Et
1980 5657 2310 5712 cariosorum
2334 5655 2578 5725 quadam
2608 5652 2895 5709 simulacra
2926 5653 3175 5717 deorum,

1892 5751 2023 5819 Quae
2050 5747 2198 5809 Jovis
2229 5748 2438 5817 incesti,
2467 5747 2550 5804 vel
2577 5744 2860 5818 Apollinis,
2882 5754 3043 5817 atque
3067 5747 3155 5802 Dia
3167 5761 3267 5814 nae,
