4026 6312
583 326 685 384 r19
1322 323 1612 382 APPEND.
1654 326 1745 381 AD
1778 322 1954 381 5113C.
1980 325 2072 379 ix.
2109 355 2178 366 -
2215 302 2585 381 Λυαῖοῆεέ
2625 322 2792 378 mm
2818 324 3117 381 lNCERTl.
3725 334 3805 396 ιδῃ

584 436 785 508 Vulgus
806 435 983 493 adhuc
1011 435 1265 494 stolidum
1290 451 1431 493 vano
1454 437 1712 493 censebat
1736 438 1961 505 honore,

581 528 746 601 Orgia
773 529 877 585 rite
898 527 1099 596 colens,
1128 538 1185 585 et
1203 540 1325 586 vota
1357 527 1563 584 nefaria
1586 529 1822 584 solvens.

582 618 736 675 Tunc
758 635 914 675 sacer
938 619 1237 687 infremuit,
1264 621 1416 677 lucos
1442 629 1501 676 et
1527 620 1750 675 delubra
1782 618 1964 689 fregit.

581 709 726 765 ldola
751 711 1067 777 combussit,
1093 711 1286 781 priscae
1304 710 1529 779 vestigia
1552 709 1757 764 fraudis

582 799 847 856 Funditus
875 799 1094 868 abjecit,
1118 799 1276 864 fudit,
1299 800 1575 864 contrivit,
1604 799 1806 871 abegit,

584 888 849 945 Sordibus
873 891 1104 955 abrasis,
1131 890 1335 945 Christi
1368 905 1505 945 nova
1532 891 1725 961 templa
1756 892 1976 959 locavit,

581 979 639 1038 ln
665 983 859 1052 quibus
885 991 1012 1039 ante
1042 982 1174 1038 locis
1195 992 1316 1038 erat
1337 999 1430 1037 ara
1461 984 1882 1054 superstitionis.

579 1072 846 1129 Prtedicat
865 1088 984 1128 esse
1013 1074 1182 1128 Deum
1205 1074 1413 1129 sincera
1446 1085 1626 1130 mente
1651 1075 1933 1131 colendum

581 1161 774 1218 Omnia
798 1162 888 1232 qui
913 1162 1063 1229 fecit,
1106 1178 1209 1219 non
1240 1180 1361 1234 quae
1386 1180 1581 1220 manus
1608 1166 1748 1221 idola
1775 1166 1953 1221 ﬁnxit.

579 1251 682 1319 Qui
711 1267 811 1308 nos
840 1252 1119 1318 formavit,
1149 1270 1257 1309 non
1284 1256 1428 1324 quod
1458 1254 1611 1310 faber
1639 1256 1917 1328 efﬁgiavit,

579 1343 871 1410 Marmore,
897 1345 978 1399 vel
1005 1360 1192 1417 gypso,
1226 1362 1395 1417 cupro
1418 1348 1686 1413 radiante,
1718 1348 1802 1404 vel
1830 1364 1985 1413 auro.

580 1434 809 1490 Disserit
832 1436 1030 1506 agresti
1055 1437 1252 1508 populo
1281 1439 1537 1509 mysteria
1565 1440 1790 1508 Christi,

579 1522 821 1591 Qualiter
845 1524 1198 1597 Omnipotens
1218 1529 1401 1585 divino
1423 1532 1639 1586 numine
1662 1531 1886 1599 pollens,

581 1615 928 1686 Compatiens
962 1620 1133 1674 servis
1161 1620 1287 1677 licet
1306 1622 1370 1676 ad
1403 1637 1497 1677 sua
1520 1623 1640 1691 jura
1665 1625 1951 1694 protervis,

580 1705 729 1773 Quos
754 1708 924 1762 tenuit
945 1718 1202 1780 torquens
1228 1710 1375 1767 ferus
1421 1714 1617 1781 hostis,
1670 1715 1900 1770 acerbus
1939 1724 1994 1771 et
2044 1716 2168 1773 hor-

2187 442 2240 501 Α
2265 432 2579 503 Perpetiens
2605 432 2832 502 lethum,
2859 435 3104 505 prrelibat
3131 435 3203 491 fel
3241 445 3295 493 et
3325 448 3553 510 acetum,

2265 523 2424 579 Morti
2454 523 2561 577 vita
2592 524 2769 605 datur,
2795 523 2900 595 qua
2924 542 3074 582 mors
3093 528 3303 584 devicta
3328 530 3553 603 fugatur.

2267 614 2467 670 Haecin
2497 624 2679 671 mente
2700 630 2915 686 gerens,
2946 618 3069 674 istis
3090 619 3423 678 cruciatibus
3451 625 3669 695 haerens,

2265 706 2352 761 Fit
2377 707 2477 762 sibi
2501 705 2799 775 jucundum
2825 708 3004 763 cordis
3031 709 3274 766 lacerare
3291 714 3623 782 profundum.

2265 797 2516 853 Proferat
2544 806 2603 851 ut
2641 796 2835 867 fluctus
2863 799 3055 867 oculis,
3086 802 3561 874 suspiria,luctus;

2266 890 2448 945 Abluit
2476 890 2561 944 his
2588 889 2803 944 mundis
2833 891 3101 946 maculam
3127 893 3193 948 de
3222 895 3494 966 gressibus
3521 899 3688 963 undis,

2266 982 2498 1040 Pulcher
2522 983 2930 1039 adhuebabitus
2955 985 3083 1056 tegit
3110 985 3274 1054 hunc,
3301 986 3589 1044 humcralis
3614 992 3811 1050 amictus

2266 1073 2617 1135 Praetendens
2636 1079 2820 1150 specie
2854 1078 3134 1133 reverendi
3162 1078 3406 1149 prmsnlis
3429 1088 3595 1136 actus.

2268 1165 2498 1219 Cuditur
2525 1166 2613 1223 hic
2640 1182 2853 1233 aurum,
2884 1168 2953 1222 sit
2982 1182 3139 1222 mens
3166 1176 3224 1221 ut
3246 1168 3564 1238 pontiﬁcalis

2267 1255 2325 1331 ln
2354 1258 2562 1315 cunctis
2595 1260 2833 1329 sapiens,
2856 1258 2927 1313 sit
2955 1257 3181 1314 consilio
3209 1258 3480 1327 specialis,

2269 1347 2695 1421 Caula,pudica,
2725 1348 2922 1420 gravis,
2959 1348 3149 1413 solers,
3181 1338 3481 1415 moderata,
3506 1348 3693 1415 suavis,

2276 1436 2341 1492 Ut
2366 1439 2438 1491 sit
2467 1454 2652 1493 revera
2677 1438 2886 1493 Domini
2915 1439 3190 1508 symmista
3228 1438 3498 1504 sacerdos,
3692 1428 3693 1431 “

2271 1525 2480 1597 Saepius
2503 1528 2714 1583 interno
2737 1518 3108 1600 perstringens
3134 1527 3337 1583 lumine
3362 1527 3544 1594 caelos,

2272 1618 2354 1675 Sit
2386 1620 2497 1685 lux,
2524 1620 2736 1674 eximia:
2767 1621 3054 1675 thesaurus
3081 1628 3136 1675 et
3168 1635 3295 1679 arca
3324 1620 3545 1691 SOpbize,

2270 1708 2385 1776 Qua
2415 1710 2565 1765 rudis
2604 1724 2667 1767 ac
2698 1709 2898 1764 veteris
2924 1718 3120 1766 tractet
3141 1709 3395 1781 mysteria
3418 1708 3563 1780 legis.

1996 1805 2169 1880 hens,
2204 1811 2246 1873 Β
2274 1799 2517 1871 Purpura
2556 1800 2756 1872 regalis
2782 1801 2913 1856 tanti
2938 1801 3101 1873 decus
3131 1810 3291 1871 auget
3309 1801 3551 1869 honoris,

579 1889 801 1948 Venerit
833 1894 886 1948 in
914 1895 1170 1950 mundum
1197 1896 1435 1952 tenebris
1458 1905 1512 1952 et
1539 1907 1712 1953 morte
1732 1897 2089 1969 profundum;

578 1984 647 2039 Et
680 1986 797 2041 sine
824 1986 946 2042 labe
966 2002 1093 2043 caro
1119 1987 1292 2044 factus
1315 1990 1382 2045 de
1405 1989 1640 2061 Virginis
1671 1978 1811 2048 alvo.

573 2074 865 2132 Pertulerit
887 2088 1111 2134 mortem
1138 2081 1367 2149 patiens,
1403 2092 1461 2136 ut
1482 2083 1725 2138 vinceret
1747 2084 1958 2139 hostem
1975 2125 1989 2149 ,

581 2166 826 2239 Fregerit
856 2169 1149 2238 infernum,
1182 2171 1384 2227 faciens
1405 2172 1739 2243 penetrabile
1766 2174 1983 2240 cuium,

576 2260 887 2333 Terrigenis
913 2265 1123 2320 cunctis
1146 2265 1191 2320 si
1216 2276 1435 2321 servent
1459 2268 1711 2337 dogmata
1740 2266 1899 2332 lucis,

575 2352 754 2423 Atque
775 2352 933 2409 ﬁdem
964 2364 1202 2420 teneant,
1232 2369 1333 2411 nec
1350 2358 1416 2410 ad
1445 2356 1583 2412 idola
1619 2356 1757 2411 colla
1790 2355 2092 2429 reﬂectant,

578 2441 703 2499 Haec
727 2454 782 2499 et
806 2445 956 2515 plura
983 2446 1201 2513 docens,
1252 2456 1309 2502 et
1337 2463 1563 2519 quaeque
1597 2448 1833 2505 salubria
1887 2463 2162 2518 promens,

575 2532 808 2588 Abstulit
833 2548 1094 2599 errorem.
1126 2537 1342 2592 dcitatis
1371 2546 1426 2592 et
1453 2538 1603 2591 auxit
1633 2539 1913 2594 honorem.

574 2621 783 2678 lntcrea
815 2624 1003 2680 doctor
1022 2626 1318 2695 praeclarus
1339 2635 1394 2681 et
1416 2628 1673 2698 arcltipoli
1683 2637 1783 2694 tes,

577 2711 816 2768 Moribus
838 2726 897 2769 ut
916 2716 1119 2771 sanctis
1153 2716 1320 2774 decus
1345 2724 1502 2773 ornet
1530 2717 1860 2788 pontificale,

572 2802 658 2858 Ad
678 2803 815 2859 ritus
840 2805 1020 2862 Aaron
1048 2808 1225 2879 typico
1254 2808 1400 2864 cultu
1431 2809 1741 2877 decoratur,

575 2894 778 2953 Offerat
798 2909 858 2954 ut
888 2900 1046 2970 digne
1076 2916 1289 2955 summo
1317 2900 1572 2956 libamina
1598 2902 1767 2957 Patri.

573 2985 821 3059 Namque
845 2990 1019 3044 virum
1042 2991 1255 3061 poderis
1277 2993 1516 3047 contexit
1546 2993 1684 3049 linea
1718 2996 1901 3058 vestis,

571 3078 805 3133 Assidue
829 3079 1032 3148 proprii
1061 3081 1433 3135 moderantem
1471 3084 1717 3151 corporis
1738 3092 1909 3139 artus.

576 3165 690 3221 Sub
717 3166 874 3221 Sarai
906 3167 1054 3238 virga
1081 3184 1149 3221 ne
1170 3166 1310 3223 forte
1337 3170 1613 3238 superbiat
1639 3171 1804 3242 Agar.

573 3254 728 3313 Hanc
756 3257 912 3322 bene,
944 3257 1173 3327 castigat
1194 3258 1349 3326 dure,
1378 3260 1575 3328 premit
1595 3269 1757 3330 atque
1778 3260 1986 3332 fatigat.

573 3348 767 3404 Esurie
788 3349 1011 3421 frangit,
1044 3348 1227 3405 multis
1251 3350 1537 3406 sudoribus
1561 3353 1733 3424 angit,
1981 3343 1985 3346 ’

574 3438 957 3511 Utcognoscat
977 3443 1187 3509 heram,
1222 3442 1409 3497 timeat
1444 3443 1643 3498 lasciva
1684 3460 1951 3510 severam,

573 3529 771 3587 Pareat
805 3533 1051 3599 instanti,
1078 3534 1274 3589 collum
1302 3535 1515 3607 subigat
1537 3536 1856 3591 dominanti.

576 3625 691 3693 Qua
719 3628 916 3682 virtute
940 3629 1080 3683 bona
1108 3629 1313 3699 pollens
1334 3629 1386 3684 in
1409 3644 1579 3700 agone
1607 3644 1806 3684 corona

471 3733 479 3743 '
577 3718 862 3789 Tripudiat
888 3722 1081 3788 victor,
1118 3732 1313 3779 moeret
1336 3737 1434 3793 per
1460 3731 1662 3776 tartara
1687 3722 1862 3782 lictor,

574 3808 643 3864 Et
656 3809 803 3878 jacet
830 3813 1047 3868 enervis
1070 3828 1190 3883 quae
1216 3829 1324 3869 non
1349 3814 1492 3868 valet
1520 3829 1640 3869 esse
1669 3812 1904 3879 rebellis,

575 3896 821 3955 Pectoris
846 3915 878 3955 e
902 3902 1075 3957 solido
1105 3904 1323 3972 penitus
1348 3902 1570 3974 depulsa
1595 3902 1780 3958 libido.

576 3988 716 4047 Hine
736 3992 988 4047 rationali
1020 3995 1307 4048 decoratur
1327 3991 1594 4062 iudiciali,

579 4080 862 4138 Pontificis
895 4098 1051 4138 sacro
1074 4085 1222 4139 vittis
1246 4084 1297 4137 in
1325 4091 1545 4153 pectore
1575 4097 1735 4149 nexo,

581 4173 701 4239 Quo
726 4174 1065 4229 bissenorum
1089 4184 1215 4229 sunt
1234 4176 1434 4244 scripta
1459 4162 1733 4228 vocabula
1742 4189 1806 4245 pa
1816 4182 1978 4229 trum.

587 4260 780 4319 Mentis
802 4263 1141 4334 splendorem
1172 4264 1335 4320 decus
1358 4266 1459 4321 hoc
1490 4272 1643 4320 notat
1667 4274 1830 4336 atque
1883 4264 2162 4337 pudorem.

574 4355 696 4424 Quo
734 4355 963 4411 Domino
984 4356 1108 4411 coeli
1138 4357 1316 4412 studio
1340 4358 1625 4429 conjuncta
1652 4357 1816 4424 ﬁdeli,

581 4442 701 4500 Huc
727 4444 841 4500 sibi
852 4455 1171 4515 przesentem
1200 4455 1461 4503 retractat
1487 4457 1680 4503 cuncta
1702 4449 1997 4513 videntem,

575 4533 725 4589 Illius
750 4535 815 4589 ad
839 4534 1046 4605 vultum
1075 4536 1165 4605 qui
1194 4537 1269 4590 nil
1303 4538 1525 4595 dimittit
1544 4538 1798 4605 inultum,

579 4628 835 4685 Continet
863 4630 1191 4686 omnimodis
1221 4631 1430 4687 ratione
1450 4632 1720 4687 volumina
1747 4634 1946 4699 cordis,

577 4717 865 4789 Castigans
890 4721 1111 4789 trutina,
1144 4722 1188 4778 si
1211 4723 1339 4793 quid
1359 4726 1691 4795 subrepserit
1720 4724 1881 4780 infra.

581 4807 779 4866 Sedulo
804 4821 1118 4868 sanctorum
1148 4815 1378 4870 rimatur
1402 4814 1542 4872 facta
1568 4817 1849 4888 priorum,‘

578 4898 663 4953 Ad
689 4901 959 4970 specimen
1002 4918 1232 4972 quorum
1266 4905 1491 4974 pulchra
1539 4908 1677 4961 nitet
1719 4908 1897 4961 indole
1926 4924 2159 4974 morum,

577 4987 744 5048 Israel
769 5003 827 5047 ut
852 4996 1121 5063 quondam
1153 4998 1301 5052 flevit
1325 4999 1612 5070 Babylonis
1633 5000 1699 5055 ad
1730 5001 1948 5066 undam,

576 5083 782 5155 Nempe
802 5084 930 5142 Sion
960 5103 1283 5153 memorans,
1314 5106 1475 5161 quam
1506 5091 1829 5159 sitjucunda
1871 5094 2160 5149 recordans

581 5174 795 5245 Optima
818 5192 1151 5248 gemmarum
1183 5181 1327 5235 rivos
1360 5181 1510 5236 ducit
1531 5181 1891 5254 lacrymarum
1927 5198 1943 5237 :

578 5268 659 5322 Ad
690 5268 830 5323 bona
857 5271 1118 5325 caelorum
1147 5271 1353 5343 ﬁngens
1373 5273 1517 5327 acies
1540 5273 1840 5342 oculorum,

576 5357 775 5414 Noctes
803 5372 963 5430 atque
988 5362 1103 5416 dies
1124 5362 1222 5416 hos
1251 5361 1485 5431 pectoris
1506 5362 1652 5418 elicit
1681 5364 1900 5420 imbres.

579 5447 732 5517 Saepe
757 5449 1130 5521 Redemptoris
1152 5452 1396 5506 meminit
1417 5452 1677 5525 multique
1707 5454 1928 5521 doloris,

580 5539 732 5607 Quod
764 5542 928 5611 gemit
950 5551 1005 5596 et
1034 5539 1229 5610 plorat.
1258 5542 1388 5605 sitit,
1419 5543 1589 5598 esurit
1613 5553 1771 5613 atque
1801 5544 2029 5599 laborat.

580 5631 686 5687 Pro
709 5634 883 5689 servis
908 5634 1163 5690 Dominus
1187 5636 1397 5706 patiens
1420 5635 1638 5706 indigna
1676 5636 1961 5707 benignus.

586 5722 861 5790 Traditur,
891 5734 1151 5791 arctatur,
1180 5727 1434 5797 colaphos
1462 5728 1622 5795 subit,
1652 5729 1990 5799 cxalapatur,

2264 1890 2484 1947 Obtinet
2518 1907 2548 1947 a
2573 1891 2810 1959 Christo,
2834 1891 3087 1962 quoniam
3112 1892 3362 1948 diadema
3387 1880 3617 1956 decoris,

2263 1980 2362 2036 Cui
2387 1991 2660 2052 sceptrum
2685 1981 2926 2048 baculus,
2956 1991 3135 2037 rector
3155 1982 3385 2050 vigilans
3408 1983 3697 2037 animarum

2265 2073 2411 2143 Quas
2433 2074 2675 2149 trahit’ad
2693 2090 2939 2145 regnum,
2956 2083 3199 2146 satrapas
3223 2075 3462 2149 Spolians
3483 2073 3814 2147 tenebrarum.

2265 2163 2511 2219 Libertas
2535 2164 2657 2219 fidei
2687 2166 2846 2219 datur
2869 2164 2953 2220 his
2985 2179 3014 2218 a
3051 2150 3283 2235 praesule
3311 2164 3535 2231 Christi,

2264 2242 2443 2325 Atque
2468 2257 2654 2327 jugum
2680 2255 2898 2311 Satanae
2927 2264 3072 2311 tactu
3096 2256 3365 2329 putrescit
3384 2255 3530 2311 olivi.

2266 2347 2402 2403 llinc
2428 2357 2577 2401 notat
2602 2347 2731 2401 aerii
2762 2347 3107 2419 hyacinthina
3133 2350 3306 2404 forma
3331 2334 3548 2413 coloris,

2266 2438 2557 2509 Suspirans
2585 2438 2861 2494 Christum
2894 2456 3001 2510 quo
3029 2441 3223 2509 prtesul
3248 2441 3433 2512 dirigit
3459 2455 3659 2499 arcum,

2266 2532 2384 2599 Quo
2415 2531 2551 2601 fugit
2590 2542 2823 2585 mentem
2853 2532 3093 2587 coelestia
3121 2547 3346 2603 prorsus
3367 2537 3639 2586 aventem:

2264 2623 2382 2690 Quo
2411 2624 2495 2693 pia
2527 2631 2650 2677 vota
2682 2637 2906 2693 precum
2939 2621 3193 2677 libamina
3236 2638 3393 2678 sacra
3422 2620 3603 2700 diatim

2212 2780 2219 2785 ε
2265 2708 2508 2770 Pontiﬁei
2538 2714 2732 2781 defert,
2762 2714 2851 2785 qui
2880 2713 3027 2770 solus
3048 2714 3276 2769 crimina
3307 2713 3465 2773 delet.

2262 2810 2429 2865 Addit
2451 2811 2531 2864 bis
2559 2795 2785 2863 tinctum
2812 2802 2976 2878 super
3008 2808 3093 2865 his
3116 2807 3198 2863 lex
3231 2809 3461 2878 pristina
3500 2818 3732 2872 coccum,

2265 2900 2367 2968 Qui
2396 2900 2553 2970 plane
2575 2900 2774 2968 gemini
2804 2898 2997 2968 pignus
3034 2898 3277 2968 designat
3313 2894 3530 2957 amoris,

2265 2990 2355 3045 Bis
2379 2989 2470 3058 qui
2495 2987 2600 3042 rite
2638 2987 2794 3041 datus
2809 2986 2879 3042 sit
2906 2985 3140 3040 alumnis
3166 2984 3404 3056 Spiritus
3433 2983 3623 3037 almus.

2268 3078 2376 3134 Sed
2402 3079 2522 3149 pius
2554 3078 2607 3133 in
2641 3078 2821 3142 terris,
2857 3085 2917 3131 ut
2935 3076 3006 3133 sit
3026 3075 3244 3133 dilectio
3269 3076 3458 3131 fratris

2191 3166 2234 3225 C
2267 3167 2450 3231 Casta,
2474 3183 2685 3231 serena,
2720 3168 2945 3249 decens,
2975 3167 3158 3223 divino
3186 3176 3408 3224 nectare
3433 3166 3661 3249 fervens,

2269 3257 2568 3313 Consolans
2597 3257 2844 3324 miseros,
2868 3258 3050 3313 visens
3083 3257 3137 3311 in
3163 3273 3389 3314 carcere
3411 3264 3603 3320 tentes,

2268 3349 2616 3425 Contpatiens
2640 3351 2820 3421 mgris,
2860 3350 3102 3405 tribuens
3123 3350 3365 3407 solamen
3394 3336 3599 3420 egenis.

2267 3446 2396 3501 lude
2426 3445 2667 3500 docendo
2697 3444 2853 3500 fidem
2879 3447 2944 3500 de
2980 3444 3116 3523 cmlo
3148 3444 3384 3499 mittitur
3411 3442 3570 3506 idem,

2269 3537 2468 3608 Diligat
2493 3550 2555 3592 ut
2582 3553 2851 3591 summum
2872 3537 2957 3607 pia
2991 3551 3143 3591 mens
3173 3551 3341 3607 super
3367 3533 3546 3591 omnia
3571 3529 3765 3586 Patrem

2269 3629 2387 3697 Quo
2410 3629 2677 3699 seraphim
2706 3644 2853 3683 more
2879 3627 3112 3699 ﬂagrans
3138 3627 3359 3682 dcitatis
3383 3637 3587 3687 amore,

2270 3721 2341 3776 Ut
2361 3721 2551 3777 sitiens
2582 3736 2774 3775 cervus
2806 3719 3006 3775 fontem
3043 3710 3399 3774 vehementer
3422 3715 3641 3771 anhelus

2268 3810 2553 3881 Concupit,
2580 3819 2825 3880 exoptat,
2851 3810 3141 3872 desiderat,
3169 3808 3328 3863 ardet
3345 3816 3403 3864 et
3427 3814 3566 3861 orat.

2274 3898 2339 3974 Ut
2365 3900 2554 3953 mulier
2577 3899 2872 3976 lympham,
2905 3900 3028 3954 ﬁdei
3056 3913 3176 3968 qua:
3200 3899 3406 3969 reperit
3431 3895 3647 3977 undam,

2266 3989 2315 4045 A
2341 4005 2400 4046 se
2422 3989 2662 4060 proiecta
2684 3990 2939 4046 vitiorum
2963 4000 3154 4061 sponte
3183 3977 3400 4059 lagena,

2269 4080 2505 4158 Ornatus
2527 4098 2735 4139 summa
2767 4084 2959 4155 byssus
2989 4085 3125 4138 nitet
3153 4083 3277 4139 inde
3304 4090 3537 4143 retorta,

2267 4174 2547 4230 Pontiﬁcis
2570 4184 2803 4229 mentem
2837 4160 3125 4245 designans
3150 4162 3271 4228 labe
3294 4181 3575 4229 carentem
3597 4186 3611 4231 ;

2268 4267 2442 4345 Quam
2464 4269 2727 4324 decorans
2750 4267 2919 4323 ambit
2939 4274 3059 4339 toga
3080 4267 3310 4345 candida
3334 4260 3658 4337 virginitatis

2267 4342 2342 4414 Ut
2375 4358 2467 4414 lux
2509 4359 2699 4415 solaris
2733 4374 2856 4414 cum
2884 4373 3041 4413 mane
3068 4342 3378 4413 refunditur
3397 4356 3564 4418 arvis,

2268 4449 2447 4506 Aurea
2474 4450 2669 4521 regalis
2688 4450 2864 4503 virtus
2890 4450 3055 4503 micat
3091 4448 3439 4517 integritatis,

2192 4520 2241 4583 Ῑ)
2269 4542 2339 4597 Ut
2364 4556 2485 4597 rosa
2508 4520 2853 4612 flagrescens.
2874 4548 2936 4594 ut
2958 4541 3085 4596 thus
3111 4550 3167 4595 et
3191 4554 3378 4594 aroma
3405 4539 3701 4606 liquescrns

2267 4631 2500 4686 Pullulat
2526 4640 2581 4687 et
2606 4630 2830 4695 redolet,
2861 4631 3093 4687 fecundo
3130 4631 3377 4703 germine
3402 4629 3587 4701 pollet,

2265 4721 2465 4777 Factus
2499 4731 2685 4776 nostra
2727 4736 2856 4775 caro
2888 4721 3026 4775 Deus
3052 4722 3166 4775 exit
3195 4719 3438 4791 Virginis
3459 4718 3598 4774 alvu.

2268 4813 2338 4868 Ut
2363 4814 2573 4883 placeat
2602 4812 2760 4867 nobis
2786 4813 2899 4866 haec
2923 4811 3190 4867 dictatura
3221 4811 3466 4881 pudoris,

2264 4903 2379 4969 Qua
2403 4903 2524 4973 quis
2553 4902 2803 4968 vestitur,
2835 4904 3000 4956 decus
3022 4899 3299 4971 imperiale
3335 4907 3594 4958 meretur,

2262 4995 2414 5051 Colla
2448 5003 2628 5050 terens
2648 4993 2842 5059 hostis,
2870 5002 3052 5063 captat
3080 4994 3328 5048 diadema
3359 4989 3591 5047 decoris.

2262 5087 2486 5143 Lamina
2510 5086 2688 5142 fronte
2710 5087 2872 5141 micat
2894 5086 3131 5156 lapidum
3157 5085 3360 5155 fulgore
3380 5097 3621 5144 corusca,

2261 5177 2443 5234 Pileus
2470 5186 2527 5234 et
2554 5178 2754 5235 nitidos
2781 5177 2998 5250 stringit
3016 5178 3082 5231 de
3107 5191 3259 5231 more
3280 5174 3522 5245 capillos.

2262 5267 2396 5324 Nam
2428 5271 2516 5340 pia
2549 5284 2722 5331 mens,
2756 5271 2950 5324 anima:
2980 5283 3193 5323 summa
3229 5282 3348 5337 quae
3384 5264 3660 5337 praeminet
3686 5269 3811 5313 arce.

2263 5359 2535 5414 Constans
2559 5368 2613 5413 et
2645 5358 2873 5423 stabilis,
2896 5372 3003 5413 non
3025 5356 3192 5421 fluxa,
3215 5370 3439 5428 vagans,
3469 5362 3522 5410 et
3545 5350 3734 5414 inanis,

2267 5451 2539 5506 Virtutum
2567 5449 2795 5522 gemmis
2817 5460 2877 5503 ut
2896 5463 3033 5519 opus
3061 5446 3393 5519 resplenduit
3419 5444 3557 5499 auri.

2265 5542 2363 5599 llis
2395 5542 2730 5598 vestimentis
2751 5540 2931 5613 typica
2961 5540 3173 5596 ratione
3193 5524 3374 5611 politis

2265 5633 2501 5692 Ornatus
2520 5650 2730 5692 sacram
2749 5634 2923 5690 stabat
2950 5633 3227 5691 Romanus
3261 5631 3327 5688 ad
3348 5644 3497 5685 aram

2266 5724 2588 5783 Saerificans
2610 5726 2819 5797 Agnum
2850 5724 2940 5794 qui
2975 5726 3165 5781 mundi
3184 5724 3410 5781 crimina
3451 5717 3605 5778 tollit.
