4026 6312
247 268 333 325 181
1078 260 1453 320 GERABDUS
1492 261 1549 316 S.
1588 259 1797 316 MED.“

1933 256 2286 316 SUESSION.
2328 257 2670 317 DECANUS.

1843 352 1903 422 Α»
1922 374 2149 429 Dextera
2179 373 2417 439 virtutis,
2447 374 2599 444 pacis
2630 386 2875 442 veraeque
2899 372 3089 427 salutis

1876 476 1880 481 '
1915 463 1996 517 Ad
2022 462 2256 533 speciem
2287 461 2416 518 solis
2445 461 2794 530 resplendcns
2822 460 2940 516 luce
2971 460 3211 525 decoris,

243 388 375 447 Ante
393 382 541 439 diem
567 394 775 435 sacrum
799 392 909 449 quo
935 377 1088 449 plebs
1109 391 1251 434 nova
1279 373 1721 432 Christicolarum

245 475 399 530 Dulce
423 471 556 528 colit
576 469 804 535 Pascha,
831 485 938 539 quo
961 468 1199 540 gaudens
1235 465 1431 521 transit
1459 465 1525 519 ad
1565 471 1710 518 astra
1739 479 1751 513 :

243 565 336 621 llic
356 563 557 619 athleta
589 562 702 626 Dei,
726 561 975 631 quamvis
1000 560 1103 615 sibi
1135 558 1321 615 sedulo
1346 572 1563 628 parcus,

242 656 382 711 Tunc
401 654 579 725 magis
598 655 825 723 urgebat
848 651 1080 706 confecti
1102 648 1349 718 corporis
1370 657 1546 712 artus,

239 746 487 802 Excubiis
512 744 750 809 instans,
772 742 1048 813 precibus,
1079 741 1209 796 rivis
1247 740 1632 810 lacrymarum,

238 835 408 891 Hostis
444 842 501 889 et
526 832 739 888 insidiis
762 846 925 889 curas
946 831 1211 886 adhibens
1234 829 1559 885 animarum.

235 924 451 993 Jamque
474 922 599 977 dies
621 921 772 993 pacis
806 921 1096 993 populique
1124 920 1505 975 reconciliandi

238 1015 483 1080 Venerat,
509 1022 568 1069 et
580 1029 789 1069 sacram
814 1012 987 1067 turbis
1014 1013 1330 1083 impleverat
1360 1012 1557 1077 aulam,

233 1104 373 1176 Tunc
403 1105 531 1174 pius
563 1105 792 1159 antistes
823 1104 979 1158 fletus
1003 1104 1485 1168 tlabatubcriores,

231 1195 363 1250 Inter
391 1193 663 1264 lugentes,
687 1194 830 1249 inter
849 1210 943 1249 sua
967 1194 1192 1249 crimina
1218 1193 1431 1260 flentes,

230 1287 394 1354 Atque
421 1284 531 1356 piis
558 1286 810 1354 precibus
849 1287 1062 1340 veniam
1089 1285 1366 1355 poscendo
1394 1294 1597 1352 reatus.

230 1373 407 1431 Plebes
434 1374 695 1441 absolvit,
721 1375 899 1431 oleum
928 1375 1222 1432 chrismate
1250 1378 1508 1432 sacravit.

230 1464 403 1521 Clerus
431 1474 488 1521 at
508 1466 728 1522 incaute
759 1468 936 1523 minus
960 1467 1088 1522 illud
1112 1469 1371 1538 providus
1398 1484 1559 1527 oume

232 1557 420 1612 Dividit
452 1558 729 1619 ecclesiis,
759 1560 843 1614 vix
868 1574 973 1614 una
994 1559 1260 1631 superfuit
1290 1560 1397 1615 illis

228 1649 300 1704 Ad
323 1648 526 1706 lavacri
558 1664 767 1705 morem
796 1651 1039 1706 retinens
1080 1650 1312 1721 ampulla
1345 1651 1631 1720 liquorem.

231 1737 400 1793 Tertia
432 1755 675 1807 cumque
707 1741 823 1796 dies
849 1741 1179 1797 venerabilis
1206 1743 1542 1809 emicuisset,

230 1826 418 1884 Gaudia
442 1845 642 1899 magna
670 1830 872 1897 ferens,
909 1832 1031 1886 imis
1061 1833 1306 1887 coelestia
1326 1832 1560 1903 iungens

228 1919 452 1978 Phtebus
478 1932 536 1979 et
562 1923 878 1979 accelerans
901 1924 1037 1995 jam,
1063 1922 1139 1996 (l)
1172 1940 1368 1989 nonam
1408 1924 1686 1979 clauderet
1716 1923 1813 1978 bo-

1471 2015 1633 2090 [ram,

227 2102 412 2161 Prtesul
443 2108 514 2162 ad
542 2106 789 2164 officium
820 2117 1041 2165 sanctus
1068 2111 1336 2180 processit
1365 2110 1631 2180 agendum

229 2196 353 2255 Hinc
380 2199 524 2256 inter
549 2215 725 2256 sacra:
750 2203 875 2256 dum
907 2219 1001 2272 per
1027 2201 1288 2258 solemnia
1313 2204 1492 2257 missae

227 2284 475 2346 Fontibus
499 2299 712 2346 astaret
734 2290 1009 2347 lavacrum
1039 2307 1147 2362 quo
1169 2292 1555 2359 sanetificaret,

228 2377 326 2436 Vas
344 2378 500 2449 jubet
539 2379 737 2443 afferri
753 2397 965 2438 sacrum
995 2382 1284 2440 chrismale
1312 2382 1557 2438 ferentis.

229 2467 375 2541 Forte
403 2472 499 2527 sed
524 2471 847 2543 imprrcceps
875 2474 1032 2528 turba
1059 2473 1295 2544 stipante
1322 2474 1592 2540 minister,

229 2561 350 2616 Dum
376 2563 516 2634 pede
538 2563 786 2629 festinat,
821 2580 888 2620 ne
914 2563 1157 2635 pontifici
1181 2580 1331 2620 mora
1360 2566 1473 2630 flat,

228 2652 436 2717 Labitur
457 2671 490 2712 e
516 2655 795 2722 manibus,
829 2655 1060 2712 fractum
1089 2672 1187 2713 vas
1212 2666 1528 2722 evacuatur,

228 2746 357 2804 Pene
391 2764 566 2805 vorax
590 2762 808 2803 omnem
839 2751 968 2819 quin
1005 2748 1186 2804 hausit
1214 2762 1379 2805 arena
1407 2749 1695 2820 liquorem.

230 2841 475 2911 Fontibus
503 2842 712 2897 astanti
751 2857 837 2896 res
869 2851 951 2896 est
981 2850 1045 2896 ut
1066 2841 1283 2914 cognita
1322 2841 1485 2912 patri,

229 2931 305 2988 Nil
334 2948 400 2988 ex
428 2933 541 2996 hoc
580 2931 847 3003 trepidus,
877 2931 997 2987 fidei
1040 2933 1136 2987 sed
1168 2935 1363 2989 robore
1392 2935 1604 2999 firmus,

230 3022 503 3095 Fragmina
546 3037 719 3094 parva
756 3022 943 3094 legens
970 3063 985 3089 ,
1025 3022 1092 3078 ad
1130 3023 1406 3078 Christum
1437 3021 1657 3079 brachia
1692 3032 1809 3080 ten-

1449 3113 1628 3187 [dens,

230 3204 454 3260 Membra
486 3202 612 3261 solo
638 3204 854 3270 sternit,
880 3205 1071 3261 devota
1096 3206 1405 3276 precamina
1432 3204 1642 3273 fundit;

228 3294 455 3368 Exorans
484 3295 644 3351 illum
674 3294 766 3366 qui
795 3294 1026 3351 fractum
1060 3297 1281 3352 cardine
1316 3299 1575 3353 mundum

229 3384 439 3443 Miriftce
466 3394 715 3457 reparat,
744 3387 1023 3456 proprium
1053 3386 1325 3445 fundendo
1354 3403 1630 3457 cruorem,

229 3472 293 3531 Ut
319 3477 508 3533 reddat
545 3477 756 3533 maestis
782 3478 924 3546 quod
953 3477 1114 3533 diruit
1143 3477 1335 3543 aemula
1370 3481 1555 3548 pestis.

229 3562 354 3633 Quid
380 3580 569 3623 morer
591 3566 644 3621 in
679 3567 897 3621 verbis?
921 3568 987 3621 ad
1013 3574 1203 3621 nutum
1232 3566 1668 3638 Cunctipotentis

230 3654 356 3712 Ecce
382 3656 740 3725 reformatur,
772 3658 1070 3713 resolutum
1105 3657 1477 3713 eonsolidatur

230 3743 324 3802 Vas
346 3747 473 3803 illud
508 3747 741 3804 vitreum
763 3750 909 3805 velut
932 3759 1058 3805 ante
1084 3749 1295 3820 liquore
1314 3750 1595 3807 refertum.

230 3837 410 3896 Sancte
444 3841 637 3907 Pater,
666 3839 897 3911 famulos
936 3843 1144 3913 peccati
1171 3843 1292 3899 labe
1320 3842 1528 3901 solutos

233 3926 537 3997 Consolida,
573 3944 785 4002 repara,
825 3934 1058 3989 subeant
1083 3942 1141 3988 ut
1171 3933 1386 3991 fortiter
1410 3946 1577 3992 astra.

231 4017 318 4085 Qui
355 4029 405 4076 te
439 4022 757 4091 pontificem
790 4038 1042 4095 magnum
1074 4033 1321 4081 statuens
1344 4033 1400 4081 et
1422 4026 1646 4082 herilerr

234 4109 443 4168 Ctelitus
479 4113 700 4169 ornavit
727 4113 1019 4170 virtutibus
1045 4124 1099 4170 et
1125 4115 1397 4183 solidavit,

234 4198 424 4275 Dirigat
451 4205 600 4260 hanc
633 4205 895 4276 trepidam
923 4222 1043 4277 qum
1065 4222 1207 4263 nunc
1237 4215 1385 4263 tenet
1407 4210 1515 4264 alta
1545 4211 1809 4276 carinam,

235 4292 297 4349 Ut
316 4296 450 4351 bene
479 4311 790 4363 curramus,
820 4312 919 4353 nec
948 4299 1003 4353 in
1035 4299 1120 4355 his
1149 4300 1399 4371 scopulos
1428 4303 1737 4359 subeamus.

230 4384 317 4442 llic
346 4398 508 4459 pater
536 4390 777 4459 apprime
802 4388 1002 4446 Christi
1033 4407 1326 4448 succensus
1347 4408 1552 4459 amore,

231 4473 371 4547 Saepe
398 4480 703 4535 theoricam
734 4488 959 4549 cuperet
989 4495 1110 4535 cum
1141 4483 1337 4537 dueere
1362 4483 1556 4546 vitam,

231 4562 295 4621 Ut
316 4582 479 4641 grave
510 4569 684 4624 sensit
705 4584 863 4637 onus,
890 4585 1048 4626 curas
1072 4580 1126 4627 et
1154 4573 1390 4642 pondera
1422 4588 1627 4640 rerum,

229 4656 300 4711 Ad
327 4661 571 4730 requiem
600 4659 749 4731 pacis
780 4676 1078 4732 properans
1109 4662 1162 4717 in
1196 4660 1300 4716 fine
1328 4663 1564 4729 dierum,

231 4743 419 4820 Nempe
449 4750 585 4807 Sion
615 4752 879 4817 recolens,
913 4739 1145 4825 Solyma}
1170 4754 1418 4824 speciosa
1449 4756 1773 4823 revolvens,

232 4835 482 4896 Exsilium
510 4840 692 4908 ﬂebat,
722 4844 915 4912 patria:
941 4841 1180 4913 jucunda
1211 4846 1449 4916 petebat.

235 4926 464 4994 Quadam
497 4948 731 5002 namque
754 4933 840 4989 die
869 4933 1065 5006 prmsul
1094 4937 1469 4994 sanctissimus
1501 4937 1605 4993 istc
1627 4980 1640 5003 ,

236 5020 411 5077 Annua
444 5024 572 5080 dum
603 5040 774 5082 sacrae
808 5028 1049 5083 celebrat
1077 5028 1337 5084 solemnia
1366 5031 1566 5097 missm,

236 5110 411 5170 Hostia
442 5117 558 5172 viva
595 5119 711 5183 Dei,
743 5120 997 5191 templum
1041 5123 1347 5178 venerabile
1377 5125 1556 5195 pacis;

241 5200 469 5275 Dumque
506 5207 642 5278 polis
676 5209 851 5264 inhiat
886 5211 1053 5266 veluti
1075 5228 1379 5289 suspensus
1401 5218 1469 5268 ad
1500 5214 1604 5269 alta
1627 5257 1640 5280 ,

243 5289 340 5347 ima
363 5300 784 5369 supergreditur,
811 5302 1063 5372 seraphin
1094 5304 1290 5357 ardore
1329 5316 1624 5368 crematur.

247 5382 330 5441 llis
354 5388 670 5458 intendenti,
697 5384 954 5449 libamina
977 5411 1128 5451 sacra
1158 5394 1353 5451 ferenti

249 5473 465 5547 Apparet
488 5482 699 5540 Domini
727 5501 890 5555 super
914 5502 1065 5541 aram
1094 5488 1319 5543 dextera
1346 5487 1569 5554 Christi,

312 5591 383 5674 (l)
432 5594 667 5674 Sabban
718 5608 917 5674 sancto-
963 5609 1089 5658 ante
1143 5579 1332 5658 horam
1393 5619 1592 5659 nonam
1624 5646 1636 5665 .
1691 5621 1808 5674 quae

253 5672 431 5719 nostra:
465 5668 631 5723 tertia:
660 5670 1039 5739 pomeridiantc
1066 5674 1442 5743 respondebat,
1473 5674 1539 5729 ad
1564 5668 1802 5731 officium

3399 255 3505 315 I82

1914 553 2044 621 Qum
2070 552 2463 624 paradisiacam
2495 563 2651 607 vocat
2681 553 2825 607 hunc
2855 552 3148 608 clementer
3168 552 3236 607 ad
3260 551 3457 607 aulam.

1915 646 2147 700 Dextera
2176 660 2413 714 namque
2434 645 2576 714 piam
2611 644 2792 716 signat
2814 659 2976 715 super
3002 646 3203 700 mthera
3236 645 3427 710 vitam,

1913 734 2225 803 Pacificam,
2253 737 2562 807 pulchram,
2589 738 2763 793 nitido
2800 738 3012 809 fulgore
3046 752 3353 794 coruscam.

1915 827 2067 883 Hane
2087 828 2466 897 amplexantur
2493 828 2581 898 qui
2612 829 2742 885 laeva
2769 845 2875 884 non
2904 830 3228 900 spatiantur,

1916 919 2018 987 Qui
2054 920 2308 990 subigunt
2339 919 2497 975 istam
2522 920 2767 989 fragilem
2799 920 2961 975 simul
2996 937 3060 977 ac
3087 920 3388 992 fugitivam.

1985 1015 2279 1084 Postquam
2312 1013 2395 1067 vir
2422 1012 2633 1068 Domini
2665 1014 2930 1085 mysteria
2970 1028 3126 1069 sacra
3157 1015 3390 1084 peregit,

1915 1109 2120 1175 Agmeu
2147 1113 2419 1173 justorum
2445 1103 2597 1173 Jubet
2621 1105 2892 1159 accersire
2921 1105 3186 1168 virorum,

1915 1196 2117 1253 Caelica
2147 1196 2262 1250 visa
2291 1193 2480 1260 refert,
2517 1209 2579 1248 ac
2617 1194 2812 1249 leniter
2840 1194 2962 1251 inde
2993 1194 3280 1250 subinfert.

1918 1289 2139 1354 Discite,
2172 1287 2339 1351 filioli,
2369 1286 2541 1357 patris
2562 1286 2780 1351 ultima;
2808 1287 3026 1356 jamque
3047 1286 3246 1348 valete.

1916 1378 2321 1447 Excessumque
2352 1391 2530 1431 meum
2558 1390 2721 1448 prece
2746 1391 2901 1431 sacra
2929 1377 3285 1446 protegitotc;

1918 1470 2086 1538 Quem
2111 1469 2222 1538 jam
2255 1468 2494 1524 ccclesiis
2518 1478 2678 1524 vocat
2700 1468 2770 1524 ad
2797 1484 2856 1522 se
2894 1468 3066 1540 gratia
3096 1468 3261 1539 regis,

1919 1561 1991 1616 Ut
2021 1561 2235 1617 tandem
2264 1560 2469 1630 proprii
2502 1560 2637 1614 ditet
2667 1560 2918 1615 mercede
2951 1558 3174 1615 laboris.

1921 1654 2028 1709 Vos
2059 1662 2234 1709 tamen
2268 1653 2531 1708 admoneo
2562 1667 2728 1719 nunc,
2760 1650 2981 1717 fratres,
3011 1651 3115 1706 ista
3144 1651 3318 1718 silete,

1918 1744 2088 1816 Hujus
2112 1755 2171 1811 et
2195 1746 2477 1810 crematis,
2502 1759 2709 1814 qnazso,
2735 1752 2944 1800 secreta
2987 1752 3197 1810 tenete;

1919 1836 2098 1891 Donec
2122 1850 2217 1890 vas
2245 1834 2472 1900 luteum,
2503 1848 2598 1890 seu
2621 1832 2867 1903 corporis
2894 1835 2996 1888 hoc
3022 1840 3390 1906 tegumentum

1917 1924 2127 1981 Matrici
2160 1934 2318 1980 terra}
2345 1933 2505 1994 cogat
2529 1932 2725 1979 natura
2750 1922 2977 1989 referre,

1917 2016 2198 2088 Extemplo
2227 2016 2434 2086 gelidus
2461 2024 2605 2074 totos
2629 2031 2800 2086 pavor
2829 2025 3061 2087 occupat
3086 2025 3260 2083 artus,

1916 2106 2154 2163 Auribus
2180 2114 2240 2161 ut
2266 2106 2449 2162 sonuit
2475 2105 2610 2160 tanti
2641 2120 2762 2161 sors
2790 2105 2995 2161 extima
3028 2107 3222 2174 patris,

1917 2200 2156 2269 Quorum
2178 2213 2478 2255 mmrorem
2504 2199 2839 2269 compescuit
2864 2210 3027 2268 atque
3055 2196 3327 2263 dolorem;

1917 2289 2033 2354 Sal,
2062 2289 2245 2357 favus,
2265 2288 2495 2359 eloquiis
2516 2288 2772 2361 prudens,
2801 2297 2857 2343 et
2880 2289 2947 2343 ad
2972 2289 3154 2343 omnia
3186 2287 3351 2344 mitis.

1915 2381 1996 2435 Ad
2024 2382 2253 2450 patriam
2288 2388 2510 2435 sanctus
2538 2379 2767 2435 Domino
2794 2380 3087 2436 miserante
3113 2388 3356 2444 vocatus,

1914 2473 2186 2533 lnstanter
2208 2473 2412 2543 vigilat,
2435 2487 2636 2542 corpus
2656 2473 2852 2529 sudore
2880 2472 3069 2544 fatigat
3092 2512 3107 2537 ,

1915 2563 2261 2621 Praestolatur
2283 2564 2472 2619 lterum
2500 2562 2644 2618 velut
2666 2578 2697 2617 a
2723 2562 2974 2618 thalamis
3005 2560 3326 2623 rediturum,

1916 2654 1989 2716 Ut
2012 2655 2122 2710 cito
2150 2654 2385 2724 pulsanti
2419 2661 2627 2710 reseret
2653 2668 2747 2709 sua
2781 2652 2967 2707 limina
2996 2652 3159 2721 patri,

1917 2750 1959 2803 Α
1993 2748 2173 2803 mundi
2201 2747 2427 2818 strepitu
2457 2746 2719 2802 semotior
2756 2753 2920 2814 atque
2959 2744 3210 2810 tumultu,

1913 2839 2131 2896 Arctius
2160 2840 2214 2894 in
2243 2838 2377 2895 cella
2407 2838 2611 2892 ditatur
2635 2836 2827 2892 caelibe
2853 2835 2984 2890 vita.

1914 2932 2137 2988 Lividus
2164 2930 2281 2986 haec
2308 2929 2479 2985 hostis
2502 2942 2734 2984 cernens
2760 2926 2907 2983 dolet
2927 2926 3178 2982 omnibus
3218 2923 3385 2980 horis.

1914 3024 2167 3081 Calcibus
2195 3021 2415 3078 attritus
2440 3019 2756 3078 reverendis
2786 3019 2876 3075 hic
2903 3017 3188 3073 basiliscus

1912 3118 2140 3189 Ingemit
2161 3116 2351 3179 iratus.
2381 3114 2644 3184 furiisque
2674 3112 2829 3167 novis
2856 3111 3248 3173 stomachatus,

1914 3209 2111 3266 Sibilat
2134 3209 2448 3278 exsanguis,
2471 3205 2596 3261 fano
2619 3203 2879 3274 spoliatus
2906 3212 2961 3258 et
2988 3202 3120 3267 aris,

1912 3301 2164 3365 Insidias,
2188 3300 2406 3354 fraudes
2431 3298 2566 3354 alias
2591 3297 2832 3359 molitur,
2867 3303 2923 3352 et
2947 3305 3117 3359 artes,

1912 3395 2099 3451 Exerit
2132 3393 2432 3461 ingenium,
2467 3390 2743 3460 tenditque
2769 3386 3015 3444 libidinis
3039 3400 3253 3451 arcum,

1912 3489 2031 3557 Quo
2053 3502 2165 3556 iam
2190 3486 2532 3551 Samsonem,
2560 3497 2668 3553 quo
2706 3480 3010 3551 perculerat
3033 3477 3406 3541 Salomouem,

1914 3578 2140 3633 Pectora
2175 3575 2484 3640 debilitans,
2516 3572 2759 3631 mulieris
2781 3583 2970 3627 amore
2998 3568 3282 3639 sagittatis.

1913 3670 2057 3740 Ergo
2082 3667 2268 3723 dolore
2297 3666 2721 3737 fremenscujus
2744 3679 2901 3720 sacer
2923 3662 3105 3718 obruit
3137 3674 3318 3716 arcem

1913 3761 1969 3816 In
2002 3758 2230 3814 Veneris
2254 3758 2437 3826 specie
2467 3757 2616 3811 vafra
2645 3771 2706 3812 se
2733 3755 2938 3826 colligit
2964 3762 3103 3817 arte.

1913 3850 2215 3906 Mendicam
2243 3847 2530 3912 simulans,
2565 3855 2623 3902 et
2648 3844 2891 3914 praesulis
2925 3843 3065 3897 atria
3094 3840 3367 3901 lustrans._

1914 3942 2160 3998 Errando
2186 3939 2385 3996 clausa:
2407 3952 2532 3993 sero
2556 3937 2694 4007 petit
2717 3934 2899 3989 abdita
2919 3931 3091 3997 cellae,

1913 4032 2123 4089 Limine
2149 4039 2257 4087 stat
2286 4030 2528 4101 plorans,
2564 4027 2643 4083 sic
2672 4025 2819 4080 illum
2849 4023 3042 4079 flebilis
3062 4036 3228 4077 orans
3261 4039 3275 4074 :

1913 4124 1958 4180 Ο
1988 4133 2157 4195 pater,
2190 4138 2223 4178 ο
2262 4130 2440 4194 pater,
2470 4134 2504 4175 ο
2529 4126 2730 4174 sanctae
2758 4115 2974 4186 pietatis
2996 4120 3228 4177 amator,

1915 4214 2078 4272 Urbis
2102 4212 2438 4283 praesidium,
2469 4212 2635 4265 totius
2652 4207 2862 4279 egentis
2888 4204 3122 4277 asylum,

1915 4305 2217 4376 Hospitium
2247 4305 2463 4359 miserae
2484 4310 2771 4371 praestans,
2805 4298 2951 4368 inopi
2982 4296 3264 4352 miserere.

1914 4395 2097 4451 Pande
2132 4395 2276 4450 fores
2307 4395 2455 4459 tecti,
2484 4390 2962 4459 vicinamsubripe
2991 4386 3173 4450 morti,

1914 4491 2045 4558 Quae
2066 4502 2220 4559 vaga,
2244 4503 2364 4557 quae
2394 4484 2557 4550 nuda,
2590 4498 2710 4553 qua:
2736 4481 2989 4550 languida
3020 4492 3140 4534 sum
3163 4475 3424 4545 peritura.

1914 4581 2029 4636 Huc
2057 4593 2187 4649 agor
2212 4577 2403 4633 infelix,
2426 4574 2648 4630 immani
2678 4572 2896 4641 frigore,
2920 4568 3141 4635 nimbis,
3466 4622 3471 4629 ,

1912 4672 2111 4726 Bruma
2139 4670 2263 4725 terit
2295 4666 2561 4731 membra,
2597 4664 2800 4737 glacies
2847 4668 2997 4718 secat
3023 4674 3217 4730 aspera
3246 4657 3461 4730 plantas

1915 4762 2009 4817 Vis
2034 4760 2181 4831 angit
2208 4758 2410 4824 Boreae,
2444 4766 2581 4813 tetra
2604 4770 2823 4826 premor
2851 4753 3010 4808 anxia
3036 4762 3214 4809 nocte.

1916 4858 1974 4912 Si
2011 4856 2200 4912 saltem
2233 4855 2383 4917 trita,
2417 4853 2465 4907 si
2494 4866 2618 4908 cum
2647 4863 2848 4920 perone
2876 4848 3093 4904 lacerna

1918 4948 2144 5004 Texcris
2169 4947 2307 5001 hanc
2330 4944 2550 5008 nudam,
2577 4938 2881 5013 gelidojam
2913 4954 3035 4994 rore
3059 4938 3291 4995 solutam
3360 4974 3363 4977 μ

1915 5041 2044 5111 Igne
2067 5054 2254 5109 parum
2286 5037 2489 5099 foveas,
2518 5034 2659 5088 intra
2688 5040 2776 5087 tua
2814 5032 2999 5088 limina
3029 5045 3239 5101 pascas.

1919 5130 2049 5199 Qua:
2080 5125 2497 5195 dabiturjustis,
2540 5133 2595 5179 tu
2636 5140 2743 5180 non
2779 5124 3028 5181 mercede
3051 5121 3283 5178 carebis.

1920 5223 1989 5277 At
2018 5232 2167 5291 pater
2196 5222 2313 5275 haec
2344 5218 2507 5274 surda
2535 5219 2678 5287 capit
2703 5233 2834 5271 aure
2859 5214 3099 5271 susurria
3129 5210 3318 5274 multa,

1915 5316 1985 5371 Et
2008 5312 2325 5371 contectalis
2361 5310 2561 5381 refugit
2594 5308 2865 5365 consortia
2896 5305 3039 5361 talis.
3214 5378 3219 5381 _

1983 5405 2159 5460 Pestis
2186 5404 2252 5459 ad
2278 5402 2585 5474 liaeczdirum
2610 5414 2865 5470 rumpens
2884 5414 2912 5451 a
2941 5403 3159 5465 pectore
3182 5390 3391 5449 luctum

1914 5496 2089 5551 Altius
2126 5493 2419 5566 ingemuit;
2452 5491 2723 5561 planctus,
2755 5486 3047 5541 ululamina
3078 5483 3235 5540 fudit.

1917 5624 2022 5663 non
2049 5603 2462 5666 conveniebant,
2497 5619 2596 5657 nec
2621 5608 2909 5670 antequam
2941 5590 3093 5657 stella
3124 5607 3411 5673 appareret
3436 5596 3491 5654 in

1918 5679 2075 5745 caelo,
2109 5676 2328 5733 missam
2362 5674 2709 5744 incipiebant.
