  <div class='ocr_page' id='page_1' title='image "/cluster/home/n/w/nwhite01/storage/ocr_20150623/138/hvd.32044015471774/097.png"; bbox 0 0 3910 5336; ppageno 0'>
   <div class='ocr_carea' id='block_1_1' title="bbox 512 274 3769 356">
    <p class='ocr_par' dir='ltr' id='par_1_1' title="bbox 512 274 3769 356">
     <span class='ocr_line' id='line_1_1' title="bbox 512 274 3769 356; baseline -0.008 0"><span class='ocrx_word' id='word_1_1' title='bbox 512 294 615 356; x_wconf 71' lang='lat'><strong>185</strong></span> <span class='ocrx_word' id='word_1_2' title='bbox 1274 276 1545 349; x_wconf 76' lang='lat' dir='ltr'><strong>APPEND</strong></span> <span class='ocrx_word' id='word_1_3' title='bbox 1581 288 1673 347; x_wconf 85' lang='lat' dir='ltr'><strong>AD</strong></span> <span class='ocrx_word' id='word_1_4' title='bbox 1708 286 1880 347; x_wconf 67' lang='lat' dir='ltr'><strong>SEO.</strong></span> <span class='ocrx_word' id='word_1_5' title='bbox 1922 285 1990 344; x_wconf 87' lang='lat' dir='ltr'><strong>x.</strong></span> <span class='ocrx_word' id='word_1_6' title='bbox 2030 283 2491 344; x_wconf 75' lang='lat' dir='ltr'><strong>-—AUCTORES</strong></span> <span class='ocrx_word' id='word_1_7' title='bbox 2526 280 2692 340; x_wconf 80' lang='lat' dir='ltr'><strong>ANNI</strong></span> <span class='ocrx_word' id='word_1_8' title='bbox 2718 278 3012 341; x_wconf 76' lang='lat' dir='ltr'><strong>lNCERTl.</strong></span> <span class='ocrx_word' id='word_1_9' title='bbox 3667 274 3769 330; x_wconf 59' lang='grc' dir='ltr'>ω</span> 
     </span>
    </p>
   </div>
   <div class='ocr_carea' id='block_1_2' title="bbox 503 402 1835 481">
    <p class='ocr_par' dir='ltr' id='par_1_2' title="bbox 503 402 1835 481">
     <span class='ocr_line' id='line_1_2' title="bbox 503 402 1835 481; baseline -0.006 -16"><span class='ocrx_word' id='word_1_10' title='bbox 503 409 549 466; x_wconf 91' lang='lat'><strong>0</strong></span> <span class='ocrx_word' id='word_1_11' title='bbox 586 417 762 481; x_wconf 85' lang='lat' dir='ltr'><strong>pater,</strong></span> <span class='ocrx_word' id='word_1_12' title='bbox 784 423 818 465; x_wconf 95' lang='lat' dir='ltr'><strong>o</strong></span> <span class='ocrx_word' id='word_1_13' title='bbox 846 413 1050 476; x_wconf 86' lang='lat' dir='ltr'><strong>custos,</strong></span> <span class='ocrx_word' id='word_1_14' title='bbox 1082 403 1174 463; x_wconf 86' lang='lat' dir='ltr'><strong>ubi</strong></span> <span class='ocrx_word' id='word_1_15' title='bbox 1210 422 1354 462; x_wconf 91' lang='lat' dir='ltr'><strong>nunc</strong></span> <span class='ocrx_word' id='word_1_16' title='bbox 1383 410 1472 461; x_wconf 85' lang='lat' dir='ltr'><strong>tua</strong></span> <span class='ocrx_word' id='word_1_17' title='bbox 1508 402 1835 469; x_wconf 83' lang='lat' dir='ltr'><strong>sollicitudo,</strong></span> 
     </span>
    </p>
   </div>
   <div class='ocr_carea' id='block_1_3' title="bbox 507 493 1979 568">
    <p class='ocr_par' dir='ltr' id='par_1_3' title="bbox 507 493 1979 568">
     <span class='ocr_line' id='line_1_3' title="bbox 507 493 1979 568; baseline -0.007 -12"><span class='ocrx_word' id='word_1_18' title='bbox 507 500 682 568; x_wconf 76' lang='lat' dir='ltr'><strong>Quam</strong></span> <span class='ocrx_word' id='word_1_19' title='bbox 709 500 875 557; x_wconf 84' lang='lat' dir='ltr'><strong>debes</strong></span> <span class='ocrx_word' id='word_1_20' title='bbox 900 498 1090 555; x_wconf 91' lang='lat' dir='ltr'><strong>ovibus</strong></span> <span class='ocrx_word' id='word_1_21' title='bbox 1115 513 1250 568; x_wconf 90' lang='lat' dir='ltr'><strong>quas</strong></span> <span class='ocrx_word' id='word_1_22' title='bbox 1278 495 1549 553; x_wconf 75' lang='lat' dir='ltr'><strong>commisit</strong></span> <span class='ocrx_word' id='word_1_23' title='bbox 1570 494 1663 548; x_wconf 90' lang='lat' dir='ltr'><strong>tibi</strong></span> <span class='ocrx_word' id='word_1_24' title='bbox 1691 493 1979 549; x_wconf 79' lang='lat' dir='ltr'><strong>Christus?</strong></span> 
     </span>
    </p>
   </div>
   <div class='ocr_carea' id='block_1_4' title="bbox 506 586 1939 665">
    <p class='ocr_par' dir='ltr' id='par_1_4' title="bbox 506 586 1939 665">
     <span class='ocr_line' id='line_1_4' title="bbox 506 586 1939 665; baseline -0.006 -15"><span class='ocrx_word' id='word_1_25' title='bbox 506 591 582 650; x_wconf 88' lang='lat' dir='ltr'><strong>De</strong></span> <span class='ocrx_word' id='word_1_26' title='bbox 604 609 769 665; x_wconf 88' lang='lat' dir='ltr'><strong>grege</strong></span> <span class='ocrx_word' id='word_1_27' title='bbox 793 607 953 664; x_wconf 89' lang='lat' dir='ltr'><strong>quem</strong></span> <span class='ocrx_word' id='word_1_28' title='bbox 976 607 1161 649; x_wconf 89' lang='lat' dir='ltr'><strong>servas</strong></span> <span class='ocrx_word' id='word_1_29' title='bbox 1191 591 1333 662; x_wconf 91' lang='lat' dir='ltr'><strong>perit</strong></span> <span class='ocrx_word' id='word_1_30' title='bbox 1357 603 1484 646; x_wconf 91' lang='lat' dir='ltr'><strong>ecce</strong></span> <span class='ocrx_word' id='word_1_31' title='bbox 1509 586 1784 644; x_wconf 86' lang='lat' dir='ltr'><strong>doloribus</strong></span> <span class='ocrx_word' id='word_1_32' title='bbox 1809 601 1939 650; x_wconf 85' lang='lat' dir='ltr'><strong>una,</strong></span> 
     </span>
    </p>
   </div>
   <div class='ocr_carea' id='block_1_5' title="bbox 499 675 1970 747">
    <p class='ocr_par' dir='ltr' id='par_1_5' title="bbox 499 675 1970 747">
     <span class='ocr_line' id='line_1_5' title="bbox 499 675 1970 747; baseline -0.007 -9"><span class='ocrx_word' id='word_1_33' title='bbox 499 681 567 738; x_wconf 83' lang='lat' dir='ltr'><strong>Ni</strong></span> <span class='ocrx_word' id='word_1_34' title='bbox 607 684 769 739; x_wconf 87' lang='lat' dir='ltr'><strong>modo</strong></span> <span class='ocrx_word' id='word_1_35' title='bbox 800 682 1115 747; x_wconf 84' lang='lat' dir='ltr'><strong>subvenias,</strong></span> <span class='ocrx_word' id='word_1_36' title='bbox 1161 681 1364 736; x_wconf 91' lang='lat' dir='ltr'><strong>morior</strong></span> <span class='ocrx_word' id='word_1_37' title='bbox 1399 687 1510 742; x_wconf 90' lang='lat' dir='ltr'><strong>tua,</strong></span> <span class='ocrx_word' id='word_1_38' title='bbox 1552 685 1759 747; x_wconf 81' lang='lat' dir='ltr'><strong>pastor,</strong></span> <span class='ocrx_word' id='word_1_39' title='bbox 1789 675 1970 731; x_wconf 90' lang='lat' dir='ltr'><strong>ovilla.</strong></span> 
     </span>
    </p>
   </div>
   <div class='ocr_carea' id='block_1_6' title="bbox 499 768 1900 844">
    <p class='ocr_par' dir='ltr' id='par_1_6' title="bbox 499 768 1900 844">
     <span class='ocr_line' id='line_1_6' title="bbox 499 768 1900 844; baseline -0.008 -12"><span class='ocrx_word' id='word_1_40' title='bbox 499 774 559 832; x_wconf 91' lang='lat' dir='ltr'><strong>Si</strong></span> <span class='ocrx_word' id='word_1_41' title='bbox 591 775 829 842; x_wconf 91' lang='lat' dir='ltr'><strong>morior,</strong></span> <span class='ocrx_word' id='word_1_42' title='bbox 869 774 1082 844; x_wconf 90' lang='lat' dir='ltr'><strong>qualem</strong></span> <span class='ocrx_word' id='word_1_43' title='bbox 1126 788 1226 844; x_wconf 93' lang='lat' dir='ltr'><strong>pro</strong></span> <span class='ocrx_word' id='word_1_44' title='bbox 1272 787 1359 827; x_wconf 89' lang='lat' dir='ltr'><strong>me</strong></span> <span class='ocrx_word' id='word_1_45' title='bbox 1398 770 1591 825; x_wconf 85' lang='lat' dir='ltr'><strong>reddes</strong></span> <span class='ocrx_word' id='word_1_46' title='bbox 1633 768 1900 824; x_wconf 86' lang='lat' dir='ltr'><strong>rationem</strong></span> 
     </span>
    </p>
   </div>
   <div class='ocr_carea' id='block_1_7' title="bbox 495 858 1801 922">
    <p class='ocr_par' dir='ltr' id='par_1_7' title="bbox 495 858 1801 922">
     <span class='ocr_line' id='line_1_7' title="bbox 495 858 1801 922; baseline -0.009 0"><span class='ocrx_word' id='word_1_47' title='bbox 495 866 639 922; x_wconf 80' lang='lat' dir='ltr'><strong>Ante</strong></span> <span class='ocrx_word' id='word_1_48' title='bbox 661 867 755 922; x_wconf 90' lang='lat' dir='ltr'><strong>Dei</strong></span> <span class='ocrx_word' id='word_1_49' title='bbox 781 865 987 922; x_wconf 89' lang='lat' dir='ltr'><strong>vultum</strong></span> <span class='ocrx_word' id='word_1_50' title='bbox 1022 879 1143 920; x_wconf 91' lang='lat' dir='ltr'><strong>cum</strong></span> <span class='ocrx_word' id='word_1_51' title='bbox 1185 863 1259 918; x_wconf 93' lang='lat' dir='ltr'><strong>nil</strong></span> <span class='ocrx_word' id='word_1_52' title='bbox 1300 860 1502 916; x_wconf 81' lang='lat' dir='ltr'><strong>laxabit</strong></span> <span class='ocrx_word' id='word_1_53' title='bbox 1528 858 1801 914; x_wconf 79' lang='lat' dir='ltr'><strong>inultum?</strong></span> 
     </span>
    </p>
   </div>
   <div class='ocr_carea' id='block_1_8' title="bbox 575 951 1852 1027">
    <p class='ocr_par' dir='ltr' id='par_1_8' title="bbox 575 951 1852 1027">
     <span class='ocr_line' id='line_1_8' title="bbox 575 951 1852 1027; baseline -0.005 -16"><span class='ocrx_word' id='word_1_54' title='bbox 575 956 686 1011; x_wconf 90' lang='lat' dir='ltr'><strong>Hos</strong></span> <span class='ocrx_word' id='word_1_55' title='bbox 714 964 868 1027; x_wconf 89' lang='lat' dir='ltr'><strong>pater</strong></span> <span class='ocrx_word' id='word_1_56' title='bbox 898 955 962 1011; x_wconf 87' lang='lat' dir='ltr'><strong>ad</strong></span> <span class='ocrx_word' id='word_1_57' title='bbox 990 954 1148 1010; x_wconf 89' lang='lat' dir='ltr'><strong>ﬂetus</strong></span> <span class='ocrx_word' id='word_1_58' title='bbox 1171 953 1389 1024; x_wconf 88' lang='lat' dir='ltr'><strong>pietatis</strong></span> <span class='ocrx_word' id='word_1_59' title='bbox 1414 951 1623 1007; x_wconf 80' lang='lat' dir='ltr'><strong>viscere</strong></span> <span class='ocrx_word' id='word_1_60' title='bbox 1651 958 1852 1014; x_wconf 86' lang='lat' dir='ltr'><strong>motus,</strong></span> 
     </span>
    </p>
   </div>
   <div class='ocr_carea' id='block_1_9' title="bbox 496 1043 1872 1118">
    <p class='ocr_par' dir='ltr' id='par_1_9' title="bbox 496 1043 1872 1118">
     <span class='ocr_line' id='line_1_9' title="bbox 496 1043 1872 1118; baseline -0.006 -16"><span class='ocrx_word' id='word_1_61' title='bbox 496 1046 724 1118; x_wconf 80' lang='lat' dir='ltr'><strong>Excepit</strong></span> <span class='ocrx_word' id='word_1_62' title='bbox 760 1048 972 1101; x_wconf 82' lang='lat' dir='ltr'><strong>tandem</strong></span> <span class='ocrx_word' id='word_1_63' title='bbox 1000 1045 1363 1102; x_wconf 90' lang='lat' dir='ltr'><strong>truculentum</strong></span> <span class='ocrx_word' id='word_1_64' title='bbox 1398 1044 1613 1099; x_wconf 88' lang='lat' dir='ltr'><strong>nescius</strong></span> <span class='ocrx_word' id='word_1_65' title='bbox 1636 1043 1872 1097; x_wconf 89' lang='lat' dir='ltr'><strong>hostem.</strong></span> 
     </span>
    </p>
   </div>
   <div class='ocr_carea' id='block_1_10' title="bbox 500 1132 1761 1208">
    <p class='ocr_par' dir='ltr' id='par_1_10' title="bbox 500 1132 1761 1208">
     <span class='ocr_line' id='line_1_10' title="bbox 500 1132 1761 1208; baseline -0.006 -13"><span class='ocrx_word' id='word_1_66' title='bbox 500 1139 677 1195; x_wconf 87' lang='lat' dir='ltr'><strong>Pestis</strong></span> <span class='ocrx_word' id='word_1_67' title='bbox 699 1148 755 1193; x_wconf 92' lang='lat' dir='ltr'><strong>ut</strong></span> <span class='ocrx_word' id='word_1_68' title='bbox 782 1138 1004 1193; x_wconf 79' lang='lat' dir='ltr'><strong>intravit</strong></span> <span class='ocrx_word' id='word_1_69' title='bbox 1028 1137 1217 1208; x_wconf 89' lang='lat' dir='ltr'><strong>prunis</strong></span> <span class='ocrx_word' id='word_1_70' title='bbox 1243 1134 1504 1197; x_wconf 85' lang='lat' dir='ltr'><strong>calefacta</strong></span> <span class='ocrx_word' id='word_1_71' title='bbox 1536 1132 1761 1197; x_wconf 89' lang='lat' dir='ltr'><strong>resedit,</strong></span> 
     </span>
    </p>
   </div>
   <div class='ocr_carea' id='block_1_11' title="bbox 489 1225 1740 1291">
    <p class='ocr_par' dir='ltr' id='par_1_11' title="bbox 489 1225 1740 1291">
     <span class='ocr_line' id='line_1_11' title="bbox 489 1225 1740 1291; baseline -0.006 -5"><span class='ocrx_word' id='word_1_72' title='bbox 489 1231 734 1286; x_wconf 90' lang='lat' dir='ltr'><strong>Dilalans</strong></span> <span class='ocrx_word' id='word_1_73' title='bbox 769 1231 975 1287; x_wconf 89' lang='lat' dir='ltr'><strong>crimen</strong></span> <span class='ocrx_word' id='word_1_74' title='bbox 1008 1229 1204 1284; x_wconf 90' lang='lat' dir='ltr'><strong>ﬂavum</strong></span> <span class='ocrx_word' id='word_1_75' title='bbox 1232 1227 1456 1283; x_wconf 89' lang='lat' dir='ltr'><strong>mentita</strong></span> <span class='ocrx_word' id='word_1_76' title='bbox 1484 1225 1740 1291; x_wconf 90' lang='lat' dir='ltr'><strong>colorem,</strong></span> 
     </span>
    </p>
   </div>
   <div class='ocr_carea' id='block_1_12' title="bbox 487 1317 1712 1391">
    <p class='ocr_par' dir='ltr' id='par_1_12' title="bbox 487 1317 1712 1391">
     <span class='ocr_line' id='line_1_12' title="bbox 487 1317 1712 1391; baseline -0.005 -15"><span class='ocrx_word' id='word_1_77' title='bbox 487 1320 737 1376; x_wconf 88' lang='lat' dir='ltr'><strong>Denudat</strong></span> <span class='ocrx_word' id='word_1_78' title='bbox 763 1330 972 1391; x_wconf 91' lang='lat' dir='ltr'><strong>pectus,</strong></span> <span class='ocrx_word' id='word_1_79' title='bbox 997 1320 1042 1376; x_wconf 89' lang='lat' dir='ltr'><strong>si</strong></span> <span class='ocrx_word' id='word_1_80' title='bbox 1069 1319 1240 1390; x_wconf 89' lang='lat' dir='ltr'><strong>possit</strong></span> <span class='ocrx_word' id='word_1_81' title='bbox 1260 1317 1477 1373; x_wconf 91' lang='lat' dir='ltr'><strong>ﬂectere</strong></span> <span class='ocrx_word' id='word_1_82' title='bbox 1504 1331 1712 1372; x_wconf 87' lang='lat' dir='ltr'><strong>sensus.</strong></span> 
     </span>
    </p>
   </div>
   <div class='ocr_carea' id='block_1_13' title="bbox 487 1406 1820 1478">
    <p class='ocr_par' dir='ltr' id='par_1_13' title="bbox 487 1406 1820 1478">
     <span class='ocr_line' id='line_1_13' title="bbox 487 1406 1820 1478; baseline -0.004 -13"><span class='ocrx_word' id='word_1_83' title='bbox 487 1409 784 1465; x_wconf 78' lang='lat' dir='ltr'><strong>Candidior</strong></span> <span class='ocrx_word' id='word_1_84' title='bbox 821 1410 1040 1474; x_wconf 87' lang='lat' dir='ltr'><strong>renitet,</strong></span> <span class='ocrx_word' id='word_1_85' title='bbox 1077 1417 1260 1478; x_wconf 85' lang='lat' dir='ltr'><strong>gestus</strong></span> <span class='ocrx_word' id='word_1_86' title='bbox 1292 1416 1348 1464; x_wconf 92' lang='lat' dir='ltr'><strong>et</strong></span> <span class='ocrx_word' id='word_1_87' title='bbox 1378 1406 1585 1462; x_wconf 85' lang='lat' dir='ltr'><strong>ludicra</strong></span> <span class='ocrx_word' id='word_1_88' title='bbox 1611 1407 1820 1471; x_wconf 85' lang='lat' dir='ltr'><strong>miscet,</strong></span> 
     </span>
    </p>
   </div>
   <div class='ocr_carea' id='block_1_14' title="bbox 488 1498 1671 1568">
    <p class='ocr_par' dir='ltr' id='par_1_14' title="bbox 488 1498 1671 1568">
     <span class='ocr_line' id='line_1_14' title="bbox 488 1498 1671 1568; baseline -0.002 -14"><span class='ocrx_word' id='word_1_89' title='bbox 488 1498 615 1555; x_wconf 88' lang='lat' dir='ltr'><strong>Tela</strong></span> <span class='ocrx_word' id='word_1_90' title='bbox 649 1501 917 1557; x_wconf 85' lang='lat' dir='ltr'><strong>sacerdoti</strong></span> <span class='ocrx_word' id='word_1_91' title='bbox 945 1501 1123 1556; x_wconf 82' lang='lat' dir='ltr'><strong>verbis</strong></span> <span class='ocrx_word' id='word_1_92' title='bbox 1145 1499 1279 1568; x_wconf 88' lang='lat' dir='ltr'><strong>jacit</strong></span> <span class='ocrx_word' id='word_1_93' title='bbox 1316 1498 1671 1555; x_wconf 85' lang='lat' dir='ltr'><strong>illecebrosis.</strong></span> 
     </span>
    </p>
   </div>
   <div class='ocr_carea' id='block_1_15' title="bbox 486 1590 1653 1665">
    <p class='ocr_par' dir='ltr' id='par_1_15' title="bbox 486 1590 1653 1665">
     <span class='ocr_line' id='line_1_15' title="bbox 486 1590 1653 1665; baseline -0.002 -17"><span class='ocrx_word' id='word_1_94' title='bbox 486 1590 681 1648; x_wconf 86' lang='lat' dir='ltr'><strong>Omnia</strong></span> <span class='ocrx_word' id='word_1_95' title='bbox 705 1592 942 1658; x_wconf 89' lang='lat' dir='ltr'><strong>molitur,</strong></span> <span class='ocrx_word' id='word_1_96' title='bbox 975 1609 1074 1648; x_wconf 89' lang='lat' dir='ltr'><strong>nec</strong></span> <span class='ocrx_word' id='word_1_97' title='bbox 1102 1607 1198 1650; x_wconf 86' lang='lat' dir='ltr'><strong>cor</strong></span> <span class='ocrx_word' id='word_1_98' title='bbox 1225 1592 1405 1665; x_wconf 89' lang='lat' dir='ltr'><strong>regale</strong></span> <span class='ocrx_word' id='word_1_99' title='bbox 1431 1591 1653 1656; x_wconf 88' lang='lat' dir='ltr'><strong>feritur;</strong></span> 
     </span>
    </p>
   </div>
   <div class='ocr_carea' id='block_1_16' title="bbox 488 1679 1902 1752">
    <p class='ocr_par' dir='ltr' id='par_1_16' title="bbox 488 1679 1902 1752">
     <span class='ocr_line' id='line_1_16' title="bbox 488 1679 1902 1752; baseline -0.001 -17"><span class='ocrx_word' id='word_1_100' title='bbox 488 1679 611 1735; x_wconf 89' lang='lat' dir='ltr'><strong>Stat</strong></span> <span class='ocrx_word' id='word_1_101' title='bbox 638 1683 930 1737; x_wconf 83' lang='lat' dir='ltr'><strong>vehemens</strong></span> <span class='ocrx_word' id='word_1_102' title='bbox 954 1684 1175 1738; x_wconf 87' lang='lat' dir='ltr'><strong>adamas</strong></span> <span class='ocrx_word' id='word_1_103' title='bbox 1205 1683 1347 1736; x_wconf 89' lang='lat' dir='ltr'><strong>nuha</strong></span> <span class='ocrx_word' id='word_1_104' title='bbox 1377 1680 1729 1752; x_wconf 78' lang='lat' dir='ltr'><strong>penetrabilis</strong></span> <span class='ocrx_word' id='word_1_105' title='bbox 1759 1687 1902 1745; x_wconf 87' lang='lat' dir='ltr'><strong>arte,</strong></span> 
     </span>
    </p>
   </div>
   <div class='ocr_carea' id='block_1_17' title="bbox 485 1771 1991 1845">
    <p class='ocr_par' dir='ltr' id='par_1_17' title="bbox 485 1771 1991 1845">
     <span class='ocr_line' id='line_1_17' title="bbox 485 1771 1991 1845; baseline 0 -20"><span class='ocrx_word' id='word_1_106' title='bbox 485 1771 598 1828; x_wconf 83' lang='lat' dir='ltr'><strong>Nec</strong></span> <span class='ocrx_word' id='word_1_107' title='bbox 625 1781 778 1841; x_wconf 87' lang='lat' dir='ltr'><strong>petra</strong></span> <span class='ocrx_word' id='word_1_108' title='bbox 804 1772 1073 1828; x_wconf 89' lang='lat' dir='ltr'><strong>mollescit</strong></span> <span class='ocrx_word' id='word_1_109' title='bbox 1097 1789 1217 1845; x_wconf 71' lang='lat' dir='ltr'><strong>qua:</strong></span> <span class='ocrx_word' id='word_1_110' title='bbox 1242 1773 1461 1829; x_wconf 86' lang='lat' dir='ltr'><strong>Christo</strong></span> <span class='ocrx_word' id='word_1_111' title='bbox 1486 1788 1711 1843; x_wconf 88' lang='lat' dir='ltr'><strong>prorsus</strong></span> <span class='ocrx_word' id='word_1_112' title='bbox 1744 1771 1991 1828; x_wconf 62' lang='lat' dir='ltr'><strong>adhaesit.</strong></span> 
     </span>
    </p>
   </div>
   <div class='ocr_carea' id='block_1_18' title="bbox 482 1863 1809 1935">
    <p class='ocr_par' dir='ltr' id='par_1_18' title="bbox 482 1863 1809 1935">
     <span class='ocr_line' id='line_1_18' title="bbox 482 1863 1809 1935; baseline 0.002 -18"><span class='ocrx_word' id='word_1_113' title='bbox 482 1863 756 1935; x_wconf 83' lang='lat' dir='ltr'><strong>Angelicis</strong></span> <span class='ocrx_word' id='word_1_114' title='bbox 781 1864 947 1919; x_wconf 88' lang='lat' dir='ltr'><strong>armis</strong></span> <span class='ocrx_word' id='word_1_115' title='bbox 970 1864 1235 1935; x_wconf 83' lang='lat' dir='ltr'><strong>siquidem</strong></span> <span class='ocrx_word' id='word_1_116' title='bbox 1265 1866 1506 1920; x_wconf 90' lang='lat' dir='ltr'><strong>munitus</strong></span> <span class='ocrx_word' id='word_1_117' title='bbox 1534 1865 1604 1920; x_wconf 87' lang='lat' dir='ltr'><strong>ab</strong></span> <span class='ocrx_word' id='word_1_118' title='bbox 1627 1864 1809 1929; x_wconf 86' lang='lat' dir='ltr'><strong>astris,</strong></span> 
     </span>
    </p>
   </div>
   <div class='ocr_carea' id='block_1_19' title="bbox 485 1944 1748 2028">
    <p class='ocr_par' dir='ltr' id='par_1_19' title="bbox 485 1944 1748 2028">
     <span class='ocr_line' id='line_1_19' title="bbox 485 1944 1748 2028; baseline 0.002 -20"><span class='ocrx_word' id='word_1_119' title='bbox 485 1953 648 2025; x_wconf 86' lang='lat' dir='ltr'><strong>Signa</strong></span> <span class='ocrx_word' id='word_1_120' title='bbox 675 1944 854 2011; x_wconf 80' lang='lat' dir='ltr'><strong>crucis</strong></span> <span class='ocrx_word' id='word_1_121' title='bbox 881 1957 1081 2022; x_wconf 84' lang='lat' dir='ltr'><strong>vibrat,</strong></span> <span class='ocrx_word' id='word_1_122' title='bbox 1118 1972 1225 2027; x_wconf 90' lang='lat' dir='ltr'><strong>quo</strong></span> <span class='ocrx_word' id='word_1_123' title='bbox 1253 1957 1364 2028; x_wconf 91' lang='lat' dir='ltr'><strong>pilo</strong></span> <span class='ocrx_word' id='word_1_124' title='bbox 1390 1956 1607 2012; x_wconf 81' lang='lat' dir='ltr'><strong>fortiter</strong></span> <span class='ocrx_word' id='word_1_125' title='bbox 1630 1964 1748 2011; x_wconf 88' lang='lat' dir='ltr'><strong>acta</strong></span> 
     </span>
    </p>
   </div>
   <div class='ocr_carea' id='block_1_20' title="bbox 481 2044 1811 2119">
    <p class='ocr_par' dir='ltr' id='par_1_20' title="bbox 481 2044 1811 2119">
     <span class='ocr_line' id='line_1_20' title="bbox 481 2044 1811 2119; baseline 0.005 -21"><span class='ocrx_word' id='word_1_126' title='bbox 481 2044 819 2117; x_wconf 85' lang='lat' dir='ltr'><strong>Diﬂ‘ugiendo</strong></span> <span class='ocrx_word' id='word_1_127' title='bbox 843 2063 1005 2119; x_wconf 87' lang='lat' dir='ltr'><strong>vagas</strong></span> <span class='ocrx_word' id='word_1_128' title='bbox 1026 2048 1248 2104; x_wconf 85' lang='lat' dir='ltr'><strong>evanuit</strong></span> <span class='ocrx_word' id='word_1_129' title='bbox 1274 2048 1465 2103; x_wconf 90' lang='lat' dir='ltr'><strong>umbra</strong></span> <span class='ocrx_word' id='word_1_130' title='bbox 1491 2063 1591 2118; x_wconf 88' lang='lat' dir='ltr'><strong>per</strong></span> <span class='ocrx_word' id='word_1_131' title='bbox 1619 2061 1811 2114; x_wconf 88' lang='lat' dir='ltr'><strong>auras;</strong></span> 
     </span>
    </p>
   </div>
   <div class='ocr_carea' id='block_1_21' title="bbox 478 2135 1744 2210">
    <p class='ocr_par' dir='ltr' id='par_1_21' title="bbox 478 2135 1744 2210">
     <span class='ocr_line' id='line_1_21' title="bbox 478 2135 1744 2210; baseline 0.002 -20"><span class='ocrx_word' id='word_1_132' title='bbox 478 2135 665 2191; x_wconf 88' lang='lat' dir='ltr'><strong>Fetida</strong></span> <span class='ocrx_word' id='word_1_133' title='bbox 695 2152 790 2207; x_wconf 92' lang='lat' dir='ltr'><strong>per</strong></span> <span class='ocrx_word' id='word_1_134' title='bbox 812 2146 977 2193; x_wconf 89' lang='lat' dir='ltr'><strong>totam</strong></span> <span class='ocrx_word' id='word_1_135' title='bbox 1008 2138 1256 2210; x_wconf 87' lang='lat' dir='ltr'><strong>linquens</strong></span> <span class='ocrx_word' id='word_1_136' title='bbox 1280 2141 1502 2209; x_wconf 86' lang='lat' dir='ltr'><strong>vestigia</strong></span> <span class='ocrx_word' id='word_1_137' title='bbox 1529 2140 1744 2196; x_wconf 85' lang='lat' dir='ltr'><strong>cellam.</strong></span> 
     </span>
    </p>
   </div>
   <div class='ocr_carea' id='block_1_22' title="bbox 475 2224 1775 2301">
    <p class='ocr_par' dir='ltr' id='par_1_22' title="bbox 475 2224 1775 2301">
     <span class='ocr_line' id='line_1_22' title="bbox 475 2224 1775 2301; baseline 0.005 -22"><span class='ocrx_word' id='word_1_138' title='bbox 475 2224 570 2281; x_wconf 85' lang='lat' dir='ltr'><strong>Ille</strong></span> <span class='ocrx_word' id='word_1_139' title='bbox 589 2225 690 2281; x_wconf 87' lang='lat' dir='ltr'><strong>Dei</strong></span> <span class='ocrx_word' id='word_1_140' title='bbox 723 2236 903 2291; x_wconf 90' lang='lat' dir='ltr'><strong>natus,</strong></span> <span class='ocrx_word' id='word_1_141' title='bbox 933 2243 1094 2298; x_wconf 92' lang='lat' dir='ltr'><strong>quem</strong></span> <span class='ocrx_word' id='word_1_142' title='bbox 1124 2228 1363 2301; x_wconf 77' lang='lat' dir='ltr'><strong>Virginis</strong></span> <span class='ocrx_word' id='word_1_143' title='bbox 1391 2230 1560 2285; x_wconf 87' lang='lat' dir='ltr'><strong>edidit</strong></span> <span class='ocrx_word' id='word_1_144' title='bbox 1602 2229 1775 2295; x_wconf 87' lang='lat' dir='ltr'><strong>alvus,</strong></span> 
     </span>
    </p>
   </div>
   <div class='ocr_carea' id='block_1_23' title="bbox 484 2315 1849 2389">
    <p class='ocr_par' dir='ltr' id='par_1_23' title="bbox 484 2315 1849 2389">
     <span class='ocr_line' id='line_1_23' title="bbox 484 2315 1849 2389; baseline 0.004 -18"><span class='ocrx_word' id='word_1_145' title='bbox 484 2315 715 2389; x_wconf 87' lang='lat' dir='ltr'><strong>Semper</strong></span> <span class='ocrx_word' id='word_1_146' title='bbox 751 2319 1053 2376; x_wconf 83' lang='lat' dir='ltr'><strong>Romanum</strong></span> <span class='ocrx_word' id='word_1_147' title='bbox 1088 2332 1234 2378; x_wconf 88' lang='lat' dir='ltr'><strong>tanta</strong></span> <span class='ocrx_word' id='word_1_148' title='bbox 1264 2321 1393 2378; x_wconf 84' lang='lat' dir='ltr'><strong>fecit</strong></span> <span class='ocrx_word' id='word_1_149' title='bbox 1421 2322 1598 2379; x_wconf 91' lang='lat' dir='ltr'><strong>indole</strong></span> <span class='ocrx_word' id='word_1_150' title='bbox 1622 2322 1849 2378; x_wconf 88' lang='lat' dir='ltr'><strong>clarum.</strong></span> 
     </span>
    </p>
   </div>
   <div class='ocr_carea' id='block_1_24' title="bbox 483 2407 1663 2486">
    <p class='ocr_par' dir='ltr' id='par_1_24' title="bbox 483 2407 1663 2486">
     <span class='ocr_line' id='line_1_24' title="bbox 483 2407 1663 2486; baseline 0.004 -22"><span class='ocrx_word' id='word_1_151' title='bbox 483 2407 555 2464; x_wconf 91' lang='lat' dir='ltr'><strong>Ut</strong></span> <span class='ocrx_word' id='word_1_152' title='bbox 581 2418 813 2480; x_wconf 88' lang='lat' dir='ltr'><strong>nequeat</strong></span> <span class='ocrx_word' id='word_1_153' title='bbox 844 2411 950 2467; x_wconf 85' lang='lat' dir='ltr'><strong>labi</strong></span> <span class='ocrx_word' id='word_1_154' title='bbox 978 2413 1234 2486; x_wconf 89' lang='lat' dir='ltr'><strong>nulloque</strong></span> <span class='ocrx_word' id='word_1_155' title='bbox 1265 2415 1425 2470; x_wconf 89' lang='lat' dir='ltr'><strong>modo</strong></span> <span class='ocrx_word' id='word_1_156' title='bbox 1449 2415 1663 2470; x_wconf 90' lang='lat' dir='ltr'><strong>violari.</strong></span> 
     </span>
    </p>
   </div>
   <div class='ocr_carea' id='block_1_25' title="bbox 480 2495 1775 2576">
    <p class='ocr_par' dir='ltr' id='par_1_25' title="bbox 480 2495 1775 2576">
     <span class='ocr_line' id='line_1_25' title="bbox 480 2495 1775 2576; baseline 0.005 -24"><span class='ocrx_word' id='word_1_157' title='bbox 480 2495 687 2555; x_wconf 87' lang='lat' dir='ltr'><strong>Cursus</strong></span> <span class='ocrx_word' id='word_1_158' title='bbox 717 2499 975 2556; x_wconf 86' lang='lat' dir='ltr'><strong>horarum</strong></span> <span class='ocrx_word' id='word_1_159' title='bbox 1001 2499 1209 2559; x_wconf 62' lang='lat' dir='ltr'><strong>Phoebo</strong></span> <span class='ocrx_word' id='word_1_160' title='bbox 1237 2513 1530 2576; x_wconf 85' lang='lat' dir='ltr'><strong>peragente</strong></span> <span class='ocrx_word' id='word_1_161' title='bbox 1553 2519 1775 2559; x_wconf 86' lang='lat' dir='ltr'><strong>suarum</strong></span> 
     </span>
    </p>
   </div>
   <div class='ocr_carea' id='block_1_26' title="bbox 477 2589 1777 2666">
    <p class='ocr_par' dir='ltr' id='par_1_26' title="bbox 477 2589 1777 2666">
     <span class='ocr_line' id='line_1_26' title="bbox 477 2589 1777 2666; baseline 0.007 -22"><span class='ocrx_word' id='word_1_162' title='bbox 477 2589 713 2646; x_wconf 81' lang='lat' dir='ltr'><strong>Venerat</strong></span> <span class='ocrx_word' id='word_1_163' title='bbox 733 2591 799 2646; x_wconf 88' lang='lat' dir='ltr'><strong>ad</strong></span> <span class='ocrx_word' id='word_1_164' title='bbox 823 2602 995 2649; x_wconf 88' lang='lat' dir='ltr'><strong>metas</strong></span> <span class='ocrx_word' id='word_1_165' title='bbox 1014 2594 1127 2664; x_wconf 89' lang='lat' dir='ltr'><strong>jam</strong></span> <span class='ocrx_word' id='word_1_166' title='bbox 1157 2597 1328 2652; x_wconf 89' lang='lat' dir='ltr'><strong>sancti</strong></span> <span class='ocrx_word' id='word_1_167' title='bbox 1357 2597 1603 2666; x_wconf 63' lang='lat' dir='ltr'><strong>praesulis</strong></span> <span class='ocrx_word' id='word_1_168' title='bbox 1623 2605 1777 2662; x_wconf 75' lang='lat' dir='ltr'><strong>tetas,</strong></span> 
     </span>
    </p>
   </div>
   <div class='ocr_carea' id='block_1_27' title="bbox 474 2682 1882 2759">
    <p class='ocr_par' dir='ltr' id='par_1_27' title="bbox 474 2682 1882 2759">
     <span class='ocr_line' id='line_1_27' title="bbox 474 2682 1882 2759; baseline 0.006 -22"><span class='ocrx_word' id='word_1_169' title='bbox 474 2682 674 2739; x_wconf 88' lang='lat' dir='ltr'><strong>Christi</strong></span> <span class='ocrx_word' id='word_1_170' title='bbox 705 2684 1028 2755; x_wconf 88' lang='lat' dir='ltr'><strong>splendifera</strong></span> <span class='ocrx_word' id='word_1_171' title='bbox 1059 2702 1195 2758; x_wconf 85' lang='lat' dir='ltr'><strong>quas</strong></span> <span class='ocrx_word' id='word_1_172' title='bbox 1218 2699 1442 2745; x_wconf 85' lang='lat' dir='ltr'><strong>noverat</strong></span> <span class='ocrx_word' id='word_1_173' title='bbox 1466 2690 1643 2746; x_wconf 88' lang='lat' dir='ltr'><strong>indice</strong></span> <span class='ocrx_word' id='word_1_174' title='bbox 1669 2690 1882 2759; x_wconf 86' lang='lat' dir='ltr'><strong>dextra,</strong></span> 
     </span>
    </p>
   </div>
   <div class='ocr_carea' id='block_1_28' title="bbox 473 2772 1700 2852">
    <p class='ocr_par' dir='ltr' id='par_1_28' title="bbox 473 2772 1700 2852">
     <span class='ocr_line' id='line_1_28' title="bbox 473 2772 1700 2852; baseline 0.007 -23"><span class='ocrx_word' id='word_1_175' title='bbox 473 2772 546 2829; x_wconf 94' lang='lat' dir='ltr'><strong>Ut</strong></span> <span class='ocrx_word' id='word_1_176' title='bbox 572 2776 834 2831; x_wconf 77' lang='lat' dir='ltr'><strong>mercede</strong></span> <span class='ocrx_word' id='word_1_177' title='bbox 849 2775 988 2833; x_wconf 90' lang='lat' dir='ltr'><strong>bona</strong></span> <span class='ocrx_word' id='word_1_178' title='bbox 1014 2777 1524 2852; x_wconf 86' lang='lat' dir='ltr'><strong>gauderetvesperis</strong></span> <span class='ocrx_word' id='word_1_179' title='bbox 1545 2782 1700 2849; x_wconf 89' lang='lat' dir='ltr'><strong>hora,</strong></span> 
     </span>
    </p>
   </div>
   <div class='ocr_carea' id='block_1_29' title="bbox 473 2864 1836 2942">
    <p class='ocr_par' dir='ltr' id='par_1_29' title="bbox 473 2864 1836 2942">
     <span class='ocr_line' id='line_1_29' title="bbox 473 2864 1836 2942; baseline 0.009 -23"><span class='ocrx_word' id='word_1_180' title='bbox 473 2864 697 2937; x_wconf 84' lang='lat' dir='ltr'><strong>Mystica</strong></span> <span class='ocrx_word' id='word_1_181' title='bbox 727 2869 989 2926; x_wconf 78' lang='lat' dir='ltr'><strong>cultorem</strong></span> <span class='ocrx_word' id='word_1_182' title='bbox 1026 2870 1215 2935; x_wconf 87' lang='lat' dir='ltr'><strong>habuit</strong></span> <span class='ocrx_word' id='word_1_183' title='bbox 1241 2887 1400 2942; x_wconf 91' lang='lat' dir='ltr'><strong>quem</strong></span> <span class='ocrx_word' id='word_1_184' title='bbox 1430 2875 1587 2930; x_wconf 89' lang='lat' dir='ltr'><strong>vinea</strong></span> <span class='ocrx_word' id='word_1_185' title='bbox 1619 2874 1836 2942; x_wconf 83' lang='lat' dir='ltr'><strong>fortem,</strong></span> 
     </span>
    </p>
   </div>
   <div class='ocr_carea' id='block_1_30' title="bbox 467 2952 1843 3030">
    <p class='ocr_par' dir='ltr' id='par_1_30' title="bbox 467 2952 1843 3030">
     <span class='ocr_line' id='line_1_30' title="bbox 467 2952 1843 3030; baseline 0.005 -20"><span class='ocrx_word' id='word_1_186' title='bbox 467 2952 586 3010; x_wconf 79' lang='lat' dir='ltr'><strong>Non</strong></span> <span class='ocrx_word' id='word_1_187' title='bbox 613 2965 828 3026; x_wconf 87' lang='lat' dir='ltr'><strong>torpore</strong></span> <span class='ocrx_word' id='word_1_188' title='bbox 851 2959 1082 3030; x_wconf 87' lang='lat' dir='ltr'><strong>pigrum,</strong></span> <span class='ocrx_word' id='word_1_189' title='bbox 1115 2976 1215 3018; x_wconf 91' lang='lat' dir='ltr'><strong>nec</strong></span> <span class='ocrx_word' id='word_1_190' title='bbox 1236 2962 1305 3018; x_wconf 91' lang='lat' dir='ltr'><strong>ab</strong></span> <span class='ocrx_word' id='word_1_191' title='bbox 1330 2973 1462 3019; x_wconf 83' lang='lat' dir='ltr'><strong>aestu</strong></span> <span class='ocrx_word' id='word_1_192' title='bbox 1495 2965 1843 3029; x_wconf 81' lang='lat' dir='ltr'><strong>desidiosum,</strong></span> 
     </span>
    </p>
   </div>
   <div class='ocr_carea' id='block_1_31' title="bbox 470 3046 1900 3129">
    <p class='ocr_par' dir='ltr' id='par_1_31' title="bbox 470 3046 1900 3129">
     <span class='ocr_line' id='line_1_31' title="bbox 470 3046 1900 3129; baseline 0.008 -29"><span class='ocrx_word' id='word_1_193' title='bbox 470 3046 639 3114; x_wconf 85' lang='lat' dir='ltr'><strong>Quem</strong></span> <span class='ocrx_word' id='word_1_194' title='bbox 668 3049 844 3118; x_wconf 89' lang='lat' dir='ltr'><strong>pudor</strong></span> <span class='ocrx_word' id='word_1_195' title='bbox 872 3052 1147 3122; x_wconf 89' lang='lat' dir='ltr'><strong>angelicus</strong></span> <span class='ocrx_word' id='word_1_196' title='bbox 1169 3054 1331 3110; x_wconf 87' lang='lat' dir='ltr'><strong>decor</strong></span> <span class='ocrx_word' id='word_1_197' title='bbox 1357 3055 1550 3112; x_wconf 81' lang='lat' dir='ltr'><strong>extulit</strong></span> <span class='ocrx_word' id='word_1_198' title='bbox 1572 3057 1900 3129; x_wconf 83' lang='lat' dir='ltr'><strong>integritatis</strong></span> 
     </span>
    </p>
   </div>
   <div class='ocr_carea' id='block_1_32' title="bbox 472 3135 1722 3213">
    <p class='ocr_par' dir='ltr' id='par_1_32' title="bbox 472 3135 1722 3213">
     <span class='ocr_line' id='line_1_32' title="bbox 472 3135 1722 3213; baseline 0.01 -22"><span class='ocrx_word' id='word_1_199' title='bbox 472 3135 545 3192; x_wconf 93' lang='lat' dir='ltr'><strong>Ut</strong></span> <span class='ocrx_word' id='word_1_200' title='bbox 575 3152 673 3192; x_wconf 90' lang='lat' dir='ltr'><strong>vas</strong></span> <span class='ocrx_word' id='word_1_201' title='bbox 701 3141 979 3197; x_wconf 78' lang='lat' dir='ltr'><strong>munditiae</strong></span> <span class='ocrx_word' id='word_1_202' title='bbox 1011 3143 1268 3213; x_wconf 89' lang='lat' dir='ltr'><strong>templum</strong></span> <span class='ocrx_word' id='word_1_203' title='bbox 1305 3145 1461 3201; x_wconf 86' lang='lat' dir='ltr'><strong>ﬂeret</strong></span> <span class='ocrx_word' id='word_1_204' title='bbox 1481 3146 1722 3203; x_wconf 90' lang='lat' dir='ltr'><strong>deitatis.</strong></span> 
     </span>
    </p>
   </div>
   <div class='ocr_carea' id='block_1_33' title="bbox 468 3226 1782 3311">
    <p class='ocr_par' dir='ltr' id='par_1_33' title="bbox 468 3226 1782 3311">
     <span class='ocr_line' id='line_1_33' title="bbox 468 3226 1782 3311; baseline 0.009 -27"><span class='ocrx_word' id='word_1_205' title='bbox 468 3226 591 3285; x_wconf 86' lang='lat' dir='ltr'><strong>Hac</strong></span> <span class='ocrx_word' id='word_1_206' title='bbox 612 3231 815 3286; x_wconf 89' lang='lat' dir='ltr'><strong>etenim</strong></span> <span class='ocrx_word' id='word_1_207' title='bbox 845 3231 1043 3288; x_wconf 87' lang='lat' dir='ltr'><strong>virtute</strong></span> <span class='ocrx_word' id='word_1_208' title='bbox 1076 3234 1291 3291; x_wconf 80' lang='lat' dir='ltr'><strong>refulsit</strong></span> <span class='ocrx_word' id='word_1_209' title='bbox 1316 3236 1384 3292; x_wconf 77' lang='lat' dir='ltr'><strong>ab</strong></span> <span class='ocrx_word' id='word_1_210' title='bbox 1406 3237 1584 3293; x_wconf 91' lang='lat' dir='ltr'><strong>indole</strong></span> <span class='ocrx_word' id='word_1_211' title='bbox 1606 3241 1782 3311; x_wconf 88' lang='lat' dir='ltr'><strong>prima</strong></span> 
     </span>
    </p>
   </div>
   <div class='ocr_carea' id='block_1_34' title="bbox 471 3320 1814 3402">
    <p class='ocr_par' dir='ltr' id='par_1_34' title="bbox 471 3320 1814 3402">
     <span class='ocr_line' id='line_1_34' title="bbox 471 3320 1814 3402; baseline 0.007 -25"><span class='ocrx_word' id='word_1_212' title='bbox 471 3320 588 3391; x_wconf 87' lang='lat' dir='ltr'><strong>Qua</strong></span> <span class='ocrx_word' id='word_1_213' title='bbox 618 3322 827 3380; x_wconf 91' lang='lat' dir='ltr'><strong>domuit</strong></span> <span class='ocrx_word' id='word_1_214' title='bbox 852 3340 1069 3381; x_wconf 85' lang='lat' dir='ltr'><strong>carnem</strong></span> <span class='ocrx_word' id='word_1_215' title='bbox 1097 3342 1216 3396; x_wconf 70' lang='lat' dir='ltr'><strong>qua:</strong></span> <span class='ocrx_word' id='word_1_216' title='bbox 1234 3327 1363 3384; x_wconf 91' lang='lat' dir='ltr'><strong>luxu</strong></span> <span class='ocrx_word' id='word_1_217' title='bbox 1386 3332 1563 3402; x_wconf 80' lang='lat' dir='ltr'><strong>vergit</strong></span> <span class='ocrx_word' id='word_1_218' title='bbox 1588 3332 1654 3386; x_wconf 90' lang='lat' dir='ltr'><strong>ad</strong></span> <span class='ocrx_word' id='word_1_219' title='bbox 1683 3332 1814 3398; x_wconf 88' lang='lat' dir='ltr'><strong>ima,</strong></span> 
     </span>
    </p>
   </div>
   <div class='ocr_carea' id='block_1_35' title="bbox 470 3409 1732 3485">
    <p class='ocr_par' dir='ltr' id='par_1_35' title="bbox 470 3409 1732 3485">
     <span class='ocr_line' id='line_1_35' title="bbox 470 3409 1732 3485; baseline 0.008 -18"><span class='ocrx_word' id='word_1_220' title='bbox 470 3409 543 3467; x_wconf 90' lang='lat' dir='ltr'><strong>Ut</strong></span> <span class='ocrx_word' id='word_1_221' title='bbox 567 3412 816 3468; x_wconf 89' lang='lat' dir='ltr'><strong>manibus</strong></span> <span class='ocrx_word' id='word_1_222' title='bbox 838 3414 991 3485; x_wconf 90' lang='lat' dir='ltr'><strong>puris</strong></span> <span class='ocrx_word' id='word_1_223' title='bbox 1010 3423 1067 3471; x_wconf 92' lang='lat' dir='ltr'><strong>et</strong></span> <span class='ocrx_word' id='word_1_224' title='bbox 1092 3417 1294 3473; x_wconf 92' lang='lat' dir='ltr'><strong>mundo</strong></span> <span class='ocrx_word' id='word_1_225' title='bbox 1322 3421 1485 3475; x_wconf 84' lang='lat' dir='ltr'><strong>corde</strong></span> <span class='ocrx_word' id='word_1_226' title='bbox 1510 3421 1732 3477; x_wconf 89' lang='lat' dir='ltr'><strong>beatum</strong></span> 
     </span>
    </p>
   </div>
   <div class='ocr_carea' id='block_1_36' title="bbox 468 3500 1791 3582">
    <p class='ocr_par' dir='ltr' id='par_1_36' title="bbox 468 3500 1791 3582">
     <span class='ocr_line' id='line_1_36' title="bbox 468 3500 1791 3582; baseline 0.008 -26"><span class='ocrx_word' id='word_1_227' title='bbox 468 3500 699 3572; x_wconf 88' lang='lat' dir='ltr'><strong>Semper</strong></span> <span class='ocrx_word' id='word_1_228' title='bbox 719 3502 1051 3560; x_wconf 91' lang='lat' dir='ltr'><strong>adorandum</strong></span> <span class='ocrx_word' id='word_1_229' title='bbox 1078 3506 1275 3563; x_wconf 87' lang='lat' dir='ltr'><strong>libaret</strong></span> <span class='ocrx_word' id='word_1_230' title='bbox 1299 3508 1530 3565; x_wconf 88' lang='lat' dir='ltr'><strong>dulciter</strong></span> <span class='ocrx_word' id='word_1_231' title='bbox 1557 3512 1791 3582; x_wconf 80' lang='lat' dir='ltr'><strong>Agnum.</strong></span> 
     </span>
    </p>
   </div>
   <div class='ocr_carea' id='block_1_37' title="bbox 465 3588 1826 3670">
    <p class='ocr_par' dir='ltr' id='par_1_37' title="bbox 465 3588 1826 3670">
     <span class='ocr_line' id='line_1_37' title="bbox 465 3588 1826 3670; baseline 0.007 -23"><span class='ocrx_word' id='word_1_232' title='bbox 465 3588 623 3647; x_wconf 90' lang='lat' dir='ltr'><strong>Unde</strong></span> <span class='ocrx_word' id='word_1_233' title='bbox 644 3589 768 3660; x_wconf 88' lang='lat' dir='ltr'><strong>polo</strong></span> <span class='ocrx_word' id='word_1_234' title='bbox 795 3593 1055 3661; x_wconf 78' lang='lat' dir='ltr'><strong>gaudens,</strong></span> <span class='ocrx_word' id='word_1_235' title='bbox 1099 3604 1153 3651; x_wconf 87' lang='lat' dir='ltr'><strong>et</strong></span> <span class='ocrx_word' id='word_1_236' title='bbox 1182 3596 1272 3652; x_wconf 85' lang='lat' dir='ltr'><strong>tali</strong></span> <span class='ocrx_word' id='word_1_237' title='bbox 1301 3599 1519 3670; x_wconf 86' lang='lat' dir='ltr'><strong>cyclade</strong></span> <span class='ocrx_word' id='word_1_238' title='bbox 1544 3600 1826 3669; x_wconf 90' lang='lat' dir='ltr'><strong>plaudens,</strong></span> 
     </span>
    </p>
   </div>
   <div class='ocr_carea' id='block_1_38' title="bbox 464 3677 1757 3756">
    <p class='ocr_par' dir='ltr' id='par_1_38' title="bbox 464 3677 1757 3756">
     <span class='ocr_line' id='line_1_38' title="bbox 464 3677 1757 3756; baseline 0.008 -20"><span class='ocrx_word' id='word_1_239' title='bbox 464 3677 660 3736; x_wconf 86' lang='lat' dir='ltr'><strong>Cantat</strong></span> <span class='ocrx_word' id='word_1_240' title='bbox 683 3681 996 3739; x_wconf 88' lang='lat' dir='ltr'><strong>dulcisonus</strong></span> <span class='ocrx_word' id='word_1_241' title='bbox 1036 3699 1134 3756; x_wconf 91' lang='lat' dir='ltr'><strong>pro</strong></span> <span class='ocrx_word' id='word_1_242' title='bbox 1157 3685 1466 3756; x_wconf 81' lang='lat' dir='ltr'><strong>virginitate</strong></span> <span class='ocrx_word' id='word_1_243' title='bbox 1492 3690 1757 3746; x_wconf 89' lang='lat' dir='ltr'><strong>melodus.</strong></span> 
     </span>
    </p>
   </div>
   <div class='ocr_carea' id='block_1_39' title="bbox 535 3769 1683 3850">
    <p class='ocr_par' dir='ltr' id='par_1_39' title="bbox 535 3769 1683 3850">
     <span class='ocr_line' id='line_1_39' title="bbox 535 3769 1683 3850; baseline 0.01 -25"><span class='ocrx_word' id='word_1_244' title='bbox 535 3769 695 3827; x_wconf 81' lang='lat' dir='ltr'><strong>Peste</strong></span> <span class='ocrx_word' id='word_1_245' title='bbox 713 3773 1060 3847; x_wconf 67' lang='lat' dir='ltr'><strong>philargyriaa</strong></span> <span class='ocrx_word' id='word_1_246' title='bbox 1079 3778 1253 3833; x_wconf 89' lang='lat' dir='ltr'><strong>caruit</strong></span> <span class='ocrx_word' id='word_1_247' title='bbox 1281 3780 1426 3836; x_wconf 90' lang='lat' dir='ltr'><strong>rivus</strong></span> <span class='ocrx_word' id='word_1_248' title='bbox 1447 3781 1683 3850; x_wconf 86' lang='lat' dir='ltr'><strong>pietatis,</strong></span> 
     </span>
    </p>
   </div>
   <div class='ocr_carea' id='block_1_40' title="bbox 463 3858 1971 3953">
    <p class='ocr_par' dir='ltr' id='par_1_40' title="bbox 463 3858 1971 3953">
     <span class='ocr_line' id='line_1_40' title="bbox 463 3858 1971 3953; baseline 0.009 -36"><span class='ocrx_word' id='word_1_249' title='bbox 463 3858 698 3953; x_wconf 70' lang='lat' dir='ltr'><strong>Cressus</strong></span> <span class='ocrx_word' id='word_1_250' title='bbox 724 3864 1002 3934; x_wconf 90' lang='lat' dir='ltr'><strong>debilium,</strong></span> <span class='ocrx_word' id='word_1_251' title='bbox 1045 3884 1239 3925; x_wconf 90' lang='lat' dir='ltr'><strong>manus</strong></span> <span class='ocrx_word' id='word_1_252' title='bbox 1262 3886 1453 3937; x_wconf 86' lang='lat' dir='ltr'><strong>aurea,</strong></span> <span class='ocrx_word' id='word_1_253' title='bbox 1484 3873 1663 3931; x_wconf 85' lang='lat' dir='ltr'><strong>cultor</strong></span> <span class='ocrx_word' id='word_1_254' title='bbox 1689 3884 1971 3953; x_wconf 79' lang='lat' dir='ltr'><strong>egentem,</strong></span> 
     </span>
    </p>
   </div>
   <div class='ocr_carea' id='block_1_41' title="bbox 461 3950 1896 4032">
    <p class='ocr_par' dir='ltr' id='par_1_41' title="bbox 461 3950 1896 4032">
     <span class='ocr_line' id='line_1_41' title="bbox 461 3950 1896 4032; baseline 0.011 -28"><span class='ocrx_word' id='word_1_255' title='bbox 461 3950 730 4026; x_wconf 86' lang='lat' dir='ltr'><strong>Quidquid</strong></span> <span class='ocrx_word' id='word_1_256' title='bbox 756 3965 876 4012; x_wconf 90' lang='lat' dir='ltr'><strong>erat</strong></span> <span class='ocrx_word' id='word_1_257' title='bbox 898 3972 1093 4015; x_wconf 86' lang='lat' dir='ltr'><strong>census</strong></span> <span class='ocrx_word' id='word_1_258' title='bbox 1119 3960 1338 4032; x_wconf 90' lang='lat' dir='ltr'><strong>inopum</strong></span> <span class='ocrx_word' id='word_1_259' title='bbox 1365 3963 1623 4032; x_wconf 83' lang='lat' dir='ltr'><strong>dispersit</strong></span> <span class='ocrx_word' id='word_1_260' title='bbox 1648 3966 1716 4020; x_wconf 90' lang='lat' dir='ltr'><strong>ad</strong></span> <span class='ocrx_word' id='word_1_261' title='bbox 1747 3981 1896 4031; x_wconf 90' lang='lat' dir='ltr'><strong>usus,</strong></span> 
     </span>
    </p>
   </div>
   <div class='ocr_carea' id='block_1_42' title="bbox 460 4042 1645 4109">
    <p class='ocr_par' dir='ltr' id='par_1_42' title="bbox 460 4042 1645 4109">
     <span class='ocr_line' id='line_1_42' title="bbox 460 4042 1645 4109; baseline 0.008 -10"><span class='ocrx_word' id='word_1_262' title='bbox 460 4042 625 4100; x_wconf 88' lang='lat' dir='ltr'><strong>Liber</strong></span> <span class='ocrx_word' id='word_1_263' title='bbox 650 4054 706 4100; x_wconf 87' lang='lat' dir='ltr'><strong>ut</strong></span> <span class='ocrx_word' id='word_1_264' title='bbox 733 4047 909 4102; x_wconf 82' lang='lat' dir='ltr'><strong>exiret</strong></span> <span class='ocrx_word' id='word_1_265' title='bbox 934 4048 1051 4104; x_wconf 90' lang='lat' dir='ltr'><strong>sine</strong></span> <span class='ocrx_word' id='word_1_266' title='bbox 1081 4050 1204 4105; x_wconf 92' lang='lat' dir='ltr'><strong>labe</strong></span> <span class='ocrx_word' id='word_1_267' title='bbox 1230 4054 1423 4108; x_wconf 88' lang='lat' dir='ltr'><strong>beatus</strong></span> <span class='ocrx_word' id='word_1_268' title='bbox 1449 4055 1645 4109; x_wconf 88' lang='lat' dir='ltr'><strong>obiret.</strong></span> 
     </span>
    </p>
   </div>
   <div class='ocr_carea' id='block_1_43' title="bbox 458 4133 1830 4218">
    <p class='ocr_par' dir='ltr' id='par_1_43' title="bbox 458 4133 1830 4218">
     <span class='ocr_line' id='line_1_43' title="bbox 458 4133 1830 4218; baseline 0.007 -29"><span class='ocrx_word' id='word_1_269' title='bbox 458 4133 704 4206; x_wconf 82' lang='lat' dir='ltr'><strong>Cumque</strong></span> <span class='ocrx_word' id='word_1_270' title='bbox 734 4152 985 4218; x_wconf 88' lang='lat' dir='ltr'><strong>suprema</strong></span> <span class='ocrx_word' id='word_1_271' title='bbox 1016 4141 1132 4195; x_wconf 91' lang='lat' dir='ltr'><strong>dies</strong></span> <span class='ocrx_word' id='word_1_272' title='bbox 1152 4141 1254 4195; x_wconf 88' lang='lat' dir='ltr'><strong>sibi</strong></span> <span class='ocrx_word' id='word_1_273' title='bbox 1275 4140 1389 4210; x_wconf 86' lang='lat' dir='ltr'><strong>jam</strong></span> <span class='ocrx_word' id='word_1_274' title='bbox 1412 4145 1641 4200; x_wconf 84' lang='lat' dir='ltr'><strong>vicinior</strong></span> <span class='ocrx_word' id='word_1_275' title='bbox 1661 4155 1830 4218; x_wconf 82' lang='lat' dir='ltr'><strong>esset,</strong></span> 
     </span>
    </p>
   </div>
   <div class='ocr_carea' id='block_1_44' title="bbox 456 4216 1832 4301">
    <p class='ocr_par' dir='ltr' id='par_1_44' title="bbox 456 4216 1832 4301">
     <span class='ocr_line' id='line_1_44' title="bbox 456 4216 1832 4301; baseline 0.01 -23"><span class='ocrx_word' id='word_1_276' title='bbox 456 4224 526 4279; x_wconf 88' lang='lat' dir='ltr'><strong>Et</strong></span> <span class='ocrx_word' id='word_1_277' title='bbox 545 4223 767 4296; x_wconf 84' lang='lat' dir='ltr'><strong>fragiles</strong></span> <span class='ocrx_word' id='word_1_278' title='bbox 794 4216 946 4284; x_wconf 86' lang='lat' dir='ltr'><strong>artus</strong></span> <span class='ocrx_word' id='word_1_279' title='bbox 975 4227 1141 4286; x_wconf 80' lang='lat' dir='ltr'><strong>febris</strong></span> <span class='ocrx_word' id='word_1_280' title='bbox 1165 4231 1420 4289; x_wconf 88' lang='lat' dir='ltr'><strong>diuturna</strong></span> <span class='ocrx_word' id='word_1_281' title='bbox 1453 4242 1685 4301; x_wconf 83' lang='lat' dir='ltr'><strong>teneret,</strong></span> <span class='ocrx_word' id='word_1_282' title='bbox 1825 4216 1832 4223; x_wconf 43' lang='grc'><strong><em>’</em></strong></span> 
     </span>
    </p>
   </div>
   <div class='ocr_carea' id='block_1_45' title="bbox 453 4313 1715 4392">
    <p class='ocr_par' dir='ltr' id='par_1_45' title="bbox 453 4313 1715 4392">
     <span class='ocr_line' id='line_1_45' title="bbox 453 4313 1715 4392; baseline 0.012 -24"><span class='ocrx_word' id='word_1_283' title='bbox 453 4313 709 4372; x_wconf 89' lang='lat' dir='ltr'><strong>Plebibus</strong></span> <span class='ocrx_word' id='word_1_284' title='bbox 735 4319 946 4385; x_wconf 89' lang='lat' dir='ltr'><strong>accitis,</strong></span> <span class='ocrx_word' id='word_1_285' title='bbox 976 4328 1031 4375; x_wconf 91' lang='lat' dir='ltr'><strong>et</strong></span> <span class='ocrx_word' id='word_1_286' title='bbox 1072 4320 1126 4375; x_wconf 91' lang='lat' dir='ltr'><strong>in</strong></span> <span class='ocrx_word' id='word_1_287' title='bbox 1160 4337 1323 4377; x_wconf 90' lang='lat' dir='ltr'><strong>unum</strong></span> <span class='ocrx_word' id='word_1_288' title='bbox 1352 4324 1456 4380; x_wconf 93' lang='lat' dir='ltr'><strong>rite</strong></span> <span class='ocrx_word' id='word_1_289' title='bbox 1487 4327 1715 4392; x_wconf 89' lang='lat' dir='ltr'><strong>coactis,</strong></span> 
     </span>
    </p>
   </div>
   <div class='ocr_carea' id='block_1_46' title="bbox 455 4405 1725 4488">
    <p class='ocr_par' dir='ltr' id='par_1_46' title="bbox 455 4405 1725 4488">
     <span class='ocr_line' id='line_1_46' title="bbox 455 4405 1725 4488; baseline 0.01 -28"><span class='ocrx_word' id='word_1_290' title='bbox 455 4405 714 4464; x_wconf 80' lang='lat' dir='ltr'><strong>Ecclesiae</strong></span> <span class='ocrx_word' id='word_1_291' title='bbox 746 4409 960 4466; x_wconf 85' lang='lat' dir='ltr'><strong>famulis</strong></span> <span class='ocrx_word' id='word_1_292' title='bbox 981 4411 1189 4482; x_wconf 76' lang='lat' dir='ltr'><strong>profert</strong></span> <span class='ocrx_word' id='word_1_293' title='bbox 1217 4416 1500 4471; x_wconf 89' lang='lat' dir='ltr'><strong>monitoria</strong></span> <span class='ocrx_word' id='word_1_294' title='bbox 1530 4419 1681 4488; x_wconf 85' lang='lat' dir='ltr'><strong>pacis</strong></span> <span class='ocrx_word' id='word_1_295' title='bbox 1711 4438 1725 4473; x_wconf 93' lang='lat'><strong>:</strong></span> 
     </span>
    </p>
   </div>
   <div class='ocr_carea' id='block_1_47' title="bbox 456 4497 1855 4582">
    <p class='ocr_par' dir='ltr' id='par_1_47' title="bbox 456 4497 1855 4582">
     <span class='ocr_line' id='line_1_47' title="bbox 456 4497 1855 4582; baseline 0.011 -31"><span class='ocrx_word' id='word_1_296' title='bbox 456 4497 558 4562; x_wconf 86' lang='lat' dir='ltr'><strong>En,</strong></span> <span class='ocrx_word' id='word_1_297' title='bbox 598 4498 695 4565; x_wconf 90' lang='lat' dir='ltr'><strong>ait,</strong></span> <span class='ocrx_word' id='word_1_298' title='bbox 726 4514 755 4553; x_wconf 92' lang='lat' dir='ltr'><strong>a</strong></span> <span class='ocrx_word' id='word_1_299' title='bbox 784 4498 1021 4582; x_wconf 88' lang='lat' dir='ltr'><strong>Christo,</strong></span> <span class='ocrx_word' id='word_1_300' title='bbox 1051 4504 1137 4558; x_wconf 92' lang='lat' dir='ltr'><strong>cui</strong></span> <span class='ocrx_word' id='word_1_301' title='bbox 1165 4504 1389 4576; x_wconf 76' lang='lat' dir='ltr'><strong>supplex</strong></span> <span class='ocrx_word' id='word_1_302' title='bbox 1427 4510 1591 4563; x_wconf 90' lang='lat' dir='ltr'><strong>corde</strong></span> <span class='ocrx_word' id='word_1_303' title='bbox 1622 4510 1855 4581; x_wconf 89' lang='lat' dir='ltr'><strong>benigno</strong></span> 
     </span>
    </p>
   </div>
   <div class='ocr_carea' id='block_1_48' title="bbox 454 4587 1938 4669">
    <p class='ocr_par' dir='ltr' id='par_1_48' title="bbox 454 4587 1938 4669">
     <span class='ocr_line' id='line_1_48' title="bbox 454 4587 1938 4669; baseline 0.011 -28"><span class='ocrx_word' id='word_1_304' title='bbox 454 4587 732 4646; x_wconf 83' lang='lat' dir='ltr'><strong>Hactenus</strong></span> <span class='ocrx_word' id='word_1_305' title='bbox 767 4592 1106 4663; x_wconf 86' lang='lat' dir='ltr'><strong>obsequium,</strong></span> <span class='ocrx_word' id='word_1_306' title='bbox 1133 4611 1231 4666; x_wconf 91' lang='lat' dir='ltr'><strong>pro</strong></span> <span class='ocrx_word' id='word_1_307' title='bbox 1263 4612 1421 4667; x_wconf 89' lang='lat' dir='ltr'><strong>posse</strong></span> <span class='ocrx_word' id='word_1_308' title='bbox 1449 4600 1568 4656; x_wconf 89' lang='lat' dir='ltr'><strong>dedi</strong></span> <span class='ocrx_word' id='word_1_309' title='bbox 1599 4601 1938 4669; x_wconf 88' lang='lat' dir='ltr'><strong>famulatum,</strong></span> 
     </span>
    </p>
   </div>
   <div class='ocr_carea' id='block_1_49' title="bbox 450 4678 1583 4749">
    <p class='ocr_par' dir='ltr' id='par_1_49' title="bbox 450 4678 1583 4749">
     <span class='ocr_line' id='line_1_49' title="bbox 450 4678 1583 4749; baseline 0.014 -18"><span class='ocrx_word' id='word_1_310' title='bbox 450 4678 712 4736; x_wconf 88' lang='lat' dir='ltr'><strong>Invitatus</strong></span> <span class='ocrx_word' id='word_1_311' title='bbox 735 4697 820 4749; x_wconf 91' lang='lat' dir='ltr'><strong>eo,</strong></span> <span class='ocrx_word' id='word_1_312' title='bbox 848 4688 1121 4741; x_wconf 91' lang='lat' dir='ltr'><strong>communi</strong></span> <span class='ocrx_word' id='word_1_313' title='bbox 1151 4698 1297 4744; x_wconf 88' lang='lat' dir='ltr'><strong>sorte</strong></span> <span class='ocrx_word' id='word_1_314' title='bbox 1323 4691 1583 4747; x_wconf 89' lang='lat' dir='ltr'><strong>resolvor.</strong></span> 
     </span>
    </p>
   </div>
   <div class='ocr_carea' id='block_1_50' title="bbox 451 4767 1835 4855">
    <p class='ocr_par' dir='ltr' id='par_1_50' title="bbox 451 4767 1835 4855">
     <span class='ocr_line' id='line_1_50' title="bbox 451 4767 1835 4855; baseline 0.013 -34"><span class='ocrx_word' id='word_1_315' title='bbox 451 4767 710 4835; x_wconf 83' lang='lat' dir='ltr'><strong>Quocirca</strong></span> <span class='ocrx_word' id='word_1_316' title='bbox 743 4787 936 4830; x_wconf 92' lang='lat' dir='ltr'><strong>moneo</strong></span> <span class='ocrx_word' id='word_1_317' title='bbox 962 4792 1099 4846; x_wconf 90' lang='lat' dir='ltr'><strong>quos</strong></span> <span class='ocrx_word' id='word_1_318' title='bbox 1123 4793 1269 4834; x_wconf 89' lang='lat' dir='ltr'><strong>nunc</strong></span> <span class='ocrx_word' id='word_1_319' title='bbox 1293 4794 1357 4835; x_wconf 86' lang='lat' dir='ltr'><strong>ex</strong></span> <span class='ocrx_word' id='word_1_320' title='bbox 1388 4790 1543 4850; x_wconf 89' lang='lat' dir='ltr'><strong>parte</strong></span> <span class='ocrx_word' id='word_1_321' title='bbox 1572 4783 1835 4855; x_wconf 83' lang='lat' dir='ltr'><strong>relinquo.</strong></span> 
     </span>
    </p>
   </div>
   <div class='ocr_carea' id='block_1_51' title="bbox 448 4856 1743 4946">
    <p class='ocr_par' dir='ltr' id='par_1_51' title="bbox 448 4856 1743 4946">
     <span class='ocr_line' id='line_1_51' title="bbox 448 4856 1743 4946; baseline 0.015 -34"><span class='ocrx_word' id='word_1_322' title='bbox 448 4856 521 4913; x_wconf 89' lang='lat' dir='ltr'><strong>Ut</strong></span> <span class='ocrx_word' id='word_1_323' title='bbox 545 4870 763 4917; x_wconf 87' lang='lat' dir='ltr'><strong>maneat</strong></span> <span class='ocrx_word' id='word_1_324' title='bbox 788 4864 942 4921; x_wconf 90' lang='lat' dir='ltr'><strong>vobis</strong></span> <span class='ocrx_word' id='word_1_325' title='bbox 974 4881 1079 4937; x_wconf 91' lang='lat' dir='ltr'><strong>pax</strong></span> <span class='ocrx_word' id='word_1_326' title='bbox 1102 4878 1158 4923; x_wconf 88' lang='lat' dir='ltr'><strong>et</strong></span> <span class='ocrx_word' id='word_1_327' title='bbox 1184 4873 1471 4927; x_wconf 88' lang='lat' dir='ltr'><strong>concordia</strong></span> <span class='ocrx_word' id='word_1_328' title='bbox 1511 4890 1743 4946; x_wconf 88' lang='lat' dir='ltr'><strong>morum,</strong></span> 
     </span>
    </p>
   </div>
   <div class='ocr_carea' id='block_1_52' title="bbox 447 4951 1822 5039">
    <p class='ocr_par' dir='ltr' id='par_1_52' title="bbox 447 4951 1822 5039">
     <span class='ocr_line' id='line_1_52' title="bbox 447 4951 1822 5039; baseline 0.015 -32"><span class='ocrx_word' id='word_1_329' title='bbox 447 4951 579 5020; x_wconf 71' lang='lat' dir='ltr'><strong>Quae</strong></span> <span class='ocrx_word' id='word_1_330' title='bbox 609 4954 730 5012; x_wconf 89' lang='lat' dir='ltr'><strong>fidei</strong></span> <span class='ocrx_word' id='word_1_331' title='bbox 762 4959 994 5030; x_wconf 87' lang='lat' dir='ltr'><strong>signum,</strong></span> <span class='ocrx_word' id='word_1_332' title='bbox 1026 4961 1150 5020; x_wconf 90' lang='lat' dir='ltr'><strong>fons</strong></span> <span class='ocrx_word' id='word_1_333' title='bbox 1169 4975 1253 5023; x_wconf 91' lang='lat' dir='ltr'><strong>est</strong></span> <span class='ocrx_word' id='word_1_334' title='bbox 1276 4976 1332 5023; x_wconf 91' lang='lat' dir='ltr'><strong>et</strong></span> <span class='ocrx_word' id='word_1_335' title='bbox 1358 4970 1512 5039; x_wconf 82' lang='lat' dir='ltr'><strong>origo</strong></span> <span class='ocrx_word' id='word_1_336' title='bbox 1538 4971 1822 5027; x_wconf 88' lang='lat' dir='ltr'><strong>bonorum.</strong></span> 
     </span>
    </p>
   </div>
   <div class='ocr_carea' id='block_1_53' title="bbox 443 5040 1647 5125">
    <p class='ocr_par' dir='ltr' id='par_1_53' title="bbox 443 5040 1647 5125">
     <span class='ocr_line' id='line_1_53' title="bbox 443 5040 1647 5125; baseline 0.016 -29"><span class='ocrx_word' id='word_1_337' title='bbox 443 5040 638 5099; x_wconf 80' lang='lat' dir='ltr'><strong>Juncta</strong></span> <span class='ocrx_word' id='word_1_338' title='bbox 666 5046 767 5101; x_wconf 90' lang='lat' dir='ltr'><strong>sibi</strong></span> <span class='ocrx_word' id='word_1_339' title='bbox 798 5058 980 5105; x_wconf 86' lang='lat' dir='ltr'><strong>teneat</strong></span> <span class='ocrx_word' id='word_1_340' title='bbox 1009 5050 1223 5109; x_wconf 82' lang='lat' dir='ltr'><strong>dilectio</strong></span> <span class='ocrx_word' id='word_1_341' title='bbox 1256 5057 1418 5111; x_wconf 89' lang='lat' dir='ltr'><strong>corda</strong></span> <span class='ocrx_word' id='word_1_342' title='bbox 1449 5059 1647 5125; x_wconf 90' lang='lat' dir='ltr'><strong>dualis,</strong></span> 
     </span>
    </p>
   </div>
   <div class='ocr_carea' id='block_1_54' title="bbox 445 5132 1738 5206">
    <p class='ocr_par' dir='ltr' id='par_1_54' title="bbox 445 5132 1738 5206">
     <span class='ocr_line' id='line_1_54' title="bbox 445 5132 1738 5206; baseline 0.015 -20"><span class='ocrx_word' id='word_1_343' title='bbox 445 5132 561 5200; x_wconf 86' lang='lat' dir='ltr'><strong>Qua</strong></span> <span class='ocrx_word' id='word_1_344' title='bbox 586 5135 749 5191; x_wconf 86' lang='lat' dir='ltr'><strong>veluti</strong></span> <span class='ocrx_word' id='word_1_345' title='bbox 779 5141 1007 5206; x_wconf 79' lang='lat' dir='ltr'><strong>geminis</strong></span> <span class='ocrx_word' id='word_1_346' title='bbox 1028 5144 1094 5198; x_wconf 91' lang='lat' dir='ltr'><strong>ad</strong></span> <span class='ocrx_word' id='word_1_347' title='bbox 1119 5145 1314 5201; x_wconf 66' lang='lat' dir='ltr'><strong>caelum</strong></span> <span class='ocrx_word' id='word_1_348' title='bbox 1348 5151 1587 5205; x_wconf 85' lang='lat' dir='ltr'><strong>tenditur</strong></span> <span class='ocrx_word' id='word_1_349' title='bbox 1616 5152 1738 5206; x_wconf 89' lang='lat' dir='ltr'><strong>alis.</strong></span> 
     </span>
    </p>
   </div>
   <div class='ocr_carea' id='block_1_55' title="bbox 2112 383 3461 466">
    <p class='ocr_par' dir='ltr' id='par_1_55' title="bbox 2112 383 3461 466">
     <span class='ocr_line' id='line_1_55' title="bbox 2112 383 3461 466; baseline -0.01 -15"><span class='ocrx_word' id='word_1_350' title='bbox 2112 386 2158 442; x_wconf 83' lang='grc' dir='ltr'><strong>Α</strong></span> <span class='ocrx_word' id='word_1_351' title='bbox 2190 394 2230 450; x_wconf 88' lang='grc' dir='ltr'><strong>Ε</strong></span> <span class='ocrx_word' id='word_1_352' title='bbox 2268 394 2487 466; x_wconf 86' lang='lat' dir='ltr'><strong>regione</strong></span> <span class='ocrx_word' id='word_1_353' title='bbox 2520 392 2681 449; x_wconf 88' lang='lat' dir='ltr'><strong>sudes</strong></span> <span class='ocrx_word' id='word_1_354' title='bbox 2710 391 2897 448; x_wconf 78' lang='lat' dir='ltr'><strong>dextra</strong></span> <span class='ocrx_word' id='word_1_355' title='bbox 2927 390 3165 460; x_wconf 77' lang='lat' dir='ltr'><strong>laevaque</strong></span> <span class='ocrx_word' id='word_1_356' title='bbox 3193 383 3461 450; x_wconf 84' lang='lat' dir='ltr'><strong>locantur,</strong></span> 
     </span>
    </p>
   </div>
   <div class='ocr_carea' id='block_1_56' title="bbox 2193 474 3557 555">
    <p class='ocr_par' dir='ltr' id='par_1_56' title="bbox 2193 474 3557 555">
     <span class='ocr_line' id='line_1_56' title="bbox 2193 474 3557 555; baseline -0.009 -16"><span class='ocrx_word' id='word_1_357' title='bbox 2193 483 2260 539; x_wconf 89' lang='lat' dir='ltr'><strong>Ut</strong></span> <span class='ocrx_word' id='word_1_358' title='bbox 2293 484 2389 538; x_wconf 92' lang='lat' dir='ltr'><strong>tibi</strong></span> <span class='ocrx_word' id='word_1_359' title='bbox 2420 483 2565 555; x_wconf 85' lang='lat' dir='ltr'><strong>quod</strong></span> <span class='ocrx_word' id='word_1_360' title='bbox 2594 482 2713 537; x_wconf 82' lang='lat' dir='ltr'><strong>ﬁeri</strong></span> <span class='ocrx_word' id='word_1_361' title='bbox 2749 483 2954 552; x_wconf 82' lang='lat' dir='ltr'><strong>cupias,</strong></span> <span class='ocrx_word' id='word_1_362' title='bbox 2987 479 3129 550; x_wconf 84' lang='lat' dir='ltr'><strong>quod</strong></span> <span class='ocrx_word' id='word_1_363' title='bbox 3151 479 3272 549; x_wconf 89' lang='lat' dir='ltr'><strong>jure</strong></span> <span class='ocrx_word' id='word_1_364' title='bbox 3300 474 3557 548; x_wconf 87' lang='lat' dir='ltr'><strong>rependi,</strong></span> 
     </span>
    </p>
   </div>
   <div class='ocr_carea' id='block_1_57' title="bbox 2186 570 3565 642">
    <p class='ocr_par' dir='ltr' id='par_1_57' title="bbox 2186 570 3565 642">
     <span class='ocr_line' id='line_1_57' title="bbox 2186 570 3565 642; baseline -0.007 -14"><span class='ocrx_word' id='word_1_365' title='bbox 2186 573 2298 629; x_wconf 85' lang='lat' dir='ltr'><strong>Hoc</strong></span> <span class='ocrx_word' id='word_1_366' title='bbox 2324 573 2443 633; x_wconf 88' lang='lat' dir='ltr'><strong>aliis</strong></span> <span class='ocrx_word' id='word_1_367' title='bbox 2471 573 2644 633; x_wconf 87' lang='lat' dir='ltr'><strong>facias</strong></span> <span class='ocrx_word' id='word_1_368' title='bbox 2674 590 2686 625; x_wconf 92' lang='lat'><strong>:</strong></span> <span class='ocrx_word' id='word_1_369' title='bbox 2716 573 2856 642; x_wconf 83' lang='lat' dir='ltr'><strong>quod</strong></span> <span class='ocrx_word' id='word_1_370' title='bbox 2886 570 3024 638; x_wconf 77' lang='lat' dir='ltr'><strong>nolis</strong></span> <span class='ocrx_word' id='word_1_371' title='bbox 3050 570 3299 640; x_wconf 83' lang='lat' dir='ltr'><strong>quodque</strong></span> <span class='ocrx_word' id='word_1_372' title='bbox 3321 581 3565 629; x_wconf 85' lang='lat' dir='ltr'><strong>recusas,</strong></span> 
     </span>
    </p>
   </div>
   <div class='ocr_carea' id='block_1_58' title="bbox 2183 657 3414 731">
    <p class='ocr_par' dir='ltr' id='par_1_58' title="bbox 2183 657 3414 731">
     <span class='ocr_line' id='line_1_58' title="bbox 2183 657 3414 731; baseline -0.008 -11"><span class='ocrx_word' id='word_1_373' title='bbox 2183 664 2294 720; x_wconf 79' lang='lat' dir='ltr'><strong>Nec</strong></span> <span class='ocrx_word' id='word_1_374' title='bbox 2325 665 2494 719; x_wconf 86' lang='lat' dir='ltr'><strong>facias</strong></span> <span class='ocrx_word' id='word_1_375' title='bbox 2519 664 2632 718; x_wconf 89' lang='lat' dir='ltr'><strong>alii.</strong></span> <span class='ocrx_word' id='word_1_376' title='bbox 2666 662 2758 718; x_wconf 88' lang='lat' dir='ltr'><strong>Sic</strong></span> <span class='ocrx_word' id='word_1_377' title='bbox 2788 672 2996 725; x_wconf 85' lang='lat' dir='ltr'><strong>mentes</strong></span> <span class='ocrx_word' id='word_1_378' title='bbox 3020 660 3193 731; x_wconf 88' lang='lat' dir='ltr'><strong>gratia</strong></span> <span class='ocrx_word' id='word_1_379' title='bbox 3216 657 3414 729; x_wconf 79' lang='lat' dir='ltr'><strong>jungit,</strong></span> 
     </span>
    </p>
   </div>
   <div class='ocr_carea' id='block_1_59' title="bbox 2182 749 3487 821">
    <p class='ocr_par' dir='ltr' id='par_1_59' title="bbox 2182 749 3487 821">
     <span class='ocr_line' id='line_1_59' title="bbox 2182 749 3487 821; baseline -0.007 -13"><span class='ocrx_word' id='word_1_380' title='bbox 2182 752 2274 808; x_wconf 90' lang='lat' dir='ltr'><strong>Sic</strong></span> <span class='ocrx_word' id='word_1_381' title='bbox 2302 752 2515 808; x_wconf 88' lang='lat' dir='ltr'><strong>Domini</strong></span> <span class='ocrx_word' id='word_1_382' title='bbox 2537 762 2748 809; x_wconf 77' lang='lat' dir='ltr'><strong>sacram</strong></span> <span class='ocrx_word' id='word_1_383' title='bbox 2781 752 2939 821; x_wconf 80' lang='lat' dir='ltr'><strong>digne</strong></span> <span class='ocrx_word' id='word_1_384' title='bbox 2968 749 3198 821; x_wconf 88' lang='lat' dir='ltr'><strong>venietis</strong></span> <span class='ocrx_word' id='word_1_385' title='bbox 3222 750 3289 803; x_wconf 90' lang='lat' dir='ltr'><strong>ad</strong></span> <span class='ocrx_word' id='word_1_386' title='bbox 3313 762 3487 810; x_wconf 87' lang='lat' dir='ltr'><strong>aram,</strong></span> 
     </span>
    </p>
   </div>
   <div class='ocr_carea' id='block_1_60' title="bbox 2180 838 3439 914">
    <p class='ocr_par' dir='ltr' id='par_1_60' title="bbox 2180 838 3439 914">
     <span class='ocr_line' id='line_1_60' title="bbox 2180 838 3439 914; baseline -0.006 -17"><span class='ocrx_word' id='word_1_387' title='bbox 2180 842 2364 899; x_wconf 88' lang='lat' dir='ltr'><strong>Dulcis</strong></span> <span class='ocrx_word' id='word_1_388' title='bbox 2388 851 2445 898; x_wconf 90' lang='lat' dir='ltr'><strong>ct</strong></span> <span class='ocrx_word' id='word_1_389' title='bbox 2472 843 2730 914; x_wconf 81' lang='lat' dir='ltr'><strong>angelicae</strong></span> <span class='ocrx_word' id='word_1_390' title='bbox 2754 847 3032 898; x_wconf 89' lang='lat' dir='ltr'><strong>sumentes</strong></span> <span class='ocrx_word' id='word_1_391' title='bbox 3062 838 3263 895; x_wconf 89' lang='lat' dir='ltr'><strong>fercula</strong></span> <span class='ocrx_word' id='word_1_392' title='bbox 3294 838 3439 891; x_wconf 66' lang='lat' dir='ltr'><strong>vitai.</strong></span> 
     </span>
    </p>
   </div>
   <div class='ocr_carea' id='block_1_61' title="bbox 2180 935 3735 1007">
    <p class='ocr_par' dir='ltr' id='par_1_61' title="bbox 2180 935 3735 1007">
     <span class='ocr_line' id='line_1_61' title="bbox 2180 935 3735 1007; baseline -0.009 -13"><span class='ocrx_word' id='word_1_393' title='bbox 2180 938 2304 994; x_wconf 60' lang='lat' dir='ltr'><strong>Haec</strong></span> <span class='ocrx_word' id='word_1_394' title='bbox 2333 946 2385 992; x_wconf 86' lang='lat' dir='ltr'><strong>et</strong></span> <span class='ocrx_word' id='word_1_395' title='bbox 2414 938 2562 1007; x_wconf 91' lang='lat' dir='ltr'><strong>plura</strong></span> <span class='ocrx_word' id='word_1_396' title='bbox 2609 951 2854 1002; x_wconf 90' lang='lat' dir='ltr'><strong>monens,</strong></span> <span class='ocrx_word' id='word_1_397' title='bbox 2880 935 3165 1003; x_wconf 87' lang='lat' dir='ltr'><strong>verborum</strong></span> <span class='ocrx_word' id='word_1_398' title='bbox 3195 940 3417 987; x_wconf 86' lang='lat' dir='ltr'><strong>nectare</strong></span> <span class='ocrx_word' id='word_1_399' title='bbox 3449 943 3735 1001; x_wconf 79' lang='lat' dir='ltr'><strong>promens,</strong></span> 
     </span>
    </p>
   </div>
   <div class='ocr_carea' id='block_1_62' title="bbox 2178 1024 3477 1096">
    <p class='ocr_par' dir='ltr' id='par_1_62' title="bbox 2178 1024 3477 1096">
     <span class='ocr_line' id='line_1_62' title="bbox 2178 1024 3477 1096; baseline -0.005 -13"><span class='ocrx_word' id='word_1_400' title='bbox 2178 1026 2464 1093; x_wconf 89' lang='lat' dir='ltr'><strong>Obsecrat,</strong></span> <span class='ocrx_word' id='word_1_401' title='bbox 2488 1027 2759 1091; x_wconf 90' lang='lat' dir='ltr'><strong>hortatur,</strong></span> <span class='ocrx_word' id='word_1_402' title='bbox 2787 1026 3042 1096; x_wconf 80' lang='lat' dir='ltr'><strong>regaliter</strong></span> <span class='ocrx_word' id='word_1_403' title='bbox 3073 1034 3132 1078; x_wconf 89' lang='lat' dir='ltr'><strong>ut</strong></span> <span class='ocrx_word' id='word_1_404' title='bbox 3161 1024 3477 1094; x_wconf 87' lang='lat' dir='ltr'><strong>gradiantur</strong></span> 
     </span>
    </p>
   </div>
   <div class='ocr_carea' id='block_1_63' title="bbox 2174 1110 3591 1184">
    <p class='ocr_par' dir='ltr' id='par_1_63' title="bbox 2174 1110 3591 1184">
     <span class='ocr_line' id='line_1_63' title="bbox 2174 1110 3591 1184; baseline -0.006 -12"><span class='ocrx_word' id='word_1_405' title='bbox 2174 1116 2280 1172; x_wconf 86' lang='lat' dir='ltr'><strong>Per</strong></span> <span class='ocrx_word' id='word_1_406' title='bbox 2305 1117 2426 1172; x_wconf 85' lang='lat' dir='ltr'><strong>fidei</strong></span> <span class='ocrx_word' id='word_1_407' title='bbox 2451 1132 2721 1182; x_wconf 88' lang='lat' dir='ltr'><strong>normam,</strong></span> <span class='ocrx_word' id='word_1_408' title='bbox 2752 1132 2851 1171; x_wconf 87' lang='lat' dir='ltr'><strong>nec</strong></span> <span class='ocrx_word' id='word_1_409' title='bbox 2873 1116 2941 1170; x_wconf 88' lang='lat' dir='ltr'><strong>ab</strong></span> <span class='ocrx_word' id='word_1_410' title='bbox 2969 1130 3126 1184; x_wconf 65' lang='lat' dir='ltr'><strong>aequo</strong></span> <span class='ocrx_word' id='word_1_411' title='bbox 3147 1114 3284 1169; x_wconf 89' lang='lat' dir='ltr'><strong>calle</strong></span> <span class='ocrx_word' id='word_1_412' title='bbox 3306 1110 3591 1175; x_wconf 84' lang='lat' dir='ltr'><strong>recedant,</strong></span> 
     </span>
    </p>
   </div>
   <div class='ocr_carea' id='block_1_64' title="bbox 2174 1200 3667 1279">
    <p class='ocr_par' dir='ltr' id='par_1_64' title="bbox 2174 1200 3667 1279">
     <span class='ocr_line' id='line_1_64' title="bbox 2174 1200 3667 1279; baseline -0.004 -15"><span class='ocrx_word' id='word_1_413' title='bbox 2174 1207 2357 1264; x_wconf 82' lang='lat' dir='ltr'><strong>Justos</strong></span> <span class='ocrx_word' id='word_1_414' title='bbox 2378 1209 2620 1265; x_wconf 61' lang='lat' dir='ltr'><strong>emeritae</strong></span> <span class='ocrx_word' id='word_1_415' title='bbox 2647 1208 2736 1279; x_wconf 91' lang='lat' dir='ltr'><strong>qui</strong></span> <span class='ocrx_word' id='word_1_416' title='bbox 2760 1208 2922 1263; x_wconf 87' lang='lat' dir='ltr'><strong>ducat</strong></span> <span class='ocrx_word' id='word_1_417' title='bbox 2945 1210 3011 1260; x_wconf 88' lang='lat' dir='ltr'><strong>ad</strong></span> <span class='ocrx_word' id='word_1_418' title='bbox 3033 1206 3170 1261; x_wconf 89' lang='lat' dir='ltr'><strong>atria</strong></span> <span class='ocrx_word' id='word_1_419' title='bbox 3202 1207 3344 1261; x_wconf 67' lang='lat' dir='ltr'><strong>vitae.</strong></span> <span class='ocrx_word' id='word_1_420' title='bbox 3663 1200 3667 1202; x_wconf 55' lang='grc'><strong><em>⁷</em></strong></span> 
     </span>
    </p>
   </div>
   <div class='ocr_carea' id='block_1_65' title="bbox 2175 1294 3421 1369">
    <p class='ocr_par' dir='ltr' id='par_1_65' title="bbox 2175 1294 3421 1369">
     <span class='ocr_line' id='line_1_65' title="bbox 2175 1294 3421 1369; baseline -0.002 -15"><span class='ocrx_word' id='word_1_421' title='bbox 2175 1297 2271 1359; x_wconf 81' lang='lat' dir='ltr'><strong>His</strong></span> <span class='ocrx_word' id='word_1_422' title='bbox 2294 1299 2608 1369; x_wconf 62' lang='lat' dir='ltr'><strong>praehbatis,</strong></span> <span class='ocrx_word' id='word_1_423' title='bbox 2634 1297 2848 1354; x_wconf 90' lang='lat' dir='ltr'><strong>cunctis</strong></span> <span class='ocrx_word' id='word_1_424' title='bbox 2871 1296 3006 1351; x_wconf 89' lang='lat' dir='ltr'><strong>dans</strong></span> <span class='ocrx_word' id='word_1_425' title='bbox 3037 1295 3220 1351; x_wconf 89' lang='lat' dir='ltr'><strong>oscula</strong></span> <span class='ocrx_word' id='word_1_426' title='bbox 3250 1294 3421 1365; x_wconf 87' lang='lat' dir='ltr'><strong>pacis,</strong></span> 
     </span>
    </p>
   </div>
   <div class='ocr_carea' id='block_1_66' title="bbox 2175 1388 3453 1461">
    <p class='ocr_par' dir='ltr' id='par_1_66' title="bbox 2175 1388 3453 1461">
     <span class='ocr_line' id='line_1_66' title="bbox 2175 1388 3453 1461; baseline -0.005 -15"><span class='ocrx_word' id='word_1_427' title='bbox 2175 1390 2401 1446; x_wconf 87' lang='lat' dir='ltr'><strong>Smnmo</strong></span> <span class='ocrx_word' id='word_1_428' title='bbox 2426 1390 2633 1461; x_wconf 88' lang='lat' dir='ltr'><strong>pastori</strong></span> <span class='ocrx_word' id='word_1_429' title='bbox 2661 1389 2934 1446; x_wconf 88' lang='lat' dir='ltr'><strong>commisit</strong></span> <span class='ocrx_word' id='word_1_430' title='bbox 2963 1388 3105 1444; x_wconf 90' lang='lat' dir='ltr'><strong>ovile</strong></span> <span class='ocrx_word' id='word_1_431' title='bbox 3136 1389 3453 1459; x_wconf 88' lang='lat' dir='ltr'><strong>regendum,</strong></span> 
     </span>
    </p>
   </div>
   <div class='ocr_carea' id='block_1_67' title="bbox 2172 1474 3605 1547">
    <p class='ocr_par' dir='ltr' id='par_1_67' title="bbox 2172 1474 3605 1547">
     <span class='ocr_line' id='line_1_67' title="bbox 2172 1474 3605 1547; baseline -0.003 -16"><span class='ocrx_word' id='word_1_432' title='bbox 2172 1477 2214 1531; x_wconf 88' lang='lat' dir='ltr'><strong>A</strong></span> <span class='ocrx_word' id='word_1_433' title='bbox 2245 1492 2303 1532; x_wconf 91' lang='lat' dir='ltr'><strong>se</strong></span> <span class='ocrx_word' id='word_1_434' title='bbox 2328 1477 2637 1541; x_wconf 89' lang='lat' dir='ltr'><strong>collectum,</strong></span> <span class='ocrx_word' id='word_1_435' title='bbox 2664 1476 2992 1547; x_wconf 83' lang='lat' dir='ltr'><strong>proprioque</strong></span> <span class='ocrx_word' id='word_1_436' title='bbox 3020 1490 3213 1531; x_wconf 83' lang='lat' dir='ltr'><strong>cruore</strong></span> <span class='ocrx_word' id='word_1_437' title='bbox 3242 1474 3605 1542; x_wconf 82' lang='lat' dir='ltr'><strong>redemptum,</strong></span> 
     </span>
    </p>
   </div>
   <div class='ocr_carea' id='block_1_68' title="bbox 2174 1564 3693 1641">
    <p class='ocr_par' dir='ltr' id='par_1_68' title="bbox 2174 1564 3693 1641">
     <span class='ocr_line' id='line_1_68' title="bbox 2174 1564 3693 1641; baseline -0.003 -19"><span class='ocrx_word' id='word_1_438' title='bbox 2174 1566 2245 1622; x_wconf 94' lang='lat' dir='ltr'><strong>Ut</strong></span> <span class='ocrx_word' id='word_1_439' title='bbox 2274 1566 2375 1621; x_wconf 90' lang='lat' dir='ltr'><strong>sibi</strong></span> <span class='ocrx_word' id='word_1_440' title='bbox 2422 1575 2709 1636; x_wconf 77' lang='lat' dir='ltr'><strong>conservet</strong></span> <span class='ocrx_word' id='word_1_441' title='bbox 2750 1582 2888 1638; x_wconf 89' lang='lat' dir='ltr'><strong>quos</strong></span> <span class='ocrx_word' id='word_1_442' title='bbox 2915 1566 3176 1630; x_wconf 89' lang='lat' dir='ltr'><strong>condidit,</strong></span> <span class='ocrx_word' id='word_1_443' title='bbox 3209 1572 3370 1637; x_wconf 88' lang='lat' dir='ltr'><strong>atque</strong></span> <span class='ocrx_word' id='word_1_444' title='bbox 3396 1564 3693 1641; x_wconf 71' lang='lat' dir='ltr'><strong>gubernet,</strong></span> 
     </span>
    </p>
   </div>
   <div class='ocr_carea' id='block_1_69' title="bbox 2173 1654 3496 1727">
    <p class='ocr_par' dir='ltr' id='par_1_69' title="bbox 2173 1654 3496 1727">
     <span class='ocr_line' id='line_1_69' title="bbox 2173 1654 3496 1727; baseline -0.002 -17"><span class='ocrx_word' id='word_1_445' title='bbox 2173 1654 2361 1719; x_wconf 75' lang='lat' dir='ltr'><strong>Hestis</strong></span> <span class='ocrx_word' id='word_1_446' title='bbox 2398 1657 2466 1711; x_wconf 91' lang='lat' dir='ltr'><strong>ab</strong></span> <span class='ocrx_word' id='word_1_447' title='bbox 2498 1656 2708 1713; x_wconf 87' lang='lat' dir='ltr'><strong>insidiis</strong></span> <span class='ocrx_word' id='word_1_448' title='bbox 2739 1656 3063 1727; x_wconf 67' lang='lat' dir='ltr'><strong>praemuniat</strong></span> <span class='ocrx_word' id='word_1_449' title='bbox 3096 1664 3257 1725; x_wconf 86' lang='lat' dir='ltr'><strong>atque</strong></span> <span class='ocrx_word' id='word_1_450' title='bbox 3281 1654 3496 1727; x_wconf 84' lang='lat' dir='ltr'><strong>sagittis</strong></span> 
     </span>
    </p>
   </div>
   <div class='ocr_carea' id='block_1_70' title="bbox 2095 1743 3637 1817">
    <p class='ocr_par' dir='ltr' id='par_1_70' title="bbox 2095 1743 3637 1817">
     <span class='ocr_line' id='line_1_70' title="bbox 2095 1743 3637 1817; baseline -0.001 -19"><span class='ocrx_word' id='word_1_451' title='bbox 2095 1754 2145 1816; x_wconf 77' lang='grc' dir='ltr'><strong>Β</strong></span> <span class='ocrx_word' id='word_1_452' title='bbox 2173 1743 2310 1800; x_wconf 85' lang='lat' dir='ltr'><strong>Hinc</strong></span> <span class='ocrx_word' id='word_1_453' title='bbox 2339 1746 2429 1817; x_wconf 83' lang='lat' dir='ltr'><strong>ubi</strong></span> <span class='ocrx_word' id='word_1_454' title='bbox 2458 1745 2730 1799; x_wconf 87' lang='lat' dir='ltr'><strong>vivificum</strong></span> <span class='ocrx_word' id='word_1_455' title='bbox 2770 1760 2966 1814; x_wconf 87' lang='lat' dir='ltr'><strong>corpus</strong></span> <span class='ocrx_word' id='word_1_456' title='bbox 2995 1754 3352 1814; x_wconf 88' lang='lat' dir='ltr'><strong>sanctumque</strong></span> <span class='ocrx_word' id='word_1_457' title='bbox 3377 1758 3637 1817; x_wconf 59' lang='lat' dir='ltr'><strong>cruorenr</strong></span> 
     </span>
    </p>
   </div>
   <div class='ocr_carea' id='block_1_71' title="bbox 2168 1835 3401 1913">
    <p class='ocr_par' dir='ltr' id='par_1_71' title="bbox 2168 1835 3401 1913">
     <span class='ocr_line' id='line_1_71' title="bbox 2168 1835 3401 1913; baseline -0.002 -22"><span class='ocrx_word' id='word_1_458' title='bbox 2168 1836 2338 1904; x_wconf 88' lang='lat' dir='ltr'><strong>Digne</strong></span> <span class='ocrx_word' id='word_1_459' title='bbox 2364 1837 2627 1906; x_wconf 84' lang='lat' dir='ltr'><strong>percepit,</strong></span> <span class='ocrx_word' id='word_1_460' title='bbox 2654 1836 2867 1906; x_wconf 88' lang='lat' dir='ltr'><strong>qualem</strong></span> <span class='ocrx_word' id='word_1_461' title='bbox 2896 1837 2962 1891; x_wconf 90' lang='lat' dir='ltr'><strong>de</strong></span> <span class='ocrx_word' id='word_1_462' title='bbox 2994 1835 3141 1907; x_wconf 88' lang='lat' dir='ltr'><strong>fonte</strong></span> <span class='ocrx_word' id='word_1_463' title='bbox 3178 1837 3401 1913; x_wconf 79' lang='lat' dir='ltr'><strong>recepit,</strong></span> 
     </span>
    </p>
   </div>
   <div class='ocr_carea' id='block_1_72' title="bbox 2164 1924 3469 1999">
    <p class='ocr_par' dir='ltr' id='par_1_72' title="bbox 2164 1924 3469 1999">
     <span class='ocr_line' id='line_1_72' title="bbox 2164 1924 3469 1999; baseline 0.002 -19"><span class='ocrx_word' id='word_1_464' title='bbox 2164 1924 2310 1991; x_wconf 85' lang='lat' dir='ltr'><strong>inter</strong></span> <span class='ocrx_word' id='word_1_465' title='bbox 2340 1935 2460 1983; x_wconf 84' lang='lat' dir='ltr'><strong>vota</strong></span> <span class='ocrx_word' id='word_1_466' title='bbox 2488 1943 2733 1998; x_wconf 89' lang='lat' dir='ltr'><strong>precum,</strong></span> <span class='ocrx_word' id='word_1_467' title='bbox 2764 1928 2994 1998; x_wconf 88' lang='lat' dir='ltr'><strong>suspiria</strong></span> <span class='ocrx_word' id='word_1_468' title='bbox 3021 1927 3177 1999; x_wconf 83' lang='lat' dir='ltr'><strong>longa</strong></span> <span class='ocrx_word' id='word_1_469' title='bbox 3208 1927 3469 1983; x_wconf 89' lang='lat' dir='ltr'><strong>clientum</strong></span> 
     </span>
    </p>
   </div>
   <div class='ocr_carea' id='block_1_73' title="bbox 2168 2019 3574 2091">
    <p class='ocr_par' dir='ltr' id='par_1_73' title="bbox 2168 2019 3574 2091">
     <span class='ocr_line' id='line_1_73' title="bbox 2168 2019 3574 2091; baseline 0 -18"><span class='ocrx_word' id='word_1_470' title='bbox 2168 2019 2418 2075; x_wconf 80' lang='lat' dir='ltr'><strong>Reddidit</strong></span> <span class='ocrx_word' id='word_1_471' title='bbox 2439 2021 2689 2077; x_wconf 76' lang='lat' dir='ltr'><strong>mthereis</strong></span> <span class='ocrx_word' id='word_1_472' title='bbox 2714 2022 2949 2075; x_wconf 89' lang='lat' dir='ltr'><strong>animam</strong></span> <span class='ocrx_word' id='word_1_473' title='bbox 2982 2037 3104 2076; x_wconf 92' lang='lat' dir='ltr'><strong>cum</strong></span> <span class='ocrx_word' id='word_1_474' title='bbox 3137 2036 3271 2091; x_wconf 90' lang='lat' dir='ltr'><strong>pace</strong></span> <span class='ocrx_word' id='word_1_475' title='bbox 3302 2022 3536 2075; x_wconf 89' lang='lat' dir='ltr'><strong>catervis</strong></span> <span class='ocrx_word' id='word_1_476' title='bbox 3557 2062 3574 2085; x_wconf 86' lang='lat'><strong>,</strong></span> 
     </span>
    </p>
   </div>
   <div class='ocr_carea' id='block_1_74' title="bbox 2166 2109 3578 2182">
    <p class='ocr_par' dir='ltr' id='par_1_74' title="bbox 2166 2109 3578 2182">
     <span class='ocr_line' id='line_1_74' title="bbox 2166 2109 3578 2182; baseline -0.001 -18"><span class='ocrx_word' id='word_1_477' title='bbox 2166 2109 2337 2177; x_wconf 81' lang='lat' dir='ltr'><strong>Quam</strong></span> <span class='ocrx_word' id='word_1_478' title='bbox 2366 2111 2606 2182; x_wconf 85' lang='lat' dir='ltr'><strong>speciosa</strong></span> <span class='ocrx_word' id='word_1_479' title='bbox 2634 2112 2868 2182; x_wconf 81' lang='lat' dir='ltr'><strong>phalanx</strong></span> <span class='ocrx_word' id='word_1_480' title='bbox 2900 2126 3183 2167; x_wconf 86' lang='lat' dir='ltr'><strong>assumens</strong></span> <span class='ocrx_word' id='word_1_481' title='bbox 3210 2110 3578 2166; x_wconf 78' lang='lat' dir='ltr'><strong>cmlicolarum</strong></span> 
     </span>
    </p>
   </div>
   <div class='ocr_carea' id='block_1_75' title="bbox 2167 2200 3570 2279">
    <p class='ocr_par' dir='ltr' id='par_1_75' title="bbox 2167 2200 3570 2279">
     <span class='ocr_line' id='line_1_75' title="bbox 2167 2200 3570 2279; baseline 0.002 -25"><span class='ocrx_word' id='word_1_482' title='bbox 2167 2200 2371 2257; x_wconf 89' lang='lat' dir='ltr'><strong>Detulit</strong></span> <span class='ocrx_word' id='word_1_483' title='bbox 2402 2202 2473 2257; x_wconf 88' lang='lat' dir='ltr'><strong>ad</strong></span> <span class='ocrx_word' id='word_1_484' title='bbox 2500 2202 2668 2258; x_wconf 67' lang='lat' dir='ltr'><strong>cados</strong></span> <span class='ocrx_word' id='word_1_485' title='bbox 2696 2219 2818 2259; x_wconf 90' lang='lat' dir='ltr'><strong>cum</strong></span> <span class='ocrx_word' id='word_1_486' title='bbox 2849 2203 3099 2263; x_wconf 87' lang='lat' dir='ltr'><strong>laudibus</strong></span> <span class='ocrx_word' id='word_1_487' title='bbox 3137 2204 3570 2279; x_wconf 84' lang='lat' dir='ltr'><strong>harmoniarum.</strong></span> 
     </span>
    </p>
   </div>
   <div class='ocr_carea' id='block_1_76' title="bbox 2164 2291 3575 2368">
    <p class='ocr_par' dir='ltr' id='par_1_76' title="bbox 2164 2291 3575 2368">
     <span class='ocr_line' id='line_1_76' title="bbox 2164 2291 3575 2368; baseline -0.001 -20"><span class='ocrx_word' id='word_1_488' title='bbox 2164 2293 2345 2349; x_wconf 85' lang='lat' dir='ltr'><strong>Aurea</strong></span> <span class='ocrx_word' id='word_1_489' title='bbox 2383 2291 2681 2368; x_wconf 73' lang='lat' dir='ltr'><strong>Jerusalem</strong></span> <span class='ocrx_word' id='word_1_490' title='bbox 2718 2295 2903 2352; x_wconf 88' lang='lat' dir='ltr'><strong>valvas</strong></span> <span class='ocrx_word' id='word_1_491' title='bbox 2928 2296 3033 2350; x_wconf 89' lang='lat' dir='ltr'><strong>sibi</strong></span> <span class='ocrx_word' id='word_1_492' title='bbox 3066 2295 3251 2365; x_wconf 88' lang='lat' dir='ltr'><strong>pandit</strong></span> <span class='ocrx_word' id='word_1_493' title='bbox 3273 2303 3328 2349; x_wconf 93' lang='lat' dir='ltr'><strong>et</strong></span> <span class='ocrx_word' id='word_1_494' title='bbox 3353 2310 3532 2348; x_wconf 83' lang='lat' dir='ltr'><strong>arcem</strong></span> <span class='ocrx_word' id='word_1_495' title='bbox 3557 2334 3575 2357; x_wconf 89' lang='lat'><strong>,</strong></span> 
     </span>
    </p>
   </div>
   <div class='ocr_carea' id='block_1_77' title="bbox 2168 2381 3610 2457">
    <p class='ocr_par' dir='ltr' id='par_1_77' title="bbox 2168 2381 3610 2457">
     <span class='ocr_line' id='line_1_77' title="bbox 2168 2381 3610 2457; baseline 0 -21"><span class='ocrx_word' id='word_1_496' title='bbox 2168 2381 2271 2450; x_wconf 85' lang='lat' dir='ltr'><strong>Qui</strong></span> <span class='ocrx_word' id='word_1_497' title='bbox 2308 2384 2525 2452; x_wconf 89' lang='lat' dir='ltr'><strong>penitus</strong></span> <span class='ocrx_word' id='word_1_498' title='bbox 2547 2384 2750 2454; x_wconf 83' lang='lat' dir='ltr'><strong>sprevit</strong></span> <span class='ocrx_word' id='word_1_499' title='bbox 2775 2383 3065 2457; x_wconf 84' lang='lat' dir='ltr'><strong>Babylonis</strong></span> <span class='ocrx_word' id='word_1_500' title='bbox 3087 2385 3154 2438; x_wconf 91' lang='lat' dir='ltr'><strong>ab</strong></span> <span class='ocrx_word' id='word_1_501' title='bbox 3177 2383 3358 2439; x_wconf 89' lang='lat' dir='ltr'><strong>indole</strong></span> <span class='ocrx_word' id='word_1_502' title='bbox 3385 2384 3610 2457; x_wconf 78' lang='lat' dir='ltr'><strong>fascem.</strong></span> 
     </span>
    </p>
   </div>
   <div class='ocr_carea' id='block_1_78' title="bbox 2164 2473 3393 2547">
    <p class='ocr_par' dir='ltr' id='par_1_78' title="bbox 2164 2473 3393 2547">
     <span class='ocr_line' id='line_1_78' title="bbox 2164 2473 3393 2547; baseline 0 -17"><span class='ocrx_word' id='word_1_503' title='bbox 2164 2473 2335 2530; x_wconf 88' lang='lat' dir='ltr'><strong>Intrat</strong></span> <span class='ocrx_word' id='word_1_504' title='bbox 2363 2474 2721 2545; x_wconf 85' lang='lat' dir='ltr'><strong>apostolicum</strong></span> <span class='ocrx_word' id='word_1_505' title='bbox 2751 2476 2878 2532; x_wconf 89' lang='lat' dir='ltr'><strong>felix</strong></span> <span class='ocrx_word' id='word_1_506' title='bbox 2905 2477 3111 2547; x_wconf 81' lang='lat' dir='ltr'><strong>collega</strong></span> <span class='ocrx_word' id='word_1_507' title='bbox 3142 2484 3393 2532; x_wconf 90' lang='lat' dir='ltr'><strong>senatum</strong></span> 
     </span>
    </p>
   </div>
   <div class='ocr_carea' id='block_1_79' title="bbox 2163 2564 3347 2637">
    <p class='ocr_par' dir='ltr' id='par_1_79' title="bbox 2163 2564 3347 2637">
     <span class='ocr_line' id='line_1_79' title="bbox 2163 2564 3347 2637; baseline -0.002 -16"><span class='ocrx_word' id='word_1_508' title='bbox 2163 2564 2299 2621; x_wconf 87' lang='lat' dir='ltr'><strong>Cum</strong></span> <span class='ocrx_word' id='word_1_509' title='bbox 2324 2580 2432 2637; x_wconf 87' lang='lat' dir='ltr'><strong>quo</strong></span> <span class='ocrx_word' id='word_1_510' title='bbox 2452 2566 2640 2637; x_wconf 88' lang='lat' dir='ltr'><strong>judicii</strong></span> <span class='ocrx_word' id='word_1_511' title='bbox 2671 2567 2881 2623; x_wconf 86' lang='lat' dir='ltr'><strong>scandit</strong></span> <span class='ocrx_word' id='word_1_512' title='bbox 2909 2567 3080 2623; x_wconf 87' lang='lat' dir='ltr'><strong>sedile</strong></span> <span class='ocrx_word' id='word_1_513' title='bbox 3105 2567 3347 2634; x_wconf 88' lang='lat' dir='ltr'><strong>beatum,</strong></span> 
     </span>
    </p>
   </div>
   <div class='ocr_carea' id='block_1_80' title="bbox 2160 2656 3358 2730">
    <p class='ocr_par' dir='ltr' id='par_1_80' title="bbox 2160 2656 3358 2730">
     <span class='ocr_line' id='line_1_80' title="bbox 2160 2656 3358 2730; baseline -0.002 -18"><span class='ocrx_word' id='word_1_514' title='bbox 2160 2656 2341 2713; x_wconf 87' lang='lat' dir='ltr'><strong>Fortis</strong></span> <span class='ocrx_word' id='word_1_515' title='bbox 2375 2658 2428 2713; x_wconf 91' lang='lat' dir='ltr'><strong>in</strong></span> <span class='ocrx_word' id='word_1_516' title='bbox 2462 2657 2710 2719; x_wconf 79' lang='lat' dir='ltr'><strong>adversis</strong></span> <span class='ocrx_word' id='word_1_517' title='bbox 2738 2673 2861 2713; x_wconf 92' lang='lat' dir='ltr'><strong>cum</strong></span> <span class='ocrx_word' id='word_1_518' title='bbox 2890 2668 3030 2714; x_wconf 77' lang='lat' dir='ltr'><strong>cmtu</strong></span> <span class='ocrx_word' id='word_1_519' title='bbox 3059 2657 3358 2730; x_wconf 82' lang='lat' dir='ltr'><strong>martyriali</strong></span> 
     </span>
    </p>
   </div>
   <div class='ocr_carea' id='block_1_81' title="bbox 2158 2749 3291 2822">
    <p class='ocr_par' dir='ltr' id='par_1_81' title="bbox 2158 2749 3291 2822">
     <span class='ocr_line' id='line_1_81' title="bbox 2158 2749 3291 2822; baseline -0.002 -17"><span class='ocrx_word' id='word_1_520' title='bbox 2158 2749 2290 2807; x_wconf 71' lang='lat' dir='ltr'><strong>lure</strong></span> <span class='ocrx_word' id='word_1_521' title='bbox 2307 2752 2560 2808; x_wconf 89' lang='lat' dir='ltr'><strong>coronari</strong></span> <span class='ocrx_word' id='word_1_522' title='bbox 2585 2750 2762 2822; x_wconf 88' lang='lat' dir='ltr'><strong>palma</strong></span> <span class='ocrx_word' id='word_1_523' title='bbox 2792 2750 2992 2807; x_wconf 87' lang='lat' dir='ltr'><strong>meruit</strong></span> <span class='ocrx_word' id='word_1_524' title='bbox 3020 2749 3291 2805; x_wconf 86' lang='lat' dir='ltr'><strong>decorari.</strong></span> 
     </span>
    </p>
   </div>
   <div class='ocr_carea' id='block_1_82' title="bbox 2160 2840 3398 2912">
    <p class='ocr_par' dir='ltr' id='par_1_82' title="bbox 2160 2840 3398 2912">
     <span class='ocr_line' id='line_1_82' title="bbox 2160 2840 3398 2912; baseline -0.002 -17"><span class='ocrx_word' id='word_1_525' title='bbox 2160 2840 2368 2896; x_wconf 77' lang='lat' dir='ltr'><strong>Emicat</strong></span> <span class='ocrx_word' id='word_1_526' title='bbox 2398 2842 2450 2897; x_wconf 94' lang='lat' dir='ltr'><strong>in</strong></span> <span class='ocrx_word' id='word_1_527' title='bbox 2481 2842 2678 2911; x_wconf 85' lang='lat' dir='ltr'><strong>castris</strong></span> <span class='ocrx_word' id='word_1_528' title='bbox 2708 2848 2768 2895; x_wconf 89' lang='lat' dir='ltr'><strong>ut</strong></span> <span class='ocrx_word' id='word_1_529' title='bbox 2793 2840 3020 2912; x_wconf 68' lang='lat' dir='ltr'><strong>phoebus</strong></span> <span class='ocrx_word' id='word_1_530' title='bbox 3050 2840 3398 2910; x_wconf 83' lang='lat' dir='ltr'><strong>virginitatis,</strong></span> 
     </span>
    </p>
   </div>
   <div class='ocr_carea' id='block_1_83' title="bbox 2157 2927 3569 3000">
    <p class='ocr_par' dir='ltr' id='par_1_83' title="bbox 2157 2927 3569 3000">
     <span class='ocr_line' id='line_1_83' title="bbox 2157 2927 3569 3000; baseline -0.006 -11"><span class='ocrx_word' id='word_1_531' title='bbox 2157 2930 2524 3000; x_wconf 89' lang='lat' dir='ltr'><strong>Centuplicem</strong></span> <span class='ocrx_word' id='word_1_532' title='bbox 2553 2930 2789 2987; x_wconf 91' lang='lat' dir='ltr'><strong>fructum</strong></span> <span class='ocrx_word' id='word_1_533' title='bbox 2815 2930 2937 2999; x_wconf 84' lang='lat' dir='ltr'><strong>quia</strong></span> <span class='ocrx_word' id='word_1_534' title='bbox 2968 2929 3190 2999; x_wconf 87' lang='lat' dir='ltr'><strong>protulit</strong></span> <span class='ocrx_word' id='word_1_535' title='bbox 3218 2927 3569 2997; x_wconf 60' lang='lat' dir='ltr'><strong>integritatis.</strong></span> 
     </span>
    </p>
   </div>
   <div class='ocr_carea' id='block_1_84' title="bbox 2158 3017 3384 3090">
    <p class='ocr_par' dir='ltr' id='par_1_84' title="bbox 2158 3017 3384 3090">
     <span class='ocr_line' id='line_1_84' title="bbox 2158 3017 3384 3090; baseline -0.002 -16"><span class='ocrx_word' id='word_1_536' title='bbox 2158 3020 2399 3076; x_wconf 83' lang='lat' dir='ltr'><strong>Excessu</strong></span> <span class='ocrx_word' id='word_1_537' title='bbox 2427 3020 2603 3090; x_wconf 92' lang='lat' dir='ltr'><strong>patris</strong></span> <span class='ocrx_word' id='word_1_538' title='bbox 2626 3019 2785 3074; x_wconf 90' lang='lat' dir='ltr'><strong>simul</strong></span> <span class='ocrx_word' id='word_1_539' title='bbox 2806 3033 2996 3075; x_wconf 89' lang='lat' dir='ltr'><strong>omnes</strong></span> <span class='ocrx_word' id='word_1_540' title='bbox 3026 3017 3349 3081; x_wconf 68' lang='lat' dir='ltr'><strong>mmstificati</strong></span> <span class='ocrx_word' id='word_1_541' title='bbox 3368 3057 3384 3085; x_wconf 87' lang='lat'><strong>,</strong></span> 
     </span>
    </p>
   </div>
   <div class='ocr_carea' id='block_1_85' title="bbox 2074 3107 3695 3181">
    <p class='ocr_par' dir='ltr' id='par_1_85' title="bbox 2074 3107 3695 3181">
     <span class='ocr_line' id='line_1_85' title="bbox 2074 3107 3695 3181; baseline -0.003 -15"><span class='ocrx_word' id='word_1_542' title='bbox 2074 3110 2122 3174; x_wconf 86' lang='lat' dir='ltr'><strong>C</strong></span> <span class='ocrx_word' id='word_1_543' title='bbox 2152 3111 2448 3181; x_wconf 87' lang='lat' dir='ltr'><strong>Exsequias</strong></span> <span class='ocrx_word' id='word_1_544' title='bbox 2489 3111 2721 3177; x_wconf 85' lang='lat' dir='ltr'><strong>solvunt,</strong></span> <span class='ocrx_word' id='word_1_545' title='bbox 2752 3110 2959 3165; x_wconf 89' lang='lat' dir='ltr'><strong>tumulo</strong></span> <span class='ocrx_word' id='word_1_546' title='bbox 2985 3111 3069 3180; x_wconf 91' lang='lat' dir='ltr'><strong>pia</strong></span> <span class='ocrx_word' id='word_1_547' title='bbox 3096 3110 3335 3164; x_wconf 88' lang='lat' dir='ltr'><strong>membra</strong></span> <span class='ocrx_word' id='word_1_548' title='bbox 3366 3107 3695 3169; x_wconf 75' lang='lat' dir='ltr'><strong>recondunt.</strong></span> 
     </span>
    </p>
   </div>
   <div class='ocr_carea' id='block_1_86' title="bbox 2159 3199 3680 3271">
    <p class='ocr_par' dir='ltr' id='par_1_86' title="bbox 2159 3199 3680 3271">
     <span class='ocr_line' id='line_1_86' title="bbox 2159 3199 3680 3271; baseline -0.003 -14"><span class='ocrx_word' id='word_1_549' title='bbox 2159 3202 2416 3258; x_wconf 80' lang='lat' dir='ltr'><strong>Praesulis</strong></span> <span class='ocrx_word' id='word_1_550' title='bbox 2441 3203 2511 3258; x_wconf 92' lang='lat' dir='ltr'><strong>ob</strong></span> <span class='ocrx_word' id='word_1_551' title='bbox 2537 3203 2791 3258; x_wconf 89' lang='lat' dir='ltr'><strong>meritum</strong></span> <span class='ocrx_word' id='word_1_552' title='bbox 2816 3201 3182 3271; x_wconf 82' lang='lat' dir='ltr'><strong>Rothomagus</strong></span> <span class='ocrx_word' id='word_1_553' title='bbox 3201 3200 3396 3271; x_wconf 88' lang='lat' dir='ltr'><strong>gaudet</strong></span> <span class='ocrx_word' id='word_1_554' title='bbox 3418 3199 3469 3252; x_wconf 90' lang='lat' dir='ltr'><strong>in</strong></span> <span class='ocrx_word' id='word_1_555' title='bbox 3498 3214 3680 3252; x_wconf 73' lang='lat' dir='ltr'><strong>aevum</strong></span> 
     </span>
    </p>
   </div>
   <div class='ocr_carea' id='block_1_87' title="bbox 2155 3290 3308 3362">
    <p class='ocr_par' dir='ltr' id='par_1_87' title="bbox 2155 3290 3308 3362">
     <span class='ocr_line' id='line_1_87' title="bbox 2155 3290 3308 3362; baseline -0.003 -17"><span class='ocrx_word' id='word_1_556' title='bbox 2155 3292 2384 3347; x_wconf 80' lang='lat' dir='ltr'><strong>Assidue</strong></span> <span class='ocrx_word' id='word_1_557' title='bbox 2414 3290 2566 3360; x_wconf 86' lang='lat' dir='ltr'><strong>cujus</strong></span> <span class='ocrx_word' id='word_1_558' title='bbox 2605 3291 2869 3362; x_wconf 86' lang='lat' dir='ltr'><strong>pretiosos</strong></span> <span class='ocrx_word' id='word_1_559' title='bbox 2899 3291 3097 3346; x_wconf 79' lang='lat' dir='ltr'><strong>excolit</strong></span> <span class='ocrx_word' id='word_1_560' title='bbox 3138 3299 3308 3344; x_wconf 89' lang='lat' dir='ltr'><strong>artus.</strong></span> 
     </span>
    </p>
   </div>
   <div class='ocr_carea' id='block_1_88' title="bbox 2228 3380 3365 3451">
    <p class='ocr_par' dir='ltr' id='par_1_88' title="bbox 2228 3380 3365 3451">
     <span class='ocr_line' id='line_1_88' title="bbox 2228 3380 3365 3451; baseline -0.003 -15"><span class='ocrx_word' id='word_1_561' title='bbox 2228 3381 2364 3439; x_wconf 88' lang='lat' dir='ltr'><strong>Huic</strong></span> <span class='ocrx_word' id='word_1_562' title='bbox 2394 3382 2684 3438; x_wconf 80' lang='lat' dir='ltr'><strong>Audoenus</strong></span> <span class='ocrx_word' id='word_1_563' title='bbox 2711 3381 2972 3444; x_wconf 84' lang='lat' dir='ltr'><strong>successit</strong></span> <span class='ocrx_word' id='word_1_564' title='bbox 3000 3380 3365 3451; x_wconf 87' lang='lat' dir='ltr'><strong>pontificatus.</strong></span> 
     </span>
    </p>
   </div>
   <div class='ocr_carea' id='block_1_89' title="bbox 2154 3468 3588 3545">
    <p class='ocr_par' dir='ltr' id='par_1_89' title="bbox 2154 3468 3588 3545">
     <span class='ocr_line' id='line_1_89' title="bbox 2154 3468 3588 3545; baseline -0.003 -18"><span class='ocrx_word' id='word_1_565' title='bbox 2154 3472 2269 3528; x_wconf 82' lang='lat' dir='ltr'><strong>Non</strong></span> <span class='ocrx_word' id='word_1_566' title='bbox 2296 3473 2476 3528; x_wconf 90' lang='lat' dir='ltr'><strong>minus</strong></span> <span class='ocrx_word' id='word_1_567' title='bbox 2504 3473 2753 3545; x_wconf 84' lang='lat' dir='ltr'><strong>insignis,</strong></span> <span class='ocrx_word' id='word_1_568' title='bbox 2786 3472 2866 3535; x_wconf 92' lang='lat' dir='ltr'><strong>sol</strong></span> <span class='ocrx_word' id='word_1_569' title='bbox 2888 3472 3106 3537; x_wconf 89' lang='lat' dir='ltr'><strong>ardens,</strong></span> <span class='ocrx_word' id='word_1_570' title='bbox 3142 3471 3340 3542; x_wconf 80' lang='lat' dir='ltr'><strong>fulgur,</strong></span> <span class='ocrx_word' id='word_1_571' title='bbox 3380 3479 3435 3522; x_wconf 91' lang='lat' dir='ltr'><strong>et</strong></span> <span class='ocrx_word' id='word_1_572' title='bbox 3466 3468 3588 3531; x_wconf 90' lang='lat' dir='ltr'><strong>iris,</strong></span> 
     </span>
    </p>
   </div>
   <div class='ocr_carea' id='block_1_90' title="bbox 2154 3562 3735 3637">
    <p class='ocr_par' dir='ltr' id='par_1_90' title="bbox 2154 3562 3735 3637">
     <span class='ocr_line' id='line_1_90' title="bbox 2154 3562 3735 3637; baseline -0.002 -19"><span class='ocrx_word' id='word_1_573' title='bbox 2154 3564 2302 3618; x_wconf 87' lang='lat' dir='ltr'><strong>Thus</strong></span> <span class='ocrx_word' id='word_1_574' title='bbox 2317 3562 2583 3629; x_wconf 90' lang='lat' dir='ltr'><strong>redolens,</strong></span> <span class='ocrx_word' id='word_1_575' title='bbox 2599 3564 2816 3629; x_wconf 89' lang='lat' dir='ltr'><strong>cedrus,</strong></span> <span class='ocrx_word' id='word_1_576' title='bbox 2835 3580 2965 3626; x_wconf 90' lang='lat' dir='ltr'><strong>nux,</strong></span> <span class='ocrx_word' id='word_1_577' title='bbox 2988 3574 3219 3636; x_wconf 86' lang='lat' dir='ltr'><strong>myrtus,</strong></span> <span class='ocrx_word' id='word_1_578' title='bbox 3237 3562 3396 3629; x_wconf 75' lang='lat' dir='ltr'><strong>oliva,</strong></span> <span class='ocrx_word' id='word_1_579' title='bbox 3415 3575 3735 3637; x_wconf 78' lang='lat' dir='ltr'><strong>cypressus,</strong></span> 
     </span>
    </p>
   </div>
   <div class='ocr_carea' id='block_1_91' title="bbox 2151 3654 3328 3726">
    <p class='ocr_par' dir='ltr' id='par_1_91' title="bbox 2151 3654 3328 3726">
     <span class='ocr_line' id='line_1_91' title="bbox 2151 3654 3328 3726; baseline -0.002 -18"><span class='ocrx_word' id='word_1_580' title='bbox 2151 3655 2307 3710; x_wconf 89' lang='lat' dir='ltr'><strong>Pacis</strong></span> <span class='ocrx_word' id='word_1_581' title='bbox 2335 3654 2642 3719; x_wconf 87' lang='lat' dir='ltr'><strong>consilium,</strong></span> <span class='ocrx_word' id='word_1_582' title='bbox 2673 3656 2861 3724; x_wconf 65' lang='lat' dir='ltr'><strong>patria:</strong></span> <span class='ocrx_word' id='word_1_583' title='bbox 2892 3654 3059 3710; x_wconf 87' lang='lat' dir='ltr'><strong>totius</strong></span> <span class='ocrx_word' id='word_1_584' title='bbox 3089 3655 3328 3726; x_wconf 78' lang='lat' dir='ltr'><strong>asylum;</strong></span> 
     </span>
    </p>
   </div>
   <div class='ocr_carea' id='block_1_92' title="bbox 2149 3744 3476 3825">
    <p class='ocr_par' dir='ltr' id='par_1_92' title="bbox 2149 3744 3476 3825">
     <span class='ocr_line' id='line_1_92' title="bbox 2149 3744 3476 3825; baseline -0.003 -22"><span class='ocrx_word' id='word_1_585' title='bbox 2149 3746 2377 3825; x_wconf 87' lang='lat' dir='ltr'><strong>Francia</strong></span> <span class='ocrx_word' id='word_1_586' title='bbox 2405 3763 2512 3819; x_wconf 91' lang='lat' dir='ltr'><strong>quo</strong></span> <span class='ocrx_word' id='word_1_587' title='bbox 2535 3747 2724 3815; x_wconf 83' lang='lat' dir='ltr'><strong>viguit,</strong></span> <span class='ocrx_word' id='word_1_588' title='bbox 2756 3762 2864 3816; x_wconf 91' lang='lat' dir='ltr'><strong>quo</strong></span> <span class='ocrx_word' id='word_1_589' title='bbox 2889 3755 2997 3800; x_wconf 88' lang='lat' dir='ltr'><strong>tota</strong></span> <span class='ocrx_word' id='word_1_590' title='bbox 3026 3745 3277 3803; x_wconf 83' lang='lat' dir='ltr'><strong>Neustria</strong></span> <span class='ocrx_word' id='word_1_591' title='bbox 3307 3744 3476 3810; x_wconf 90' lang='lat' dir='ltr'><strong>fulsit,</strong></span> 
     </span>
    </p>
   </div>
   <div class='ocr_carea' id='block_1_93' title="bbox 2150 3834 3548 3909">
    <p class='ocr_par' dir='ltr' id='par_1_93' title="bbox 2150 3834 3548 3909">
     <span class='ocr_line' id='line_1_93' title="bbox 2150 3834 3548 3909; baseline -0.002 -18"><span class='ocrx_word' id='word_1_592' title='bbox 2150 3836 2469 3892; x_wconf 89' lang='lat' dir='ltr'><strong>Sanctorum</strong></span> <span class='ocrx_word' id='word_1_593' title='bbox 2493 3838 2685 3893; x_wconf 87' lang='lat' dir='ltr'><strong>castris</strong></span> <span class='ocrx_word' id='word_1_594' title='bbox 2713 3846 2966 3909; x_wconf 88' lang='lat' dir='ltr'><strong>tanquam</strong></span> <span class='ocrx_word' id='word_1_595' title='bbox 2995 3835 3327 3907; x_wconf 87' lang='lat' dir='ltr'><strong>fulgentibus</strong></span> <span class='ocrx_word' id='word_1_596' title='bbox 3361 3834 3548 3889; x_wconf 86' lang='lat' dir='ltr'><strong>astris.</strong></span> 
     </span>
    </p>
   </div>
   <div class='ocr_carea' id='block_1_94' title="bbox 2148 3924 3552 3997">
    <p class='ocr_par' dir='ltr' id='par_1_94' title="bbox 2148 3924 3552 3997">
     <span class='ocr_line' id='line_1_94' title="bbox 2148 3924 3552 3997; baseline 0.001 -18"><span class='ocrx_word' id='word_1_597' title='bbox 2148 3925 2318 3994; x_wconf 84' lang='lat' dir='ltr'><strong>Hujus</strong></span> <span class='ocrx_word' id='word_1_598' title='bbox 2341 3935 2395 3983; x_wconf 93' lang='lat' dir='ltr'><strong>et</strong></span> <span class='ocrx_word' id='word_1_599' title='bbox 2424 3936 2699 3997; x_wconf 78' lang='lat' dir='ltr'><strong>extremos</strong></span> <span class='ocrx_word' id='word_1_600' title='bbox 2729 3924 3024 3997; x_wconf 84' lang='lat' dir='ltr'><strong>perlustrat</strong></span> <span class='ocrx_word' id='word_1_601' title='bbox 3049 3926 3194 3982; x_wconf 87' lang='lat' dir='ltr'><strong>fama</strong></span> <span class='ocrx_word' id='word_1_602' title='bbox 3227 3925 3552 3990; x_wconf 83' lang='lat' dir='ltr'><strong>Britannos;</strong></span> 
     </span>
    </p>
   </div>
   <div class='ocr_carea' id='block_1_95' title="bbox 2148 4020 3590 4094">
    <p class='ocr_par' dir='ltr' id='par_1_95' title="bbox 2148 4020 3590 4094">
     <span class='ocr_line' id='line_1_95' title="bbox 2148 4020 3590 4094; baseline -0.001 -17"><span class='ocrx_word' id='word_1_603' title='bbox 2148 4020 2259 4077; x_wconf 86' lang='lat' dir='ltr'><strong>Hoc</strong></span> <span class='ocrx_word' id='word_1_604' title='bbox 2282 4021 2504 4079; x_wconf 66' lang='lat' dir='ltr'><strong>Graecus</strong></span> <span class='ocrx_word' id='word_1_605' title='bbox 2528 4031 2766 4087; x_wconf 89' lang='lat' dir='ltr'><strong>resonat,</strong></span> <span class='ocrx_word' id='word_1_606' title='bbox 2798 4023 3108 4094; x_wconf 86' lang='lat' dir='ltr'><strong>promulgat</strong></span> <span class='ocrx_word' id='word_1_607' title='bbox 3127 4031 3179 4078; x_wconf 87' lang='lat' dir='ltr'><strong>et</strong></span> <span class='ocrx_word' id='word_1_608' title='bbox 3206 4037 3369 4077; x_wconf 88' lang='lat' dir='ltr'><strong>aurea</strong></span> <span class='ocrx_word' id='word_1_609' title='bbox 3393 4021 3590 4085; x_wconf 85' lang='lat' dir='ltr'><strong>Roma,</strong></span> 
     </span>
    </p>
   </div>
   <div class='ocr_carea' id='block_1_96' title="bbox 2144 4115 3398 4191">
    <p class='ocr_par' dir='ltr' id='par_1_96' title="bbox 2144 4115 3398 4191">
     <span class='ocr_line' id='line_1_96' title="bbox 2144 4115 3398 4191; baseline -0.001 -22"><span class='ocrx_word' id='word_1_610' title='bbox 2144 4116 2201 4170; x_wconf 86' lang='lat' dir='ltr'><strong>In</strong></span> <span class='ocrx_word' id='word_1_611' title='bbox 2240 4130 2344 4185; x_wconf 91' lang='lat' dir='ltr'><strong>qua</strong></span> <span class='ocrx_word' id='word_1_612' title='bbox 2375 4116 2485 4171; x_wconf 87' lang='lat' dir='ltr'><strong>dux</strong></span> <span class='ocrx_word' id='word_1_613' title='bbox 2516 4116 2636 4191; x_wconf 81' lang='lat' dir='ltr'><strong>fidei</strong></span> <span class='ocrx_word' id='word_1_614' title='bbox 2663 4118 2789 4185; x_wconf 81' lang='lat' dir='ltr'><strong>dum</strong></span> <span class='ocrx_word' id='word_1_615' title='bbox 2823 4126 2965 4173; x_wconf 86' lang='lat' dir='ltr'><strong>totus</strong></span> <span class='ocrx_word' id='word_1_616' title='bbox 2991 4117 3046 4171; x_wconf 90' lang='lat' dir='ltr'><strong>in</strong></span> <span class='ocrx_word' id='word_1_617' title='bbox 3071 4117 3239 4185; x_wconf 85' lang='lat' dir='ltr'><strong>ardua</strong></span> <span class='ocrx_word' id='word_1_618' title='bbox 3273 4115 3398 4171; x_wconf 86' lang='lat' dir='ltr'><strong>coeli</strong></span> 
     </span>
    </p>
   </div>
   <div class='ocr_carea' id='block_1_97' title="bbox 2145 4207 3572 4278">
    <p class='ocr_par' dir='ltr' id='par_1_97' title="bbox 2145 4207 3572 4278">
     <span class='ocr_line' id='line_1_97' title="bbox 2145 4207 3572 4278; baseline 0.001 -17"><span class='ocrx_word' id='word_1_619' title='bbox 2145 4207 2405 4263; x_wconf 87' lang='lat' dir='ltr'><strong>Psallerct</strong></span> <span class='ocrx_word' id='word_1_620' title='bbox 2430 4207 2669 4264; x_wconf 90' lang='lat' dir='ltr'><strong>intentus</strong></span> <span class='ocrx_word' id='word_1_621' title='bbox 2698 4209 3039 4265; x_wconf 88' lang='lat' dir='ltr'><strong>decachordo</strong></span> <span class='ocrx_word' id='word_1_622' title='bbox 3070 4210 3311 4263; x_wconf 90' lang='lat' dir='ltr'><strong>carmina</strong></span> <span class='ocrx_word' id='word_1_623' title='bbox 3337 4208 3572 4278; x_wconf 86' lang='lat' dir='ltr'><strong>plectro,</strong></span> 
     </span>
    </p>
   </div>
   <div class='ocr_carea' id='block_1_98' title="bbox 2143 4297 3418 4368">
    <p class='ocr_par' dir='ltr' id='par_1_98' title="bbox 2143 4297 3418 4368">
     <span class='ocr_line' id='line_1_98' title="bbox 2143 4297 3418 4368; baseline 0.001 -18"><span class='ocrx_word' id='word_1_624' title='bbox 2143 4297 2415 4368; x_wconf 65' lang='lat' dir='ltr'><strong>Angelicre</strong></span> <span class='ocrx_word' id='word_1_625' title='bbox 2446 4299 2591 4353; x_wconf 88' lang='lat' dir='ltr'><strong>vocis</strong></span> <span class='ocrx_word' id='word_1_626' title='bbox 2616 4313 2936 4368; x_wconf 92' lang='lat' dir='ltr'><strong>responsum</strong></span> <span class='ocrx_word' id='word_1_627' title='bbox 2966 4299 3184 4354; x_wconf 83' lang='lat' dir='ltr'><strong>caelitus</strong></span> <span class='ocrx_word' id='word_1_628' title='bbox 3216 4299 3418 4355; x_wconf 89' lang='lat' dir='ltr'><strong>hausit.</strong></span> 
     </span>
    </p>
   </div>
   <div class='ocr_carea' id='block_1_99' title="bbox 2145 4386 3434 4459">
    <p class='ocr_par' dir='ltr' id='par_1_99' title="bbox 2145 4386 3434 4459">
     <span class='ocr_line' id='line_1_99' title="bbox 2145 4386 3434 4459; baseline 0.002 -18"><span class='ocrx_word' id='word_1_629' title='bbox 2145 4386 2252 4441; x_wconf 87' lang='lat' dir='ltr'><strong>Sed</strong></span> <span class='ocrx_word' id='word_1_630' title='bbox 2275 4388 2401 4457; x_wconf 91' lang='lat' dir='ltr'><strong>quia</strong></span> <span class='ocrx_word' id='word_1_631' title='bbox 2425 4388 2696 4457; x_wconf 85' lang='lat' dir='ltr'><strong>magnifici</strong></span> <span class='ocrx_word' id='word_1_632' title='bbox 2724 4398 2873 4459; x_wconf 90' lang='lat' dir='ltr'><strong>patet</strong></span> <span class='ocrx_word' id='word_1_633' title='bbox 2897 4388 3056 4458; x_wconf 87' lang='lat' dir='ltr'><strong>hujus</strong></span> <span class='ocrx_word' id='word_1_634' title='bbox 3084 4390 3193 4444; x_wconf 90' lang='lat' dir='ltr'><strong>vita</strong></span> <span class='ocrx_word' id='word_1_635' title='bbox 3217 4389 3434 4459; x_wconf 90' lang='lat' dir='ltr'><strong>patroni</strong></span> 
     </span>
    </p>
   </div>
   <div class='ocr_carea' id='block_1_100' title="bbox 2066 4457 3304 4553">
    <p class='ocr_par' dir='ltr' id='par_1_100' title="bbox 2066 4457 3304 4553">
     <span class='ocr_line' id='line_1_100' title="bbox 2066 4457 3304 4553; baseline 0.003 -23"><span class='ocrx_word' id='word_1_636' title='bbox 2066 4457 2112 4514; x_wconf 73' lang='grc' dir='ltr'><strong>ι)</strong></span> <span class='ocrx_word' id='word_1_637' title='bbox 2138 4478 2375 4534; x_wconf 84' lang='lat' dir='ltr'><strong>Alterius</strong></span> <span class='ocrx_word' id='word_1_638' title='bbox 2404 4480 2584 4535; x_wconf 90' lang='lat' dir='ltr'><strong>studio</strong></span> <span class='ocrx_word' id='word_1_639' title='bbox 2609 4457 2769 4550; x_wconf 79' lang='lat' dir='ltr'><strong>prosa</strong></span> <span class='ocrx_word' id='word_1_640' title='bbox 2806 4491 3087 4553; x_wconf 88' lang='lat' dir='ltr'><strong>metroque</strong></span> <span class='ocrx_word' id='word_1_641' title='bbox 3115 4457 3304 4551; x_wconf 36' lang='lat' dir='ltr'><strong>poli—to,</strong></span> 
     </span>
    </p>
   </div>
   <div class='ocr_carea' id='block_1_101' title="bbox 2139 4567 3488 4643">
    <p class='ocr_par' dir='ltr' id='par_1_101' title="bbox 2139 4567 3488 4643">
     <span class='ocr_line' id='line_1_101' title="bbox 2139 4567 3488 4643; baseline 0.001 -21"><span class='ocrx_word' id='word_1_642' title='bbox 2139 4567 2238 4624; x_wconf 89' lang='lat' dir='ltr'><strong>Hic</strong></span> <span class='ocrx_word' id='word_1_643' title='bbox 2262 4569 2500 4625; x_wconf 85' lang='lat' dir='ltr'><strong>breviter</strong></span> <span class='ocrx_word' id='word_1_644' title='bbox 2528 4577 2728 4624; x_wconf 89' lang='lat' dir='ltr'><strong>tectum</strong></span> <span class='ocrx_word' id='word_1_645' title='bbox 2760 4571 3075 4625; x_wconf 86' lang='lat' dir='ltr'><strong>concludam</strong></span> <span class='ocrx_word' id='word_1_646' title='bbox 3104 4570 3209 4626; x_wconf 88' lang='lat' dir='ltr'><strong>fine</strong></span> <span class='ocrx_word' id='word_1_647' title='bbox 3233 4570 3488 4643; x_wconf 89' lang='lat' dir='ltr'><strong>libellum.</strong></span> 
     </span>
    </p>
   </div>
   <div class='ocr_carea' id='block_1_102' title="bbox 2138 4655 3649 4723">
    <p class='ocr_par' dir='ltr' id='par_1_102' title="bbox 2138 4655 3649 4723">
     <span class='ocr_line' id='line_1_102' title="bbox 2138 4655 3649 4723; baseline 0.003 -13"><span class='ocrx_word' id='word_1_648' title='bbox 2138 4655 2253 4712; x_wconf 90' lang='lat' dir='ltr'><strong>Non</strong></span> <span class='ocrx_word' id='word_1_649' title='bbox 2288 4664 2465 4712; x_wconf 89' lang='lat' dir='ltr'><strong>tamen</strong></span> <span class='ocrx_word' id='word_1_650' title='bbox 2492 4658 2594 4713; x_wconf 89' lang='lat' dir='ltr'><strong>hoc</strong></span> <span class='ocrx_word' id='word_1_651' title='bbox 2616 4667 2804 4715; x_wconf 82' lang='lat' dir='ltr'><strong>sancto</strong></span> <span class='ocrx_word' id='word_1_652' title='bbox 2823 4674 3041 4715; x_wconf 90' lang='lat' dir='ltr'><strong>carmen</strong></span> <span class='ocrx_word' id='word_1_653' title='bbox 3065 4660 3183 4714; x_wconf 90' lang='lat' dir='ltr'><strong>sine</strong></span> <span class='ocrx_word' id='word_1_654' title='bbox 3211 4657 3397 4715; x_wconf 85' lang='lat' dir='ltr'><strong>fenore</strong></span> <span class='ocrx_word' id='word_1_655' title='bbox 3427 4660 3613 4715; x_wconf 90' lang='lat' dir='ltr'><strong>scribo</strong></span> <span class='ocrx_word' id='word_1_656' title='bbox 3633 4700 3649 4723; x_wconf 92' lang='lat'><strong>,</strong></span> 
     </span>
    </p>
   </div>
   <div class='ocr_carea' id='block_1_103' title="bbox 2138 4747 3359 4818">
    <p class='ocr_par' dir='ltr' id='par_1_103' title="bbox 2138 4747 3359 4818">
     <span class='ocr_line' id='line_1_103' title="bbox 2138 4747 3359 4818; baseline 0.004 -17"><span class='ocrx_word' id='word_1_657' title='bbox 2138 4747 2244 4803; x_wconf 90' lang='lat' dir='ltr'><strong>Sed</strong></span> <span class='ocrx_word' id='word_1_658' title='bbox 2279 4762 2492 4817; x_wconf 89' lang='lat' dir='ltr'><strong>precor,</strong></span> <span class='ocrx_word' id='word_1_659' title='bbox 2518 4748 2769 4818; x_wconf 89' lang='lat' dir='ltr'><strong>imploro,</strong></span> <span class='ocrx_word' id='word_1_660' title='bbox 2799 4749 2926 4805; x_wconf 92' lang='lat' dir='ltr'><strong>totis</strong></span> <span class='ocrx_word' id='word_1_661' title='bbox 2956 4758 3012 4806; x_wconf 91' lang='lat' dir='ltr'><strong>et</strong></span> <span class='ocrx_word' id='word_1_662' title='bbox 3032 4750 3240 4806; x_wconf 89' lang='lat' dir='ltr'><strong>nisibus</strong></span> <span class='ocrx_word' id='word_1_663' title='bbox 3262 4766 3359 4806; x_wconf 85' lang='lat' dir='ltr'><strong>oro</strong></span> 
     </span>
    </p>
   </div>
   <div class='ocr_carea' id='block_1_104' title="bbox 2140 4837 3579 4898">
    <p class='ocr_par' dir='ltr' id='par_1_104' title="bbox 2140 4837 3579 4898">
     <span class='ocr_line' id='line_1_104' title="bbox 2140 4837 3579 4898; baseline -0.001 -5"><span class='ocrx_word' id='word_1_664' title='bbox 2140 4837 2207 4893; x_wconf 89' lang='lat' dir='ltr'><strong>Ut</strong></span> <span class='ocrx_word' id='word_1_665' title='bbox 2239 4839 2368 4892; x_wconf 92' lang='lat' dir='ltr'><strong>mihi</strong></span> <span class='ocrx_word' id='word_1_666' title='bbox 2400 4837 2675 4894; x_wconf 78' lang='lat' dir='ltr'><strong>Romanus</strong></span> <span class='ocrx_word' id='word_1_667' title='bbox 2698 4841 2771 4895; x_wconf 89' lang='lat' dir='ltr'><strong>sit</strong></span> <span class='ocrx_word' id='word_1_668' title='bbox 2793 4840 2985 4895; x_wconf 89' lang='lat' dir='ltr'><strong>ductor</strong></span> <span class='ocrx_word' id='word_1_669' title='bbox 3015 4841 3081 4895; x_wconf 92' lang='lat' dir='ltr'><strong>ad</strong></span> <span class='ocrx_word' id='word_1_670' title='bbox 3109 4842 3311 4898; x_wconf 63' lang='lat' dir='ltr'><strong>(ethera</strong></span> <span class='ocrx_word' id='word_1_671' title='bbox 3334 4850 3579 4897; x_wconf 83' lang='lat' dir='ltr'><strong>sanctus.</strong></span> 
     </span>
    </p>
   </div>
   <div class='ocr_carea' id='block_1_105' title="bbox 2134 4925 3448 5001">
    <p class='ocr_par' dir='ltr' id='par_1_105' title="bbox 2134 4925 3448 5001">
     <span class='ocr_line' id='line_1_105' title="bbox 2134 4925 3448 5001; baseline 0.002 -18"><span class='ocrx_word' id='word_1_672' title='bbox 2134 4925 2321 4984; x_wconf 88' lang='lat' dir='ltr'><strong>Lintre</strong></span> <span class='ocrx_word' id='word_1_673' title='bbox 2346 4929 2471 4985; x_wconf 92' lang='lat' dir='ltr'><strong>licet</strong></span> <span class='ocrx_word' id='word_1_674' title='bbox 2499 4944 2665 4999; x_wconf 91' lang='lat' dir='ltr'><strong>parva</strong></span> <span class='ocrx_word' id='word_1_675' title='bbox 2691 4929 2963 4985; x_wconf 87' lang='lat' dir='ltr'><strong>sulcantes</strong></span> <span class='ocrx_word' id='word_1_676' title='bbox 3000 4946 3218 5001; x_wconf 62' lang='lat' dir='ltr'><strong>aequora</strong></span> <span class='ocrx_word' id='word_1_677' title='bbox 3255 4945 3448 5000; x_wconf 89' lang='lat' dir='ltr'><strong>magna</strong></span> 
     </span>
    </p>
   </div>
   <div class='ocr_carea' id='block_1_106' title="bbox 2134 5017 3343 5089">
    <p class='ocr_par' dir='ltr' id='par_1_106' title="bbox 2134 5017 3343 5089">
     <span class='ocr_line' id='line_1_106' title="bbox 2134 5017 3343 5089; baseline 0.001 -16"><span class='ocrx_word' id='word_1_678' title='bbox 2134 5017 2381 5087; x_wconf 80' lang='lat' dir='ltr'><strong>Remigio</strong></span> <span class='ocrx_word' id='word_1_679' title='bbox 2411 5018 2607 5081; x_wconf 90' lang='lat' dir='ltr'><strong>sancti,</strong></span> <span class='ocrx_word' id='word_1_680' title='bbox 2630 5032 2747 5076; x_wconf 86' lang='lat' dir='ltr'><strong>non</strong></span> <span class='ocrx_word' id='word_1_681' title='bbox 2773 5017 2878 5071; x_wconf 87' lang='lat' dir='ltr'><strong>ulla</strong></span> <span class='ocrx_word' id='word_1_682' title='bbox 2907 5019 3143 5088; x_wconf 88' lang='lat' dir='ltr'><strong>pericula</strong></span> <span class='ocrx_word' id='word_1_683' title='bbox 3175 5020 3343 5089; x_wconf 90' lang='lat' dir='ltr'><strong>passi,</strong></span> 
     </span>
    </p>
   </div>
   <div class='ocr_carea' id='block_1_107' title="bbox 2134 5104 3300 5177">
    <p class='ocr_par' dir='ltr' id='par_1_107' title="bbox 2134 5104 3300 5177">
     <span class='ocr_line' id='line_1_107' title="bbox 2134 5104 3300 5177; baseline 0.005 -20"><span class='ocrx_word' id='word_1_684' title='bbox 2134 5104 2482 5175; x_wconf 70' lang='lat' dir='ltr'><strong>Scillaaosque</strong></span> <span class='ocrx_word' id='word_1_685' title='bbox 2509 5121 2674 5162; x_wconf 88' lang='lat' dir='ltr'><strong>canes</strong></span> <span class='ocrx_word' id='word_1_686' title='bbox 2701 5105 2851 5162; x_wconf 79' lang='lat' dir='ltr'><strong>illaesi</strong></span> <span class='ocrx_word' id='word_1_687' title='bbox 2885 5116 3300 5177; x_wconf 85' lang='lat' dir='ltr'><strong>praetereuntes,</strong></span> 
     </span>
    </p>
   </div>
  </div>
