3918 6316
167 301 254 358 185

1643 431 2027 444 m-

1651 289 2036 349 TERALDUS.

3311 277 3413 337 136

2050 430 2177 445 ρ..-

863 581 1716 696 amamur

1846 577 2737 709 EBEMITA.

225 914 369 987 Apud
394 915 698 972 Sanderum
728 915 996 988 (Bibliolh.
1024 934 1175 982 ητις..
1202 926 1323 988 part
1364 932 1379 970 ι
1438 931 1490 986 p.
1526 914 1646 985 115)
1692 915 1753 970 fit
1799 916 2002 972 mentio
2027 915 2242 971 Albuini
2289 914 2565 985 cujusdam
2620 914 2849 977 reclusi.
2898 915 2988 984 qui
3018 915 3212 971 librum
3256 915 3414 970 Heri-

227 997 324 1041 rto.
359 988 508 1041 circa
545 1003 747 1041 annum
785 989 891 1041 999
915 989 1328 1041 archieoiscouo
1356 956 1663 1041 dolouiensi
1711 988 2043 1041 renuntiato.
2078 987 2449 1041 iuscrinserat.
2492 983 2699 1041 Prodiit
2720 996 2927 1040 tantum
2957 986 3179 1041 epistola
3209 1002 3412 1039 nuncu-

166 986 324 1049 berto,
359 988 508 1042 circa
545 986 747 1042 annum
785 989 891 1043 999
915 989 1103 1043 archie
1145 986 1328 1054 iscopo

166 1058 352 1112 notoria
378 1057 533 1112 oneri
555 1060 796 1112 umﬁxa.
827 1059 969 1112 liber
983 1005 1219 1112 neutrum
1248 1058 1328 1112 vid

163 1058 352 1137 patoria
378 1057 533 1128 operi
552 1060 796 1131 praeﬁxa,
827 1059 969 1115 liber
983 1074 1090 1115 nou

162 1139 440 1201 grensmtu.

1399 983 1678 1058 olouiensi
1711 988 2043 1049 renuntiato,
2078 983 2449 1058 inscripserat.
2492 983 2699 1058 Prodiit
2720 983 2927 1040 tantum
2957 986 3179 1058 epistola
3209 1002 3412 1058 nuncu-

1131 1072 1219 1113 um
1248 1058 1384 1121 vidit
1410 1057 1607 1112 lucem.
1639 1056 1831 1111 Exstat
1880 1072 1981 1111 ms.
2023 1059 2076 1110 in
2104 1055 2432 1114 bibliotheca
2470 1056 2865 1112 Canonicorum
2914 1055 3245 1128 regal-arium
3270 1055 3412 1111 Tou-

635 1364 1134 1479 ALBUINI
1211 1360 1794 1454 EPISTOLA
1862 1360 2013 1450 AD
2085 1361 2886 1465 HERIBERTUM

1253 1572 1480 1617 COLONI
1492 1570 1698 1641 ENSEM‘
1742 1571 2287 1621 ARCKIEPISCOPUM
2299 1601 2314 1618 .

337 1718 519 1792 (Apud
549 1718 800 1785 Martem,
826 1718 997 1803 Ampi.
1038 1716 1256 1774 ϐοηθεῖ.
1295 1725 1428 1773 tom.
1460 1717 1501 1785 l,
1537 1731 1601 1771 ex
1635 1732 1738 1773 ms.
1766 1718 1956 1773 codice
1994 1717 2390 1777 Canonicorum
2422 1718 2750 1789 regularium
2797 1718 3241 1793 Torgrensium.)

1544 1878 1952 1897 ψ’.

216 1999 436 2073 1)οωίηο
464 1994 779 2065 ligamento
814 1994 1121 2052 ColonienSt
1162 1996 1416 2075 episcopo
1454 1995 1727 2079 Ateuiuas
1756 1983 1802 2042 Α
1830 1999 2091 2071 poeniteat
2145 2008 2352 2055 tantum
2385 2000 2683 2067 laborasse,
2727 2009 2781 2058 et
2812 2014 2881 2058 ne
2930 2018 3018 2058 me
3076 2012 3415 2083 peccatorem

156 2093 360 2149 eremita
384 2093 637 2164 indignus
664 2090 887 2164 gloriam
913 2101 968 2146 et
997 2107 1185 2162 pacem
1216 2092 1619 2162 sempiternam.

214 2184 285 2240 Ex
315 2199 447 2255 quo,
479 2183 553 2238 mi
584 2181 764 2252 Pater,
817 2181 1205 2240 misericordia:
1260 2192 1454 2239 vestrae
1498 2184 1727 2256 gratiam

153 2277 432 2346 promerui,
455 2291 624 2331 exoro
649 2274 859 2331 Domini
881 2276 1054 2333 nostri
1081 2275 1334 2347 pietatem
1350 2276 1437 2333 die
1460 2287 1729 2348 noctuque

152 2376 205 2421 ut
230 2384 407 2423 secum
441 2383 536 2423 vos
569 2378 689 2438 post
743 2368 883 2433 hanc
927 2368 1094 2439 vitam
1143 2385 1369 2441 regnare
1419 2371 1563 2428 sinat
1610 2371 1729 2428 sine

154 2456 266 2525 ﬁne,
287 2469 342 2515 et
369 2461 623 2516 incensus
649 2461 845 2517 divinis
880 2462 1148 2517 mandatis
1174 2465 1393 2534 possitis
1430 2466 1726 2538 adimplere

152 2546 274 2603 bona
294 2566 414 2621 qua:
429 2550 769 2607 desideratis.
786 2552 952 2621 Igitur
976 2553 1099 2622 quia
1117 2554 1262 2624 pium
1283 2554 1519 2610 studium
1541 2571 1728 2613 sacras

155 2639 446 2710 Scripturas
474 2640 685 2697 habetis
708 2642 917 2707 audire,
947 2643 1086 2699 sicut
1119 2644 1249 2698 mihi
1278 2644 1495 2712 indigno
1524 2660 1726 2714 praece-

154 2732 311 2801 pistis,
328 2732 629 2788 desideravi
655 2733 892 2789 scribere
916 2733 1101 2802 pietati
1122 2744 1315 2789 vestrm
1338 2735 1512 2806 aliqua
1534 2750 1721 2791 exem-

152 2824 224 2892 pla
251 2840 363 2894 quae
393 2825 445 2879 in
477 2824 629 2879 libris
656 2825 850 2880 divinis
891 2824 1114 2896 legendo
1142 2826 1258 2883 haec
1307 2828 1486 2882 omnia
1523 2828 1723 2898 scripta

151 2914 364 2969 invenio.
390 2914 445 2970 Si
467 2923 663 2980 tamen,
688 2915 796 2970 Deo
816 2917 1182 2986 omnipotente
1194 2918 1502 2986 adjuvante,
1520 2921 1722 2990 aliquid

152 3004 393 3071 prolicere
424 3015 625 3075 posset,
676 3006 857 3060 omnia
913 3022 1033 3075 qua}
1064 3007 1115 3062 in
1147 3010 1250 3064 hoc
1297 3009 1476 3065 libello
1520 3012 1721 3081 scripta

153 3092 325 3163 habeo,
350 3112 457 3151 non
484 3098 703 3167 prOprio
733 3113 891 3154 sensu
925 3099 1087 3171 lingu,
1143 3101 1227 3156 vel
1277 3104 1526 3173 excogito
1576 3106 1719 3177 quod

153 3187 277 3255 dico,
306 3192 397 3246 sed
421 3194 489 3247 de
508 3193 709 3247 sanctis
728 3182 980 3250 Patribus
1006 3194 1302 3252 coadunata
1336 3198 1561 3255 retineo.
1591 3199 1721 3256 Siue

154 3276 299 3333 dubio
329 3280 417 3350 qui
446 3295 509 3335 ea
556 3280 745 3337 fecerit
797 3283 1002 3339 videbit
1029 3284 1209 3341 lumen
1248 3296 1530 3355 aeternum,
1574 3299 1632 3346 et
1659 3291 1712 3348 in

151 3367 229 3421 tali
250 3370 608 3428 admonitione
633 3388 793 3429 nemo
820 3391 905 3431 me
933 3376 1229 3447 despiciat;
1255 3379 1380 3450 quia
1398 3381 1499 3436 etsi
1531 3381 1701 3454 indig-

150 3472 240 3514 nus
257 3476 369 3515 sum
392 3460 516 3516 talia
547 3464 872 3527 ministrare,
905 3481 1032 3523 vera
1065 3475 1245 3523 tamen
1273 3479 1545 3541 suntquae
1563 3472 1732 3538 dico,’

151 3555 199 3600 et
230 3548 345 3603 dum
364 3554 571 3608 otiosus
598 3568 758 3609 nemo
782 3563 929 3610 stare
950 3555 1128 3624 debet,
1159 3573 1258 3628 per
1286 3560 1390 3616 ista
1412 3561 1481 3615 de
1510 3561 1710 3618 virtute

151 3633 200 3692 in
229 3640 471 3698 virtutem
495 3644 741 3699 ascendit
794 3646 859 3700 ad
898 3644 1047 3701 illum
1104 3648 1195 3718 qui
1237 3649 1374 3704 vivit
1426 3650 1480 3704 in
1516 3652 1709 3707 saecula

1829 2092 2100 2161 spernatis
2126 2092 2178 2147 in
2201 2093 2447 2147 oratione
2465 2103 2666 2160 vestra,
2698 2102 2756 2149 ut
2796 2108 2891 2150 vos
2922 2110 3027 2149 non
3059 2104 3279 2165 spernat
3323 2096 3414 2164 qui

1828 2196 1950 2239 cum
1979 2180 2139 2237 Patre
2168 2190 2221 2237 et
2241 2190 2431 2239 sancto
2454 2182 2660 2252 Spiritu
2688 2195 2876 2254 regnat
2908 2186 2960 2240 in
2985 2200 3061 2242 se.
3090 2187 3280 2241 Amen.
3306 2183 3415 2242 Pro

1828 2282 1976 2328 certo
2004 2274 2196 2329 scitote
2223 2289 2414 2329 omnes
2450 2275 2592 2353 quod
2633 2277 2811 2331 nullus
2856 2276 3068 2331 libellus
3107 2277 3269 2332 citius
3316 2292 3415 2333 vos

1826 2364 2053 2427 deducet
2078 2365 2145 2418 ad
2173 2364 2424 2420 cmlestes
2458 2366 2740 2431 thesauros
2769 2384 2930 2439 quam
2965 2369 3088 2435 iste,
3141 2368 3187 2423 si
3219 2370 3414 2438 saepius

1827 2471 1948 2509 eum
1975 2455 2175 2515 curetis
2206 2456 2469 2511 recitare-
2488 2456 2612 2512 Scio
2635 2473 2740 2512 non
2772 2458 2998 2514 multum
3025 2474 3146 2514 esse
3174 2460 3411 2523 beatum,

1826 2548 1915 2616 qui
1948 2564 2006 2603 se
2058 2547 2396 2605 solummodo
2431 2549 2624 2619 salvat,
2676 2549 2905 2606 Domino
2951 2550 3262 2617 adjuvante,
3319 2553 3412 2607 sed

1826 2636 2037 2692 felicior
2064 2640 2267 2707 estqui
2327 2640 2599 2694 desiderat
2657 2641 2791 2696 alios
2851 2642 3068 2696 trahere
3110 2657 3292 2697 secum
3345 2644 3412 2698 ad

1826 2742 2057 2799 regnum
2099 2731 2339 2785 ccelcste.
2358 2732 2718 2800 Quapropter,
2749 2749 2782 2787 ο
2805 2733 2986 2796 homo,
3020 2748 3212 2794 moneo
3264 2742 3411 2788 tuam

1824 2821 2143 2891 charilatem
2182 2824 2488 2891 quicunque
2529 2823 2725 2892 legeris
2756 2824 2897 2878 hanc
2950 2823 3297 2894 scripturam,
3354 2834 3409 2877 ut

1822 2913 2096 2984 compleas
2146 2931 2241 2970 ore
2288 2914 2547 2986 perfecto,
2597 2925 2651 2969 et
2697 2916 2818 2971 aliis
2866 2916 3062 2970 bonum
3108 2916 3408 2985 exemplain

1825 3015 2125 3072 monstres,
2150 3015 2209 3061 ut
2232 3006 2300 3063 de
2328 3016 2420 3061 tuo
2447 3018 2503 3062 et
2532 3007 2763 3063 aliorum
2794 3007 2976 3064 labore
3004 3009 3267 3063 merearis
3286 3023 3408 3078 perv

1823 3100 2017 3169 cipere‘
2033 3115 2063 3154 a
2087 3100 2198 3156 Deo
2219 3101 2733 3157 remunerationem.
2764 3101 2939 3157 Mente
2964 3102 3176 3158 curiosa
3197 3117 3409 3171 semper

1822 3194 2016 3265 cogita,
2042 3207 2111 3249 ne
2137 3192 2252 3248 btcc
2282 3191 2472 3258 facias,
2501 3202 2562 3247 ut
2589 3191 2832 3248 Creatori
2864 3194 3174 3264 displiceas,
3203 3193 3329 3263 quia
3359 3193 3408 3248 si

1824 3286 1875 3343 in
1902 3286 2044 3343 bono
2073 3286 2525 3357 perseveraveris,
2557 3286 2779 3340 donabit
2807 3286 2900 3343 tibi
2926 3286 3069 3357 quod
3088 3284 3276 3340 oculus
3302 3298 3408 3338 non

1816 3378 1970 3446 vidit,
2000 3393 2101 3433 nec
2120 3376 2270 3434 auris
2296 3376 2521 3443 audivit,
2548 3376 2638 3433 ubi
2670 3378 2822 3433 multi
2858 3386 3170 3433 sanctorum
3193 3375 3407 3447 requie-

1817 3481 1994 3529 scunt.
2572 3514 2582 3518 ~

1889 3564 2023 3618 Cum
2061 3563 2226 3635 igitur
2254 3562 2320 3618 de
2368 3560 2616 3631 plurimis
2673 3559 2966 3614 virtutibus
3008 3565 3061 3613 te
3103 3557 3407 3613 desiderem

1822 3652 2132 3717 admonere,
2174 3652 2229 3706 in
2265 3648 2459 3721 primis
2505 3649 2661 3718 cupio
2712 3659 2772 3703 ut
2824 3648 3101 3718 virtutem.
3127 3645 3408 3702 charitatis

152 3731 466 3788 seculorum.
496 3734 688 3790 Amen.
721 3734 777 3791 Si
806 3744 983 3792 tamen
1012 3738 1211 3807 placet,
1242 3739 1403 3799 Pater
1424 3750 1631 3811 sancte,
1660 3752 1715 3799 et
1813 3745 1984 3802 Caute
2010 3745 2191 3800 omnia
2221 3744 2440 3799 studeas
2473 3743 2697 3806 habere,
2726 3752 2834 3796 etc.

154 3818 192 3871 si
221 3819 405 3876 bonum
433 3822 527 3877 tibi
560 3824 794 3892 videtur,
816 3829 1014 3898 sapius
1046 3827 1132 3885 fac
1163 3831 1415 3893 rescribi,
1464 3831 1577 3905 [ne]
1631 3847 1716 3888 me

171 4014 508 4039 ἢ,

557 4027 895 4042 0*

1283 4152 2295 4276 TEBALDUS.
2394 4114 2403 4117 ⁷

673 4492 1259 4588 EPISTOLA
1327 4492 1843 4584 TERALDI
1919 4492 2069 4591 AD
2142 4490 2828 4587 GUIDONEM.

395 4688 526 4750 Cur
556 4691 622 4753 in
647 4689 1103 4771 festivitatibus
1132 4688 1245 4751 SS.
1281 4684 1474 4748 Pauli
1502 4691 1558 4746 et
1606 4684 1932 4750 Laurentii
1959 4683 2257 4749 versiculi
2288 4683 2654 4766 antiphom's
2698 4686 3125 4746 innectuntur.

1049 4857 1227 4930 (Apud
1260 4855 1485 4913 Marten.
1528 4857 1616 4911 ubi
1649 4873 1833 4927 supra,
1865 4871 1933 4913 ex
1964 4870 2066 4910 ms.
2108 4851 2488 4925 Floriacensi.)

1534 5023 1951 5039 Ἤ

207 5141 276 5211 (1)
305 5144 582 5201 Τεωιυυε
607 5144 836 5201 Gatnoxt
865 5143 1017 5199 fratri
1062 5145 1311 5202 salutem.

208 5232 552 5300 Quaestionem
590 5248 658 5289 ex
684 5233 860 5291 ollicio
901 5236 1258 5292 solemnitatis
1280 5237 1431 5292 Pauli
1480 5238 1707 5309 apostoli

149 5331 287 5394 atque
314 5327 587 5383 Laurentii
613 5329 870 5400 martyris
900 5342 1068 5399 quare
1092 5328 1298 5385 scilicet
1316 5345 1436 5385 cum
1460 5332 1708 5401 autipho-

150 5413 219 5470 nis
242 5420 480 5476 versiculi
508 5428 876 5486 necterentur,
907 5434 1070 5491 quam
1116 5420 1246 5476 mihi
1299 5437 1328 5475 a
1378 5428 1431 5476 te
1482 5421 1702 5477 memini

207 5548 275 5631 (1)
301 5551 429 5631 Quis
458 5554 552 5631 _sit
598 5554 858 5631 Teraldns
905 5555 1004 5631 _q_ui
1057 5556 1341 5631 epistolam
1387 5566 1703 5631 sequentem

154 5622 356 5696 scripsit,
382 5624 501 5696 quis
529 5634 788 5695 praeterea
817 5622 992 5696 Guido
1004 5622 1371 5696 cui'inscripta
1401 5622 1502 5686 est.
1527 5628 1704 5682 incer-

155 5690 266 5743 tum.
291 5690 451 5750 Ambo
474 5690 616 5751 forte
663 5695 914 5751 monachi
962 5690 1698 5763 monasterii'Floriacensis,

1817 5159 1942 5205 ante
1969 5163 2166 5204 annum
2188 5146 2539 5219 propositam,
2561 5145 2674 5217 jam
2695 5160 2859 5212 nunc,
2881 5151 3041 5217 prout
3059 5149 3244 5198 auctor
3267 5156 3393 5197 sen-

1815 5256 1906 5297 sus
1936 5240 2144 5296 dederit
2167 5239 2447 5306 Dominus,
2475 5239 2726 5294 cliaritati
2775 5248 2878 5293 tua:
2917 5235 3226 5308 persolvens
3272 5234 3394 5289 red-

1813 5332 1958 5386 dam.
1992 5329 2278 5387 Sciendum
2303 5330 2481 5399 itaque
2508 5328 2651 5401 quod
2685 5343 2872 5384 omnes
2895 5324 3077 5381 sancti.
3102 5325 3191 5394 qui
3219 5323 3394 5380 omni-

1813 5423 2018 5494 potenti
2047 5422 2156 5477 Deo
2190 5422 2369 5478 devoti
2424 5422 2768 5485 exstiterunt,
2815 5427 2907 5472 aut
2933 5432 3054 5472 cum
3104 5415 3218 5470 sola
3263 5415 3388 5480 fide,

1811 5574 1877 5613 ex
1896 5557 2064 5631 cujus
2091 5558 2415 5616 bibliotheca
2447 5558 2595 5613 curis
2642 5557 2702 5611 Ι).
2744 5555 2992 5612 Martenii
3036 5554 3236 5626 prodiit
3271 5555 3387 5626 epi—

1810 5629 1944 5686 stola
1974 5629 2067 5688 Seu
2088 5631 2403 5701 opusculum
2431 5642 2680 5698 sequens.
