3918 6316
514 276 618 335 187

793 272 1087 331 APPEND.
1124 272 1219 328 AD
1261 270 1433 328 SEC.
1462 269 1630 343 X.|——
1652 266 2025 325 AUCTOBES
2072 267 2233 324 ΔΝΜ
2270 266 3022 326 lCERTl.—AMBLARDUS
3056 268 3212 342 ABB._
3269 267 3469 341 SOLL.
3674 274 3760 331 l88

513 400 611 453 aut
631 397 777 446 certe
808 388 911 445 ﬁde
937 387 1097 446 simul
1146 394 1202 441 et
1246 385 1498 456 operibus
1549 383 1849 440 coluerunt.
1899 380 2098 437 Verum
2128 367 2175 427 Α
2204 398 2451 439 asserens
2470 384 2864 455 sepanperibus
2882 394 2938 441 et
2958 364 3358 456 egenisibidem
3375 385 3763 447 consistentibus

512 481 696 550 plures
736 478 840 534 ﬁde
887 477 1278 542 tantummodo,
1344 490 1446 529 non
1498 474 1759 528 habentes
1807 472 1981 538 locum
2019 470 2105 525 vel

516 580 731 642 tempus
778 570 1057 641 operandi,
1106 568 1156 624 ei
1200 568 1540 639 placuerunt,
1597 580 1660 620 ac
1712 562 2102 635 professionem

515 661 752 716 nominis
782 660 900 729 ejus
934 660 1078 730 passi
1103 669 1249 713 sunt.
1278 659 1357 713 Ex
1386 657 1641 725 operibus
1671 665 1849 711 autem
1900 658 2106 726 absque

517 752 623 806 ﬁde
650 766 809 806 nemo
841 752 889 805 ei
920 766 1156 820 unquam
1184 761 1277 808 aut
1304 749 1516 818 placere
1554 747 1727 817 potuit
1753 756 1845 801 aut
1882 746 2105 817 poterit,

517 853 573 899 et
604 852 660 898 ut
684 843 859 914 aptius
881 841 1156 897 enuntiem
1182 842 1322 909 quod
1349 841 1487 904 dico,
1515 840 1631 894 haec
1660 847 1742 894 est
1770 839 1857 893 illa
1881 838 2107 909 geminae

517 933 946 997 conversationis
997 931 1275 998 discretio,
1325 946 1485 1002 quam
1536 929 2009 999 contemplativam
2055 935 2110 985 et

517 1025 748 1079 activam
774 1031 1088 1092 nuncupant
1106 1023 1297 1078 vitam.
1337 1022 1417 1077 Ad
1444 1022 1586 1085 hanc
1627 1036 1843 1092 quoque
1880 1020 2109 1077 distinc-

518 1118 719 1181 tionem
742 1118 1016 1188 pertinent
1040 1119 1146 1173 duo
1184 1133 1305 1188 quae
1332 1117 1384 1171 in
1415 1116 1679 1172 Psalterio
1710 1118 1906 1173 crebro
1954 1132 2108 1173 com-

517 1217 912 1279 memorantur,
955 1208 1223 1263 canticum
1272 1207 1524 1262 videlicet
1575 1216 1631 1263 et
1675 1208 1934 1279 psalmus.
1978 1207 2114 1262 Nam

518 1296 810 1362 canticum,
840 1297 980 1367 quod
1007 1310 1073 1352 ex
1115 1296 1468 1368 intelligentia
1518 1295 1630 1352 sola
1664 1297 1814 1353 vocis
1862 1297 2116 1353 humanae

517 1379 795 1455 profertur
821 1388 1133 1453 emissione,
1165 1389 1230 1441 ad
1264 1387 1541 1443 interioris
1564 1388 1803 1443 hominis
1826 1388 2111 1444 scientiam

519 1482 578 1529 et
601 1475 723 1531 ﬁdei
759 1476 996 1544 pertinet
1020 1476 1335 1542 veritatem;
1375 1477 1613 1549 psalmus
1635 1492 1784 1542 vero,
1812 1479 1903 1546 qui
1957 1478 2111 1533 adbi-

519 1562 633 1617 bito
655 1563 919 1618 materiali
940 1579 1147 1636 organo
1171 1576 1534 1621 consonanter
1553 1566 1849 1638 peragitur,
1875 1568 2118 1622 ad'exte-

516 1654 667 1709 riora
698 1664 753 1710 et
780 1656 1079 1726 corporalia
1109 1655 1343 1712 refertur
1363 1672 1562 1727 opera:
1604 1657 1658 1711 in
1708 1657 1902 1727 quibus
1948 1658 2107 1712 nimi-

523 1759 642 1797 rum
676 1725 898 1812 justitiae
924 1745 1199 1815 operibus,
1248 1725 1498 1801 maxima:
1519 1725 1743 1816 justitiae
1778 1762 1933 1817 opus,
1967 1749 2108 1816 quod
2142 1725 2187 1784 Β

522 1832 713 1890 Graeco
742 1836 1005 1891 vocabulo
1045 1836 1425 1907 eleemosynam
1464 1837 1754 1908 appellant,
1783 1840 2013 1893 eminet:
2052 1848 2106 1894 et

521 1940 621 1997 vas
651 1926 933 1982 electionis
967 1927 1166 1983 Paulus
1193 1927 1466 1996 apostolus
1486 1937 1538 1981 et
1578 1929 1834 1998 magister
1870 1930 2109 2000 gentium

523 2031 647 2071 cum
668 2016 773 2071 ﬁde
790 2025 934 2072 esset
972 2016 1703 2087 ﬁrmissimus,doctrinaque
1735 2018 2000 2088 perfusus,
2036 2028 2118 2074 at-

522 2122 630 2178 que
659 2109 841 2164 divino
863 2126 1045 2164 amore
1069 2118 1180 2166 toto
1203 2109 1455 2182 ﬂagraret
1479 2112 1679 2178 animo,
1703 2112 1844 2182 quod
1869 2113 2119 2169 omnibus

522 2218 810 2281 commune
839 2214 920 2259 est
948 2205 1178 2271 sanctis;
1221 2213 1275 2259 et
1296 2204 1408 2275 jam
1440 2205 1826 2262 misericordiae
1855 2209 2112 2277 operibus

526 2292 1019 2362 incomparabiliter
1061 2293 1279 2349 sedulus
1343 2292 1661 2367 insudabat;
1719 2298 1861 2366 quod
1935 2305 2117 2353 textus

524 2380 887 2452 Epistolarum
937 2382 1145 2450 edocet,
1199 2383 1286 2437 ubi
1339 2384 1629 2457 discipulos
1675 2385 1788 2440 sive
1839 2386 2118 2441 auditores

525 2488 653 2547 suos
673 2475 866 2544 sapius
880 2474 944 2528 ad
965 2474 1358 2547 eleemosynam
1372 2477 1709 2541 exhortatur,
1728 2476 2117 2547 collectamque

526 2566 874 2631 pecuniarum
896 2582 1058 2638 quam
1078 2565 1466 2641 Jcrosolymam
1490 2569 1720 2638 deferat,
1735 2569 1890 2640 jubet
1916 2569 2118 2639 facere,

2208 473 2551 529 ministrandi
2581 473 2813 529 olIicium
2839 477 3161 547 suscepisse.
3188 475 3299 546 Nec
3327 490 3443 550 non,
3473 486 3525 530 et
3551 474 3763 546 Lauren-

2207 566 2316 621 tius
2352 565 2607 622 Romanae
2640 567 2898 624 Ecclesiae
2941 570 3377 636 archidiaconus,
3420 585 3541 626 cum
3578 580 3633 628 ot
3669 573 3765 643 ipse

2206 669 2352 714 esset
2374 659 2476 714 ﬁde
2505 660 2734 726 stabilis,
2762 661 2985 716 scientia
3031 661 3309 731 providus,
3328 661 3764 734 eleemosynarum

2207 750 2441 822 largitati
2467 751 2715 808 hilariter
2738 753 2972 820 instans,
3000 754 3289 809 thesauros
3325 753 3563 824 ejusdem
3611 757 3769 815 Eccle-

2209 841 2302 897 siae
2316 842 2419 899 sibi
2443 842 2778 908 commissos,
2804 853 2861 897 ut
2881 854 3029 914 gesta
3057 844 3328 915 passionis
3348 843 3466 913 ejus
3489 845 3768 914 loquuntur,

2211 931 2537 988 ﬁducialiter
2562 934 2808 1004 erogavit
2840 935 3195 1005 pauperibus:
3219 934 3366 992 unde
3387 943 3443 990 et
3463 935 3773 994 solemnitate

2212 1023 2383 1093 ipsius
2405 1022 2559 1078 lectio
2590 1022 2784 1095 legitur
2810 1024 3101 1094 apostolica
3135 1041 3257 1095 qua:
3288 1033 3399 1081 tota
3451 1025 3503 1080 in
3550 1026 3774 1082 exhorta-

2216 1114 2364 1169 tione
2380 1114 2494 1170 sive
2523 1114 2681 1170 laude
2706 1115 3059 1188 eleemosynae
3085 1116 3341 1173 facientis
3366 1119 3661 1188 conscripta
3683 1129 3771 1189 est,

2215 1213 2376 1274 atque
2411 1204 2477 1259 ad
2503 1204 2745 1261 eamdem
2772 1205 3095 1274 pertinentia
3135 1221 3356 1262 causam
3400 1205 3507 1262 alia
3552 1209 3773 1263 nonnulla

2215 1293 2344 1348 huic
2368 1291 2541 1349 oﬂicio
2570 1293 2904 1369 inseruntur.
2965 1293 3089 1350 Βίης
3135 1294 3302 1364 igitur
3350 1294 3458 1350 duo
3503 1310 3619 1364 quae
3661 1296 3773 1362 dixi,

2217 1386 2493 1443 canticum
2544 1385 2796 1440 videlicet
2830 1401 2895 1440 ac
2940 1387 3202 1456 psalmus,
3256 1388 3566 1458 pariterque
3606 1387 3776 1459 ﬁguras

2218 1492 2405 1532 eorum
2432 1493 2567 1548 quas
2585 1477 2793 1548 praefati
2816 1493 3027 1545 sumus,
3051 1478 3225 1534 sancti
3269 1478 3459 1534 Patres
3503 1478 3774 1534 divinorum

2219 1568 2519 1641 oﬁiciorum
2551 1570 2894 1623 ordinatores
2924 1568 3234 1638 signiﬁcare
3258 1568 3522 1632 volentes,
3550 1566 3601 1622 in
3643 1567 3777 1636 hujus

2220 1660 2503 1730 utriusque
2531 1661 2701 1715 sancti
2742 1658 3035 1716 festivitate
3079 1676 3201 1714 cum
3252 1659 3564 1729 antiphonis
3611 1659 3777 1714 decan-

2218 1753 2394 1807 tandis
2441 1760 2748 1808 statuerunt
2773 1751 3039 1806 versiculo
3068 1750 3347 1807 recitanda
3372 1768 3385 1804 :
3418 1760 3674 1820 quatenus
3696 1765 3775 1820 per

2218 1844 2333 1898 hmc
2367 1851 2422 1897 et
2441 1843 2726 1898 sinceritas
2768 1842 2887 1897 ﬁdei
2918 1857 3106 1898 eorum
3140 1842 3191 1896 in
3219 1842 3331 1897 Deo
3351 1848 3408 1896 et
3428 1840 3776 1896 misericordia:

2218 1946 2381 2002 opera
2419 1932 2472 1988 in
2499 1931 2764 2002 proximis
2816 1938 3275 1997 monstrarentur,
3305 1939 3365 1984 ut
3387 1929 3664 2000 antiphona
3681 1928 3775 1983 loco

2221 2022 2442 2088 cantici,
2487 2038 2586 2093 per
2619 2021 2785 2092 quod,
2840 2031 2899 2075 ut
2943 2021 3146 2076 dictum
3204 2030 3307 2087 est,
3350 2019 3563 2075 devotio
3612 2016 3776 2079 mentis

2220 2113 2563 2184 exprimitur,
2582 2122 2858 2168 resonaret
2881 2130 2895 2178 ;
2922 2112 3172 2168 versiculi
3199 2124 3332 2166 vero
3347 2120 3597 2180 tanquam
3614 2106 3773 2178 psalm.’

2222 2206 2602 2269 recitarentur,
2642 2219 2747 2272 quo
2773 2219 2928 2273 :eque
2949 2204 3192 2259 exterior
3217 2202 3383 2268 actio,
3412 2217 3475 2257 ac
3496 2200 3773 2256 misericor-

2221 2296 2323 2352 diae
2345 2312 2530 2367 opera,
2552 2310 2674 2365 qua:
2700 2294 3096 2350 studiosissime
3116 2294 3171 2349 hi
3196 2292 3304 2349 duo
3332 2292 3504 2347 sancti
3523 2307 3628 2363 pra:
3646 2298 3777 2346 caele-

2224 2386 2302 2441 ris
2343 2393 2719 2452 exercuerant,
2770 2386 3196 2458 insinuarentur.
3252 2382 3389 2441 Vale
3446 2382 3499 2438 in
3559 2382 3773 2445 Domino,

2222 2476 2558 2531 charissima.

536 2704 3749 2742 W

1514 2988 1518 2993 ,
1600 2767 2808 2975 AMBLAnnuS

1818 3077 1983 3140 areas
2018 3074 2519 3133 soLLelnucmtsts.

1099 3235 1700 3334 AMBLARDI
1774 3231 2360 3329 EPISTOLA
2428 3232 2577 3321 AD
2658 3228 3249 3334 HERVEUM

1696 3425 2095 3489 Canonicum
2139 3426 2610 3488 Turonensem.

1254 3588 1463 3654 Mittit
1496 3587 1581 3649 ad
1609 3605 1744 3649 eum
1774 3585 2004 3649 librum
2045 3583 2118 3647 de
2156 3584 2299 3649 Vita
2324 3585 2528 3647 sancti
2552 3583 2753 3663 Eligit
2779 3584 3082 3662 episcopi.

1363 3704 1571 3826 '(Apud
1608 3751 1846 3829 Mabill.,_
1870 3749 2066 3807 Annal.
2102 3749 2296 3824 Beued.
2329 3757 2458 3823 tom.
2483 3746 2574 3817 IV,
2604 3763 2726 3819 pag.
2765 3745 2917 3814 155.)

608 4030 1136 4124 Praecellentissimo,
1178 4058 1397 4126 Deoque
1447 4056 1690 4122 amabili,
1738 4070 1804 4110 ac
1856 4055 2124 4124 bonorum
2153 4038 2197 4101 C
2228 4054 2382 4110 miris
2411 4056 2598 4126 augeri
2625 4054 2948 4122 virtutibus;
2987 4067 3088 4124 pro
3113 4067 3221 4124 quo
3266 4053 3502 4125 petimus
3527 4048 3778 4107 ut'memo-

537 4166 765 4220 operum
821 4149 1107 4221 insigniter
1163 4151 1426 4204 adornato
1476 4148 1694 4203 domino
1756 4161 1877 4204 meo
1913 4147 2122 4213 Anveo,

534 4242 866 4301 humillimus
894 4242 1132 4298 omnium
1156 4239 1479 4296 ΑιιιιΑιωυε
1502 4240 1667 4295 abbas
1681 4247 1982 4308 cunctaque
2004 4254 2128 4292 con-

537 4332 784 4405 gregatio
812 4331 945 4386 mibi
970 4329 1211 4398 subjecta
1262 4329 1738 4405 Sollemniacensis
1782 4329 2120 4405 monasterii,

535 4432 853 4498 perpetuam
880 4424 931 4478 in
959 4422 1176 4479 Christo
1202 4423 1451 4478 salutem.
2106 4414 2115 4422 “

608 4516 809 4573 Mentio
858 4531 1013 4572 sacra
1068 4516 1230 4570 vestri
1283 4515 1363 4570 sic
1403 4524 1588 4571 nostro
1631 4528 1845 4585 semper
1885 4514 2126 4579 adhzeret

534 4609 765 4679 pectori,
816 4618 876 4663 ut
921 4607 1066 4662 nulla
1106 4606 1516 4677 perturbatione
1559 4608 1738 4663 saeculi
1784 4622 2123 4678 nequaquam

538 4698 714 4769 possit
738 4698 900 4754 elabi.
935 4698 1194 4764 Quamvis
1248 4698 1393 4754 enim
1450 4698 1593 4754 inter
1653 4699 1896 4754 turbines
1942 4697 2124 4754 saeculi

536 4789 708 4844 simus
742 4790 927 4858 positi,
960 4798 1141 4845 tamen
1177 4789 1233 4845 in
1260 4789 1596 4846 orationibus
1627 4791 1847 4854 nostris,
1874 4790 1985 4845 Deo
2014 4787 2124 4841 lar-

537 4878 737 4948 gicate,
760 4878 813 4933 in
834 4888 1097 4949 quantum
1123 4895 1426 4950 possumus,
1449 4896 1718 4935 memores
1732 4896 1920 4935 sumus
1933 4880 2122 4934 vestri.

538 4967 798 5023 Novimus
828 4970 995 5037 enim,
1043 4970 1111 5024 ab
1161 4970 1293 5041 ipsis
1335 4986 1474 5042 pene
1522 4970 1804 5026 cunabulis
1843 4984 1940 5025 vos
1988 4971 2124 5025 nihil

538 5057 686 5112 aliud
721 5074 954 5123 amasse,
981 5068 1178 5129 praeter
1204 5062 1313 5116 Deo
1340 5062 1543 5117 vivere.
1579 5060 1759 5116 Vestri
1796 5069 1976 5115 autem
2022 5061 2125 5117 sub

539 5140 802 5204 ditionem
852 5149 1059 5220 positus
1107 5143 1326 5224 agnovi,
1375 5152 1689 5222 diligentius
1744 5166 1843 5207 vos
1883 5152 2122 5221 quotidie

2229 4160 2319 4202 res
2339 4145 2458 4201 sitis
2481 4145 2655 4202 nostri
2683 4146 2739 4202 in
2758 4144 3095 4201 orationibus
3115 4144 3334 4201 vestris.
3351 4142 3529 4199 Vitam
3553 4133 3773 4196 beatissi-

2228 4238 2302 4292 mi
2326 4236 2482 4309 Eligii
2525 4236 2853 4293 confessoris
2882 4244 3046 4306 atque
3071 4235 3336 4306 episcopi,
3367 4247 3529 4304 quam
3553 4227 3734 4284 dudum
3752 4235 3774 4273 a

2226 4330 2382 4386 nobis
2409 4328 2750 4400 poposcistis,
2779 4328 3147 4399 expressimus
3174 4336 3237 4382 ut
3265 4328 3558 4399 potuimus,
3579 4335 3658 4385 ac,
3686 4317 3777 4372 Deo

2224 4422 2462 4489 volente,
2508 4429 2702 4478 vestrae
2731 4420 3037 4491 przesentiae
3056 4420 3466 4476 destinavimus.
3518 4413 3779 4468 Precamur

2226 4516 2412 4589 itaque
2450 4530 2569 4583 vos,
2598 4513 3045 4571 reverentissime
3071 4510 3255 4576 Pater,
3283 4519 3345 4565 ut
3368 4523 3489 4565 cum
3510 4502 3656 4560 avide
3675 4509 3775 4553 eam

2227 4607 2588 4679 sumpseritis,
2638 4621 2703 4661 ac
2740 4607 2880 4661 bene
2912 4618 3031 4658 eam
3067 4602 3328 4657 memoria
3379 4591 3778 4656 commendatam

2227 4695 2553 4762 habueritis,
2602 4697 2767 4753 etiam
2826 4693 3093 4750 Rotberto
3115 4694 3230 4765 regi
3275 4688 3591 4752 ostendatis,
3634 4691 3687 4735 ut
3722 4687 3775 4731 ex

2225 4799 2290 4839 ea
2342 4794 2633 4856 cognoscat
2674 4794 2875 4856 quanta
2948 4782 3319 4838 familiaritate
3373 4796 3437 4836 ac
3482 4770 3778 4845 benignitate

2228 4875 2417 4931 Dcirca
2447 4876 2622 4946 locum
2662 4882 2915 4931 nostrum
2929 4873 3345 4935 sollicitudinem
3377 4869 3572 4926 habere
3592 4862 3773 4917 debeat.

2225 4965 2358 5020 Cum
2380 4966 2527 5020 enim
2553 4981 2654 5035 ego
2683 4965 2824 5035 apud
2848 4979 2945 5021 vos
2974 4965 3299 5030 habitarem,
3331 4979 3395 5018 ac
3429 4974 3546 5014 eum
3569 4953 3653 5011 illo
3689 4948 3776 5048 fre:

2225 5065 2454 5136 quenter
2481 5056 2695 5113 locutus
2722 5055 2970 5125 fuissem,
2996 5056 3111 5127 ipse
3131 5058 3267 5113 mihi
3306 5053 3512 5127 rogavit
3552 5057 3607 5105 ut
3631 5056 3718 5115 ego
3734 5052 3774 5092 ει

2223 5164 2345 5204 eam
2368 5150 2570 5205 habere
2598 5148 2853 5205 facerem.

1790 5470 2575 5506 ψ-
