3918 6316
135 309 232 368 189

443 314 727 372 APPEND.
759 315 850 371 AD
883 315 1058 372 SrEC.
1090 315 1156 368 Χ.
1176 345 1243 356 -
1265 309 1493 368 OPERA
1528 320 1909 388 ursuorrss.
1938 348 2008 357 ——
2036 319 2122 376 DE
2159 325 2368 383 FUND.
2403 326 2462 384 S.
2490 329 2841 403 ARNULPHI
2861 332 3028 388 κεῖ.

1183 474 2422 713 saeviri

2633 461 2878 475 —_

1050 801 1476 907 OPERA
1549 800 2474 934 ΑΔΕΣΠΟΤΙΚΑς

1169 1061 1350 1203 DE
1435 1062 2356 1188 FUNDATIONE

439 1227 1185 1320 MONASTERII
1263 1229 1675 1323 SANCTI
1749 1235 2370 1330 ARNULPHI
2446 1243 3076 1339 METENSIS.

874 1383 1049 1454 (Apud
1081 1384 1142 1438 D.
1179 1385 1405 1452 Calmet,
1436 1384 1670 1439 Histoire
1702 1386 1766 1440 de
1809 1384 2084 1456 Lorraine,
2117 1388 2372 1460 Preuves,
2411 1410 2466 1465 p.
2500 1394 2652 1466 545.)

200 1563 462 1634 Quoniam
492 1565 711 1636 quidem
736 1581 923 1621 eorum
951 1567 1267 1622 memoriam
1293 1576 1602 1622 summatim
1628 1576 1712 1621 at-
1740 1550 1797 1609 Α

147 1662 331 1732 tingere
359 1661 647 1731 cupimus,
674 1677 902 1731 quorum
939 1663 1265 1732 patrimonio
1291 1661 1516 1718 ecclesia
1545 1661 1719 1716 sancti

145 1752 427 1822 Arnulphi,
462 1769 586 1823 quae
612 1754 850 1824 antiquis
885 1755 1217 1823 temporibus
1254 1754 1484 1809 ecclesia
1517 1754 1721 1809 sancti-

144 1861 247 1902 rum
293 1847 665 1916 apostolorum
714 1849 1113 1913 nominabatur,
1153 1845 1337 1918 usque
1364 1849 1521 1904 modo
1560 1847 1719 1903 reﬂo-

143 1934 257 1999 ruit,
301 1951 609 2006 congruum
663 1937 875 1996 videtur
904 1937 1092 2008 paucis
1135 1936 1338 1992 referre
1373 1935 1526 2005 cujus
1558 1938 1718 1991 indu-

145 2027 260 2082 stria
301 2028 620 2084 sanctitatis
664 2028 896 2098 primum
934 2029 1023 2084 hic
1062 2044 1212 2084 aram
1252 2030 1515 2100 posuerit.
1558 2029 1712 2084 Anti-

144 2132 349 2187 quorum
391 2119 633 2189 denique
668 2121 863 2175 relatio
901 2120 1003 2174 sibi
1048 2120 1453 2177 succedentium
1497 2118 1720 2174 tradidit

144 2209 451 2279 posteritati,
497 2211 644 2281 quod
685 2209 876 2266 beatus
907 2211 1126 2268 Patiens
1169 2210 1367 2281 prtesul
1396 2209 1713 2265 Metensium

146 2309 371 2368 quartus,
392 2300 545 2360 beati
572 2299 796 2358 Joannis
822 2301 1049 2371 apostoli
1092 2309 1147 2356 et
1172 2300 1514 2370 evangelista:
1554 2299 1718 2355 fuerit

147 2388 420 2461 discipulus
450 2411 464 2446 :
499 2393 594 2461 qui
631 2392 822 2447 beatus
859 2392 1136 2462 apostolus
1181 2391 1563 2462 condiscipulis
1604 2392 1718 2446 suis

144 2478 237 2546 jam
267 2481 402 2536 cmlo
438 2483 833 2553 regnantibus,
869 2483 1132 2554 prolixius
1167 2484 1291 2538 vitze
1325 2484 1558 2554 spatium
1590 2483 1720 2538 ade-

147 2581 273 2640 ptus,
315 2574 485 2628 messi
527 2574 814 2629 Dominica:
855 2589 1075 2629 suorum
1122 2575 1426 2644 complures
1471 2574 1717 2629 alumno-

149 2678 250 2717 rum
278 2680 374 2734 per
411 2665 538 2720 loca
566 2666 765 2720 direxit
803 2666 1035 2736 plurima
1066 2667 1364 2736 regionum.
1411 2666 1556 2721 inter
1583 2681 1719 2738 quos

150 2754 290 2811 beato
314 2755 557 2815 Patienti
591 2757 904 2812 meritorum
940 2756 1058 2812 luce
1097 2757 1342 2826 fulgenti,
1383 2759 1508 2812 dum
1538 2757 1718 2812 divina

151 2847 459 2924 revelatione
493 2863 631 2918 opus
672 2847 952 2903 consimile
987 2847 1303 2918 injungitnr,
1341 2847 1430 2902 ille
1464 2848 1719 2902 nimirum

152 2937 374 3006 magistri
420 2937 658 3008 diligens
703 2938 1072 3006 praasentiam,
1114 2947 1274 3008 negat
1311 2952 1368 2993 se
1410 2939 1512 2992 hoc
1549 2938 1722 2992 adim-

152 3030 306 3098 plere,
337 3033 438 3087 nisi
476 3031 828 3100 reliquiarum
860 3033 1084 3102 pignore
1122 3032 1367 3101 corporis
1396 3030 1514 3100 ejus
1542 3031 1722 3101 aliquo

152 3124 292 3177 modo
319 3124 614 3193 potiretur.
641 3120 804 3189 Cujus
830 3121 987 3199 {idem
1018 3122 1317 3177 devmionis
1347 3123 1534 3176 beatus
1558 3121 1722 3176 Joan-

153 3227 235 3289 nes
274 3214 555 3283 apostolus
599 3211 952 3282 amplectens,
995 3212 1282 3267 Dominum
1320 3213 1423 3267 hoc
1466 3213 1581 3266 ﬁeri
1621 3228 1719 3282 poe
1754 3199 1798 3258 Β

153 3305 336 3372 poscit,
377 3306 541 3376 cujus
580 3314 711 3359 nutu
749 3305 926 3359 omnis
968 3313 1160 3374 natura
1192 3305 1298 3359 vim
1321 3303 1556 3374 propria:
1592 3302 1725 3374 legis

156 3398 416 3452 convertit.
474 3396 732 3451 Oratione
782 3395 946 3466 igitur
995 3395 1154 3460 facta,
1208 3405 1546 3465 evocatoque
1577 3394 1724 3449 ﬁdeli

158 3485 415 3558 discipulo,
453 3488 673 3542 dentem
701 3488 817 3543 sine
845 3487 1028 3542 dolore
1056 3488 1156 3542 sibi
1181 3487 1472 3543 detrahens
1503 3488 1570 3542 ab
1595 3504 1721 3542 ore:

158 3576 363 3644 Habeto,
411 3577 626 3647 inquit,
675 3578 772 3631 Iwc
812 3579 905 3631 tibi
939 3579 1128 3648 pignus
1187 3579 1381 3631 amoris
1431 3578 1552 3631 mei.
1607 3577 1725 3630 Tibi

158 3667 298 3720 etiam
339 3676 538 3722 auctor
564 3667 781 3736 pietatis
815 3667 1019 3738 pariter
1055 3666 1321 3732 concedit,
1352 3675 1411 3719 ut
1437 3667 1562 3719 dum
1599 3667 1728 3720 civi-

161 3759 237 3813 tati
264 3759 494 3815 Metensi
529 3758 858 3828 propinquus
894 3771 1032 3822 eris,
1077 3756 1160 3811 cui
1192 3755 1380 3811 doctor
1417 3756 1726 3820 destituaris,

159 3849 440 3918 incolarum
496 3849 678 3919 lingua
723 3847 952 3924 pleniter
997 3847 1270 3917 eloquaris
1307 3863 1322 3902 :
1367 3845 1538 3900 fertur
1584 3845 1726 3900 enim

160 3943 319 4016 lingua
346 3946 578 4003 Grmcus
624 3945 811 4000 fuisse.
847 3944 1004 4001 Sicut
1044 3953 1100 3998 et
1137 3944 1329 3998 beatus
1357 3943 1610 3999 Nicolaus
1648 3944 1729 3998 di-

161 4035 268 4090 vina
309 4037 648 4092 revelatione
687 4037 753 4090 ad
787 4051 1055 4091 summum
1105 4035 1394 4090 sacerdotii
1445 4045 1732 4103 provectus

161 4137 231 4182 est
256 4130 512 4200 gradum,
558 4127 638 4182 sic
680 4128 784 4182 iste
825 4135 1048 4182 sanctus
1077 4125 1296 4182 Patiens
1332 4126 1520 4180 eadem
1561 4125 1730 4196 gratia

162 4237 244 4291 per
264 4223 534 4280 Joannem
575 4223 878 4294 apostolum
912 4223 978 4279 ad
1007 4223 1299 4280 Metensem
1341 4223 1616 4278 civitatem
1649 4236 1729 4276 re-

163 4317 394 4386 gendum,
416 4319 583 4373 beato
602 4316 782 4372 Felice
808 4318 1062 4388 episcopo
1078 4316 1314 4372 Metense
1336 4315 1736 4386 prtedecessore

164 4421 248 4462 suo
281 4410 466 4465 adhuc
506 4408 558 4462 in
587 4422 815 4479 corpore
844 4408 1083 4472 vivente,
1115 4417 1202 4462 est
1230 4408 1556 4461 destinatus.

470 4500 550 4576 De
571 4501 740 4570 prima
762 4501 1152 4554 consecratione
1175 4497 1425 4560 ccclesire.

224 4591 419 4648 Beatus
471 4591 638 4662 igitur
686 4591 940 4654 Patiens,
1001 4591 1448 4656 consecratione,
1519 4590 1732 4647 benedio

169 4683 351 4750 ctione,
381 4685 691 4757 insignique
723 4683 1074 4754 reliquiarum
1112 4697 1336 4738 munere
1367 4683 1546 4737 dilecti
1574 4681 1737 4739 Joan«

171 4777 243 4831 nis
268 4777 520 4841 donatus,
558 4776 660 4830 iter
686 4775 1018 4846 aggreditur,
1068 4788 1410 4843 supernaque
1451 4774 1739 4828 ordinante

171 4865 468 4928 clementia.
517 4866 844 4921 Metensibus
889 4872 1073 4936 pastor
1125 4864 1313 4919 herilis
1363 4863 1735 4933 eiiicitur,qui

175 4958 394 5012 animum
441 4957 636 5013 divina
684 4955 969 5010 intendens
1027 4953 1470 5024 contemplationi
1518 4961 1573 5008 et
1609 4967 1738 5008 ora-

176 5047 325 5124 tioni,
359 5047 640 5104 basilicam
669 5047 777 5102 Deo
803 5055 857 5101 et
884 5046 1201 5116 praeceptori
1246 5059 1344 5100 suo
1372 5043 1567 5100 Joanni
1607 5060 1738 5115 apo-

177 5139 300 5196 stolo
325 5150 480 5195 extra
517 5138 754 5209 ejusdem
796 5151 980 5192 muros
1012 5137 1162 5191 urbis
1189 5137 1254 5190 ad
1284 5135 1569 5190 meridiem
1609 5150 1741 5189 con-

179 5234 361 5285 struxit
388 5241 444 5286 et
473 5229 830 5292 consecravit,
863 5228 1137 5297 ipsiusque
1167 5228 1348 5291 dente,
1380 5235 1434 5280 et
1457 5224 1738 5280 duodecim

181 5324 444 5390 particulis
491 5325 558 5377 de
602 5321 967 5390 apostolorum
1021 5319 1398 5382 vestimentis,
1453 5333 1573 5372 cum
1623 5316 1745 5372 aliis

185 5424 473 5470 sanctorum
502 5413 848 5485 pignoribus,
884 5425 1004 5465 eam
1031 5410 1374 5473 honestavit,
1402 5417 1458 5463 et
1485 5408 1574 5476 qui
1611 5405 1741 5461 inibi

186 5500 286 5560 Deo
313 5505 573 5560 servirent
603 5503 858 5568 instituit,
892 5517 1162 5572 cursuque
1210 5501 1455 5556 laborum
1485 5499 1662 5564 ﬁnito,
1687 5499 1740 5554 in

189 5609 306 5663 pace
351 5599 548 5656 ibidem
587 5599 843 5678 lquievit,
925 5595 1258 5666 temporibus
1304 5593 1523 5648 Antonii
1577 5593 1648 5664 pii
1692 5601 1747 5648 et

195 5687 392 5748 Adriani
445 5690 870 5768 imperatorum,
925 5691 977 5744 in
1046 5690 1235 5744 diebus
1303 5686 1495 5758 Hygini
1569 5701 1737 5756 papae.

1947 1567 2026 1622 De
2055 1576 2282 1639 tempore
2302 1571 2471 1624 sancti
2496 1570 2793 1647 Patientis,
2809 1589 2971 1647 usque
2991 1575 3063 1630 ad
3092 1582 3293 1647 tempus

2375 1642 2544 1694 sancti
2567 1642 2848 1713 Arnulphi.

1890 1754 1937 1807 A
1975 1753 2309 1824 temporibus
2367 1753 2528 1824 hujus
2583 1757 2790 1822 sancti,
2855 1773 3025 1827 usque
3070 1759 3137 1813 ad
3183 1758 3399 1814 beatum

1818 1842 2155 1913 Arnulphum
2194 1845 2532 1901 deﬂuxerunt
2568 1848 2847 1919 quingenti
2895 1849 3025 1902 anni
3067 1858 3120 1904 et
3147 1851 3401 1919 amplius,

1823 1935 2012 2005 viginti
2043 1944 2276 2005 quatuor
2323 1938 2590 2008 episcOpis
2639 1938 2819 1993 medio
2866 1949 3108 2010 tempore
3141 1941 3243 1996 sibi
3281 1956 3404 1996 suc-

1818 2027 2161 2091 cedentibus,
2211 2028 2338 2085 licet
2385 2030 2615 2086 ecclesia
2661 2031 2848 2088 multis
2898 2033 3057 2089 annis
3101 2035 3399 2100 vacaverit,

1819 2131 1848 2170 a
1891 2115 1953 2169 Β.
1999 2117 2281 2188 Arnulpho
2340 2134 2512 2188 usque
2561 2119 2628 2175 ad
2677 2119 3033 2176 Deodericum
3091 2123 3403 2192 episc0pum

1818 2205 2109 2266 Mclensem
2131 2249 2146 2274 ,
2186 2209 2279 2280 qui
2329 2210 2613 2267 ecclesiam
2660 2211 2804 2266 beati
2837 2213 3103 2268 Vincentii
3135 2213 3402 2280 fundavit,

1819 2298 2048 2353 trecenti
2081 2299 2209 2354 anni
2240 2308 2298 2354 et
2324 2300 2556 2370 amplius
2605 2300 2970 2369 deﬂuxerunt,
3013 2303 3198 2359 decem
3238 2313 3291 2360 et
3320 2319 3406 2359 se-

1816 2396 1962 2459 ptem
1991 2389 2259 2461 episcopis
2305 2391 2406 2445 sibi
2450 2392 2889 2460 succedentibus,
2922 2409 3152 2464 quorum
3183 2396 3406 2455 ultimus

1818 2476 1921 2533 fuit
1951 2480 2125 2535 dictus
2155 2480 2502 2536 Deodericus.
2541 2482 2641 2536 ilic
2671 2483 2911 2537 ecclesia:
2934 2485 3223 2554 praedictae,
3257 2484 3406 2540 scili-

1821 2579 1910 2626 cet
1943 2582 2254 2626 sanctorum
2293 2572 2661 2643 apostolorum
2693 2580 2747 2628 et
2784 2572 2926 2627 beati
2952 2573 3237 2642 Arnulphi,
3269 2573 3408 2628 Gor-

1820 2663 2026 2735 giaeque
2069 2664 2324 2735 (l’abbaye
2375 2665 2440 2718 de
2481 2663 2671 2734 Gorze)
2720 2674 2776 2720 et
2821 2673 3021 2720 sanctae
3073 2665 3404 2732 Glodesindi,

1820 2756 2087 2824 beatoque
2115 2753 2392 2824 Stephano
2439 2755 2732 2824 subripuit,
2787 2756 2980 2823 quibus
3024 2756 3193 2824 ipsam
3236 2754 3409 2811 eccle-

1822 2846 1959 2900 siam
2013 2845 2184 2901 sancti
2233 2845 2504 2900 Vincentii
2556 2845 2917 2909 instauravit,
2975 2854 3032 2900 et
3083 2847 3151 2901 ab
3193 2845 3407 2917 Gorgia:

1823 2935 2105 3006 sanctique
2147 2935 2413 3006 Arnulphi
2472 2935 2737 2990 coenobiis
2795 2934 3059 3006 quosdam
3116 2938 3411 2992 monachos

1822 3030 2082 3096 extraxit,
2119 3030 2210 3099 qui
2243 3028 2374 3084 inibi
2417 3029 2777 3085 monasticam
2825 3030 3088 3085 ducerent
3132 3029 3326 3096 vitam,
3355 3041 3412 3086 et

1817 3120 2022 3192 jugiter
2051 3119 2236 3174 divino
2262 3118 2546 3174 famulatui
2584 3119 2918 3175 insisterent.

1897 3210 2019 3282 (Hic
2066 3211 2266 3283 legitur
2322 3211 2600 3283 catalogus
2665 3212 3044 3283 episcoporum
3070 3215 3412 3282 Metensium,

1826 3319 1857 3358 a
1885 3313 2073 3360 sancto
2102 3305 2383 3373 Clemente
2413 3306 2591 3376 primo
2618 3306 2894 3378 episcOpo,
2926 3309 2994 3364 ad
3019 3309 3412 3364 Adalberonem

1827 3395 1919 3466 qui
1955 3394 2061 3460 t'uit
2101 3396 2550 3466 quadragesimus
2589 3398 2812 3467 quintus
2849 3398 3090 3467 ejusdem
3131 3401 3276 3456 sedis
3304 3402 3417 3470 epi-

1829 3501 2045 3554 scopus,
2084 3486 2185 3540 sub
2224 3484 2379 3553 cujus
2420 3487 2686 3556 regimine
2729 3488 2783 3542 in
2821 3489 3107 3545 ecclesiam
3146 3491 3290 3550 beati
3318 3491 3417 3544 Ar-

1829 3575 1957 3628 nulﬁ
2005 3575 2140 3630 ordo
2183 3577 2517 3630 monasticus
2575 3585 2661 3632 est
2708 3577 3074 3634 introductus.
3132 3579 3420 3651 Subjuugit

1829 3666 2061 3736 auctor):
2106 3665 2290 3736 Usque
2319 3667 2478 3732 hodie
2509 3668 2666 3724 annis
2701 3671 2926 3740 singulis
2967 3672 3418 3727 convenientibus

1831 3757 1960 3811 inibi
1988 3755 2440 3812 conventualibus
2467 3757 2748 3825 Ecclesiis,
2780 3769 2836 3814 et
2865 3761 3167 3826 canonicis,
3189 3769 3246 3816 et
3271 3761 3420 3817 clero

1829 3859 1882 3905 et
1905 3849 2118 3920 populo,
2149 3849 2446 3919 palmarum
2473 3864 2504 3903 a
2533 3851 2764 3919 praesule
2793 3852 2938 3906 sedis
2970 3853 3029 3905 ﬁt
3059 3855 3418 3919 consecratio,

1830 3952 1884 3996 et
1912 3956 2102 3996 omnes
2132 3940 2434 4010 presbyteri
2483 3941 2647 3996 totius
2681 3940 2918 3995 civitatis
2956 3949 3210 3996 tenentur
3239 3943 3422 3997 venire

1833 4036 1886 4089 in
1940 4034 2131 4089 eadem
2176 4033 2406 4089 ecclesia
2462 4035 2530 4087 ad
2580 4033 3046 4088 consecrationem
3094 4033 3419 4102 palmarum,

1832 4137 2122 4196 antequam
2166 4125 2414 4181 canonici
2438 4125 2680 4191 veniant,
2717 4134 2773 4179 et
2811 4124 3012 4180 debent
3051 4124 3268 4180 mittere
3303 4122 3420 4193 pal-

1834 4235 1950 4274 mas
1979 4233 2106 4273 suas
2136 4218 2203 4271 ad
2235 4215 2685 4272 consecrandum.

1833 4309 1904 4365 In
1933 4309 2172 4364 omnibus
2212 4309 2391 4363 beatus
2425 4305 2643 4361 Patiens
2687 4305 2886 4360 Joanm‘
2915 4306 3152 4376 apostolo
3179 4305 3419 4360 adiuuit.

1907 4401 2141 4457 Sanctus
2177 4399 2340 4468 igitur
2369 4398 2587 4452 Patiens
2636 4396 2888 4451 fundator
2930 4397 3175 4453 ecclesia:
3209 4405 3424 4450 sancto-

1837 4509 1957 4549 rum
1987 4491 2377 4562 apostolorum,
2409 4490 2548 4544 sicut
2576 4505 2605 4542 a
2632 4489 2905 4558 prioribus
2934 4489 3136 4543 vicaria
3161 4488 3424 4544 relatione

1839 4585 2214 4658 cognovimus,
2237 4597 2304 4637 ex
2332 4581 2530 4653 inclyta
2556 4580 2866 4635 Graecorum
2894 4579 3148 4648 prosapia
3171 4587 3421 4643 exortus;

1841 4678 1982 4732 sicut
2028 4676 2311 4731 nobilitate
2358 4675 2626 4730 mundana
2655 4714 2669 4737 ,
2720 4673 2800 4728 sic
2835 4680 2889 4726 et
2936 4687 3099 4741 opum
3153 4671 3322 4742 gloria
3370 4672 3423 4726 in

1843 4768 2066 4824 minoris
2087 4767 2232 4822 Asiae
2260 4767 2478 4836 regione
2508 4763 2688 4819 clarus
2726 4761 2947 4817 etl‘ulsit.
2979 4761 3132 4816 Hanc
3164 4761 3309 4817 Asia:
3341 4776 3426 4816 re-

1839 4861 2053 4929 gionem
2082 4858 2310 4913 dilectus
2338 4854 2547 4910 Domini
2577 4853 2908 4924 evangelista
2936 4852 3173 4908 Joannes
3202 4852 3253 4905 in
3279 4861 3427 4906 sorte

1842 4948 2241 5021 praedicationis
2266 4946 2444 5002 divina
2471 4943 2872 5012 dispensatione
2915 4942 3171 5011 suscepit,
3196 4940 3428 5009 ﬁdeique

1837 5043 1966 5112 jugo
1995 5037 2322 5107 subjugavit.
2368 5035 2502 5089 Nam
2532 5035 2657 5088 dum
2691 5033 2899 5104 fulgore
2933 5032 3187 5087 virtutum
3222 5030 3424 5085 conﬁr-

1843 5143 2019 5188 maret
2047 5146 2266 5186 suorum
2307 5128 2606 5184 claritatem
2640 5127 2951 5190 verborum,
2988 5122 3332 5193 quamplures
3357 5121 3426 5176 ad

1842 5227 2010 5279 vitam
2061 5221 2340 5286 destinati,
2386 5227 2634 5289 potentes
2680 5227 2735 5270 et
2781 5217 2977 5270 divites
3015 5231 3080 5269 ac
3127 5211 3428 5268 mediocres

1844 5315 2153 5387 compuncti
2192 5313 2364 5386 gratia
2404 5312 2522 5382 ejus
2545 5309 2805 5366 doctrinae
2839 5307 3184 5363 obediebant.
3243 5302 3429 5371 Itaque

1846 5411 1989 5470 inter
2035 5407 2168 5462 alios
2217 5405 2490 5476 insignes,
2539 5409 2596 5456 et
2641 5401 2833 5456 beatus
2858 5397 3074 5453 Patiens
3108 5392 3430 5449 obedientia:

1852 5501 1974 5556 ﬁdei
2005 5515 2066 5555 se
2112 5495 2372 5562 subdidit,
2409 5508 2660 5565 pompam
2715 5490 2898 5546 mundi
2952 5485 3185 5555 reliquit,
3237 5491 3430 5540 sancto

1854 5591 2096 5663 apostolo
2143 5589 2332 5645 intime
2353 5585 2597 5644 adhaesit.
2631 5583 2896 5646 Joannes,
2930 5578 3058 5633 dum
3107 5576 3218 5632 suis
3248 5575 3303 5631 in
3333 5589 3406 5628 nu

1864 5684 1989 5754 ptiis
2029 5683 2278 5739 Christus
2324 5694 2517 5750 aquam
2564 5677 2617 5730 in
2663 5674 2846 5728 vinum
2894 5677 3173 5736 mutasset,
3219 5676 3436 5724 secutus
