3918 6316
479 260 576 320 101

1359 264 1646 322 APPEND.
1683 264 1776 320 AD
1805 262 1981 320 SJEC.
2013 260 2084 317 Χ.
2123 292 2195 304 -
2228 259 2457 319 OPERA
2496 276 2887 326 ΑΔῐεΣιιοτιιςΑ.

3656 271 3755 328 192

477 372 625 418 eum.
655 355 874 413 carnale
921 357 1252 413 connubium
1297 358 1545 429 reliquit;
1588 357 1805 414 Patiens
1838 356 2061 412 audiens
2088 350 2139 417 Α
2166 354 2523 426 plurimorum
2550 358 2870 416 liberatione
2894 338 3320 420 febricitantium
3343 360 3751 434 comprobatur»

479 448 550 502 ab
584 447 703 518 ipso
729 446 939 503 Joanne
983 449 1208 504 verbum
1258 448 1375 515 Dei,
1427 451 1775 509 abrenuntiat
1820 449 2058 505 oblecta-

479 537 680 591 mentis
707 537 915 593 mundi.
952 536 1189 594 Joannes
1218 539 1549 595 soeiabiliter
1595 541 1822 596 adhazsit
1847 540 2079 596 Christo.

479 626 536 679 in
587 628 996 683 resuscitatione
1058 628 1466 700 archisynagogi
1515 630 1639 686 filize
1679 631 1731 685 in
1779 631 2059 697 cubiculo;

479 717 700 774 Patiens
732 718 924 774 Joanni
968 718 1223 791 praesens
1247 721 1348 775 fuit
1386 723 1513 777 dum
1559 725 1853 781 resuscitat
1893 725 2060 780 tilium

479 808 655 864 viduae
703 809 897 865 fidelis.
972 812 1213 868 Joannes
1277 814 1738 886 transfigurationi
1792 816 1952 873 facta:
2006 819 2060 873 in

478 912 664 957 monte
704 902 920 958 Christo
947 903 1146 970 adfuit;
1177 903 1395 960 Patiens
1430 905 1623 963 Joanni
1670 909 1903 976 astabat,
1933 909 2061 964 dum

478 992 614 1047 duos
657 1008 911 1063 proceres
946 1004 1067 1063 post
1100 996 1509 1052 conversionem
1554 998 1898 1054 dimissarum
1949 1014 2065 1069 poe-
2099 1039 2104 1044 -

478 1081 716 1138 nitentes
748 1082 1055 1138 divitiarum
1095 1084 1163 1141 ab
1195 1095 1396 1141 aeterna
1438 1089 1784 1144 damnatione
1821 1105 1917 1160 per
1945 1091 2063 1145 a'uri

476 1171 671 1225 miram
740 1172 794 1228 in
852 1173 1133 1231 frondibus
1204 1177 1687 1246 reciprocatiouem
1751 1182 2058 1237 reducebat.

474 1259 714 1318 Joannes
742 1265 888 1319 cruci
924 1267 1099 1321 astitit
1133 1258 1365 1335 Christi;
1403 1269 1624 1327 Patiens
1668 1272 1841 1327 eidem
1868 1272 2059 1336 Joanui

475 1353 643 1409 misso
682 1353 734 1409 in
774 1354 894 1410 oleo
928 1356 1179 1411 ferventi.
1242 1359 1493 1416 Christus
1530 1371 1706 1417 morte
1733 1364 1940 1419 devicta
1979 1364 2062 1418 di-

475 1443 700 1514 scipulis
730 1445 906 1502 mellis
934 1448 1055 1503 favo
1082 1460 1225 1504 verte
1248 1449 1465 1526 deitatis
1488 1467 1553 1507 ac
1578 1468 1686 1507 suae
1716 1452 2065 1521 humanitatis

476 1532 732 1588 unionem
783 1537 1212 1605 commendavit;
1250 1538 1510 1607 Joannes,
1538 1539 1770 1597 Patienti
1799 1549 1920 1597 cum
1952 1545 2071 1598 suis
2109 1547 2114 1552 ’

475 1621 858 1693 condiscipulis
889 1634 1012 1695 post
1049 1625 1355 1684 libertatem
1394 1631 1605 1697 exsilii,
1644 1630 2061 1709 inseparabilem

473 1713 647 1782 patris
677 1729 740 1770 ae
765 1716 917 1773 verbi
946 1718 1303 1775 substantiam
1343 1722 1547 1792 scripto
1574 1704 1881 1792 elucidavit.
1945 1704 1967 1745 ί

476 1822 557 1879 De
584 1823 705 1897 Vita
733 1828 1188 1910 sanctidmaiarii
1202 1873 1229 1910 η.
1252 1842 1301 1887 et
1323 1828 1526 1910 deejus
1546 1835 1773 1910 glorioso
1801 1838 2061 1910 sepulcra,

869 1900 1002 1954 etde
1024 1901 1139 1970 ejus
1160 1900 1668 1981 miraculis—sanctis.

549 1988 932 2046 Subnectimus
968 1993 1130 2047 etiam
1163 1994 1291 2049 huic
1325 1997 1535 2065 paginae
1579 1999 1894 2054 memoriam
1934 2001 2065 2072 piis-

477 2080 602 2135 simi
651 2083 949 2137 sacerdotis
971 2084 1230 2163 Amalarii
1263 2085 1602 2161 Trevircnsis
1648 2088 2059 2161 archiepiscopi,

478 2180 539 2231 ut
563 2172 779 2239 dicitur,
810 2174 902 2244 qui
943 2177 1301 2232 cancellarius
1338 2178 1539 2233 dicitur
1583 2182 1857 2236 exstitisse
1884 2182 2062 2238 Caroli

478 2262 679 2334 Magni,
712 2266 864 2336 cujus
894 2276 1299 2345 monumentum
1339 2269 1391 2323 in
1421 2268 1597 2339 medio
1624 2280 1827 2341 cryptae
1869 2288 2059 2327 monao

479 2354 650 2408 sterio
678 2354 932 2424 subjectae
967 2358 1302 2427 conspicitur
1329 2362 1653 2417 venerabile.
1687 2362 1813 2432 Ejus
1843 2365 2059 2433 quidem

480 2444 778 2523 sepultura,
804 2446 929 2501 dum
959 2463 1121 2526 causa
1148 2448 1407 2507 fundandi
1435 2453 1717 2524 augustius
1744 2454 2060 2523 oratorium,

476 2548 599 2588 ossa
629 2536 956 2607 reliquorum
984 2538 1222 2596 effractis
1253 2533 1619 2613 monumentis
1642 2526 2061 2616 exponerentur,

478 2626 738 2685 divinitus
769 2630 991 2687 minime
1019 2634 1199 2702 potuit.
1233 2635 1529 2691 immutari.
1576 2637 1816 2694 Tandem
1846 2641 1955 2711 Deo
1988 2640 2065 2696 fa-

479 2727 637 2775 vente
664 2721 812 2790 0peri
851 2723 1110 2798 perfectio
1141 2726 1467 2796 imponitur;
1503 2738 1557 2785 et
1586 2745 1713 2786 ecce
1752 2730 1921 2788 frater
1944 2734 2065 2803 qui-

478 2809 601 2867 dam
632 2820 813 2868 custos
855 2815 1130 2887 ecclesiae,
1162 2818 1453 2890 Gregorius
1500 2824 1717 2898 nomine
1742 2864 1756 2886 ,
1809 2825 2063 2895 scrupulo

476 2899 620 2956 forte
641 2905 896 2975 tangitur,
920 2917 973 2962 et
1000 2912 1167 2977 raptis
1193 2913 1513 2981 quihusdam
1539 2917 1784 2974 ossiculis
1807 2918 1870 2972 de
1895 2918 2063 2986 ipsius

478 2991 743 3060 sepulcro,
781 2996 1033 3052 meritum
1068 2999 1165 3053 viri
1201 3016 1528 3073 cognoscere
1568 3006 1909 3075 aggreditur;
1938 3023 2062 3076 “quae

2165 449 2309 516 quod
2358 449 2427 503 ad
2468 464 2707 520 praesens
2751 451 2934 508 dicere
2984 451 3315 519 omittimus;
3367 453 3493 523 quia
3536 454 3584 508 si
3622 453 3754 510 fides

2165 539 2324 617 adsit,
2352 541 2595 610 quotidie
2623 542 2822 615 agitur.
2853 544 2985 598 item
3024 543 3278 599 mulieres
3307 544 3509 600 debent
3552 544 3757 600 habere

2165 646 2351 700 pacem
2382 648 2505 687 cum
2538 633 2752 689 maritis
2790 636 2926 701 suis,
2958 649 3079 690 cum
3110 637 3177 692 ad
3207 636 3379 706 ipsum
3406 636 3637 691 veniunt
3667 636 3757 692 de-

2160 731 2496 791 precaturae,
2535 733 2591 779 et
2630 725 2797 783 etiam
2841 726 3088 783 homines
3131 742 3228 798 per
3261 728 3542 786 orationes
3578 739 3635 785 et
3661 744 3759 800 per

2166 813 2361 870 missas
2389 802 2530 886 stepe
2555 817 2788 872 credunt
2817 817 3111 873 subveniri.

2167 965 2393 1041 Quando
2420 975 2661 1041 mutatus
2687 968 2786 1037 fuit
2816 968 2977 1041 ordo,
3009 970 3064 1023 id
3106 981 3452 1041 esticanomct
3484 974 3757 1041 regulares

2237 1038 2315 1108 in_
2335 1037 2569 1108 ordinem
2603 1040 2945 1097 monasticam
2970 1080 2986 1105 ,
3013 1049 3136 1094 tunc
3171 1040 3341 1108 factus
3371 1051 3443 1096 est
3500 1037 3756 1096 A'rbertus

2186 1175 2190 1178 ⁴
2234 1106 2433 1176 primus
2456 1107 2615 1177 abbas
2644 1108 2698 1160 in
2724 1108 2939 1169 ecclesia
2968 1111 3134 1164 sancti
3163 1106 3446 1181 Aruulphi.

2237 1259 2348 1332 Ego
2372 1260 2634 1329 Arbertus
2662 1266 2960 1329 monachus
2996 1266 3309 1324 Gorziensis
3334 1309 3350 1333 ,
3377 1278 3568 1324 notum
3603 1269 3760 1326 vobis

2167 1350 2506 1421 facio,quozt
2548 1353 2715 1409 Ottho
2755 1355 2934 1410 divina
2977 1357 3314 1426 providentia
3354 1358 3677 1428 imperator,
3708 1368 3760 1415 et

2165 1441 2433 1497 Adelbero
2461 1442 2718 1510 Metensis
2755 1447 3071 1519 episcopus,
3105 1447 3345 1517 expulsis
3373 1448 3655 1503 canonicis
3677 1464 3761 1502 re-

2166 1534 2476 1607 gularibus,
2509 1551 2595 1591 me
2625 1536 2677 1589 in
2714 1528 2963 1591 abbatem
2994 1538 3169 1592 sancti
3197 1537 3405 1593 Aruulfi
3451 1539 3757 1594 constitue-

2167 1633 2315 1680 runt.
2343 1624 2683 1695 Quapropter
2717 1625 2920 1681 furoris
2955 1627 3176 1695 stimulo
3230 1628 3449 1683 accensi
3486 1628 3661 1683 veluti
3692 1629 3758 1683 de

2093 1723 2136 1782 Β
2162 1719 2407 1787 paternis
2429 1717 2726 1773 redditibus
2752 1717 2914 1788 pulsi,
2932 1718 3151 1789 quidam
3177 1732 3365 1773 eorum
3393 1718 3651 1774 adierunt
3670 1733 3758 1773 re-

2165 1807 2285 1877 gem
2312 1808 2584 1876 seniorem
2611 1818 2853 1865 nostrum
2873 1851 2887 1875 ,
2916 1809 3167 1875 videlicet
3197 1809 3488 1866 Otthonem
3511 1850 3528 1877 ,
3553 1824 3755 1863 vanam

2165 1914 2331 1972 super
2368 1900 2470 1973 hoc
2512 1902 2818 1969 garrientcs
2868 1901 3348 1970 declamationem,
3375 1901 3515 1971 quod
3553 1900 3758 1969 injuste

2165 1985 2444 2061 proprium
2468 1990 2835 2056 abstulissem,
2860 2003 2913 2046 et
2929 1992 3096 2047 veluti
3120 1992 3523 2057 haereditarium
3546 1990 3752 2047 locum.

2166 2080 2408 2151 Cumque
2436 2089 2493 2135 ut
2527 2096 2745 2151 egeram
2789 2082 3016 2153 praefato
3056 2083 3254 2138 seniori
3297 2092 3469 2139 totum
3509 2083 3754 2138 indicas-

2166 2184 2311 2233 sem,
2339 2169 2551 2224 illorum
2590 2169 2987 2240 floccipendens
3029 2172 3292 2227 rationem
3312 2213 3326 2237 ,
3357 2181 3417 2226 ut
3450 2172 3675 2243 sapiens
3701 2181 3757 2226 et

2157 2261 2337 2332 justus
2358 2277 2473 2326 rex,
2505 2276 2572 2317 ne
2600 2261 2653 2316 in
2686 2261 2951 2332 reliquum
2979 2263 3334 2332 querimoniis
3363 2265 3490 2320 inibi
3526 2266 3639 2319 Deo
3658 2264 3750 2318 fa-

2164 2352 2434 2429 mulantes
2466 2353 2885 2425 molestarentur
2910 2355 3233 2420 invidorum,
3255 2364 3379 2409 tunc
3397 2365 3450 2410 et
3470 2355 3589 2427 ipse
3606 2356 3757 2425 quod

2163 2444 2398 2499 feceram
2436 2444 2779 2500 confirmavit
2820 2454 3147 2508 testamento
3186 2445 3350 2515 regite
3384 2445 3752 2509 auctoritatis,

2163 2535 2484 2607 prmeipiens
2519 2541 2579 2589 ut
2604 2535 2720 2604 pari
2753 2548 3019 2589 consensu
3061 2535 3128 2589 ad
3162 2533 3626 2606 corroborationis
3650 2549 3751 2587 au-

2162 2610 2470 2681 ctoritatem
2512 2625 2804 2699 identidem
2836 2612 3020 2679 nostra
3046 2624 3275 2680 sentiret
3306 2623 3557 2679 ecclesia.
3595 2621 3752 2690 Quod

2157 2713 2309 2784 juxta
2337 2715 2592 2771 desiderii
2627 2715 2879 2771 ardorem
2922 2729 3258 2783 exsequens,
3302 2724 3360 2769 ut
3385 2714 3581 2769 dehinc
3609 2713 3757 2768 sicut

2163 2792 2455 2861 statuimus
2484 2815 2731 2861 maneret
2770 2821 2891 2861 cum
2922 2820 3187 2861 conSensu
3227 2805 3381 2860 ducis
3413 2804 3619 2869 nostri,
3649 2802 3750 2859 0t-

2164 2899 2345 2955 thonis
2382 2898 2651 2964 videlicet,
2677 2899 2945 2967 totiusque
2976 2897 3217 2969 ecclesiae
3240 2906 3460 2957 nostrae.
3486 2897 3590 2951 hoc
3612 2909 3754 2965 prte-

2164 2999 2378 3060 ceptum
2409 2982 3114 3062 coufirmationis‘scriptum
3140 2991 3388 3055 manibus
3407 2991 3644 3061 propriis
3669 3008 3753 3046 ro.

478 3080 606 3135 dum
650 3084 837 3151 prunis
867 3087 1182 3145 ardentibus
1210 3089 1455 3157 inferret,
1499 3093 1727 3150 vidisses
1774 3095 1913 3159 illas,
1940 3096 2059 3151 visu

2164 3079 2494 3143 boravimus,
2517 3087 2569 3133 et
2599 3079 2959 3154 roboranduut
2993 3089 3101 3134 tam
3133 3081 3392 3152 praedicto
3412 3080 3535 3135 duci
3559 3096 3755 3151 quam-

477 3169 757 3238 mirabile,
813 3175 1084 3243 resilisse,
1130 3186 1188 3256 et
1236 3182 1389 3249 quasi
1440 3184 1674 3240 motibus
1737 3169 2063 3243 reclamasse

477 3274 602 3315 ossa
636 3264 735 3316 viri
766 3264 859 3318 Dei
900 3282 1005 3321 non
1038 3284 1159 3325 esse
1202 3285 1364 3326 ausas
1414 3276 1704 3345 attingere,
1760 3277 1885 3345 quia
1931 3278 2059 3339 dum

480 3355 703 3420 advixit,
738 3356 789 3410 in
827 3373 886 3412 se
913 3360 1119 3416 caelesti
1174 3379 1297 3419 rore
1326 3367 1578 3435 vitiorum
1630 3368 1900 3424 flammam
1934 3387 2059 3441 pru-

480 3446 612 3499 dens
640 3446 921 3502 exstinxit.
969 3450 1085 3517 Quo
1120 3454 1274 3528 signo
1306 3458 1659 3525 perterritus,
1695 3461 1942 3530 sepulcro
1974 3478 2063 3517 re-

476 3535 629 3601 ponit
653 3551 772 3591 ossa
801 3538 1046 3596 festinus.
1072 3542 1313 3600 Insecuta
1346 3547 1509 3618 igitur
1532 3559 1690 3617 nocte
1713 3551 1839 3620 dum
1862 3554 2061 3623 quietis

475 3626 619 3679 dono
664 3624 955 3696 frueretur,
1002 3633 1154 3689 adest
1186 3635 1270 3689 vir
1297 3636 1390 3691 Dei
1431 3655 1557 3693 cum
1600 3643 1830 3710 quodam
1860 3646 2054 3721 pedum

477 3716 679 3781 sonitu,
720 3734 749 3771 a
788 3719 917 3775 lmvo
952 3737 1163 3794 epypta:
1194 3727 1360 3781 aditu.
1394 3728 1517 3784 lllac
1545 3732 1764 3800 quidam
1796 3716 1911 3788 erat
1937 3749 2058 3804 pcr-

476 3808 735 3863 nominati
783 3809 969 3867 fratris
1016 3823 1239 3883 stratus,
1285 3827 1341 3874 et
1383 3810 1593 3877 verberi
1648 3839 1770 3878 cum
1824 3807 2056 3880 tremore

475 3897 817 3967 subjectum,
868 3903 1167 3974 increpavit
1219 3912 1400 3967 acrius
1446 3916 1586 3982 quod
1642 3931 1700 3970 sc
1753 3916 2057 3985 inquietare

472 3986 634 4045 fuerit
670 4009 851 4049 ausus.
902 3996 1142 4053 Molestia
1168 4017 1298 4071 ergo
1328 4005 1574 4073 corporis
1609 4008 1907 4063 monachus
1930 4026 2053 4080 pcr—

472 4083 708 4148 vaditur,
742 4087 834 4141 sed
866 4089 1238 4147 satisfactione
1264 4094 1422 4164 digna
1464 4095 1745 4167 levigatur.
1934 4081 1948 4088 ’

545 4172 660 4227 Νοη
691 4183 812 4244 post
840 4178 1067 4233 multum
1120 4189 1334 4253 tempus
1359 4185 1556 4240 domno
1586 4189 1911 4248 Adalheroni
1942 4196 2053 4266 epi—

473 4278 639 4334 scopo
670 4266 1022 4324 Metensiloci
1060 4274 1231 4326 nostri
1277 4277 1455 4330 amico
1509 4278 1670 4345 fideli,
1705 4280 1804 4336 fuit
1834 4284 2051 4351 deside-

473 4355 614 4408 rium
643 4365 701 4410 ut
730 4357 783 4411 in
811 4368 995 4430 crypta
1023 4363 1210 4416 eadem
1239 4365 1340 4420 sibi
1370 4368 1660 4426 collocaret
1693 4375 2044 4431 mauseolum.

2161 3186 2265 3243 que
2292 3172 2639 3243 coepiscopis,
2663 3173 2867 3227 nostris
2890 3172 3243 3243 fidelibusque
3270 3172 3536 3238 dedimus,
3565 3173 3621 3228 iu
3642 3173 3751 3230 Do-

2160 3262 2364 3339 minum
2396 3270 2454 3316 et
2488 3270 2708 3332 propter
2737 3262 3055 3331 Dominum,
3078 3278 3266 3319 omnes
3287 3276 3632 3319 successores
3653 3278 3751 3321 no-

2119 3371 2123 3374 '
2162 3363 2303 3410 stros
2342 3354 2621 3409 humiliter
2661 3355 2969 3424 postulans,
3009 3363 3069 3407 ut
3099 3355 3239 3409 sicut
3278 3354 3658 3418 deflnivimus,
3694 3366 3751 3407 ut

2160 3445 2252 3514 qui
2274 3444 2458 3499 volunt
2482 3459 2579 3499 sua
2610 3444 2751 3513 quod
2784 3444 3106 3515 definierunt
3131 3451 3247 3520 rata
3272 3445 3490 3508 habere,
3524 3455 3577 3499 et
3617 3460 3751 3499 cun-

2159 3520 2397 3590 sentiant
2424 3530 2941 3604 nostra.'Propterea
2970 3548 3070 3602 ego
3091 3532 3355 3602 Arbertus
3377 3534 3540 3588 talem
3573 3536 3748 3589 susci—

2158 3626 2250 3695 pio
2302 3641 2485 3682 curam
2540 3634 2760 3696 propter
2789 3625 3104 3689 Dominum,
3135 3634 3192 3680 et
3227 3639 3323 3694 pro
3351 3624 3438 3713 his
3495 3624 3588 3695 qui
3648 3641 3737 3681 me

2159 3717 2434 3786 deprecati
2460 3727 2587 3771 sunt
2610 3718 2817 3773 scilicet
2854 3732 3039 3774 curam
3079 3716 3439 3787 pastoralem,
3472 3727 3747 3786 quatenus

2159 3810 2291 3865 mihi
2316 3819 2371 3865 et
2399 3813 2679 3866 monachis
2714 3811 2961 3889 proficiat
2987 3810 3040 3883 in
3067 3821 3347 3866 :eternum.
3372 3809 3479 3866 lste
3514 3827 3621 3865 non
3663 3821 3745 3865 te-

2158 3901 2277 3955 nuit
2302 3901 2403 3956 nisi
2435 3902 2643 3957 duobus
2667 3903 2824 3958 annis
2844 3902 3128 3958 ecclesiam
3155 3902 3500 3973 pastoralem.

2282 4026 2578 4095 -ΡοείΙηιιιε
2604 4038 2826 4107 suscepit
2852 4036 3087 4106 ofﬁcium
3111 4036 3335 4093 domnus
3360 4038 3605 4107 Ansteus.

2227 4170 2338 4228 Nec
2366 4171 2584 4242 dignum
2625 4178 2707 4226 est
2748 4171 3027 4241 pneterire
3070 4169 3287 4227 silentio
3330 4169 3588 4224 domuum
3625 4172 3743 4225 An-

2155 4271 2330 4319 sleum
2371 4264 2690 4330 monachum
2734 4272 2788 4318 et
2827 4263 3074 4321 abbatem
3124 4263 3571 4334 gloriosissimum
3619 4278 3742 4317 mo-

2156 4357 2378 4411 nasterii
2414 4355 2589 4411 sancti
2624 4355 2852 4410 Arnulii.
2880 4354 2977 4409 Hic
3006 4355 3058 4409 in
3089 4354 3277 4410 habitu
3310 4353 3555 4409 szeculari
3592 4369 3741 4422 pra:-

471 4442 626 4510 Quod
657 4445 728 4499 ihi
758 4445 947 4502 fuisset
974 4451 1343 4519 adimpletum,
1383 4456 1508 4511 dum
1538 4461 1751 4530 praesuli
1780 4463 1903 4518 vitae
1930 4464 2051 4521 finis

2164 4449 2300 4504 dicto
2334 4449 2475 4518 patri
2520 4450 2729 4511 socius,
2758 4457 2813 4503 et
2851 4447 3127 4518 sanguinis
3163 4455 3355 4503 catena
3393 4444 3739 4515 coniunctus“,

471 4532 799 4591 immineret.
831 4535 925 4591 Vir
954 4538 1093 4595 idem
1122 4540 1215 4597 Dei
1244 4545 1552 4604 Amalarius
1590 4548 1744 4606 fratri
1770 4554 2050 4610 nominato

471 4628 722 4697 superius
768 4645 1050 4700 apparens,
1085 4633 1210 4689 talia
1256 4637 1729 4697 sciscitatur:Cui
1768 4643 1920 4715 juxta
1964 4662 2050 4701 me

470 4727 696 4787 paratur
738 4721 1060 4791 sepultura?
1094 4721 1167 4778 At
1211 4724 1299 4782 ille
1347 4728 1519 4799 inquit
1564 4749 1577 4785 :
1619 4731 1728 4787 Pite
1777 4736 2050 4791 memoria:

467 4809 796 4867 Adaiberoni
837 4814 1089 4886 episeopo
1115 4816 1358 4876 Meteusi.
1390 4820 1471 4875 Ad
1512 4823 1626 4877 htec
1654 4824 1738 4877 vir
1768 4824 1859 4878 Dei
1890 4825 2051 4879 Ama-

469 4899 672 4955 larius:
702 4900 920 4958 Publica
954 4906 1085 4972 hoc,
1124 4907 1321 4978 inquit,
1366 4910 1419 4966 in
1452 4911 1667 4982 populo,
1702 4913 1826 4982 quia
1854 4915 2048 4970 divini-

470 4998 583 5046 tate
629 4993 862 5064 propitia
912 4994 1083 5053 donec
1132 4997 1252 5053 istic
1294 5000 1458 5057 humo
1503 5011 1678 5057 tectus
1724 5019 1840 5070 ero,
1873 5006 2048 5062 nullus

469 5094 682 5135 mecum
729 5083 1139 5154 participabitur
1175 5088 1466 5158 sepulcro:
1508 5107 1634 5146 nam
1663 5095 1911 5162 quamvis
1957 5096 2046 5152 ille

469 5169 649 5225 minus
682 5172 812 5242 qttid
846 5174 1204 5231 notificaverit
1224 5219 1237 5243 ,
1266 5180 1447 5234 exitus
1480 5188 1654 5237 tamen
1693 5184 1770 5239 rei
1800 5184 2050 5256 compro-

469 5257 619 5312 bavit
645 5276 658 5312 :
701 5276 825 5315 nam
877 5264 1072 5333 praesul
1118 5266 1293 5322 adhuc
1319 5269 1510 5324 vivens
1537 5270 1665 5326 dum
1697 5288 1756 5328 se
1785 5273 1925 5330 istuc
1954 5277 2046 5331 de-

467 5346 601 5403 ferri
642 5350 916 5421 iussisset,
961 5357 1318 5425 quorumdam
1359 5361 1583 5417 consilio
1611 5363 1663 5418 id
1694 5365 1795 5420 fuit
1827 5366 2051 5437 impedi-

472 5449 617 5504 tum,
645 5450 703 5495 et
743 5444 795 5498 in
822 5445 1045 5501 basilica
1080 5450 1252 5507 sancti
1286 5449 1584 5509 Salvatoris
1623 5455 1691 5510 ab
1718 5456 1908 5512 eodem
1953 5473 2049 5513 au-

471 5529 807 5600 gustabiliter
830 5547 1137 5594 constructa
1168 5542 1391 5598 sortitus
1423 5553 1507 5599 est
1536 5546 1820 5602 tumulum.
1851 5548 2047 5615 Quanti

471 5633 602 5676 vero
628 5623 768 5693 apud
801 5625 890 5683 Dei
920 5627 1258 5698 maiestatem
1304 5634 1392 5690 hic
1416 5634 1722 5697 Amalarius
1761 5637 2044 5710 habeatur,

2155 4542 2307 4610 prius
2338 4533 2540 4606 relictis
2567 4538 2912 4593 facultatibus
2935 4579 2951 4604 ,
2990 4538 3107 4607 ejus
3131 4540 3292 4594 etiam
3323 4546 3543 4594 secutus
3566 4538 3740 4593 vesti-

2155 4632 2267 4703 gia,
2300 4645 2368 4686 ex
2397 4630 2847 4686 archidiaeouoin
2877 4628 3391 4700 pauperemLChristi
3423 4643 3550 4684 vere
3582 4643 3746 4684 com-

2154 4730 2397 4778 mutatus
2442 4730 2562 4788 est,
2613 4721 2790 4777 factus
2843 4721 3157 4776 monachus.
3211 4719 3318 4775 Iste
3363 4719 3631 4791 sapientia
3682 4729 3743 4775 et

2155 4814 2458 4884 eloquentia
2504 4815 2559 4869 in
2602 4822 2810 4869 tantum
2855 4812 3123 4876 efﬂoruit,
3164 4821 3222 4868 ut
3258 4812 3327 4867 ab
3365 4828 3448 4875 eo,
3483 4811 3634 4867 velut
3671 4811 3742 4866 ab

2153 4908 2358 4978 optimo
2388 4907 2607 4961 rhetore
2630 4906 2886 4960 continuo
2919 4921 3042 4961 cum
3076 4914 3223 4960 esset
3255 4918 3497 4968 necesse,
3522 4917 3741 4958 sermo.

2154 5013 2281 5053 num
2310 4998 2464 5053 mella
2494 4998 2882 5053 discurrerent.
2909 4996 2969 5051 ln
2998 4996 3378 5051 architectura:
3401 5008 3618 5063 quoque
3639 5006 3738 5064 pe-

2153 5089 2275 5146 ritia
2303 5104 2409 5145 non
2453 5088 2722 5144 modicum
2750 5088 2937 5143 valuit.
2982 5086 3082 5143 llic
3119 5090 3293 5156 primo
3318 5086 3370 5140 iu
3403 5084 3738 5139 monasterio

2152 5178 2439 5237 Gorzienzi
2474 5179 2710 5234 decanus
2753 5176 2998 5243 effectus,
3027 5191 3190 5247 opere
3218 5185 3275 5232 et
3296 5174 3545 5244 exemplo
3578 5190 3738 5230 mon-

2151 5276 2344 5331 stravit
2385 5283 2644 5345 quantum
2712 5275 2998 5330 sanctitate
3043 5281 3097 5328 et
3142 5287 3322 5326 rerum
3381 5270 3733 5326 administra-

2151 5366 2299 5422 tione
2323 5364 2586 5422 floruerit.
2618 5364 2823 5421 Meritis
2851 5365 3032 5435 itaque
3055 5362 3418 5434 exigentibus,
3451 5362 3624 5417 abbas
3652 5360 3735 5418 ef-

2151 5456 2333 5514 ﬁcitur
2370 5459 2424 5514 in
2453 5457 2782 5514 monasterio
2816 5455 2990 5512 sancti
3027 5454 3267 5519 Amulli,
3296 5461 3417 5524 post
3438 5452 3733 5508 Arbertum

2151 5550 2327 5605 virum
2368 5551 2644 5621 egregium
2667 5591 2682 5616 ,
2711 5549 2803 5619 qui
2832 5547 3040 5620 primus
3077 5546 3405 5603 eidemloco
3435 5559 3465 5599 a
3510 5545 3735 5600 domino

2151 5643 2488 5703 Adelberone
2515 5644 2770 5715 pontiﬁce
2796 5683 2811 5711 ,
2840 5641 3053 5699 clericis
3083 5640 3208 5697 inde
3236 5637 3502 5698 submotis
3522 5679 3537 5707 ,
3566 5651 3730 5708 regu-
