3918 6316
108 360 195 420 l91

1262 341 1517 403 SERMO.
1548 339 1640 397 DE
1670 337 1729 395 S.
1758 336 2187 396 CLODOALDO.

3263 344 3367 403 l98

108 473 325 528 virorum
373 455 797 524 mandat‘nobis
843 462 1045 519 habere
1087 456 1371 531 Scriptura
1416 456 1677 513 divinitus

1811 450 2295 522 {nandodissipasti
2332 451 2719 524 patrimonium
2761 450 2905 523 quod
2946 444 3169 511 dederat
3198 454 3372 511 dulcis

106 560 348 631 inspirata
381 558 569 613 dicens
598 573 611 609 :
647 554 953 610 Laudemus
996 553 1142 608 viros
1179 550 1445 631 gloriosos
1472 549 1564 619 qui
1596 547 1679 602 vi-

106 630 276 709 cerunt
309 665 478 722 regna
509 646 730 710 mundi;
763 661 853 715 qut
880 645 1130 700 vicerunt
1157 656 1265 698 non
1296 630 1391 712 qui
1418 638 1541 695 viet'i
1569 638 1683 693 fue-

107 750 236 797 runt.
260 738 385 795 Non
409 746 496 794 est
515 737 661 792 enim
687 733 956 792 contraria
981 733 1081 788 sibi
1105 731 1386 803 Scriptura
1411 744 1532 800 qua:
1552 728 1683 783 dicit

105 832 195 886 alio
214 830 332 884 loco
358 845 375 883 :
404 826 528 883 Non
556 825 739 880 laudes
768 823 1027 878 hominem
1050 823 1106 875 in
1130 823 1233 877 vita
1258 837 1355 874 sua
1383 817 1575 889 (Eceli.
1602 832 1679 883 ιι,

104 923 199 994 50).
237 920 374 988 Qua:
402 926 739 975 autem-ante
762 925 988 973 mortem
1020 924 1241 988 propter
1270 915 1505 969 incertos
1526 924 1687 967 casus

106 1015 302 1070 caducae
331 1012 464 1067 vita:
499 1010 793 1081 prohibet,
836 1016 958 1078 post
996 1014 1229 1062 mortem
1253 1003 1409 1074 jubet
1439 1002 1680 1057 laudare.

107 1104 243 1160 Modo
285 1101 477 1158 securi
509 1100 757 1157 laudibus
787 1096 1113 1154 extollamus
1143 1094 1261 1165 ejus
1307 1091 1686 1149 excellentiam

107 1195 431 1257 sanctitatis,
481 1191 699 1262 quando
746 1204 849 1245 nec
888 1187 1127 1243 adulatio
1155 1193 1307 1242 notat
1335 1184 1684 1248 laudantem,

109 1301 192 1343 nec
209 1284 378 1340 elatio
411 1291 586 1338 tentat
609 1280 907 1336 laudatum.
933 1277 1241 1333 Laudemus
1261 1282 1387 1348 post
1403 1287 1686 1330 emensum

108 1377 392 1449 periculurn
436 1377 551 1447 jam
603 1388 889 1439 securum;
941 1370 1221 1426 laudemus
1266 1367 1553 1434 victorem,
1592 1364 1687 1421 sed

109 1479 382 1541 postquam
412 1467 561 1522 venit
586 1463 653 1520 ad
692 1463 1046 1534 triumphum.
1077 1458 1314 1530 Operum
1342 1456 1460 1529 ejus
1493 1455 1690 1510 merita

110 1563 200 1631 iam
232 1562 287 1615 in
331 1569 452 1615 tuto
497 1558 672 1629 posita
702 1554 879 1612 securi
928 1552 1368 1625 magniﬁcemus;
1413 1548 1503 1619 qui
1538 1547 1691 1619 galea

111 1653 205 1722 spei
226 1660 282 1706 et
312 1657 479 1707 scuto
508 1648 637 1704 ﬁdei
675 1653 732 1703 et
759 1645 939 1716 gladio
968 1643 1120 1699 verbi
1152 1642 1247 1697 Dei
1278 1641 1465 1696 taudiu
1510 1638 1691 1693 infati-

112 1742 347 1815 gabiliter
375 1748 565 1797 contra
595 1738 879 1808 antiquum
923 1736 1134 1791 hostem
1164 1740 1406 1787 armatus
1440 1729 1687 1795 incessit,

1784 541 1976 607 Pater;
2008 556 2198 610 porcos
2224 542 2441 610 pavisti,
2473 550 2529 597 et
2560 542 2626 598 de
2654 541 2992 598 Hierusalem
3035 542 3373 602 descendens

1783 632 1837 687 in
1878 631 2119 686 latrones
2172 632 2441 697 incidisti,
2482 631 2573 702 qui
2610 631 2773 688 etiam
2813 632 3254 703 despoliaverunt
3296 642 3372 700 te,

1782 730 1837 777 et
1874 721 2045 793 plagis
2073 721 2339 791 impositis
2366 722 2613 777 abierunt
2641 722 2961 779 semivivum
2989 732 3041 778 te
3060 722 3375 795 relinquen-

1785 823 1883 870 tes.
1920 812 2027 868 Sed
2075 828 2178 867 non
2222 813 2437 884 reliquit
2491 813 2768 870 miseriam
2823 800 2971 869 tuam
2997 815 3378 873 misericordia

1785 902 2114 959 Samaritani
2153 902 2294 957 illius
2346 905 2437 975 qui
2490 902 2665 960 factus
2706 912 2790 961 est
2840 904 3000 962 nobis
3028 907 3299 979 sapientia
3342 922 3378 962 a

1784 994 1917 1062 Deo,
1948 1004 2001 1050 et
2022 994 2344 1065 juStilicatio
2372 1004 2426 1051 et
2456 997 2776 1067 redemptio,
2818 1000 2909 1071 qui
2936 1007 3160 1069 peccata
3190 1010 3376 1059 nostra

1784 1086 2008 1157 pertulit
2057 1086 2111 1140 in
2157 1098 2387 1157 corpore
2433 1101 2532 1143 suo
2575 1103 2737 1158 super
2773 1088 3000 1159 lignum,
3043 1098 3104 1145 ut
3136 1092 3379 1161 peccatis

1786 1177 2009 1244 mortui,
2031 1175 2255 1245 justitize
2283 1176 2550 1232 vivamus.
2590 1176 2691 1245 Qui
2737 1177 2869 1233 dicit
2914 1177 3109 1235 nobis:
3138 1178 3376 1246 Currite,

1785 1275 1842 1321 et
1870 1281 1972 1338 ego
1998 1266 2313 1338 perducam.
2341 1265 2399 1322 ln
2426 1282 2533 1338 qua
2557 1265 2770 1335 justitia
2800 1267 3066 1333 viventes,
3097 1269 3257 1341 positi
3283 1285 3374 1327 su-

1789 1371 1911 1412 mus
1940 1357 1993 1411 in
2024 1358 2110 1413 via
2149 1358 2216 1413 ad
2244 1357 2477 1428 patriam
2506 1357 2818 1425 redeuntes,
2845 1366 2902 1414 et
2924 1361 3003 1416 ad
3038 1359 3378 1417 Hierusalem

1788 1448 2066 1505 cmlestem
2100 1462 2219 1520 quae
2247 1449 2551 1505 aedificatur
2577 1458 2633 1505 ut
2659 1450 2851 1505 civitas
2875 1461 3202 1516 remeantes,
3225 1449 3380 1520 cujus

1789 1541 2135 1611 participatio
2164 1550 2247 1597 est
2272 1541 2327 1596 in
2358 1542 2612 1612 idipsum.
2641 1542 2816 1610 Quam
2841 1543 3126 1599 denuntiat
3151 1544 3386 1616 Aposto-

1790 1634 1875 1689 lus
1914 1635 2139 1688 liberam
2178 1642 2233 1689 et
2259 1641 2490 1688 matrem
2519 1633 2761 1689 omnium
2795 1643 3065 1701 nostrum,
3110 1632 3265 1704 cujus
3306 1635 3385 1693 ci-

1790 1726 1975 1781 vitatis
2005 1725 2255 1781 conditor
2291 1733 2345 1781 et
2371 1724 2566 1781 artifex
2598 1725 2765 1781 Deus.
2796 1724 2949 1793 Quae,
2991 1734 3052 1779 ut
3092 1725 3146 1779 in
3172 1725 3388 1795 Apoca-

112 1794 377 1909 ξιιουεηῃρ
407 1851 474 1893 eo
504 1794 973 1901 devicto-ejusque
1011 1828 1237 1900 pedibus
1276 1833 1547 1897 prostrato
1577 1794 1690 1879 me;
1719 1794 1764 1856 Β
1793 1816 1930 1887 lypsi
1962 1816 2176 1887 legitur,
2203 1832 2307 1869 non
2335 1825 2442 1884 eget
2464 1814 2660 1869 lumine
2682 1813 2828 1880 solis,
2841 1814 2933 1869 sed
2955 1794 3386 1871 DominusiDeus

106 1928 292 1982 ruisset
318 1925 571 1995 accipere
595 1922 829 1994 palmam
855 1928 1076 1976 αξιοι-ηπ
1106 1914 1581 1973 remunerationis.

170 2016 219 2070 2.
257 2016 418 2071 Illius
445 2029 600 2086 ergo,
623 2019 887 2082 quantum
913 2023 1224 2082 possumus,
1246 2005 1393 2063 omni
1437 2002 1695 2060 instantia

113 2107 344 2178 vestigiis
374 2105 712 2169 insistamus,
740 2101 939 2172 quibus
960 2116 1059 2172 per
1078 2108 1286 2156 arctam
1316 2096 1460 2151 viam
1483 2095 1551 2150 ad
1572 2093 1695 2150 caeli

115 2197 440 2252 latitudinem
473 2194 737 2251 festinans
761 2207 869 2264 qua
892 2206 1016 2249 eum
1045 2202 1404 2259 sequeremur
1428 2184 1689 2242 ostendit.

116 2287 270 2344 Hodie
297 2294 546 2357 optatam
577 2299 764 2340 vocem
802 2281 1163 2339 laudabilibus
1186 2278 1442 2351 operibus
1464 2274 1698 2346 acquisi-

119 2387 213 2435 tam
240 2379 440 2435 audire
469 2377 669 2432 meruit
709 2374 1011 2432 Salvatoris
1052 2388 1148 2429 ore
1190 2372 1495 2442 prolatam:
1529 2370 1696 2442 Euge,

119 2488 242 2526 serve
271 2472 407 2526 bone
434 2478 483 2524 et
512 2467 721 2537 ﬁdelis,
748 2468 874 2536 quia
921 2482 1080 2535 super
1118 2481 1289 2535 pauca
1325 2462 1474 2532 fuisti
1502 2460 1699 2530 ﬁdelis,

122 2580 260 2633 super
290 2560 462 2616 multa
489 2569 539 2614 te
564 2560 918 2622 constituam,
949 2559 1089 2612 intra
1111 2556 1165 2610 in
1194 2556 1447 2625 gaudium
1485 2552 1702 2607 Domini

122 2655 188 2708 uti
214 2652 435 2724 (blatta.
470 2665 599 2715 xxv,
629 2648 744 2721 23).
778 2647 1074 2716 Acceptum
1121 2646 1266 2700 enim
1303 2643 1565 2701 talentum
1612 2657 1700 2697 re-

126 2744 232 2798 tulit
260 2742 616 2814 geminatum.
643 2738 763 2795 Jam
791 2754 890 2809 per
921 2736 1080 2793 ﬁdem
1101 2736 1276 2805 gratia
1296 2733 1558 2799 salvatur,
1585 2731 1701 2804 gloc

125 2836 250 2889 riam
274 2832 495 2889 Domini
544 2830 855 2902 speculatur
893 2825 1310 2882 transformatus
1360 2824 1415 2879 in
1458 2824 1704 2880 eamdem

128 2926 424 2998 imaginem.
455 2924 577 2979 Jam
604 2924 750 2979 enim
771 2921 947 2977 hiems
977 2934 1357 2991 pressurarum
1389 2916 1626 2978 transiit,
1652 2923 1708 2970 et

131 3019 291 3074 imber
337 3014 751 3073 tribulationum
783 3011 1044 3077 recessit;
1078 3009 1192 3081 jam
1237 3006 1709 3064 indissociabiliter

133 3122 326 3167 eterno
356 3109 495 3165 fonti
543 3108 836 3173 iuhterens,
884 3102 1283 3161 inebriaturab
1318 3100 1567 3156 ubertate
1606 3099 1700 3153 do-

131 3219 241 3259 mus
268 3202 392 3268 Dei,
435 3211 488 3257 et
525 3210 765 3257 torrente
793 3196 1088 3267 voluptatis
1116 3211 1227 3251 suae
1264 3202 1416 3263 potat
1440 3208 1564 3248 eum
1597 3194 1702 3246 Do-

134 3297 303 3352 rrinus
332 3303 390 3351 et
416 3293 559 3351 bibit
584 3305 877 3363 perennem
898 3288 1292 3360 jucunditatem
1318 3285 1470 3356 juxta
1496 3282 1579 3338 sui
1617 3297 1708 3337 ca-

135 3389 434 3457 pacitatem.
468 3384 581 3440 Nec
606 3392 916 3439 nostrarum
962 3379 1301 3435 obliviscitur
1339 3375 1705 3440 miseriarum,

138 3491 246 3532 cum
272 3490 490 3547 semper
509 3474 656 3529 claro
675 3474 951 3529 intueatur
972 3468 1176 3524 lumine
1202 3466 1386 3522 omnia
1416 3465 1707 3530 videntem,

140 3576 189 3624 et
211 3566 500 3639 arquojure
523 3565 900 3635 disponentem
923 3577 989 3617 ac
1009 3561 1411 3616 moderantem.
1432 3556 1478 3611 Α
1500 3570 1710 3611 summo

140 3673 296 3729 usque
338 3658 410 3713 ad
456 3660 623 3713 imum
664 3662 870 3713 statum
899 3660 1275 3709 creaturarqu
1317 3657 1479 3717 atque
1507 3660 1575 3701 ex
1602 3644 1711 3699 alta

142 3764 255 3805 areo
271 3746 572 3819 respiciens
589 3746 695 3800 ima
721 3754 1015 3808 terrarum,
1040 3754 1198 3811 reges
1215 3736 1542 3801 tremendos,
1565 3748 1704 3805 quos

144 3842 398 3897 innumeri
428 3839 608 3910 populi
644 3844 912 3900 metuunt,
942 3834 1119 3890 cernit
1165 3830 1316 3887 velut
1360 3826 1577 3884 exsules
1628 3834 1714 3897 ty-

146 3947 348 3988 rannos.
384 3930 778 3998 Miseratusque
796 3939 1014 3982 errores
1040 3922 1309 3976 humanos
1345 3916 1546 3973 clamat
1567 3927 1716 3970 eom-

147 4026 388 4095 patientis
440 4024 637 4080 atl'ectu
687 4019 1034 4077 miserantis:
1064 4014 1110 4073 Ο
1143 4015 1387 4072 infelices
1430 4020 1488 4068 et
1529 4007 1716 4067 miseri

151 4118 300 4181 cives,
327 4132 432 4188 qua
480 4115 606 4170 itis?
638 4129 742 4169 non
773 4121 857 4167 est
896 4111 1013 4166 haec
1043 4109 1128 4164 via
1169 4122 1290 4178 quae
1327 4104 1474 4162 ducit
1507 4103 1576 4160 ad
1616 4116 1716 4173 pa-

154 4208 317 4273 triam,
349 4206 445 4262 sed
473 4218 595 4275 quae
622 4203 773 4258 ducit
803 4203 871 4256 ad
899 4198 1062 4269 impia
1093 4204 1316 4253 tartara.
1342 4194 1555 4257 Redite,
1581 4205 1719 4263 prte-

152 4298 483 4362 varieatores,
522 4295 591 4349 ad
616 4308 730 4358 cor,
763 4290 1054 4360 relinquite
1089 4289 1206 4344 vias
1236 4286 1466 4350 erroris,
1491 4293 1548 4338 et
1570 4283 1720 4337 vive—

156 4387 233 4443 tis.
260 4388 396 4454 Quid
432 4397 588 4442 extra
622 4382 863 4455 qumritis
890 4379 1067 4437 obtusi
1095 4378 1337 4435 excitate
1367 4373 1597 4438 mentis,
1630 4372 1710 4425 in-

158 4484 228 4531 tra
264 4493 353 4533 vos
380 4477 613 4548 positam
641 4472 1055 4544 perpetuitatem
1083 4465 1478 4525 beatitudinis?
1507 4464 1553 4520 si
1582 4463 1720 4548 bene

159 4543 593 4636 querere-vultis,
617 4543 756 4620 intra
783 4578 877 4619 vos
902 4561 1153 4632 qumritc,
1182 4560 1259 4615 ibt
1287 4556 1594 4621 invenietis,
1611 4543 1721 4609 ubi

163 4651 345 4707 invenit
368 4652 463 4722 qui
513 4650 690 4705 dixit:
735 4648 864 4703 Ilwc
910 4648 1214 4703 recordatus
1243 4659 1359 4699 sum
1388 4652 1436 4697 et
1473 4640 1636 4711 effudi
1669 4641 1724 4694 in

162 4758 231 4796 nte
254 4745 479 4798 animum
505 4756 697 4805 meam,
736 4738 982 4811 quoniam
1016 4735 1248 4791 transibo
1277 4735 1331 4788 in
1358 4733 1531 4788 locum
1553 4731 1725 4785 taber—

165 4833 319 4887 naculi
343 4831 671 4888 admirabilis
700 4846 861 4901 usque
885 4828 954 4883 ad
974 4828 1188 4882 domum
1216 4825 1310 4879 Dei
1331 4826 1386 4878 in
1409 4838 1530 4878 voce
1550 4818 1727 4877 exsul-

167 4921 356 4975 tationis
403 4930 452 4975 et
501 4918 842 4989 confessionis
877 4914 1050 4989 (Psal.
1090 4930 1200 4982 xu,
1242 4913 1320 4985 5),
1359 4911 1450 4967 ubi
1478 4918 1563 4967 est
1599 4922 1728 4965 vera

171 5008 241 5065 lux
268 5012 503 5079 luminis,
526 5026 690 5082 quam
722 5025 826 5064 non
859 5021 1084 5079 possunt
1114 5006 1329 5061 fuscare
1360 5004 1597 5060 tenebrae
1636 5015 1729 5055 er-

173 5102 308 5158 roris.
362 5102 512 5159 Hanc
547 5103 855 5172 quicunque
896 5099 1079 5155 videre
1127 5095 1423 5159 meruerit,
1472 5092 1731 5149 candidos

175 5192 282 5251 solis
304 5196 481 5251 radios
517 5193 753 5266 negabit.
783 5191 862 5247 lbi
902 5189 1188 5246 invenietis
1218 5195 1273 5243 et
1309 5184 1540 5240 audietis
1574 5183 1731 5239 Chri-

178 5296 300 5340 stum
324 5287 588 5343 dtcentem
621 5302 634 5338 :
669 5284 781 5355 Ego
805 5298 923 5337 sum
953 5281 1068 5344 lux,
1095 5296 1194 5351 ego
1241 5294 1358 5334 sum
1405 5277 1510 5331 via.
1539 5275 1646 5331 Sed
1683 5274 1729 5330 si

182 5392 339 5432 aurem
380 5379 558 5433 cordis
610 5373 989 5445 apposueritis,
1039 5372 1356 5443 prophetam
1397 5368 1553 5439 longe
1609 5375 1769 5422 ante.

185 5483 312 5524 novae
334 5470 518 5541 gratia:
549 5478 787 5539 tempora
817 5473 1214 5537 prmconantcm
1237 5505 1252 5529 ,
1284 5470 1339 5516 et
1367 5470 1488 5531 post
1529 5468 1735 5529 tergum

188 5575 462 5619 mouentem
489 5583 502 5617 :
532 5561 661 5617 ch
689 5562 790 5626 via,
815 5559 1080 5613 ambulate
1120 5558 1173 5612 in
1200 5576 1262 5613 ea
1288 5598 1302 5622 ,
1334 5571 1496 5625 neque
1520 5555 1587 5607 ad
1614 5553 1740 5605 sini-

188 5659 326 5706 stram
352 5653 664 5708 declinantes
718 5650 872 5724 (lsai.
903 5666 1032 5712 xxx,
1075 5648 1184 5719 Η).
1225 5648 1352 5702 Ηωε
1382 5646 1501 5711 via,
1536 5644 1602 5699 de
1633 5658 1741 5712 qua

190 5741 352 5807 procul
379 5743 639 5800 aberrasti
665 5752 721 5797 et
741 5741 919 5797 factus
942 5756 1002 5796 es
1032 5736 1125 5793 tibi
1155 5736 1256 5809 ipsi
1285 5735 1435 5805 regio
1462 5732 1741 5804 egestatis,

1792 1905 2060 1959 illuminat
2091 1921 2232 1972 eam,
2261 1913 2307 1958 et
2337 1902 2553 1958 lucerna
2580 1902 2696 1972 ejus
2724 1912 2800 1957 est
2830 1902 3010 1973 Agnus
3050 1903 3234 1974 (Apoc.
3265 1918 3386 1970 κει,

1793 1995 1907 2063 25).
1939 1994 2035 2050 Cui
2066 1995 2407 2064 suspiramus
2445 1992 2690 2049 nolentes
2719 1992 3035 2062 exspoliari,
3070 1993 3166 2049 sed
3198 2007 3387 2064 super.

1793 2083 1980 2141 vestiri
2008 2092 2066 2138 ut
2092 2083 2452 2139 absorbeatur
2471 2081 2615 2152 quod
2644 2081 2871 2137 mortale
2896 2093 2980 2137 εει
3000 2096 3033 2136 a
3056 2083 3189 2136 vita.

1850 2175 1921 2230 ὃ.
1964 2173 2070 2232 Sed
2102 2174 2154 2227 in
2191 2173 2294 2229 hae
2316 2173 2545 2245 justitia:
2576 2172 2687 2238 via,
2712 2188 2815 2242 qua
2847 2172 3006 2238 imus,
3035 2172 3280 2244 plurima:
3301 2172 3387 2228 in-

1802 2265 1957 2321 sidiaa
1985 2272 2037 2320 et
2059 2265 2236 2335 laquei
2278 2265 2599 2335 ingeruntur
2622 2263 2776 2318 nobis
2800 2278 2829 2317 a
2858 2246 3393 2333 desertoribusdejus-

1799 2357 1923 2413 dem
1952 2371 2124 2411 sacrae
2151 2356 2358 2411 militiae
2386 2354 2593 2428 angelis
2617 2354 2853 2421 Satanae,
2879 2356 3076 2426 quibus
3104 2356 3247 2411 Deus
3268 2369 3394 2426 pec-

1801 2448 2053 2504 cantibus
2083 2462 2191 2503 non
2226 2447 2489 2519 pepercit,
2515 2454 2573 2501 ut
2604 2446 2681 2501 ait
2701 2445 2914 2511 Petrus,
2951 2445 3046 2501 sed
3074 2445 3393 2501 rudentibus

1803 2538 1999 2594 inferni
2030 2539 2302 2594 detractos
2350 2538 2404 2593 in
2447 2546 2731 2603 tartarum,
2763 2537 2818 2592 in
2850 2535 3046 2595 iudicio
3079 2536 3257 2607 magni
3292 2536 3391 2592 Dei

1803 2626 2126 2697 cruciandos
2173 2627 2490 2705 reservavit.
2522 2628 2699 2694 Quare
2744 2626 2884 2681 sicut
2919 2625 3003 2681 leo
3039 2624 3259 2696 rugiens
3285 2624 3385 2680 cir-

1805 2726 2083 2780 cumeunt.
2115 2724 2421 2787 quaerentes
2446 2731 2605 2786 quem
2632 2715 2912 2778 devorent,
2938 2723 3050 2768 uta
3082 2714 3168 2768 via
3198 2712 3396 2769 verita-

1807 2810 1876 2863 tis
1906 2807 2251 2863 abstraliant.
2285 2807 2487 2862 Contra
2518 2820 2657 2877 quos
2697 2804 2895 2861 bellum
2926 2804 3260 2859 inexorabile
3294 2820 3395 2861 no-

1805 2901 1891 2956 bis
1915 2909 1999 2956 est
2025 2900 2319 2972 agendum,
2348 2898 2473 2967 quia
2498 2911 2603 2951 non
2632 2904 2715 2952 est
2750 2895 2907 2951 nobis
2950 2894 3259 2952 colluctatio
3297 2894 3397 2951 ad-

1808 3008 1999 3050 versus
2043 3008 2266 3047 carnem
2298 3000 2352 3048 et
2402 2990 2741 3062 sanguinem,
2793 2990 2891 3046 sed
2920 2990 3179 3045 adversus
3210 2989 3396 3047 mundi

1813 3092 2051 3139 rectores
2081 3084 2424 3138 tenebrarum
2454 3082 2669 3145 harum,
2702 3091 2889 3135 contra
2919 3077 3179 3149 spiritalia
3210 3078 3400 3148 nequi-

1811 3176 1899 3230 tia:
1946 3176 2000 3230 in
2050 3173 2386 3230 C(BlCSltblIS.
2445 3172 2521 3227 Ne
2564 3187 2695 3243 ergo
2750 3171 3065 3227 deﬁciamus
3111 3170 3166 3225 in
3211 3185 3397 3225 eorum

1810 3265 2086 3330 conﬂictu,
2116 3274 2173 3319 et
2207 3264 2486 3333 capiamur
2518 3277 2705 3318 eorum
2737 3260 2961 3332 laqueis,
2991 3269 3216 3330 paratur
3243 3259 3401 3323 nobis

1812 3373 2000 3439 mensa
2037 3357 2088 3412 in
2125 3356 2214 3411 via
2251 3356 2369 3424 ejus
2399 3364 2600 3411 nostra;
2625 3353 3399 3425 peregrinationis.variarum

1809 3465 1970 3520 opum
2010 3450 2209 3504 referta
2251 3447 2484 3513 deliciis,
2520 3461 2683 3503 omne
2717 3447 2924 3501 habens
2948 3447 3402 3502 delcctameulum

1812 3552 1866 3613 et
1896 3540 2225 3593 suavitatem
2253 3538 2431 3592 omnis
2473 3537 2708 3607 saporis.
2739 3534 2843 3592 Sed
2869 3536 3135 3607 prmtinita
3175 3545 3229 3590 et
3264 3551 3403 3605 prte-

1812 3631 2012 3700 scripta
2043 3639 2128 3686 est
2158 3630 2242 3684 lex
2271 3630 2525 3687 omnibus
2554 3628 3023 3684 aceumbentibus.
3047 3628 3128 3682 Ad
3157 3642 3400 3683 mensam

1814 3734 2085 3791 magnam,
2117 3718 2312 3789 inquit,
2348 3718 2534 3773 sedisti
2564 3716 2757 3789 (Eccli.
2790 3733 2938 3777 x-xxt.
2967 3717 3076 3787 12),
3120 3718 3401 3774 considera

1813 3825 1931 3880 qua:
1962 3816 2307 3878 apponuntur
2338 3805 2457 3871 tibi,
2491 3805 2670 3861 sciens
2704 3806 2961 3877 quoniam
2989 3806 3113 3860 talia
3149 3815 3200 3860 te
3237 3821 3403 3876 opor-

1818 3909 1893 3955 tet
1922 3912 2250 3969 praeparare.
2279 3896 2418 3952 Ecce
2444 3904 2625 3950 autem
2653 3909 2684 3951 e
2713 3894 2882 3949 latere
2902 3895 3031 3950 hinc
3058 3894 3179 3949 inde
3202 3893 3404 3964 palam,

1816 3990 1944 4045 hinc
1983 3989 2106 4044 inde
2141 3987 2386 4058 plurima:
2431 3985 2668 4041 latenter
2709 3985 2999 4055 insurgunt
3045 3990 3313 4039 vanitates
3351 3992 3407 4037 et

1818 4079 2112 4136 mortifera:
2134 4079 2430 4135 suavitates
2452 4085 2508 4131 et
2535 4075 2943 4132 delectationes.
2971 4072 3075 4129 Sed
3115 4074 3245 4144 quid
3274 4073 3408 4128 dicit

1823 4167 2109 4227 Psalmus?
2151 4166 2521 4222 Narrarerunt
2555 4164 2685 4218 mihi
2723 4164 2889 4235 iniqui
2914 4160 3285 4233 fabulationes,
3314 4162 3411 4216 sed

1820 4279 1923 4316 non
1951 4262 2082 4315 sicut
2122 4258 2208 4313 lex
2239 4257 2335 4313 Dei
2366 4255 2542 4329 (Psal.
2574 4271 2770 4321 cxvut,
2795 4254 2911 4325 ‘25),
2941 4270 3062 4326 qua:
3090 4253 3259 4309 dicit:
3295 4250 3409 4307 No-

1820 4351 1910 4405 lite
1940 4350 2154 4419 diligere
2189 4348 2443 4402 mundum
2476 4363 2639 4418 neque
2674 4362 2736 4400 ea
2773 4361 2892 4416 qua:
2932 4346 2989 4399 in
3024 4332 3407 4419 mundo'sunt,

1823 4442 1945 4512 quia
1968 4456 2119 4494 omne
2140 4440 2278 4511 quod
2296 4440 2348 4492 in
2372 4438 2564 4491 mundo
2584 4447 2660 4490 est
2688 4417 3112 4504 concupiscentia
3133 4431 3409 4487 oculorum

1825 4542 1873 4587 et
1908 4530 2151 4602 superbia
2191 4530 2309 4584 vim:
2340 4528 2389 4600 (Ι
2418 4527 2581 4581 Joan.
2614 4542 2673 4592 ll,
2707 4525 2791 4591 l5,
2824 4524 2931 4594 16).
2969 4523 3255 4579 Contiuete
3283 4538 3415 4593 ergo

1827 4637 1926 4676 vos
1970 4619 2039 4673 ab
2086 4617 2309 4673 immani
2340 4616 2559 4672 feritate
2598 4615 2866 4684 superbiae
2909 4621 2965 4668 et
3009 4613 3078 4667 ab
3121 4613 3278 4667 inerti
3320 4627 3416 4665 vo-

1831 4714 2035 4784 luptate
2070 4710 2300 4766 luxuriat
2327 4718 2381 4765 et
2407 4723 2438 4762 a
2465 4707 2783 4764 curiositate
2821 4704 2945 4761 falsi
2973 4704 3209 4760 nominis
3237 4703 3415 4758 scicn-

1834 4806 1941 4860 tiae.
1979 4803 2167 4859 Videte
2205 4817 2275 4857 ne
2304 4799 2648 4870 decipiamini
2678 4813 2778 4854 nec
2812 4796 3098 4851 fallamini.
3140 4794 3417 4865 Optimum

1836 4904 1921 4951 est
1945 4894 2091 4950 enim
2121 4892 2293 4964 gratia
2316 4889 2543 4947 stabiliri
2575 4904 2690 4953 cor,
2717 4902 2823 4943 non
2848 4886 2988 4942 escis
3010 4900 3130 4956 quin
3159 4900 3263 4940 non
3293 4898 3419 4953 pro-

1835 4983 2055 5042 fuerunt
2098 4982 2497 5039 ambulantibus
2531 4982 2585 5035 in
2621 4980 2723 5035 eis.
2768 4975 2944 5033 Nolite
2988 4977 3143 5032 vobis
3185 4975 3421 5031 inaniter

1833 5076 2151 5148 promittere
2179 5071 2585 5130 diuturnitatem
2613 5070 2758 5125 vitae.
2787 5069 2917 5136 Quae
2955 5074 3039 5123 est
3071 5067 3215 5122 enim
3249 5064 3419 5136 gloria

1834 5167 2055 5225 vestra?
2092 5167 2267 5235 Vapor
2290 5171 2377 5219 est
2404 5163 2471 5218 ad
2501 5160 2773 5217 modicum
2807 5174 3023 5230 parens,
3050 5157 3303 5225 deinceps
3326 5168 3422 5208 cx-

1834 5259 2232 5319 terminabitur.
3410 5248 3413 5251 λ

1880 5353 1961 5408 ’4.
2001 5352 2058 5406 1η
2086 5353 2189 5406 hac
2219 5349 2303 5404 via
2339 5346 2679 5403 ambulantes
2718 5351 2897 5401 tenete
2918 5337 3222 5410 justitiam;
3259 5350 3422 5406 quam

1839 5463 1963 5504 cum
1996 5445 2149 5501 nobis
2186 5441 2561 5514 preposuisset
2609 5436 2861 5494 Salvator
2908 5430 3264 5494 servandam,
3316 5427 3425 5483 tria

1843 5535 2216 5594 tantummodo
2240 5535 2295 5588 in
2321 5530 2672 5587 exsecutione
2692 5526 2810 5596 ejus
2832 5527 3154 5597 prosecutus
3175 5524 3279 5584 est,
3301 5532 3427 5572 ora-

1847 5634 2043 5688 tionem
2058 5629 2293 5692 scilicet,
2309 5625 2708 5693 clcemosyuam
2726 5628 2781 5674 et
2791 5615 3092 5687 jejunium;
3117 5610 3169 5666 in
3183 5610 3428 5665 oratione

1849 5733 2155 5779 monstrans
2175 5732 2365 5777 omnes
2386 5715 2601 5786 regulas
2622 5710 2794 5765 sancti
2822 5703 3098 5764 desiderii.
3122 5702 3259 5757 Tota
3282 5696 3428 5753 enim
