3918 6316
550 318 675 397 199

1424 340 1716 399 APPEND.
1756 342 1852 398 AD
1888 341 2059 401 SEC.
2099 340 2167 398 Χ.
2200 376 2267 386 -
2304 345 2530 403 OPERA
2571 358 2963 409 ΔΔΕΣΠΟΤΙΚΑ.

3676 365 3759 420 200

549 451 661 507 vita
707 446 824 506 veri
878 448 1176 505 Christiani
1225 459 1477 505 sanctum
1526 462 1611 507 est
1655 443 2020 517 desiderium;
2081 453 2136 508 in
2165 442 2212 500 Δ
2241 460 2386 516 cun"
2420 462 2696 518 nun-iebat
2722 473 2780 519 ει
2825 462 3142 518 insumebat
3173 474 3357 520 eorum
3386 460 3617 538 “mam
3643 473 3759 533 dim

545 541 893 611 eleemosyna
934 554 1151 594 omnem
1198 539 1584 609 benignitatem
1612 550 1668 595 et
1699 540 2136 597 beneficientiam

542 631 842 686 ostendens
876 629 931 683 in
960 628 1153 683 dandis
1194 629 1475 684 benehciis
1502 639 1557 683 et
1588 630 1933 701 ignoscendis
1977 629 2033 685 in
2078 644 2138 687 se

546 719 760 774 delictis
783 719 851 774 ab
874 717 995 773 aliis
1017 717 1347 781 commissis,
1363 718 1768 788 quamprimum
1792 734 1822 772 a
1844 718 2137 789 semetipso

544 808 705 865 debet
723 808 901 863 omnis
929 809 1199 876 accipere.
1231 805 1509 876 Scriptum
1538 815 1622 861 est
1651 807 1798 861 enim
1835 824 1848 860 :
1884 805 2137 861 Miserere

543 902 738 955 anima:
764 910 898 965 tuae,
929 899 1138 968 placens
1164 897 1272 953 Deo
1304 896 1493 968 (Eccli.
1523 914 1667 963 xxx,
1697 897 1810 969 24).
1834 897 1891 952 1η
1928 897 2135 968 jejunio

543 1009 676 1049 vero
708 993 995 1049 insinuans
1020 1006 1237 1049 omnem
1266 992 1515 1061 corporis
1547 991 1983 1062 castigationem,
2016 1006 2135 1060 qua:

543 1086 605 1140 fit
650 1086 886 1142 maxime
917 1086 968 1139 in
1006 1085 1220 1139 cunctis
1264 1082 1611 1153 passionibus
1648 1082 1845 1136 anima:
1891 1081 2134 1150 compri-

543 1177 773 1234 mendis.
796 1170 1076 1231 Attendite
1097 1174 1252 1244 quasi
1278 1168 1331 1227 in
1362 1172 1618 1243 prmsenti
1644 1172 1823 1243 posito
1844 1183 2131 1241 patronum

540 1279 785 1325 vestrum
815 1260 1123 1320 monentem
1154 1276 1288 1327 vos,
1337 1272 1394 1318 et
1434 1262 1501 1316 ad
1545 1260 1892 1333 percipienda
1929 1262 2132 1315 exhor-

541 1370 745 1415 tantem
774 1367 1034 1428 perpetua
1067 1357 1291 1425 preemia
1326 1373 1337 1408 :
1368 1353 1557 1410 Estote
1589 1356 1732 1409 sicut
1763 1364 1818 1408 et
1845 1366 1979 1427 ego;
2019 1352 2129 1408 Nu-

539 1448 636 1504 lite
666 1448 881 1503 causari
911 1448 976 1502 de
1008 1445 1354 1510 fortitudine,
1386 1445 1529 1499 unde
1558 1459 1658 1514 ego
1693 1443 1880 1513 potui,
1915 1449 1970 1496 et
2008 1457 2127 1510 vos,

539 1542 586 1596 si
620 1540 813 1605 vultis,
842 1536 1091 1609 potestis.
1122 1534 1310 1605 Neque
1342 1535 1487 1590 enim
1522 1549 1549 1588 a
1581 1550 1670 1589 me
1700 1548 1801 1603 ego
1832 1533 2131 1603 quidquam

536 1630 718 1700 potui;
750 1643 907 1700 posse
934 1641 1065 1680 vero
1093 1640 1273 1679 meum
1302 1624 1370 1677 ab
1401 1623 1495 1677 illo
1534 1622 1633 1676 fuit
1663 1622 1756 1692 qui
1786 1621 1923 1675 dixit
1954 1638 1967 1674 :
2002 1619 2131 1675 Sine

536 1735 619 1772 me
664 1716 795 1771 nihil
843 1714 1056 1787 potestis
1084 1714 1258 1783 facere
1289 1709 1471 1784 (Joan.
1504 1728 1591 1774 xv,
1624 1710 1701 1779 5).
1756 1710 1813 1765 Si
1859 1710 1950 1780 qui
1999 1724 2129 1780 ergo

535 1807 669 1862 estis
715 1805 806 1876 qui
839 1805 905 1859 ad
936 1802 1324 1875 perfectionem
1382 1802 1635 1868 tenditis,
1667 1801 2125 1872 perseverantiam
2158 1794 2202 1852 B

536 1899 590 1951 itt
621 1896 779 1951 bonis
804 1895 1058 1965 operibus
1089 1909 1119 1947 a
1149 1892 1312 1946 Patre
1344 1891 1607 1946 luminum
1643 1891 1975 1961 quotidianis
2005 1905 2131 1959 pre-

534 1988 688 2043 cibus
720 1985 931 2057 poscite
951 2025 967 2051 ,
1004 1992 1166 2056 atque
1216 1983 1320 2038 hoc
1355 1983 1564 2054 agendo
1593 1981 1850 2037 confidite
1900 1996 2004 2035 non
2035 1995 2129 2034 vos

532 2096 656 2136 esse
682 2078 888 2133 alienos
914 2077 981 2131 ab
1001 2075 1272 2130 electione
1303 2074 1621 2138 electorum,
1646 2088 1783 2143 quos
1811 2071 1977 2141 elegit
2002 2080 2129 2125 ante

532 2167 725 2226 mundi
756 2164 1202 2222 Constitutionem
1221 2205 1235 2230 ,
1274 2173 1333 2219 ut
1359 2173 1544 2231 essent
1572 2162 1747 2218 sancti
1778 2171 1833 2218 et
1862 2163 2128 2218 immacu-

535 2260 632 2315 lati
680 2261 733 2313 in
778 2267 1068 2328 conspectu
1121 2257 1258 2327 ejus.
1310 2256 1467 2311 Absit
1503 2266 1686 2310 autem
1733 2271 1764 2309 a
1806 2255 1956 2309 vobis
2005 2254 2127 2309 ideo

530 2346 828 2424 desperare
858 2352 923 2407 de
970 2350 1158 2419 vobis,
1190 2347 1317 2419 quia
1366 2364 1517 2418 spem
1548 2356 1787 2403 vestram
1819 2347 1872 2400 in
1902 2346 1993 2402 illo
2023 2346 2121 2401 ha-

528 2445 660 2501 bere
703 2443 1072 2516 jubeminiet
1124 2457 1230 2497 non
1284 2441 1338 2496 in
1386 2440 1562 2497 vobis.
1617 2437 1939 2495 Maledictus
1979 2439 2122 2494 enim

526 2538 706 2594 omnis
733 2537 827 2608 qui
875 2536 1103 2592 confidit
1148 2536 1203 2590 in
1246 2533 1469 2590 homine
1499 2540 1556 2589 et
1582 2548 1613 2588 a
1644 2532 1874 2588 Domino
1919 2528 2125 2585 recedit

526 2644 623 2685 cor
638 2628 774 2698 ejus.
799 2627 1126 2683 Benedictus
1140 2634 1321 2680 autem
1336 2625 1418 2679 vir
1445 2623 1535 2695 qui
1564 2623 1784 2679 conlidit
1806 2623 1860 2676 in
1877 2621 2121 2686 Domino,

527 2732 583 2776 et
613 2723 717 2777 erit
748 2722 1007 2776 Dominus
1034 2718 1227 2773 fiducia
1273 2717 1425 2788 ejus,
1472 2718 1600 2789 quia
1631 2719 1833 2773 bonum
1864 2725 1949 2771 est
1985 2730 2120 2771 con-

526 2810 695 2868 lidere
724 2813 779 2868 in
810 2812 1063 2867 Domino.
1110 2809 1250 2877 Quid
1279 2824 1408 2864 vero
1453 2808 1631 2865 adhuc
1672 2809 1729 2864 in
1771 2816 2122 2879 peccatorum

524 2902 912 2964 damnabilinm
928 2900 1286 2965 remoramini
1310 2900 1709 2957 delectatione?
1729 2898 2122 2971 apprehendite

524 2992 941 3055 saluberrimam
969 2992 1199 3049 salutem
1228 3000 1283 3048 et
1309 2993 1678 3063 disciplinam,
1714 3000 1770 3047 et
1797 2991 1996 3046 servite
2015 2990 2120 3045 Do-

524 3086 680 3147 mino,
706 3085 759 3138 in
792 3067 985 3139 timore
1005 3092 1079 3149 ,et
1104 3083 1375 3139 exsultate
1404 3084 1454 3138 ei
1486 3084 1540 3137 in
1575 3091 1830 3139 tremore.
1856 3081 1924 3136 Et
1952 3079 2120 3135 nolite

523 3164 852 3248 praesumere
881 3176 948 3231 de
978 3175 1158 3239 vobis,
1203 3189 1304 3230 nec
1351 3174 1534 3230 velitis
1577 3173 1800 3245 gloriari
1845 3172 1998 3243 quasi
2052 3172 2118 3226 de

524 3268 782 3339 operibus
810 3268 1039 3333 vestris;
1073 3267 1168 3323 sed
1204 3267 1295 3339 qui
1338 3267 1625 3338 gloriatur,
1663 3281 1771 3321 non
1806 3266 1876 3336 in
1919 3280 1977 3321 se
2004 3264 2118 3337 glo-

525 3359 717 3425 rietur,
740 3357 907 3428 sedjin
930 3356 1157 3412 Domino
1177 3357 1270 3427 qui
1293 3357 1441 3413 dedit
1461 3357 1614 3413 vobis
1632 3366 1688 3413 et
1707 3356 1845 3413 velle
1865 3367 1919 3412 et
1936 3371 2113 3428 posse.

522 3450 625 3506 Cui
650 3450 880 3505 dicimus
901 3464 1023 3504 cum
1050 3449 1314 3519 propheta
1347 3465 1361 3504 :
1390 3446 1582 3504 Omnia
1605 3465 1761 3517 opera
1786 3458 1963 3503 nostra
1990 3464 2115 3518 ope-

523 3551 671 3596 ratus
695 3550 767 3595 est
791 3540 846 3594 in
867 3540 1012 3594 nobis
1035 3538 1190 3612 (lsai.
1220 3553 1372 3605 xxvr,
1398 3539 1508 3611 12).
1533 3540 1600 3595 Et
1626 3539 1747 3596 ideo
1774 3543 1826 3595 in
1859 3538 2005 3596 nullo
2031 3548 2116 3596 est

521 3632 862 3703 gloriandum
896 3631 1112 3701 quando
1143 3640 1391 3686 nostrum
1425 3630 1562 3685 nihil
1591 3639 1709 3697 est,
1741 3630 1868 3699 quia
1895 3646 2003 3685 non
2030 3638 2114 3687 est

523 3726 577 3780 in
607 3731 877 3797 potestate
909 3731 1097 3778 nostra
1131 3737 1228 3778 cor
1262 3734 1509 3778 nostrum
1545 3731 1601 3778 et
1636 3731 1839 3778 nostra:
1881 3737 2111 3795 congre-

522 3817 780 3887 gationis,
808 3815 903 3871 sed
932 3831 963 3869 a
993 3815 1222 3871 Domino
1249 3830 1468 3888 gressus
1502 3816 1671 3871 nostri
1698 3816 2025 3888 diriguntur,
2054 3822 2114 3869 ut

522 3908 664 3961 viam
693 3904 809 3974 ejus
837 3905 1089 3960 velimus.
1137 3904 1252 3959 Hoc
1301 3903 1689 3971 crediderunt,
1734 3902 1838 3961 hoc
1866 3911 2114 3977 .egerunt

523 3996 832 4068 quicunque
859 3994 927 4049 ab
958 3994 1116 4049 initio
1146 3995 1260 4049 Deo
1289 3993 1633 4064 placuerunt.

591 4087 646 4143 5.
687 4086 802 4143 Hoc
835 4095 890 4142 et
934 4087 1038 4143 iste
1080 4094 1307 4142 sanctus
1353 4086 1518 4141 Pater
1552 4095 1740 4142 noster
1769 4087 2110 4149 indubitabili

522 4186 703 4234 mente
728 4178 992 4243 credidit,
1021 4186 1078 4232 et
1102 4176 1287 4231 verbis
1317 4176 1533 4242 docuit,
1564 4185 1619 4232 et
1648 4192 1819 4246 usque
1848 4178 1915 4234 ad
1946 4178 2108 4233 linem

522 4269 634 4324 suis
656 4269 910 4339 operibus
930 4268 1191 4323 servavit.
1218 4268 1402 4340 Neque
1427 4270 1572 4325 enim
1600 4271 1758 4327 aliter
1782 4284 1965 4343 posset
1988 4290 2109 4331 esse

2143 3144 2189 3209 C

522 4369 782 4427 sanctus,
830 4360 985 4430 cujus
1030 4362 1339 4433 prosapiam
1371 4364 1618 4432 generis,
1674 4368 1922 4436 quamvis
1971 4369 2143 4424 bene-

523 4462 649 4508 nota
678 4453 749 4508 sit
789 4454 1069 4521 omnibus,
1108 4456 1260 4512 vobis
1296 4457 1422 4513 huic
1458 4461 1670 4530 pagina:
1701 4462 1829 4515 duxi
1862 4463 2104 4520 inserere
2131 4495 2183 4555 Β

523 4553 578 4601 et
605 4546 674 4600 ab
697 4545 810 4615 ipsa
832 4545 949 4616 ejus
970 4547 1203 4618 pueritia
1234 4549 1498 4621 insignem
1527 4552 1783 4623 pietatem
1808 4563 1864 4611 et
1890 4571 2102 4615 morum

521 4636 848 4706 probitatem
895 4654 1138 4695 narrare.
1187 4639 1378 4697 Traxit
1432 4652 1612 4700 autem
1658 4662 1830 4718 genus
1876 4648 1946 4704 ab
1993 4649 2103 4707 alto

523 4726 783 4794 eattguine
839 4741 1043 4796 regum.
1117 4727 1286 4798 Cujus
1335 4748 1469 4788 avus
1526 4733 1829 4793 Clodoveus
1877 4752 2102 4810 regnum

522 4816 855 4872 Francorum
886 4818 1139 4875 nobiliter
1185 4837 1377 4895 regens
1399 4864 1413 4890 ,
1456 4825 1683 4892 pulchre
1727 4829 2019 4898 disponens
2048 4842 2104 4888 et

520 4908 946 4973 ordinans,eum
970 4908 1212 4968 Parisius
1235 4928 1398 4969 cursu
1420 4916 1544 4972 vita:
1568 4932 1680 4974 suae
1703 4919 1915 4990 expleto
1938 4922 2102 4978 linem

521 4998 734 5053 vivendi
760 4997 995 5067 fecisset,
1020 5000 1240 5071 reliquit
1263 5004 1317 5059 in
1342 5020 1508 5076 regno
1531 5007 1813 5081 conjugem
1843 5013 2103 5071 vocabulo

521 5088 840 5154 Clotildem,
887 5105 1009 5146 eum
1057 5091 1231 5148 tribus
1297 5096 1422 5151 filiis
1487 5096 1765 5158 Clothario
1819 5103 2099 5169 videlicet.

522 5177 899 5271 Childeberto,
953 5188 1117 5250 atque
1169 5182 1526 5254 Clodomero,
1577 5189 1774 5259 quibus
1823 5193 2102 5271 dispositis

521 5269 859 5340 portionibus
886 5271 1071 5328 divisit
1098 5276 1471 5347 monarchiam
1497 5280 1578 5334 sui
1605 5283 1960 5353 principatus.
1992 5287 2102 5345 Sed

521 5361 875 5419 Clodomerus
922 5366 1136 5435 genitor
1186 5368 1345 5437 hujus
1393 5371 1564 5425 sancti
1611 5372 1949 5433 confessoris
1977 5378 2099 5435 Clo-

523 5451 737 5518 doaldi,
785 5453 871 5510 cui
920 5466 1067 5511 sorte
1112 5468 1353 5513 cesserat
1383 5459 1721 5531 Burgundia,
1776 5482 1881 5521 non
1933 5470 2099 5526 multo

523 5552 647 5611 post
669 5541 989 5611 defunctus,
1014 5554 1069 5600 et
1101 5546 1215 5617 ipse
1247 5558 1358 5604 tres
1402 5551 1618 5620 reliquit
1665 5554 1826 5611 filios.
1856 5557 2098 5625 Quorum

527 5636 668 5690 unus
695 5637 988 5692 vocabatur
1032 5638 1371 5697 Theodaldus
1392 5681 1407 5707 ,
1439 5643 1577 5700 alter
1623 5645 1916 5706 Contarius
1949 5693 1963 5717 ,
1994 5662 2102 5709 ter-

527 5726 634 5782 tius
684 5743 815 5784 vero
859 5728 1029 5788 isdem
1074 5731 1421 5795 Clodoallus.
1470 5737 1619 5806 Quos
1657 5744 1804 5817 regio
1852 5763 2004 5806 more
2044 5762 2101 5808 et

2240 552 2452 622 regina,
2478 554 2704 624 cupiens
2733 570 2827 611 eos
2864 555 2982 611 loco
3010 554 3106 611 lilii
3133 556 3188 611 in
3219 555 3482 629 fastigium
3511 563 3761 624 sublimare

2239 644 2417 713 regni.
2450 643 2557 698 Sed
2587 660 2682 714 Spe
2722 660 2820 699 sua
2848 645 3104 701 frustrata
3135 656 3218 701 est
3248 646 3430 702 fraude
3482 649 3687 708 filiorum
3710 655 3765 711 de

2237 732 2604 788 innocentium
2629 735 2774 789 cmde
2798 736 3169 790 tractantium.
3203 736 3435 806 Denique
3457 754 3568 793 cum
3586 741 3763 799 Childe-

2234 819 2425 875 hertus
2474 822 2737 878 resideret
2787 822 3043 889 Parisiis,
3091 839 3249 878 suasu
3294 827 3494 895 antiqui
3538 833 3766 898 serpentis

2236 911 2559 980 instigatus,
2592 926 2652 967 ut
2699 929 2924 984 regnum
2953 912 3142 968 fratris
3189 913 3425 968 defuncti
3456 916 3703 972 invaderet
3723 932 3766 975 et

2235 1002 2432 1070 injuste
2462 1004 2806 1074 possideret,
2840 1020 2961 1060 cum
2998 1021 3256 1076 germano
3287 1006 3530 1061 factionis
3552 1017 3602 1062 et
3623 1010 3764 1066 scele-

2234 1091 2309 1145 ris
2358 1091 2441 1145 sui
2493 1093 2789 1163 participe,
2819 1094 3040 1148 mittens
3067 1095 3204 1148 clam
3259 1096 3764 1153 accersivitfratrem

2232 1180 2568 1235 Clotharium
2589 1222 2604 1246 ,
2634 1183 2725 1252 qui
2760 1191 2886 1237 tunc
2914 1183 3175 1253 temporis
3206 1183 3506 1239 Suessionis
3533 1185 3651 1240 urbe
3673 1203 3763 1241 mo-

2233 1272 2488 1338 rabatur;
2522 1270 2771 1343 ﬂagitans
2797 1283 3067 1343 quatenus
3093 1272 3334 1329 Parisios
3356 1275 3533 1329 venire
3556 1276 3768 1331 celeriter

2232 1378 2337 1416 non
2366 1361 2641 1430 differret,
2667 1372 2727 1444 ut
2749 1378 2854 1417 una
2886 1363 3046 1432 positi
3077 1364 3373 1419 commodis
3412 1374 3465 1419 et
3490 1364 3771 1423 utilitatibus

2230 1451 2333 1507 sibi
2362 1454 2787 1523 congruentibus
2834 1454 3147 1508 insiSterent
3171 1494 3186 1520 ,
3233 1464 3289 1508 et
3318 1469 3533 1525 regnum
3564 1457 3770 1525 germani

2230 1542 2320 1612 qui
2363 1550 2488 1596 tunc
2532 1542 2641 1595 vita
2673 1550 3025 1607 excesserat,
3079 1543 3222 1597 inter
3266 1558 3326 1598 se
3355 1543 3667 1611 dividerent;
3694 1544 3769 1600 lilii

2230 1648 2360 1688 vero
2409 1631 2554 1687 illius
2604 1632 2750 1687 velut
2798 1632 3032 1688 imbellis
3063 1648 3255 1689 manus
3292 1631 3547 1689 infantilis
3592 1637 3770 1700 aetatis,

2231 1733 2323 1779 aut
2353 1724 2531 1795 gladio
2556 1726 2735 1781 necati
2761 1766 2777 1791 ,
2808 1734 2903 1781 aut
2931 1734 3079 1781 certe
3121 1725 3332 1796 plebeio
3361 1725 3585 1796 tegmine
3608 1725 3772 1780 obscu-

2234 1816 2335 1871 rati
2387 1825 2550 1885 atque
2613 1816 2924 1871 obumbrati
2971 1824 3275 1871 manerent.
3331 1815 3426 1870 llis
3476 1816 3563 1871 ille
3606 1815 3773 1870 auditis

2232 1908 2672 1980 ruptishorarum
2700 1908 2935 1963 modulis
2951 1906 3237 1962 celerrime
3264 1906 3549 1961 advolavit.
3578 1904 3771 1975 Sparse-

2232 2010 2317 2056 rat
2356 2015 2534 2058 autem
2568 2003 2792 2059 subdole
2822 2003 3079 2073 praefatus
3122 2002 3503 2058 Childebertus
3530 1999 3681 2054 falsos
3702 1995 3773 2053 ru-

2230 2106 2411 2149 mores
2442 2096 2495 2150 in
2527 2111 2689 2151 aures
2730 2097 3017 2168 populares
3039 2137 3054 2162 ,
3098 2096 3170 2151 ob
3199 2095 3307 2151 hoc
3332 2094 3652 2151 solummodo
3677 2108 3773 2147 mu-

2231 2195 2380 2241 tuum
2405 2181 2733 2258 colloquium
2764 2182 2965 2243 habere
2993 2187 3228 2242 voluisse
3270 2185 3406 2241 duos
3434 2184 3642 2245 fratres.
3665 2196 3777 2252 qua-

2230 2287 2384 2333 tenus
2416 2278 2555 2334 lilios
2578 2277 2765 2333 fratris
2788 2294 2917 2335 suos
2939 2288 3164 2349 nepotes
3186 2278 3431 2333 facerent
3457 2291 3669 2346 regnare
3693 2288 3773 2344 pro

2203 2378 2398 2443 patre.
2423 2369 2577 2424 Unde
2602 2377 2656 2424 et
2676 2369 2907 2424 celerem
2930 2371 3178 2424 nuntium
3202 2366 3451 2440 dirigunt
3470 2367 3533 2422 ad
3556 2374 3775 2428 matrem,

2225 2472 2344 2527 qua:
2391 2457 2635 2513 Parisius
2665 2467 2785 2514 erat
2814 2474 2877 2514 ea
2914 2452 3237 2531 tempestate
3257 2499 3273 2524 ,
3329 2468 3578 2530 rogantes
3603 2472 3707 2511 eam
3732 2458 3778 2508 'ut

2222 2560 2419 2617 pueros
2449 2547 2690 2601 mitteret
2740 2546 2856 2602 sine
2885 2547 3144 2602 dilatione
3163 2589 3179 2614 ,
3210 2556 3273 2601 ut
3316 2548 3384 2603 ab
3412 2546 3494 2602 eis
3531 2545 3778 2600 mitteren-

2224 2645 2334 2703 tur,
2349 2635 2432 2693 vel
2455 2632 2879 2692 sublimarentur
2903 2638 2958 2693 in
2987 2654 3213 2709 regnum
3240 2640 3433 2708 patris.
3453 2637 3650 2708 Regina
3670 2648 3777 2689 vero

2226 2728 2503 2783 hilaritate
2538 2729 2790 2800 perfusa,
2818 2729 3004 2801 ignara
3044 2729 3151 2784 doli
3179 2737 3233 2785 et
3266 2729 3648 2793 simulationis,
3672 2741 3778 2781 con-

2222 2815 2406 2874 festim
2458 2818 2607 2875 misit
2652 2811 2850 2889 pueros
2895 2818 3147 2889 plurimis
3194 2819 3477 2891 obsequiis
3520 2817 3700 2882 fultos,
3737 2824 3781 2871 et

2221 2920 2436 2967 caterva
2467 2927 2756 2982 puerorum
2790 2906 2893 2966 illis
2946 2910 3328 2966 famulantium
3379 2912 3601 2981 stipatos
3626 2949 3639 2973 ,
3673 2922 3776 2977 pro-

2222 3016 2478 3070 rumpens
2526 3001 2581 3053 in
2623 3002 2740 3055 haec
2768 3000 2934 3054 verba
2971 3018 2984 3054 :
3017 2998 3136 3055 Non
3184 3016 3280 3055 me
3326 3008 3519 3070 reputo
3560 2998 3781 3052 amisisse

2221 3090 2389 3144 lilium
2409 3130 2424 3156 ,
2462 3090 2510 3145 si
2543 3091 2675 3146 istos
2702 3090 2958 3162 parvulos
2988 3092 3199 3163 videam
3246 3092 3303 3146 in
3339 3106 3506 3163 regno
3529 3088 3638 3157 ejus
3673 3102 3781 3142 con-

2219 3181 2459 3236 stitutos.
2514 3180 2636 3236 Mox
2665 3196 2800 3236 vero
2831 3191 2892 3237 ut
2939 3182 3003 3237 ad
3051 3190 3281 3252 patruos
3323 3190 3615 3247 venerunt,
3642 3193 3670 3233 a
3696 3175 3780 3233 sibi

2217 3272 2642 3343 obsequentibus
2680 3282 2737 3327 et
2766 3273 3132 3328 nutritoribus
3178 3274 3421 3344 separati
3467 3281 3617 3336 sunt;
3645 3278 3781 3337 atque

2214 3379 2281 3420 ex
2331 3364 2597 3419 industria
2654 3372 2983 3436 procuratur
3028 3364 3529 3419 trueulentissimus
3556 3359 3772 3422 nuntius,

2216 3453 2438 3509 nomine
2466 3452 2810 3520 Archadius,
2858 3454 2948 3524 qui
2990 3467 3227 3524 pergens
3272 3455 3342 3508 ad
3388 3460 3613 3508 matrem
3640 3448 3783 3504 ferret

2214 3545 2563 3615 evaginatum
2592 3544 2831 3616 gladium
2860 3551 2915 3599 et
2944 3543 3225 3613 forcipem.
3256 3543 3381 3601 Mox
3407 3558 3538 3598 vero
3560 3538 3782 3603 utvcnit,

2207 3632 2364 3703 juxta
2395 3642 2725 3704 praeceptum
2754 3633 3124 3700 dominorum,
3146 3634 3391 3689 ostendit
3421 3633 3621 3704 regina;
3646 3630 3778 3701 signa

2214 3727 2444 3782 terroris
2472 3735 2526 3781 et
2554 3726 2789 3797 perculit
2835 3740 2957 3780 eam
3006 3734 3218 3782 terrore
3264 3727 3451 3798 gravis
3495 3720 3782 3788 nuntii,di—

2214 3832 2348 3872 cens
2373 3834 2386 3870 :
2420 3814 2466 3873 Ο
2494 3816 2729 3889 gloriosa
2762 3817 2948 3887 regina
2967 3854 2983 3883 ,
3012 3814 3106 3869 lilii
3137 3816 3214 3870 tui
3245 3817 3457 3872 domini
3486 3814 3653 3871 nostri
3682 3825 3783 3867 ma-

2214 3922 2450 3980 gnopere
2460 3907 2603 3962 scire
2625 3905 2809 3960 volunt
2832 3907 2959 3976 quid
2977 3907 3043 3961 de
3064 3906 3246 3977 pueris
3267 3922 3504 3963 censeas
3516 3903 3780 3978 agendum,

2138 4022 2145 4027 ν
2213 4011 2275 4073 et
2297 4000 2482 4055 volunt
2527 3999 2629 4055 sibi
2677 3999 2830 4055 ocius
2874 4000 3150 4066 nuntiari,
3203 4010 3390 4055 utrum
3435 4008 3593 4056 tonso
3632 3995 3788 4065 capite

2218 4091 2355 4146 velis
2383 4104 2478 4146 eos
2532 4090 2746 4157 vivere,
2794 4107 2863 4145 an
2901 4090 3078 4162 gladio
3117 4091 3281 4146 vitam
3328 4100 3646 4161 praesentem
3691 4100 3788 4142 ter-

2214 4185 2448 4240 minare.
2497 4183 2623 4239 llaec
2668 4184 2757 4238 illa
2789 4184 3017 4238 audiens
3064 4183 3395 4239 intolerabili
3435 4185 3599 4240 animi
3626 4180 3788 4236 dolore

2211 4276 2452 4332 sauciata
2472 4316 2486 4341 ,
2519 4275 2669 4330 velut
2693 4275 2747 4329 in
2776 4274 2980 4330 exstasi
3009 4283 3194 4345 rapta,
3228 4275 3495 4345 ignorans
3521 4273 3681 4328 nimia
3703 4268 3784 4323 tri-

2212 4369 2359 4424 stitia
2408 4367 2539 4439 quid
2589 4368 2826 4434 diceret,
2872 4366 2982 4421 ait:
3023 4386 3041 4418 ι
3080 4365 3268 4422 Satius
3315 4367 3490 4432 duco,
3538 4375 3592 4421 et
3619 4361 3789 4418 melius

2212 4459 2343 4514 mihi
2394 4454 2608 4514 videtur
2656 4474 2751 4514 eos
2781 4459 2946 4512 vitam
2994 4460 3135 4514 hanc
3177 4467 3369 4527 morte
3409 4457 3602 4521 ﬁnire,
3644 4464 3788 4523 quam

2210 4549 2399 4604 incisis
2447 4548 2689 4604 crinibus
2732 4548 2981 4603 viventes
3031 4549 3332 4617 degeneres
3381 4557 3439 4603 et
3492 4544 3790 4617 ingloriosos

2210 4641 2412 4695 videre.
2451 4658 2469 4691 ι
2507 4638 2614 4695 Sed
2645 4638 2734 4693 ille
2762 4640 3003 4710 perversi
3049 4640 3216 4693 anitni
3249 4639 3419 4695 homo
3449 4639 3542 4711 qui
3573 4648 3674 4692 tam
3709 4647 3790 4686 ex-

2208 4727 2474 4787 secrabile
2519 4744 2583 4784 ac
2629 4728 2824 4783 durum
2855 4727 3125 4784 detulerat
3153 4730 3512 4795 mandatum,
3541 4743 3645 4783 non
3688 4736 3791 4794 pcr-

2211 4822 2330 4878 tulit
2376 4821 2559 4876 taudiu
2601 4821 2926 4888 subsistere,
2957 4822 3130 4877 donec
3160 4820 3350 4892 regina
3385 4820 3574 4876 sedata
3627 4823 3791 4873 mente

2208 4913 2449 4984 poscenti
2480 4927 2777 4982 congruum
2824 4912 2976 4967 daret
3023 4927 3383 4983 responsum;
3414 4913 3510 4968 sed
3543 4910 3793 4967 rediitcc-

2210 5003 2411 5067 leriter,
2442 5005 2697 5058 nuntians
2736 5015 2964 5059 matrem
3022 5005 3316 5061 decernere
3371 5004 3524 5077 quod
3588 5001 3686 5077 ipsi
3733 4997 3789 5053 de

2208 5096 2391 5167 pueris
2423 5097 2767 5151 instituerant
2796 5112 2975 5167 agere.

2278 5186 2328 5240 6.
2356 5185 2472 5240 Mox
2496 5173 2631 5257 ergo
2646 5202 2808 5240 unum
2825 5189 3219 5257 apprehensum
3236 5186 3559 5244 Clotharins
3580 5198 3787 5259 puerum

2205 5274 2349 5331 elisit
2379 5276 2432 5330 in
2462 5284 2605 5331 terra
2624 5315 2639 5341 ,
2666 5275 2955 5347 defixaque
2984 5279 3037 5332 in
3066 5279 3234 5334 latere
3256 5280 3383 5351 ejus
3407 5280 3588 5336 cultro
3613 5276 3789 5337 erude-

2206 5385 2329 5441 liter
2358 5385 2647 5443 interfecit.
2679 5387 2798 5456 Quo
2829 5388 3160 5447 vociferante
3206 5391 3383 5449 frater
3412 5395 3533 5467 ejus
3580 5393 3790 5465 pedibus

2204 5476 2533 5533 Cltildeherti
2569 5480 2948 5549 prosternitur,
2987 5484 3460 5556 apprehensisque
3490 5487 3611 5558 ejus
3646 5483 3785 5556 geni-

2204 5567 2322 5633 bus,
2351 5585 2472 5625 cum
2501 5571 2755 5644 lacrymis
2778 5571 2959 5627 aiebat
2996 5592 3009 5627 :
3042 5569 3330 5643 Succurre,
3352 5578 3602 5649 piissime
3627 5586 3788 5648 pater,

2205 5678 2273 5718 ne
2300 5677 2399 5732 ego
2424 5682 2639 5735 peream
2674 5665 2813 5720 sicut
2846 5668 3005 5735 periit
3032 5668 3200 5726 frater
3225 5686 3405 5726 meus.
3440 5672 3640 5730 Flexus
3673 5684 3789 5727 vero

2206 5754 2275 5812 ad
2305 5756 2733 5817 misericordiam
2762 5757 3179 5836 Childehertus,
3213 5772 3267 5820 et
3313 5781 3569 5839 respersa
3616 5766 3785 5844 ιπη-
