3918 6316
165 408 268 467 ξθι

1344 398 1577 457 SERMO
1607 400 1692 455 DE
1732 399 1789 454 S.
1822 396 2251 455 CLODOALDO.

3320 403 3432 459 202

168 522 274 576 mis
305 519 477 584 faeie,
507 518 585 574 ait
617 561 629 574 .
663 518 813 582 Peto.
836 517 1005 573 frater
1024 514 1365 579 charissime,
1396 521 1457 566 ut
1480 511 1750 566 concedas
1780 499 1827 556 Α
1853 506 1972 571 bal.
2005 507 2277 577 castigans
2312 504 2465 575 juxta
2496 504 2843 577 Apostolum,
2875 508 3133 578 seipsum,
3180 519 3234 564 et
3261 514 3434 581 servis

167 609 301 664 mihi
334 609 499 680 hujus
527 609 688 664 vitam
727 617 818 663 tua
861 607 1222 677 benignitate,
1267 612 1324 658 ut
1354 618 1458 657 non
1507 600 1753 657 differam

167 712 287 768 qua:
323 696 560 767 jusseris
586 714 686 768 pro
727 697 845 766 ejus
872 697 982 751 vita
1011 697 1160 751 dare.
1193 694 1285 750 Ille
1318 710 1449 751 vero
1496 692 1753 748 conviciis

166 803 291 843 eum
320 790 578 853 adorsus,
611 788 688 843 ait
709 794 1011 844 commotus
1032 784 1414 840 amaritudinis
1444 782 1566 838 felle
1598 797 1613 835 :
1641 780 1752 837 Nisi

166 879 331 934 istum
362 879 477 935 cito
505 894 537 933 a
566 888 618 934 te
646 868 940 948 repuleris,
963 894 1064 948 pro
1089 893 1154 933 eo
1190 877 1457 933 morieris.
1498 875 1600 943 Qui
1640 882 1752 930 sta-

164 968 261 1022 tim
284 966 450 1036 ejecit
467 983 499 1023 a
521 983 581 1025 se
599 983 824 1039 puerum
850 967 1121 1022 madidum
1146 965 1422 1036 lacrymis,
1444 979 1552 1020 non
1574 962 1756 1019 ferens

164 1057 579 1113 animositatem
606 1057 813 1113 fratris.
862 1056 971 1112 Sed
1001 1055 1120 1122 ille,
1149 1064 1211 1110 ut
1240 1055 1528 1131 immanior
1556 1054 1751 1109 imma-

161 1149 428 1216 nissima,
459 1164 567 1205 nou
608 1163 801 1221 gerens
841 1148 1213 1218 paenitentiam
1240 1144 1354 1216 jam
1382 1162 1415 1201 a
1459 1160 1519 1201 se
1558 1141 1755 1215 patrati

162 1241 425 1307 sceleris,
470 1240 615 1295 hunc
654 1254 868 1310 quoque
906 1239 1046 1295 sicut
1072 1237 1309 1309 priorem
1344 1236 1453 1292 vita
1488 1237 1753 1307 privavit,

162 1330 460 1387 immemor
489 1329 657 1386 futuri
680 1328 870 1398 judicii
904 1332 959 1384 et
982 1327 1171 1384 aeterni
1211 1328 1370 1398 ignis.
1405 1316 1621 1384 Tertius
1648 1343 1750 1383 au-

162 1432 271 1480 tem
297 1424 373 1479 ad
400 1422 580 1478 simile
621 1416 851 1478 exitium
890 1418 1233 1490 quaerebatur
1275 1417 1628 1484 Clodoaldus,
1660 1419 1755 1478 sed

161 1531 267 1571 non
288 1515 475 1584 potuit
497 1513 746 1583 reperiri,
768 1522 902 1567 nutu
924 1511 1020 1566 Dei
1041 1509 1432 1580 omnipotentis
1450 1517 1750 1580 protectus,

162 1618 217 1664 et
257 1606 470 1662 auxilio
497 1607 738 1666 virorum
769 1603 987 1660 fortium
1036 1603 1104 1658 de
1155 1600 1408 1658 manibus
1452 1600 1752 1656 crudelium

161 1702 451 1759 liberatus.
485 1698 723 1767 Quorum
752 1697 915 1754 etiam
950 1710 1052 1766 ope
1096 1693 1349 1764 adjutus,
1379 1693 1559 1748 lueres
1582 1691 1754 1763 patris

162 1790 309 1846 solus
335 1798 426 1846 est
453 1789 730 1846 institutus
753 1804 783 1843 a
806 1796 1019 1859 patruo,
1047 1786 1329 1859 exstinctis
1341 1784 1547 1839 duobus
1563 1781 1750 1838 fratri-

163 1879 294 1944 bus,
317 1877 415 1949 qui
447 1877 591 1933 male
616 1875 942 1933 blandientis
973 1874 1154 1943 saeculi
1184 1874 1399 1928 inanem
1431 1868 1746 1955 felicitatem

161 1969 310 2026 velut
336 1970 577 2025 immane
599 1967 936 2038 naufragium
964 1966 1135 2037 magis
1161 1965 1332 2019 vitare
1359 1962 1580 2028 studuit,
1605 1971 1659 2019 et
1682 1962 1749 2018 ad

162 2061 359 2119 aeterni
385 2060 552 2131 Regis
573 2057 1002 2115 misericordiam
1032 2056 1340 2128 pertingere
1366 2052 1750 2110 misericordia:

163 2152 421 2222 operibus
446 2149 761 2217 insistendo,
782 2164 945 2218 quam
976 2147 1075 2202 sub
1098 2146 1245 2218 regio
1275 2145 1491 2223 nomine
1522 2153 1750 2199 terrenae

162 2240 545 2310 prosperitatis
565 2239 783 2294 deviare
807 2255 836 2292 a
865 2237 1040 2308 patria
1065 2237 1255 2293 aeterni
1278 2235 1477 2291 Patris.
1504 2224 1750 2306 Repente

165 2332 349 2401 itaque
375 2330 613 2402 regalem
642 2344 892 2401 pompam
928 2329 1184 2398 despicit,
1216 2329 1441 2384 sordent
1468 2327 1542 2384 illi
1576 2327 1753 2397 fulgu-

164 2424 341 2479 rautia
364 2423 488 2478 auri
528 2423 849 2494 argentique
873 2421 1111 2487 metalla,
1128 2421 1496 2477 contemnitur
1517 2420 1751 2492 pulchri-

166 2514 293 2568 tudo
318 2527 693 2583 gemmarum,
723 2521 902 2567 vestes
931 2524 1080 2587 ‘auro
1125 2519 1287 2565 textae
1330 2518 1387 2565 et
1431 2506 1749 2566 holosericae

167 2597 516 2670 respuuntur.
548 2600 757 2677 Interea
788 2615 883 2656 cor
903 2598 1020 2667 ejus
1043 2598 1427 2654 instituebatur
1456 2608 1511 2653 et
1544 2598 1746 2653 forma-

166 2692 326 2761 batur
355 2691 559 2746 divinis
587 2691 1051 2756 institutionibus,
1082 2700 1141 2745 ut
1174 2690 1501 2746 vilescerent
1523 2689 1596 2744 illi
1627 2707 1748 2746 om-

167 2781 257 2836 nia
283 2796 622 2851 quaecunque
647 2780 899 2837 videntur
927 2780 1272 2852 temporalia,
1317 2790 1372 2836 et
1413 2797 1749 2853 quaecunque

168 2859 410 2927 nonnulli
444 2872 693 2929 homines
735 2887 834 2943 pro
880 2872 1082 2944 ingenti
1109 2873 1370 2944 deputant
1413 2873 1598 2940 luero,
1634 2874 1745 2944 jam

170 2962 492 3017 sorduerant
536 2961 651 3018 viro
696 2965 921 3029 saneto,
955 2972 1009 3018 et
1037 2962 1274 3018 maximo
1301 2963 1627 3037 deputantur
1654 2965 1747 3020 de-

173 3053 446 3109 trimenlo.

1855 597 1957 652 tuti
1985 596 2275 665 subjiciens
2303 598 2354 670 (I
2381 591 2502 654 Cor.
2535 615 2591 653 ιχ
2609 640 2625 665 ,
2651 599 2743 669 27)
2772 599 2826 654 in
2856 599 2999 657 fame
3025 605 3082 656 et
3109 602 3223 666 siti,
3249 603 3302 659 in
3328 603 3426 659 fri-

1856 703 1986 758 gore
2026 696 2083 744 et
2127 689 2388 753 nuditate.
2416 682 2723 759 Omnesque
2756 698 3094 746 terrenarum
3121 701 3302 749 rerum
3335 695 3427 751 de-

1854 780 2173 836 lectationes
2203 796 2233 836 a
2264 796 2492 853 corpore
2519 791 2574 838 et
2602 784 2786 838 animo
2812 785 2984 854 gratia
3018 785 3111 842 Dei
3140 800 3202 841 se
3227 800 3432 859 praeve-

1855 867 2038 925 niente
2097 877 2167 939 et
2198 871 2562 940 subsequente
2612 885 2901 937 resecans,
2932 876 3231 946 satagebat,
3273 876 3430 948 juxta

1855 959 2103 1014 eumdem
2131 952 2483 1029 Apostolum,
2512 963 2660 1020 dives
2705 963 2823 1020 fieri
2870 965 2924 1020 in
2965 967 3218 1036 operibus
3239 954 3454 1032 bonis;

1856 1065 1920 1106 ac
1950 1050 2317 1110 thesaurisare
2344 1040 2444 1110 sibi
2486 1052 2893 1111 fundamentum
2939 1055 3140 1112 bonum
3184 1058 3239 1112 in
3284 1058 3429 1115 futu-

1856 1156 2008 1208 rum,
2041 1152 2096 1199 et
2122 1144 2302 1199 vivere
2329 1145 2384 1199 in
2412 1146 2514 1200 hoc
2545 1138 2741 1202 sazeuio
2762 1146 2905 1217 juste
2930 1158 2984 1204 et
3009 1149 3117 1218 pie,
3146 1160 3205 1204 ut
3233 1164 3430 1221 appre-

1856 1234 2118 1307 henderet
2148 1251 2329 1291 veram
2360 1236 2519 1293 ﬁdem
2559 1237 2610 1309 (1
2663 1235 2797 1292 Tim.
2844 1254 2897 1295 vt
2918 1280 2933 1305 ,
2984 1235 3095 1310 I8).
3125 1239 3255 1308 Qua:
3283 1250 3435 1297 retro

1857 1332 1982 1378 sunt
2006 1324 2203 1381 oblitus
2232 1316 2450 1396 quidem
2475 1367 2491 1392 ,
2522 1327 2576 1382 in
2609 1342 2672 1382 ea
2703 1342 2833 1383 vero
2859 1344 2978 1399 quae
3007 1327 3134 1386 ante
3173 1340 3298 1387 sunt
3328 1347 3432 1388 ex-

1858 1422 2040 1472 tentus
2061 1417 2317 1473 currebat
2339 1419 2405 1473 ad
2428 1419 2662 1489 palmam
2684 1434 2933 1490 supernae
2958 1423 3435 1490 remunerationis,
3476 1432 3483 1439 '

1855 1505 2079 1574 cupiens
2113 1496 2576 1578 comprehendere
2606 1502 2902 1577 Christum,
2948 1527 2980 1566 a
3025 1526 3132 1583 quo
3154 1512 3268 1582 jam
3313 1515 3432 1584 ejus

1857 1595 2226 1652 misericordia
2263 1609 2381 1653 erat
2421 1599 2864 1670 comprehensus.
2900 1600 3007 1658 Sed
3062 1614 3118 1659 et
3164 1604 3439 1661 variarum

1857 1692 2211 1742 contemnens
2236 1686 2456 1745 delicias
2500 1704 2779 1757 escarum,
2827 1688 2882 1746 in
2928 1696 3102 1760 agone
3134 1694 3238 1750 isto
3284 1694 3439 1751 thea-

1859 1770 1979 1828 trali
2012 1769 2217 1832 vilioris
2238 1776 2293 1833 et
2325 1781 2614 1850 grossxoris
2643 1781 2749 1838 cibi
2775 1796 2871 1838 esu
2902 1786 3309 1841 sustentabatur
3332 1802 3435 1857 pos

1859 1864 1964 1919 tius
1989 1881 2154 1936 quam
2192 1869 2556 1925 reficiebatur.

1923 1955 1976 2012 8.
2004 1957 2157 2013 Etout
2186 1961 2387 2029 peritus
2406 1970 2461 2016 et
2479 1962 2668 2018 doctus
2692 1963 2996 2036 negotiator
3019 1965 3439 2024 mercimonium

1853 2060 2011 2103 suum
2036 2051 2260 2106 studens
2283 2052 2565 2122 ampliare,
2614 2048 3038 2125 parvipeudebat
3073 2056 3235 2113 vilem
3263 2068 3319 2113 et
3348 2058 3442 2114 ab.

1847 2137 2046 2208 jectam
2079 2155 2190 2196 rem
2220 2144 2349 2198 dare
2375 2153 2430 2226 et
2478 2146 2769 2217 pretiosam
2795 2162 2996 2203 emere.
3030 2150 3131 2216 Qui
3162 2138 3442 2221 reperiens

1851 2230 2052 2287 bonam
2107 2234 2460 2303 margaritam
2512 2244 2567 2291 et
2608 2237 2921 2293 thesaurum
2974 2239 3350 2297 absconditum
3383 2241 3442 2296 in

1853 2336 1982 2392 agro
2005 2322 2309 2380 divinarum
2340 2326 2745 2398 Seripturarum
2775 2330 2922 2386 dedit
2948 2332 3131 2387 omnia
3171 2348 3293 2403 qua;
3342 2333 3441 2387 ha-

1851 2410 1981 2466 bere
2008 2421 2237 2481 poterat,
2265 2414 2394 2470 nihil
2424 2417 2524 2472 sibi
2556 2432 2840 2475 reservans
2865 2428 2921 2475 et
2950 2422 3303 2492 comparavit.
3321 2414 3441 2478 Prze

1852 2519 2035 2560 amore
2061 2498 2359 2564 dulcedinis
2380 2518 2434 2563 et
2462 2503 2727 2566 claritatis
2754 2511 2898 2567 illius
2921 2522 3143 2582 repente
3164 2508 3441 2569 .viluerun't

1851 2608 1971 2663 quae
1997 2596 2149 2665 prius
2172 2598 2347 2653 dulcia
2374 2610 2427 2657 et
2444 2598 2682 2669 jocunda
2704 2594 3047 2671 videbantur,
3077 2613 3132 2659 et
3164 2605 3437 2661 aestimata

1851 2692 1977 2738 sunt
2005 2693 2063 2739 ut
2105 2695 2368 2742 stercora.
2418 2687 2798 2746 Centemnitur
2839 2693 3070 2748 mttndus
3120 2688 3334 2749 fallacia
3378 2703 3437 2749 et

1850 2772 2165 2842 deceptione
2214 2772 2422 2848 plenus,
2450 2780 2829 2836 desiderantur
2854 2783 3060 2849 habita,
3104 2793 3435 2855 congregata

1850 2871 2177 2935 sparguntur
2211 2867 2262 2922 in
2283 2860 2697 2925 necessitatibus
2728 2870 3101 2941 indigentium,
3130 2882 3187 2927 ut
3216 2872 3434 2942 justitia

1849 2951 1966 3021 ejus
1986 2966 2232 3014 maneret
2253 2957 2308 3013 in
2349 2954 2625 3025 saeculum,
2670 2976 2837 3017 cornu
2883 2962 3000 3033 ejus
3020 2965 3352 3019 exaltaretur
3378 2966 3432 3020 in

1848 3038 2036 3116 gloria.
2062 3046 2265 3105 Deinde
2285 3064 2349 3105 ex
2374 3050 2583 3123 integro
2604 3046 2817 3109 certans
2858 3052 3159 3124 exspoliare
3190 3064 3434 3111 veterem

238 3166 289 3221 7.
331 3166 628 3223 Sacrorum
662 3167 974 3237 frequenter
1001 3167 1281 3225 fruebatur
1308 3169 1541 3225 lectione
1581 3167 1747 3223 libro-
1777 3190 1822 3253 ρ
2161 3157 2304 3253 (Eum.
2331 3145 2539 3253 εξοιίξωε
2585 3148 2697 3203 suis
2721 3157 2776 3253 ξδι
2803 3149 3275 3253 ίηίξυθνθᾟονυίᾨν
3303 3168 3428 3253 θηηξ

171 3271 316 3321 rum,
363 3256 597 3327 quorum
643 3273 835 3313 sensus
881 3259 1139 3330 mystieos
1181 3259 1348 3314 animi
1394 3257 1643 3314 acumine
1693 3264 1749 3311 et

174 3344 448 3400 alacritate
481 3346 699 3402 intuens
741 3356 903 3419 atque
932 3347 1207 3403 intellectu
1238 3348 1557 3404 discernens
1581 3388 1596 3412 ,
1626 3361 1749 3415 pas-

174 3437 390 3491 cebatur
418 3436 563 3492 sacri
587 3436 737 3492 verbi
765 3436 943 3492 edulio
970 3447 1026 3492 et
1055 3436 1327 3492 lambebat
1356 3437 1534 3493 dulcia
1567 3437 1744 3492 mella.

175 3525 334 3593 Quam
382 3519 598 3593 dulcia,
646 3528 855 3597 inquit,
902 3528 1151 3584 faucibus
1198 3528 1333 3582 meis
1360 3528 1576 3598 eloquia
1623 3538 1746 3593 tua,

172 3630 326 3687 super
352 3616 461 3673 mei
482 3627 539 3673 et
560 3617 774 3673 favuml
797 3617 972 3690 (Paul.
998 3634 1191 3685 cxvur,
1212 3618 1290 3689 ὅ.)
1315 3618 1371 3673 In
1394 3618 1574 3673 divina
1594 3619 1749 3674 laude

174 3707 345 3761 eboris
397 3706 742 3777 psallentium
790 3710 964 3779 magis
994 3707 1206 3763 volebat
1245 3708 1543 3773 interesse,
1585 3721 1748 3776 quam

176 3797 487 3875 illecebrosa
514 3799 683 3865 verba
724 3799 964 3854 virorum
1013 3798 1198 3854 illicite
1238 3799 1417 3871 audita
1447 3800 1744 3869 percipere.

176 3888 559 3946 Patrimonium
587 3906 822 3961 namque
850 3906 1007 3947 suum
1045 3884 1187 3961 quod
1215 3890 1289 3945 illi
1308 3890 1434 3960 jure
1461 3891 1749 3964 haeredita-

176 3979 250 4033 rio
272 3980 571 4034 obvenerat
586 3974 625 4033 'a
654 3987 807 4049 patre
831 3980 1118 4046 ditissiuto,
1142 3978 1395 4035 laudabili
1429 3979 1746 4034 liberalitate

177 4068 530 4140 indigentibus
550 4072 779 4125 curabat
801 4070 1151 4135 distribuere,
1179 4086 1285 4125 non
1307 4072 1505 4127 surdus
1532 4073 1744 4125 auditor

177 4166 340 4232 neque
364 4163 548 4234 segnis
576 4168 861 4220 exsecutor
888 4162 1290 4219 Dominicorum
1326 4171 1740 4233 praeceptorum.

181 4252 270 4309 Ubi
292 4271 411 4310 cum
433 4254 653 4326 quidam
676 4256 829 4311 dives
850 4255 1135 4326 quaesisset
1156 4254 1442 4311 consilium
1466 4271 1493 4309 a
1518 4255 1745 4311 Domino

181 4354 380 4402 atteram
410 4346 534 4401 vita:
562 4347 954 4417 percipiendae,
981 4354 1035 4402 et
1065 4345 1152 4400 ille
1192 4346 1563 4416 proposuisset
1590 4361 1745 4400 man-

181 4436 292 4491 data
318 4437 521 4494 veteris
566 4438 832 4493 servanda
867 4437 999 4508 legis
1025 4477 1040 4503 ,
1069 4444 1232 4507 atque
1262 4436 1352 4492 ille
1378 4437 1746 4507 respondisset

1853 3235 1943 3305 qui
1974 3245 2265 3293 renovatur
2290 3239 2516 3295 interius
2543 3242 2836 3319 secundum
2880 3244 3167 3319 imaginem
3192 3245 3311 3315 ejus
3341 3246 3438 3315 qui

1851 3328 2057 3383 creavit
2082 3344 2223 3394 eum,
2255 3330 2386 3387 abiit
2408 3331 2477 3386 ad
2502 3331 2719 3389 beatum
2752 3332 3073 3390 Severinum
3108 3335 3206 3407 (l),
3239 3338 3345 3406 qui
3380 3337 3436 3393 in

1850 3420 1985 3477 cella
2009 3423 2251 3479 reclusus
2281 3425 2718 3502 contemplationi
2747 3427 2940 3484 divinae
2962 3444 3060 3499 pro
3094 3430 3300 3485 viribus
3344 3442 3433 3485 se-

1850 3526 1976 3566 vere
2003 3513 2358 3581 plurimorum
2382 3516 2800 3584 voeiferabatur,
2828 3529 3056 3590 pascens
3102 3504 3169 3575 ab
3217 3536 3283 3576 eo
3329 3522 3435 3578 sibi

1849 3601 2092 3657 habitum
2119 3617 2288 3679 saerre
2316 3604 2593 3676 religionis
2646 3608 2870 3677 imponi,
2917 3609 2971 3664 in
3017 3610 3165 3665 vultu
3194 3625 3433 3685 quoque,

1850 3690 2013 3749 manu
2043 3693 2161 3763 ejus
2208 3696 2480 3752 immutari
2504 3713 2602 3767 per
2628 3701 2929 3757 tousionem
2961 3703 3278 3773 capillorum
3327 3704 3432 3775 (2).

1848 3785 2016 3863 Cujus
2042 3788 2285 3844 devotam
2308 3791 2620 3860 petitionem
2641 3792 2900 3862 praefatus
2933 3795 3315 3851 desideranter
3334 3813 3433 3852 cu-

1848 3880 1991 3934 ravit
2018 3880 2267 3952 implere,
2298 3882 2515 3938 intuens
2538 3899 2662 3939 eum
2720 3884 2903 3942 divino
2931 3901 3120 3944 amore
3138 3888 3436 3959 plurimum

1847 3968 2078 4025 fervere.
2110 3971 2337 4042 Sumpto
2360 3971 2544 4043 itaque
2589 3974 2897 4031 sanctitatis
2934 3977 3149 4048 cingulo
3196 3990 3253 4033 et
3276 3996 3436 4039 sacro

1846 4060 2055 4117 militiae
2106 4062 2440 4137 indumento,
2494 4064 2642 4119 velut
2672 4074 3038 4137 pr0pugnator
3091 4067 3247 4124 fortis
3288 4070 3434 4125 intra

1846 4158 2024 4206 castra
2050 4152 2440 4225 aeterniRegis,
2467 4156 2575 4209 nun
2600 4152 2833 4226 trepidat
2860 4150 3043 4212 divina
3069 4159 3309 4228 potentia
3337 4161 3433 4216 ad-

1838 4241 2041 4319 j‘utrice
2066 4259 2187 4300 cum
2241 4244 2436 4302 callido
2485 4240 2641 4303 hoste
2667 4248 2941 4319 singulare
2967 4260 3244 4307 certamen
3268 4251 3430 4309 inire.

1844 4334 2010 4405 Cujus
2034 4337 2242 4393 validas
2268 4338 2410 4395 vires
2434 4339 2556 4396 ideo
2581 4337 2799 4397 fortiter
2827 4342 3008 4413 fregit,
3060 4344 3186 4413 quia
3223 4360 3291 4400 ex
3319 4354 3432 4401 toto

1842 4428 2097 4498 cperibus
2125 4437 2181 4483 et
2207 4429 2419 4500 pompis
2433 4430 2551 4500 ejus
2581 4432 2931 4498 renuntiavit,
2957 4432 3162 4504 eligens
3182 4435 3435 4505 squalore

181 4529 346 4583 omnia
374 4529 467 4585 ma
497 4544 557 4586 se
582 4529 901 4595 custodisse,
924 4528 1062 4584 (ιίιίι
1088 4545 1099 4582 ;
1130 4525 1189 4582 Si
1210 4528 1288 4582 υεε
1312 4527 1572 4598 μετίασιν,
1606 4544 1735 4595 ωδε,
1766 4540 1819 4600 D
1843 4526 1898 4574 et
1924 4517 2102 4589 inedia
2133 4533 2232 4589 pro
2259 4519 2618 4590 adipiscendis
2642 4537 2887 4593 superna:
2912 4521 3187 4580 felicitatis
3217 4526 3427 4596 gaudiis

180 4620 325 4687 vade,
354 4621 514 4677 vende
545 4621 720 4676 omnia
744 4634 861 4691 qua:
904 4620 1061 4675 habes
1105 4631 1155 4675 et
1201 4620 1269 4674 da
1319 4621 1632 4691 pauperibus
1651 4661 1666 4685 ,
1694 4631 1741 4675 et

182 4712 373 4767 habebis
393 4715 697 4768 thesaurum
718 4714 772 4767 in
793 4712 938 4778 calo,
961 4722 1006 4767 et
1028 4712 1163 4776 veni,
1189 4726 1501 4793 sequerejme
1525 4702 1737 4783 (Matth.

182 4823 286 4875 xu,
307 4811 420 4881 ει).
447 4808 558 4866 Sed
584 4824 688 4865 non
714 4810 814 4865 iste
835 4809 977 4864 sicut
1002 4808 1089 4862 ille
1120 4806 1290 4863 tristis
1316 4804 1564 4862 recessit.
1590 4804 1744 4860 Nunc

181 4908 296 4955 vero
327 4900 435 4955 illic
465 4900 724 4970 scriptum
754 4899 879 4970 quis
902 4897 1122 4951 hilarem
1143 4897 1380 4951 datorem
1409 4896 1580 4966 diligit
1601 4894 1741 4949 Deus

185 4982 255 5056 (Il
285 4986 404 5043 Cor.
435 4992 487 5042 ιχ
508 5028 525 5055 ,
552 4989 627 5060 ‘7).
671 4987 964 5059 Propterea
998 4984 1373 5056 corpusculum
1421 4985 1565 5055 quod
1597 4983 1743 5055 regio

184 5076 308 5132 cultu
332 5076 387 5131 in
412 5078 577 5149 bysso
599 5085 655 5134 et
679 5092 915 5148 purpura
941 5076 1238 5132 enutritum
1263 5073 1475 5141 fuerat,
1512 5074 1635 5131 vilis
1662 5075 1742 5130 iu-

186 5166 402 5225 dumenti
434 5169 726 5239 asperitate
747 5170 1031 5235 domabat;
1062 5175 1118 5224 et
1143 5168 1237 5238 qui
1270 5168 1472 5223 dudum
1499 5167 1737 5223 dormire

185 5248 233 5308 in
255 5258 422 5327 pluma
446 5275 585 5331 .pra:
626 5260 793 5315 nimia
825 5259 1185 5315 teneritudine
1223 5258 1535 5324 nesciebat,
1582 5261 1744 5328 super

188 5351 366 5407 nudam
390 5354 613 5408 humum
642 5361 816 5409 tectus
837 5351 1015 5409 cilicio
1043 5351 1256 5409 dulcem
1278 5365 1532 5409 somnum
1560 5353 1741 5424 capie-

249 5505 319 5582 (f)
342 5500 451 5582 Non
482 5504 889 5582 confundendus
920 5524 1055 5582 cum,
1071 5500 1334 5582 Severino
1360 5510 1555 5567 abbate
1570 5510 1743 5582 Agau-

189 5579 343 5649 nensi,
367 5580 455 5649 qui
482 5588 607 5634 ante
626 5580 951 5635 Clodoveum
972 5579 1173 5636 obiisse
1199 5581 1433 5637 videtur.

247 5644 316 5722 te)
341 5644 510 5722 Deeo
537 5650 611 5704 ita
636 5650 926 5722 Gregorius
955 5650 1155 5722 Turou.
1183 5651 1237 5705 in
1258 5651 1351 5706 lib.
1381 5666 1466 5715 ut,
1488 5665 1611 5722 cap.
1640 5650 1734 5705 18:

194 5729 211 5761 ι
240 5716 572 5792 Clodoaldum
607 5716 1217 5792 comprehenderenon
1258 5716 1572 5792 potuerunt,
1613 5725 1739 5791 quia

189 5793 270 5849 per
292 5788 537 5843 auxilium
568 5788 805 5845 virorum
836 5792 1056 5847 fortium
1083 5788 1343 5849 liberatus
1368 5799 1471 5849 est.
1514 5788 1740 5862 Postpo—

364 5876 631 5943 PATBOL.
665 5878 1049 5943 CXXXVIII

1844 4618 2122 4664 momento
2169 4609 2424 4679 temporis
2454 4609 2634 4681 affligi,
2669 4626 2831 4681 quam
2883 4627 2981 4682 pro
3035 4616 3429 4670 momentaneis

1842 4697 2282 4768 illecebrosisque
2309 4699 2755 4756 delectationibus
2798 4704 3073 4772 perpetuis
3115 4713 3403 4761 tormentoo

1844 4805 1968 4847 rum
1992 4791 2259 4848 incendiis
2272 4794 2645 4875 concremari.

1916 4906 1969 4963 9.
1996 4906 2164 4978 Igitur
2187 4914 2472 4979 postquam
2497 4908 2874 4966 thesaurorum
2902 4911 3132 4982 copiam,
3177 4915 3435 4972 invisibili

1846 4998 2006 5054 medo
2027 5008 2351 5069 praeceptum
2375 5007 2594 5063 secutus
2620 4997 2940 5069 Salvatoris,
2972 5002 3025 5056 in
3057 5002 3263 5059 caelesti
3310 5006 3433 5060 the-

1846 5104 2008 5144 sauro
2033 5089 2296 5159 reposuit,
2321 5097 2604 5161 postquam
2638 5106 2894 5162 agrorum
2918 5101 2973 5147 et
2994 5094 3273 5149 vinearum
3302 5111 3425 5166 pos-i

1846 5178 2116 5234 sessiones
2138 5178 2251 5234 suis
2273 5178 2571 5234 cultoribus
2617 5182 2961 5238 monasteriis
3001 5192 3164 5253 atque
3188 5184 3432 5241 ecclesiis

1845 5266 2048 5322 Christi
2097 5277 2358 5337 perpetuo
2405 5268 2716 5339 profuturas
2794 5280 3122 5327 testamento
3170 5272 3429 5339 firmavit,

1849 5366 2049 5412 terram
2076 5373 2134 5414 se
2148 5368 2467 5429 computans
2482 5368 2536 5414 et
2556 5360 2815 5429 cinerem,
2843 5370 2897 5417 et
2921 5360 3080 5417 vilem
3109 5376 3168 5416 se
3185 5371 3432 5419 statuens

1846 5517 2008 5571 situm
2038 5531 2262 5587 regnum
2306 5519 2599 5581 terrenum,
2654 5515 2719 5571 ad
2764 5516 3048 5573 Dominum
3094 5519 3326 5585 transiit,
3377 5523 3434 5575 et

1845 5588 1946 5641 sibi
1995 5586 2157 5641 manu
2201 5588 2416 5657 propria
2461 5586 2685 5658 capillos
2709 5587 2952 5643 incidens
2985 5588 3216 5644 clericus
3257 5588 3430 5644 factus

1844 5666 1944 5719 est,
1972 5658 2234 5730 bonisque
2284 5657 2539 5730 operibus
2564 5657 2845 5724 insistens,
2890 5660 3176 5730 presbyter
3228 5659 3297 5714 ab
3328 5660 3430 5714 hoe

1846 5727 2045 5784 mund‘o
2068 5728 2338 5799 migravit.-
2370 5747 2389 5781 ι

3028 5873 3067 5949 ’1
