3910 5336
486 4369 496 4425 i

515 293 623 348 205

1426 288 1717 344 ΑΡΡΕΜ).
1758 288 1852 344 AD
1885 287 2056 344 SEC.
2106 288 2173 343 Χ.
2213 287 2534 345 -ΟΡΕΒΑ
2573 297 2960 348 ΔΔεΣΠοΤΙιιΔ.

3657 292 3749 350 201

523 407 578 460 in
607 402 776 460 oculis
797 401 931 469 suis,
966 409 1025 457 ut
1053 409 1197 457 esset
1226 401 1496 472 pretiosus
1530 401 1584 455 in
1624 401 1718 456 Dei
1745 400 1934 470 oculis,
1965 400 2100 456 deli-
2128 406 2179 468 Α
2205 417 2325 457 rum
2365 410 2420 456 et
2446 403 2639 473 dignus
2676 404 2981 459 sacerdotio
3027 402 3363 461 acclamatur
3392 420 3520 463 voce
3548 421 3754 465 cuncto-

521 494 733 550 heravit
764 493 902 563 apud
926 507 984 548 se
1008 493 1229 564 plausus
1267 491 1545 546 hominum
1574 490 1676 546 sibi
1705 489 2020 559 faventium,
2044 498 2101 546 et

521 602 655 657 opus
682 585 998 658 praclarum
1025 583 1397 638 tantummodo
1421 583 1603 637 divino
1628 593 1811 638 Amore
1827 590 2097 653 patratum

498 676 673 730 ‘vauis
693 682 748 729 et
768 673 1018 729 humanis
1044 672 1290 727 laudibus
1332 671 1702 726 extollentium
1759 670 1999 726 devitare
2046 679 2101 724 et

517 766 809 832 declinare,
837 773 890 819 et
913 763 1187 834 regionem
1218 761 1371 834 longe
1402 763 1632 832 positam
1663 778 1783 833 quae
1811 761 2097 816 Provincia

522 858 541 929 ί
561 858 613 912 la
650 855 938 926 Provence)
970 861 1313 925 nuncupatur
1351 853 1520 919 adire,
1551 861 1611 907 ut
1640 852 1710 908 ibi
1763 852 1916 923 quasi
1942 852 2098 924 igno-

519 958 607 1004 tus
627 949 679 1003 ln
709 955 888 1018 coepto
917 946 1196 1017 proposito
1237 952 1422 1015 posset
1444 945 1553 999 Deo
1574 944 1799 1000 servire.
1844 944 1949 1000 Sed
1976 945 2099 1015 quia

519 1056 627 1096 non
653 1050 830 1111 potest
852 1040 1072 1095 lucerna
1104 1037 1292 1105 latere,
1324 1053 1425 1093 nec
1456 1046 1681 1108 possunt
1718 1052 1836 1093 eam
1862 1038 2101 1092 tenebrae

518 1130 833 1198 obscurare,
860 1145 981 1185 eum
1006 1134 1100 1185 eas
1120 1145 1218 1184 suo
1249 1144 1475 1184 corusco
1500 1128 1702 1184 lumine
1751 1129 1963 1184 noverit
1994 1128 2103 1198 pel-

516 1221 631 1278 lere
653 1228 707 1277 et
729 1219 936 1291 fugare,
972 1219 1179 1290 positus
1200 1219 1253 1273 in
1276 1219 1465 1273 eadem
1497 1219 1718 1288 regione
1744 1234 1937 1290 magno
1967 1218 2103 1274 emi~

519 1312 632 1366 cuit
666 1310 929 1366 virtutum
955 1309 1182 1380 fulgore.
1215 1307 1416 1365 Deinde
1440 1309 1692 1379 precibus
1734 1308 1953 1379 l'ugabat
1996 1308 2103 1364 dae-

516 1417 712 1457 mones
740 1401 808 1456 de
831 1401 1068 1456 obsessis
1098 1400 1434 1470 corporibus,
1462 1399 1739 1470 aperiebat
1787 1415 1884 1455 ora
1926 1408 2103 1454 muto—

516 1509 663 1561 rum,
694 1492 953 1549 reddebat
979 1493 1139 1548 cmcis
1165 1494 1360 1560 visum,
1385 1492 1564 1547 surdis
1589 1492 1854 1557 auditum,
1894 1491 2103 1548 claudis

516 1600 787 1656 gressum,
810 1592 868 1640 et
890 1585 1101 1662 cunctis
1123 1598 1188 1640 ex
1220 1582 1325 1639 ﬁde
1350 1583 1696 1654 poscentibus
1745 1582 1839 1638 Dei
1867 1582 2102 1638 clemen-

518 1674 591 1730 tia
619 1672 943 1745 impetrabat
964 1689 1119 1744 opem
1141 1672 1411 1729 sanitatis.

2201 511 2344 550 rum.
2374 495 2545 563 Quem
2597 496 2864 553 Eusebius
2915 498 2991 568 (3)
3018 496 3259 567 ejusdem
3296 499 3446 555 urbis
3493 502 3756 573 episcopus

2199 586 2882 657 ordiuavitpresbyterum,
2910 603 3156 643 annuens
3205 589 3326 644 voci
3371 589 3683 646 clericorum
3709 603 3758 648 et

2200 677 2449 746 precibus
2474 676 2713 732 Parisius
2760 678 3110 743 morantium,
3160 678 3377 750 dignum
3427 678 3671 747 judicans
3706 691 3759 737 ut

2200 767 2290 837 qui
2309 765 2423 836 jam
2451 768 2798 837 semetipsum
2833 769 3153 823 exhibuerat
3181 770 3408 824 hostiam
3432 771 3627 836 vivam,
3655 770 3763 841 pla-‘

2201 869 2411 913 centem
2437 859 2547 913 Deo
2572 873 2669 928 per
2697 859 3072 914 contritionem
3121 869 3178 916 et
3197 861 3536 918 devotionem
3560 863 3758 928 mentis.

2202 948 2623 1004 constitueretur
2657 948 2905 1004 minister
2950 949 3202 1004 salutaris
3251 961 3306 1005 et
3343 950 3541 1007 viviﬁci
3597 966 3762 1007 sacra-

2201 1036 2369 1091 menti
2395 1053 2410 1103 ;
2462 1045 2522 1091 ut
2549 1052 2685 1107 quos
2711 1039 2878 1092 verbo
2907 1045 2963 1092 et
2988 1038 3241 1109 operibus
3266 1038 3581 1095 abstrahere
3613 1054 3761 1095 cona-

2201 1129 2363 1181 batur
2389 1141 2419 1181 a
2442 1125 2656 1184 Satanae
2687 1126 2954 1195 faucibus,
2986 1130 3056 1185 ab
3078 1130 3264 1186 eodem
3291 1131 3589 1186 truculento
3627 1133 3764 1188 hoste

2202 1226 2417 1286 ereptos
2445 1219 2696 1273 reticeret
2743 1218 2938 1274 divinis
2976 1219 3218 1290 dapibus.
3250 1218 3764 1292 Condiditpraeterea

2202 1310 2590 1366 monasterium
2618 1309 2670 1364 in
2696 1308 2814 1365 loco
2837 1309 2990 1378 cujus
3012 1310 3139 1365 olim
3162 1310 3480 1366 vocabulum
3504 1310 3603 1366 fuit
3623 1310 3765 1367 Novi-

2202 1413 2420 1474 geutum
2452 1403 2550 1476 (4),
2576 1418 2717 1460 nunc
2739 1404 2808 1459 ob
2830 1402 3035 1473 insigne
3061 1402 3175 1472 ejus
3204 1403 3457 1459 meritum
3480 1403 3766 1459 sanctitatis

2203 1502 2430 1549 vocatur
2477 1492 2866 1548 monasterium
2897 1492 3069 1548 sancti
3100 1492 3407 1559 Clodoaldi;
3434 1489 3589 1561 cujus
3613 1502 3664 1547 et
3688 1507 3767 1547 uo-

2204 1587 2349 1641 mine
2378 1583 2540 1656 pollet
2563 1593 2620 1639 et
2670 1583 2883 1649 merito,
2915 1583 3060 1654 quod
3081 1594 3136 1638 et
3164 1580 3554 1639 suﬁicientibus
3596 1583 3768 1638 ditavit

2168 1746 2169 1751 η
2205 1675 2436 1731 terrenis
2462 1674 2674 1744 opibus,
2704 1681 2760 1729 et
2787 1688 3023 1745 congrua
3047 1672 3358 1729 habitacula
3386 1673 3491 1729 sibi
3533 1682 3590 1730 et
3614 1675 3768 1730 servis

585 1754 814 1821 iOQSed
850 1780 951 1821 nec
976 1764 1106 1820 illud
1157 1764 1295 1819 duco
1327 1763 1435 1835 tegi
1463 1763 1679 1819 silentio
1718 1763 1860 1835 quod
1903 1762 2099 1819 claruit
2127 1769 2171 1829 Β
2201 1768 2294 1825 Dei
2315 1782 2502 1823 secum
2529 1765 2887 1831 morantibus,
2910 1766 3004 1822 sed
3034 1767 3088 1820 in
3137 1766 3399 1835 reliquum
3443 1780 3616 1820 aevum
3661 1781 3770 1821 suc-

514 1854 634 1926 ejus
659 1855 820 1910 dono.
847 1855 979 1911 Cum
1000 1855 1054 1911 in
1073 1855 1233 1925 parte
1254 1853 1490 1925 pra-fatae
1508 1854 1746 1925 regionis
1758 1862 2097 1910 construeret

516 1944 734 2001 domum
757 1943 1044 2010 orationis,
1072 1958 1272 2014 pauper
1297 1944 1517 2013 quidam
1558 1944 1724 2009 venit,
1766 1952 1819 1999 et
1860 1942 2095 1998 e‘leemo-

513 2050 795 2107 mosynam
825 2037 894 2091 ab
914 2050 979 2091 eo
1001 2034 1106 2091 sibi
1158 2034 1276 2090 dari
1325 2036 1589 2106 poposcit.
1618 2034 1717 2090 Vir
1769 2042 1952 2091 autem
1978 2036 2096 2102 Dei,

514 2141 639 2184 cum
666 2127 719 2182 in
748 2127 1001 2203 praesenti
1029 2142 1137 2182 non
1181 2126 1406 2183 haberet
1434 2128 1578 2199 quod
1617 2127 1879 2198 indigenti
1920 2127 2095 2191 daret,

512 2217 781 2275 cucullam
811 2233 916 2289 qua
949 2217 1272 2273 induebatur
1292 2217 1458 2274 dedit.
1488 2218 1601 2286 Qua
1628 2232 1832 2290 pauper
1877 2226 2098 2288 accepta

514 2311 761 2378 recessit,
789 2319 845 2367 et
890 2310 943 2366 in
999 2310 1216 2366 domum
1263 2307 1541 2379 cujusdam
1587 2310 1761 2366 ﬁdelis
1789 2308 2099 2380 hospitandi

513 2400 688 2473 gratia
710 2401 876 2455 venit.
902 2399 1002 2467 Qui
1033 2415 1157 2455 cum
1180 2415 1238 2455 se
1267 2411 1388 2470 post
1413 2400 1593 2455 cibum
1615 2410 1670 2455 et
1691 2412 1875 2471 patum
1918 2398 2099 2471 sopori

514 2489 772 2559 dedisset,
803 2506 994 2564 magna
1017 2490 1131 2562 jam
1166 2499 1440 2547 transacta
1468 2500 1622 2563 parte
1667 2492 1862 2559 noctis,
1912 2500 2098 2562 pater-

513 2577 752 2636 familias
796 2580 863 2635 de
917 2590 1077 2636 nocte
1130 2580 1386 2644 surrexit,
1415 2596 1479 2636 ac
1508 2580 1725 2636 domum
1757 2595 1912 2635 suam
1952 2579 2101 2636 claro

514 2668 719 2726 lumine
740 2669 1021 2741 splendere
1045 2670 1211 2726 vidit:
1244 2671 1335 2741 qui
1367 2670 1511 2726 illico
1539 2686 1650 2727 suae
1688 2670 1903 2741 conjugi
1946 2670 2097 2726 exci-

520 2767 649 2816 tatae
673 2776 704 2815 a
734 2763 1179 2822 somnonarrare
1201 2762 1430 2820 curavit.
1455 2760 1548 2818 illa
1577 2772 1759 2818 autem
1789 2778 1902 2817 rem
1928 2762 2099 2817 inusi-

515 2859 687 2907 tatam
744 2853 959 2920 intuens
984 2854 1147 2909 dicit:
1202 2853 1419 2924 Aliquid
1472 2853 1712 2909 muneris
1758 2852 1924 2908 divini
1953 2867 2103 2922 pere-

517 2943 708 3013 grinus
732 2943 842 3009 hic,
877 2944 968 3014 qui
995 2959 1023 2999 a
1051 2943 1206 2999 uobis
1233 2953 1513 3014 susceptus
1534 2953 1637 3009 est,
1668 2958 1851 2999 secum
1888 2942 2097 2997 detulit.

517 3033 624 3102 Qui
651 3049 807 3090 mane
833 3035 901 3090 ab
928 3034 1009 3091 eis
1034 3035 1343 3105 requisitas,
1375 3033 1558 3090 retulit
1577 3033 1812 3104 qualiter
1834 3031 2100 3088 cucullum

2201 1874 2355 1914 cessu
2398 1858 2800 1929 generationum
2853 1872 2951 1928 pro
3001 1856 3174 1913 salute
3217 1857 3522 1912 animarum
3566 1872 3767 1913 SI]le

2201 1949 2313 2004 Deo
2341 1948 2649 2004 militaturis
2668 1946 2978 2012 aediﬁcavit,
3002 1956 3165 2018 atque
3188 1948 3346 2002 matri
3374 1947 3617 2003 ecclesia:
3640 1945 3768 2016 ejus-

2202 2037 2324 2093 dem
2352 2036 2609 2103 civitatis,
2658 2036 2909 2092 videlicet
2940 2047 3144 2101 sanctae
3174 2038 3356 2093 Maria:
3397 2047 3660 2109 perpetuo
3687 2037 3770 2091 hae

2200 2129 2434 2186 bendum
2460 2136 2780 2184 testamento
2793 2127 3079 2198 delegavit.
3098 2130 3202 2187 Ubi
3227 2130 3390 2185 etiam
3405 2129 3527 2200 ipse
3546 2138 3771 2186 statuens

2199 2217 2499 2290 praestolari
2555 2216 2843 2272 terminum
2893 2219 3017 2274 vitae
3046 2233 3156 2274 sua:
3183 2235 3306 2274 cum
3363 2212 3613 2289 plurimis
3650 2235 3771 2289 quos

2196 2320 2379 2366 metus
2423 2311 2683 2380 gehennae
2741 2319 3012 2365 terruerat
3048 2320 3104 2365 et
3133 2311 3368 2367 caelestis
3405 2311 3596 2382 patriae
3630 2324 3772 2366 amor

2203 2385 2588 2466 animaverat,‘
2620 2399 2968 2455 ascensiones
3014 2401 3068 2454 in
3091 2401 3257 2456 corde
3276 2416 3375 2457 suo
3403 2401 3690 2471 disponens
3721 2402 3767 2456 in

2201 2491 2304 2546 hac
2325 2490 2621 2562 lacrymum
2642 2489 2804 2555 valle,
2835 2489 3085 2560 cupiebat
3109 2490 3176 2546 de
3220 2491 3420 2546 virtute
3442 2491 3500 2546 in
3531 2492 3769 2547 virtutem

2202 2586 2515 2649 ascendere,
2577 2584 2833 2640 insistens
2867 2584 3226 2649 orationibus,
3262 2583 3508 2654 jejuniis,
3556 2587 3773 2641 eleemoc

2201 2676 2370 2748 syuis,
2393 2675 2611 2747 vigiliis,
2635 2675 2829 2731 divinis
2856 2674 3198 2740 lectionibus,
3217 2684 3279 2731 ut
3305 2676 3770 2732 nierereturDeum

2202 2766 2426 2821 deorum
2478 2766 2662 2821 videre
2693 2766 2746 2821 in
2774 2765 2925 2821 Sion.
2956 2764 3050 2820 [iis
3090 2766 3256 2838 igitur
3282 2766 3563 2823 exercitiis
3608 2765 3772 2821 divina

2202 2855 2375 2924 gratia
2422 2855 2703 2925 praeditus,
2730 2870 2796 2910 ex
2822 2854 3153 2910 revelatione
3189 2856 3368 2910 divina
3397 2856 3544 2911 scire
3592 2855 3773 2911 meruit

2201 2947 2327 3002 vitae
2355 2962 2466 3002 sua;
2493 2947 2777 3002 transitum
2801 2949 2986 3018 ;cujus
3012 2948 3257 3003 ultimam
3271 2949 3458 3004 horam
3476 2949 3632 3004 laetus
3649 2961 3774 3020 prata

2204 3036 2503 3093 stolabatur
2522 3035 2743 3107 cupiens
2773 3037 2991 3092 dissolvi
3019 3045 3074 3093 et
3101 3052 3223 3093 esse
3248 3053 3372 3093 cum
3401 3037 3642 3095 Christo.
3688 3036 3773 3092 bli-

517 3121 643 3180 loco
669 3125 910 3180 muneris
939 3140 970 3180 a
1008 3133 1201 3180 sancto
1246 3125 1362 3181 viro
1390 3124 1677 3194 acceperit.
1711 3121 1863 3190 Quod
1894 3120 2097 3176 factum
2126 3129 2172 3192 (ζ
2202 3127 2378 3198 gravii
2397 3140 2528 3199 ergo
2547 3141 2579 3181 a
2601 3141 2826 3197 corpore
2852 3128 3081 3197 septimo
3105 3128 3229 3185 ldus
3255 3128 3597 3200 Sepembris,
3644 3129 3771 3185 reci-

520 3214 579 3271 in
610 3214 700 3270 illo
725 3215 844 3272 loco
871 3215 924 3271 in
950 3214 1107 3270 laude
1151 3213 1542 3285 omnipotentis
1583 3212 1677 3267 Dei
1709 3210 1850 3282 vulgi
1881 3224 1975 3266 ore
1999 3209 2107 3264 cir-

520 3319 863 3378 cumquaque
891 3314 977 3363 est
1007 3304 1364 3371 dili‘amatum,
1387 3313 1443 3360 et
1466 3303 1665 3362 celebri
1711 3316 1961 3360 sermone
1983 3300 2103 3357 vul-

517 3406 726 3470 satum.
1941 3451 1944 3454 .

593 3488 680 3543 Η.
743 3486 965 3545 Talibus
992 3484 1403 3543 charismatum
1430 3485 1584 3542 donis
1612 3500 1642 3540 a
1673 3493 1866 3542 sancto
1896 3484 2102 3555 Spiritu

518 3579 818 3635 honoratus
844 3580 1138 3637 revertitur
1157 3576 1415 3634 Parisios.
1441 3576 1539 3632 Cui
1562 3576 1681 3632 urbi
1696 3573 1811 3644 jam
1840 3576 2099 3631 continuo

521 3672 776 3743 gaudium
822 3670 882 3727 iit
910 3672 1022 3728 Deo
1068 3669 1271 3743 gratias
1299 3668 1570 3739 agentium
1614 3682 1714 3739 pro
1754 3666 1869 3737 ejus
1900 3667 2100 3735 reditu,

522 3779 752 3835 quorum
783 3763 911 3820 olim
938 3763 1099 3820 corda
1129 3761 1354 3816 nimium
1380 3758 1596 3823 fuerant
1620 3760 1688 3815 de
1710 3759 1825 3830 ejus
1844 3760 2106 3816 abscessu

525 3864 745 3912 mmsta.
768 3853 1049 3926 Excipitur
1076 3852 1260 3922 itaque
1293 3849 1432 3906 mira
1464 3849 1826 3905 exsultatione
1882 3851 2106 3921 populo-

594 3986 689 4058 (ὅ)
704 3987 967 4058 Eusebius
996 3986 1273 4058 Satl‘araco
1292 3984 1556 4058 successit
1579 3998 1722 4058 anno
1743 3983 1967 4058 cir_citer'
1996 3984 2095 4058 55!

525 4054 1363 4159 RE?§."I‘1‘P?.§:..(EEETEI'RLi'f
1385 4055 1781 4159 (ΞθΞἙΣΕξῖἮὲ,
1799 4054 2027 4159 ἷξὲτῧξξῖῗ
2039 4055 2102 4159 ie

524 4125 715 4181 Cointe
734 4125 799 4181 ad
824 4127 972 4180 illum
998 4142 1197 4181 annum
1223 4141 1371 4180 num.
1398 4125 1445 4191 1,
1461 4134 1781 4194 constatque
1804 4141 1870 4180 ex
1894 4125 2014 4181 Vita
2039 4126 2099 4181 S.

523 4195 811 4253 Droctovei
833 4198 1041 4252 abbatis
1062 4211 1210 4250 num.
1244 4210 1319 4248 vr.

551 4304 555 4309 ι
593 4265 676 4339 (4)
703 4265 1084 4338 Novigentum,
1113 4264 1340 4337 Negant,
1366 4264 1577 4323 duobus
1605 4264 1926 4323 milliaribus
1957 4265 2097 4321 infra

2208 3217 2365 3288 piens
2415 3231 2673 3273 coronam
2720 3217 3075 3285 meritorum,
3107 3234 3270 3289 quam
3322 3228 3378 3274 et
3422 3219 3658 3276 reddidit
3705 3217 3774 3274 illi

2210 3311 2472 3367 Dominus
2496 3325 2597 3383 pro
2623 3310 2900 3367 laboribus
2922 3310 3100 3381 justus
3151 3312 3336 3383 judex.
3383 3312 3555 3385 Cujus
3595 3327 3775 3384 corpus

2209 3402 2264 3457 in
2295 3402 2484 3458 eadem
2534 3402 2667 3459 uella
2727 3418 2939 3458 summo
2968 3404 3173 3460 honore
3214 3405 3499 3461 humatum
3545 3416 3654 3472 est,
3695 3405 3774 3459 ubi

2209 3492 2626 3563 suifragantibus
2654 3491 2771 3562 ejus
2796 3496 3003 3552 meritis
3025 3496 3326 3567 completur
3353 3482 3541 3554 votum
3591 3513 3657 3553 ex
3682 3496 3776 3552 tida

2207 3586 2464 3657 petentis,
2494 3596 2788 3658 praestante
2810 3587 3038 3644 Domino
3063 3596 3250 3644 nostro
3274 3586 3402 3644 Iesu
3429 3588 3672 3653 Christo,
3698 3586 3778 3643 cui

2204 3686 2466 3747 potestas,
2531 3678 2704 3733 honor
2768 3686 2826 3734 et
2879 3676 3053 3750 gloria
3105 3679 3162 3734 iu
3215 3678 3411 3736 saecula
3441 3678 3774 3737 saeculorum.

2205 3769 2399 3825 Amen.

2208 3986 2474 4043 Lutetiam
2497 3984 2825 4058 Parisiorum
2860 3990 2928 4044 ad
2955 3986 3264 4058 Sequanam
3309 3982 3776 4058 ﬂuviu'nrvisitur,

2208 4074 2350 4114 mluc
2365 4058 2711 4129 S..Clodoaldi
2725 4057 2990 4129 Oppidum
3014 4055 3305 4114 vocitatum
3318 4057 3506 4129 ,_vulgo
3520 4056 3581 4129 S.
3596 4055 3775 4117 Clonii,

2209 4129 2262 4183 in
2286 4126 2438 4197 cujus
2471 4129 2697 4183 ecclesia
2717 4126 3021 4198 collegiata,
3036 4130 3311 4183 destructo
3329 4126 3658 4199 jampridem
3681 4140 3779 4181 mo-

2208 4200 2469 4266 nasterio,
2497 4199 2665 4271 ipsius
2684 4200 2858 4255 sancti
2886 4213 3084 4269 corpus
3103 4209 3436 4255 asset-vatur.

2826 4420 3736 4448 Μ

1782 4541 2549 4673 LIBELLUS

780 4775 929 4863 DE
987 4720 1931 4871 'succsssoamus
1978 4724 2145 4869 ’δῖ
2188 4773 2793 4868 HIDULPHI
2873 4771 2998 4863 IN
3073 4768 3539 4867 VOSAGO

1279 4945 1458 5018 (Apud
1481 4947 1543 5003 D.
1565 4946 1797 5017 Calmet,
1838 4945 2069 5002 Histoire
2091 4946 2157 5001 de
2181 4943 2455 5013 Lorraine,
2494 4944 2749 5009 Preuves,
2789 4958 2842 5013 p.
2869 4942 3045 5029 nix.)

800 5316 812 5330 .
946 5309 972 5330 η.
1044 5219 1269 5328 (ΞΛΡῌΤ
1308 5222 1596 5285 PRIMUM.

2213 5241 2334 5287 rum
2377 5224 2605 5302 populo,
2663 5227 2964 5285 divinitatis
3008 5239 3111 5297 ope
3160 5220 3365 5281 illatum
3410 5231 3491 5279 est
3535 5221 3779 5278 Mediana
