3918 6316
201 428 316 483 Ξυδ

1040 427 1129 480 DE
1163 421 1723 480 SUCCESSORIBUS
1759 424 1816 478 S.
1857 419 2180 476 lllDULPlll
2215 419 2283 474 IN
2319 419 2613 477 V'OSAGO.

3347 421 3454 482 106

199 541 402 597 Christi
453 548 664 610 martyr
713 553 835 594 cum
894 539 1017 594 aliis
1063 541 1177 594 suis
1225 539 1481 594 trecentis
1534 538 1781 608 pervenit
1805 536 1854 596 Α
1883 535 2080 590 Arcam
2112 535 2345 604 denique
2383 551 2546 606 super
2582 537 2771 592 beatos
2807 539 3018 608 patroni
3049 541 3218 596 nostri
3247 541 3451 598 liildul-

197 635 511 700 Trevirim;
566 649 793 704 corpore
846 651 950 688 non
997 635 1158 689 corde
1199 634 1268 687 ab
1313 634 1502 688 eadem
1559 648 1665 702 qua
1722 640 1778 687 et

196 724 443 795 praedicti
496 726 782 795 martyres,
833 724 1048 778 Thebea
1097 723 1306 794 legione
1348 723 1672 778 subtrahens
1718 736 1777 777 se

197 817 444 880 interim,
475 831 600 872 cum
637 815 780 885 apud
818 815 1099 885 Agaunum
1129 816 1390 870 darentur
1419 814 1650 868 victima?
1678 815 1776 867 sub

195 904 453 960 Herculio
498 903 826 958 Maximiano
868 904 1100 958 Caesare.
1149 895 1381 958 Omnino
1431 910 1610 956 tamen
1659 917 1777 956 creo

194 993 434 1048 dendum
478 1001 564 1046 est
605 991 1071 1046 constantissimos
1112 999 1277 1044 testes
1313 987 1514 1044 Christi
1546 997 1779 1058 postum-

191 1083 317 1137 dum
367 1081 559 1146 factos,
609 1083 732 1136 cita
778 1082 971 1136 mortis
1017 1082 1345 1136 sententiam
1390 1091 1494 1135 nun
1539 1088 1648 1134 tam
1688 1095 1778 1134 vo-

191 1172 359 1230 luisse
383 1179 584 1232 vitare.
615 1175 706 1228 ubi
732 1173 887 1244 juxta
933 1173 1180 1227 veritatis
1208 1172 1440 1242 jussum,
1477 1172 1530 1226 in
1570 1173 1670 1226 ista
1700 1172 1776 1225 ci-

187 1263 358 1318 vitate
408 1263 704 1333 persecuti,
748 1264 802 1316 in
846 1262 1008 1316 aliam
1055 1271 1314 1332 caperent
1359 1261 1568 1333 fugere,
1611 1269 1772 1331 quam

186 1355 396 1424 passim
427 1369 523 1423 per
555 1353 862 1408 barbariem
889 1352 1186 1416 Galliarum
1225 1367 1444 1422 sparsos
1471 1351 1775 1423 divinitatis

184 1446 323 1500 mira
367 1444 742 1514 dispositione,
771 1456 837 1498 ne
869 1443 1027 1496 unius
1071 1440 1174 1496 loci
1205 1441 1479 1496 clauderet
1523 1440 1772 1510 angustia

186 1543 262 1588 tot
303 1543 363 1588 et
413 1542 520 1587 tam
574 1531 832 1600 praaclara
877 1539 1188 1584 sanctoruin
1242 1537 1538 1600 martyrum
1581 1528 1770 1582 millia.

183 1623 283 1680 Ubi
318 1623 541 1678 tandem
572 1621 836 1687 Treviris,
867 1622 1076 1676 scilicet
1111 1620 1300 1692 agonis
1325 1619 1407 1675 sui
1451 1630 1612 1674 cursu
1651 1617 1772 1674 feli-

182 1718 321 1773 citer
375 1726 602 1772 emenso
633 1754 649 1780 ,
706 1713 923 1784 capitali
975 1728 1100 1768 cum
1147 1712 1309 1768 sociis
1354 1711 1469 1766 suis
1513 1711 1774 1767 multatus

180 1805 479 1866 sententia,
524 1811 745 1876 propter
786 1812 1006 1873 pbntem
1045 1790 1283 1857 fluminis
1309 1801 1404 1871 qui
1432 1800 1642 1870 adja'cet
1671 1810 1770 1870 op-

1880 628 1972 697 phi
2005 636 2157 682 artus
2195 626 2449 683 fabricari
2481 629 2734 695 instituit,
2767 645 2926 700 quam
2955 631 3116 686 etiam
3154 632 3453 691 honoriﬁce

1881 720 1998 774 auri
2019 719 2336 790 argentique
2360 719 2591 776 metallis
2613 723 2912 778 adornavit.
2937 723 3058 778 Pari
3084 727 3242 781 modo
3257 729 3453 784 conde-

1880 812 2086 867 coravit
2122 823 2433 868 sanctarum
2461 809 2810 884 reliquiarum
2847 814 3127 882 feretrum,
3165 833 3286 873 cum
3316 821 3453 878 scri-

1878 900 2056 966 niolis,
2101 917 2223 956 cum
2256 902 2562 968 thuribulis,
2613 912 2736 958 cum
2781 905 3140 960 candelabris.
3197 907 3350 963 Fecit
3396 912 3453 965 et

1879 991 2104 1046 calicem
2138 993 2434 1047 maximum
2483 993 2702 1049 nomine
2735 996 2834 1049 suo
2873 995 3210 1066 insignitum,
3251 1001 3453 1055 nostra?

1877 1083 2152 1152 pauperiei
2178 1083 2353 1138 adhuc
2379 1088 2734 1138 reservatum.
2765 1084 2861 1139 llic
2877 1085 3055 1140 decori
3082 1101 3299 1141 ararum
3324 1087 3455 1144 beae

1879 1181 1946 1226 tte
1987 1167 2078 1227 Dei
2126 1163 2422 1229 Genitricis
2466 1176 2748 1243 sanctique
2791 1173 2934 1230 Petri
2978 1186 3172 1247 aptans
3216 1179 3450 1245 tabulas,

1878 1263 2134 1331 pretiosis
2157 1254 2388 1318 metallis
2416 1263 2692 1332 insignivit
2721 1263 2924 1328 ambas,
2965 1264 3238 1335 multaque
3268 1265 3456 1334 hujus-

1880 1355 2024 1409 m’odi
2061 1355 2278 1424 reliquit
2303 1355 2421 1410 lot:o
2443 1371 2554 1410 sua:
2577 1355 2853 1409 industriae
2873 1355 3079 1411 credito
3102 1358 3452 1414 monimenta.

1877 1441 2000 1512 ipse
2043 1457 2256 1514 quoque
2295 1445 2483 1515 suapte
2512 1446 2773 1514 pmdium
2824 1443 2967 1499 Petri
3008 1455 3277 1502 scamnum
3313 1465 3458 1504 nun-

1878 1545 2133 1606 cupatnm
2161 1577 2176 1601 ,
2219 1536 2329 1606 jnri
2373 1537 2555 1600 nostri
2601 1537 2832 1592 ccenobii
2885 1539 3247 1604 contradidit,
3303 1540 3459 1614 cujus

1877 1625 2163 1680 collatione
2219 1625 2347 1678 illud
2395 1625 2691 1695 ampliavit.
2748 1624 3064 1696 Defungitur
3109 1626 3290 1697 itaque
3349 1635 3460 1683 ter-

1881 1717 1958 1772 tio
1987 1717 2107 1771 idus
2141 1715 2355 1778 Martii.
2404 1732 2527 1772 cum
2557 1718 2836 1787 regiminis
2893 1718 3011 1787 ejus
3065 1719 3192 1772 anni
3241 1717 3458 1774 acutula

1881 1806 2348 1876 argumentatione
2393 1807 2650 1877 vestigati
2711 1807 2803 1862 vix
2868 1807 3206 1878 reperiantur
3254 1807 3459 1866 dando.

179 1895 328 1965 pido,
355 1891 701 1948 desiderabili
729 1891 1057 1946 commercio
1093 1890 1428 1946 nanciscitur
1459 1886 1855 1950 aeternitatis-8
1881 1893 2010 1950 cim.

178 1984 568 2054 compendium
613 1982 682 2038 ob
712 1981 1126 2052 temporalilatis
1164 1981 1526 2051 dispendium.
1564 1979 1665 2048 Qui
1695 1980 1772 2035 vi-

180 2073 322 2128 libus
376 2072 619 2127 mandati
660 2072 833 2126 b'uslis
881 2070 1376 2126 a-Christianorum
1425 2065 1636 2139 populis
1682 2085 1772 2123 ra-

180 2165 328 2219 biem
361 2163 877 2233 pertimescentibus
905 2160 1245 2230 gentilitatis,
1272 2169 1391 2230 post
1416 2159 1769 2230 plurimorum

178 2255 456 2316 curricula
511 2266 781 2309 annorum
852 2254 1078 2308 honeste
1137 2251 1422 2316 reconditi,
1479 2251 1663 2321 jacent
1716 2252 1770 2306 in

176 2344 414 2414 quadam
437 2342 677 2396 basilicae
698 2343 869 2396 sancti
892 2341 1109 2395 Maximi
1136 2341 1417 2412 cryptella.
1436 2329 1505 2396 Et
1534 2341 1635 2396 hoc
1650 2355 1773 2412 per-

178 2444 363 2487 actum
389 2433 534 2487 beati
577 2431 790 2501 patroni
823 2432 992 2485 nostri
1031 2431 1300 2502 Hildnlphi
1337 2431 1636 2503 vigilantia.
1671 2432 1773 2487 Dc-

179 2522 322 2578 latas
358 2537 492 2592 ergo
519 2521 730 2592 prazfati
763 2521 1023 2592 martyris
1063 2521 1328 2591 reliquias
1354 2521 1421 2576 ad
1464 2521 1768 2578 Medianum

180 2607 578 2670 monasterium
625 2613 808 2669 multis
854 2622 1159 2684 temporum
1206 2613 1495 2670 curriculis
1534 2614 1772 2669 servavit

181 2704 455 2776 quoddam
483 2715 638 2761 vetus
665 2705 836 2760 sancti
871 2703 1087 2758 Martini
1117 2703 1471 2760 Oratoriolum
1508 2719 1538 2757 a
1565 2705 1772 2760 dextris

182 2797 366 2868 templi
425 2795 684 2863 locatum,
738 2799 910 2856 donec
959 2799 1200 2855 funditus
1255 2799 1530 2855 memoriae
1581 2798 1771 2854 fuisset

182 2885 500 2940 subtractus
526 2886 871 2954 mortalium;
921 2888 1074 2960 cujus
1111 2889 1353 2943 inventio
1378 2888 1504 2958 quia
1549 2887 1772 2943 minime

183 2976 649 3052 praetermittenda
671 2986 754 3034 est
780 2978 1016 3047 silentio,
1041 2978 1377 3036 enucleatius
1401 2977 1770 3034 subscribetur

184 3077 282 3120 suo
306 3063 449 3121 loco.

815 3139 1142 3236 carurtn

253 3287 498 3344 Domnus
523 3289 689 3360 igitur
715 3289 1094 3362 Regimbertus
1124 3290 1367 3348 fraterno
1397 3293 1524 3348 voto
1549 3302 1764 3346 succes-

183 3392 276 3434 sor
322 3379 502 3433 sancti
548 3378 794 3446 eﬂ'ectus,
825 3380 983 3436 annis
1010 3394 1116 3436 non
1162 3380 1342 3436 minus
1372 3381 1763 3451 quinquaginta

187 3471 541 3541 dispositione
599 3472 882 3542 utriusque
938 3471 1197 3542 stipendii
1257 3472 1381 3528 vitae
1424 3470 1766 3528 ctenobitalis

187 3561 536 3618 laudabiliter
560 3570 647 3619 est
670 3562 911 3629 functus;
943 3563 1396 3634 quemadmodum
1434 3562 1766 3632 approbatur

185 3653 564 3725 chirographis
587 3654 764 3710 cautis
799 3670 985 3725 regum
1028 3653 1384 3724 temporibus.
1412 3651 1582 3723 Hujus
1615 3651 1767 3706 deni-

186 3758 289 3813 que
327 3743 528 3799 diebus
552 3741 925 3799 Theadelinda
955 3743 1180 3799 illustris
1205 3753 1477 3807 matrona,
1513 3749 1765 3812 respectu

185 3833 456 3890 tremendi
495 3834 763 3889 examinis
801 3842 1149 3905 compuncta,
1188 3847 1456 3890 consensu
1494 3829 1766 3900 comparis

179 3925 286 3991 sui,
335 3924 544 3982 vinculi
588 3924 889 3996 conjugalis
941 3926 1164 3982 resolvit
1199 3932 1378 3995 pacta,
1423 3930 1596 3992 atque
1647 3934 1762 3976 mc-

179 4010 330 4070 lioris
354 4013 543 4070 mariti
565 4023 702 4070 uxor
728 4015 941 4080 effecta,
973 4017 1074 4071 sub
1100 4015 1475 4071 sanctimoniae
1501 4013 1766 4068 velamine

178 4099 396 4158 Christo
440 4112 527 4159 est
563 4105 773 4171 dicata;
809 4121 929 4175 quae
969 4104 1344 4161 benevolentia
1388 4102 1635 4174 protinus
1669 4117 1764 4157 an-

176 4206 379 4252 nuente
393 4196 618 4266 Ruperti
641 4196 820 4270 [aliat,
837 4198 1100 4271 Ricperti]
1121 4199 1288 4255 relicti
1305 4197 1566 4267 conjugis,
1580 4207 1765 4253 nostro

179 4283 297 4343 loco
339 4287 659 4344 honorabile
699 4289 961 4359 praedium
1013 4289 1312 4345 Hahenaim
1351 4298 1604 4344 vocatum
1634 4303 1766 4344 con-

183 4375 429 4430 tradidlt.
478 4375 631 4433 Tunc
673 4378 839 4434 etiam
885 4379 1106 4448 quidam
1151 4377 1468 4448 spectabilis
1507 4379 1608 4441 vir,
1666 4391 1763 4433 no-

184 4467 324 4522 mine
350 4465 703 4533 Gumbertus,
753 4468 896 4524 [ilius
949 4467 1254 4538 Trupperti,
1301 4468 1355 4524 in
1401 4467 1510 4522 alio
1554 4466 1760 4537 pmdio

186 4553 597 4614 Handitu'slteim
625 4561 992 4632 agnominato,
1031 4561 1335 4631 portionem
1369 4558 1452 4614 sui
1472 4557 1613 4627 juris
1636 4573 1760 4613 con-
1785 4568 1843 4645 ‘D

187 4647 322 4704 tulit.
364 4649 422 4704 1n
454 4651 651 4719 quibus
688 4651 941 4722 praefatus
982 4653 1150 4710 abbas
1190 4655 1326 4709 duas
1349 4651 1606 4706 basilicas
1631 4665 1760 4705 con-

186 4741 394 4806 struxit,
424 4741 660 4811 priorem
689 4743 743 4798 in
779 4745 1039 4799 honorem
1062 4744 1236 4799 sancti
1263 4742 1540 4798 Maximini
1572 4741 1762 4797 Trevi-

188 4844 361 4886 rorum
401 4833 680 4903 przesulis;
730 4835 955 4890 alteram
1003 4837 1058 4890 in
1100 4837 1362 4892 honorem
1397 4835 1572 4890 sancti
1611 4832 1759 4888 Petri

188 4923 547 4990 apostolorum
594 4927 892 4997 principis,
943 4935 1105 4996 atque
1152 4929 1276 4982 vitae
1327 4943 1440 4982 sua:
1487 4923 1758 4982 curriculo

187 5026 420 5084 emenso,
455 5017 646 5089 quinto
675 5017 944 5076 Kalendas
989 5021 1270 5077 Februarii
1298 5019 1436 5078 lucis
1469 5021 1628 5078 istius
1655 5033 1757 5077 usu

188 5107 370 5162 caruit.

794 5204 1144 5275 CAPUrth.

257 5317 523 5386 Successit
544 5329 719 5386 eidem
779 5348 886 5386 non
957 5331 1134 5401 impar
1183 5332 1369 5387 studio
1413 5335 1472 5388 et
1518 5334 1759 5392 moribus

197 5413 608 5488 Bundrabertus;
660 5429 717 5477 et
765 5422 894 5478 huic
932 5433 1054 5493 post
1097 5423 1284 5492 viginti
1330 5431 1386 5479 et
1413 5437 1478 5479 eo
1525 5424 1755 5494 amplius

197 5521 348 5565 annos
385 5519 606 5566 strenue
646 5510 933 5566 decedenti
980 5512 1244 5567 successit
1301 5528 1591 5582 germanus
1635 5514 1752 5584 ejus

197 5595 546 5670 Ialdawinus,
579 5605 671 5674 qui
715 5605 1002 5659 mundanis
1028 5606 1227 5660 dudum
1256 5605 1550 5664 involucris
1589 5623 1751 5678 expe-

200 5691 347 5760 ditus,
387 5697 698 5752 monasticxe
735 5695 1141 5766 tranquillitatis
1199 5699 1530 5769 expetiverat
1576 5699 1745 5768 littus,

201 5785 378 5854 Quique
397 5787 651 5846 laudabili
677 5787 856 5845 studio
884 5789 1226 5860 praeminuit
1251 5789 1491 5860 praefatis
1517 5791 1744 5849 duobus.

2483 2012 2836 2085 Carurtv.

1943 2147 2225 2232 Extemplo
2279 2161 2333 2216 in
2401 2161 2668 2220 electione
2730 2164 3061 2221 successoris
3126 2165 3468 2225 multitudini.

1873 2249 2108 2306 fratrum
2162 2253 2436 2322 subrepsit
2483 2254 2767 2310 discordiae
2804 2255 2958 2322 bilis;
3016 2261 3110 2312 sed
3154 2258 3462 2328 prtevaleno

1872 2331 2019 2394 tibus
2078 2341 2224 2396 beati
2277 2342 2376 2395 viri
2427 2341 2586 2411 hujus
2646 2344 2886 2410 meritis,
2941 2345 3214 2416 insperato
3258 2349 3456 2406 divinas

1873 2427 2176 2482 clementiae
2212 2429 2376 2499 jubar
2414 2429 2485 2486 ob
2533 2431 2745 2487 oriente
2795 2433 3096 2488 destinatur
3137 2433 3261 2491 illis.
3311 2435 3446 2494 Nam

1871 2527 1996 2570 cum
2025 2516 2276 2573 bifariam
2319 2520 2696 2576 s'cinde'rentiir
2722 2527 2920 2578 mutua:
2950 2524 3300 2582 dissensionis
3328 2543 3446 2599 per-

1871 2606 2067 2661 tinacia
2113 2607 2278 2673 ducti,
2322 2611 2602 2664 ambarum
2637 2613 2869 2682 partium
2904 2614 3115 2682 priores
3141 2616 3347 2687 pariter
3376 2620 3447 2675 ad

1871 2699 2171 2770 principem
2221 2709 2520 2771 pervenere
2548 2701 2822 2759 Carolum.
2872 2704 2972 2761 Ubi
3017 2707 3274 2776 paciiicus
3305 2710 3456 2779 prin-

1872 2799 2002 2862 ecps
2030 2793 2220 2848 sedata
2245 2793 2462 2876 difﬁcile
2485 2798 2870 2852 monachorum
2898 2800 3165 2868 persensit
3193 2801 3449 2874 litigium,

1872 2881 2174 2937 concordiae
2223 2884 2507 2953 providere
2568 2887 2832 2958 gestiebat
2899 2895 3060 2960 quam
3132 2883 3451 2960 plurimum.

1872 2968 2009 3024 Mira
2039 2979 2220 3026 autem
2245 2972 2598 3042 dispositione
2635 2977 2938 3033 divinitatis
2967 2979 3215 3050 repertus
3253 2990 3338 3038 est
3376 2984 3454 3043 ibi

1872 3057 2200 3116 Fortunatus
2236 3063 2544 3131 patriarcha
2579 3066 2925 3135 venerabilis,
2963 3070 3053 3141 qui
3090 3072 3261 3142 gratia
3300 3073 3447 3130 salu-

1874 3150 2024 3206 tandi
2061 3145 2326 3208 famosum
2357 3155 2678 3228 principem,
2708 3159 3023 3232 visendique
3063 3161 3181 3220 loca
3227 3177 3449 3224 sancto-

1795 3227 1842 3292 C
1873 3258 2015 3308 rum,
2044 3259 2180 3314 quos
2200 3243 2344 3300 fama
2363 3227 2688 3304 excurrente
2710 3227 2990 3316 didicerat,
3013 3239 3080 3308 ab
3103 3236 3449 3328 ierosolymis

1868 3347 2092 3403 peregre
2121 3333 2394 3404 digressus
2431 3343 2568 3391 erat.
2601 3336 2652 3393 ls
2680 3337 2912 3409 denique
2936 3349 3062 3397 ante
3103 3341 3306 3413 aliquot
3351 3360 3449 3400 an-

1867 3431 2061 3476 norum
2090 3422 2360 3503 curricula
2400 3424 2836 3484 animadvertens
2879 3429 3018 3500 apud
3051 3428 3232 3488 Aaron
3263 3445 3449 3504 regem

1864 3506 2151 3568 Persarum
2166 3507 2336 3582 pluris
2351 3513 2538 3570 haberi
2554 3524 2790 3572 amorem
2806 3517 3004 3585 Cttroli,
3023 3524 3182 3589 quam
3196 3538 3452 3592 quorum-

1866 3615 2080 3670 cunque
2104 3603 2427 3674 principum,
2456 3606 2599 3675 quod
2622 3607 2785 3664 etiam
2809 3609 3138 3680 patefecerat
3165 3613 3449 3686 dirigenda

1867 3691 1916 3746 ei
1960 3692 2129 3748 selum
2160 3700 2322 3764 quem
2369 3695 2603 3753 habebat
2628 3698 2994 3769 elephantem,
3034 3714 3133 3770 per
3159 3703 3442 3762 diaconem

1868 3783 2126 3851 reliquias
2170 3783 2299 3854 ligni
2351 3787 2643 3856 passionis,
2692 3803 2789 3844 seu
2842 3780 2986 3846 inter
3034 3792 3282 3851 homines
3333 3812 3444 3853 non

1868 3871 2071 3927 nullius
2117 3873 2553 3932 conversationis
2601 3875 2812 3934 Domini
2857 3881 3026 3936 nostri
3073 3880 3200 3938 J‘esu
3244 3885 3451 3943 Christi

1867 3959 2246 4030 transmiSerat
2275 3963 2375 4029 illi,
2419 3965 2693 4036 multaque
2718 3977 2879 4041 prece
2905 3969 3236 4027 centes'tattis
3266 3975 3450 4045 exegit

1865 4062 1926 4108 ut
1952 4053 2210 4124 praedicto
2243 4054 2424 4112 Aaron
2455 4055 2774 4128 legationem
2807 4066 2905 4130 per
2929 4069 3057 4117 suos
3086 4061 3308 4118 inferret
3345 4065 3446 4120 hu-

1859 4143 2096 4217 jusmodi
2125 4165 2138 4200 :
2171 4147 2507 4206 Omnimddis
2550 4147 2696 4206 tuam
2736 4150 3076 4209 clementiam
3117 4169 3310 4226 precor
3346 4173 3448 4229 pro

1867 4237 1985 4293 loco
2015 4238 2448 4296 Resurre'ctionis
2479 4241 2688 4298 Domini
2713 4241 2807 4298 Dei
2841 4243 2943 4299 mei
2974 4249 3160 4300 sancta
3195 4246 3349 4314 Sion,
3373 4263 3445 4304 ne

1865 4335 1960 4382 tuo
1988 4327 2297 4384 laxamento
2345 4345 2375 4384 a
2422 4332 2670 4402 gentibus
2711 4334 2912 4404 passim
2960 4333 3220 4401 calcetur,
3268 4352 3448 4410 neque

1865 4417 2140 4489 religionis
2187 4418 2512 4475 ChriStiana:
2541 4421 2778 4493 pontifici
2816 4422 3057 4481 debitum
3086 4425 3290 4483 cultum
3341 4428 3448 4486 ibi.

1865 4509 1986 4564 dem
2033 4511 2349 4579 exsequenti
2397 4511 2820 4567 contradicatur.
2863 4502 2992 4583 Ejus
3032 4514 3214 4585 itaque
3255 4517 3448 4575 ditioni

1872 4612 1998 4658 tunc
2035 4619 2141 4658 non
2182 4612 2388 4658 tantum
2431 4605 2584 4660 beata
2616 4605 2807 4660 ci'vitas
2841 4620 3028 4662 verum
3064 4607 3287 4678 insuper
3327 4623 3444 4668 omo'

1868 4691 1952 4747 nis
1981 4699 2118 4762 pene
2145 4692 2273 4747 Asia
2304 4701 2501 4762 praeter
2525 4691 2727 4747 Indiam
2757 4697 3001 4764 parebat.
3032 4695 3132 4764 Qui
3165 4699 3316 4755 chari
3344 4701 3450 4758 sibi

1866 4782 2126 4853 principis
2155 4782 2426 4836 amicabili
2466 4783 2813 4854 suggestione
2847 4783 2983 4840 adeo
3026 4786 3298 4846 delibutus
3338 4800 3445 4858 est,

1865 4882 2131 4944 quatenus
2173 4871 2512 4942 dispositioni
2560 4872 2677 4942 ejus
2723 4873 2921 4930 ascribi
2968 4879 3324 4936 reverendum
3371 4880 3450 4937 lo-

1865 4981 1990 5020 cum
2027 4963 2262 5034 inberet,
2313 4980 2344 5019 a
2392 4967 2599 5034 suoque
2636 4971 2917 5035 pblentatu
2968 4966 3279 5026 Veredariis
3320 4986 3447 5028 cum

1865 5056 2220 5114 Orientalium
2279 5062 2562 5112 munerum
2611 5057 2905 5113 ambitione
2951 5059 3208 5129 diretitis,
3265 5062 3446 5118 eidem

1864 5148 2161 5204 cessionem
2192 5147 2339 5201 illam
2383 5146 2646 5204 firmaret.
2688 5148 2799 5205 Hac
2831 5163 2930 5219 pro
2965 5163 3127 5205 causa
3159 5151 3443 5208 diaconem‘

1863 5246 2017 5292 stium
2046 5238 2112 5292 ad
2133 5237 2384 5292 Carolum
2411 5237 2606 5293 iterato
2638 5253 2758 5294 cum
2785 5239 3115 5296 munusculis
3153 5240 3446 5296 destinavit

1861 5331 2192 5402 patriarcha.
2241 5331 2427 5386 Tertio
2472 5335 2654 5386 autem
2697 5343 2796 5402 per
2837 5339 3011 5387 semet
3046 5331 3268 5388 veniens
3305 5331 3442 5404 ipse,

1861 5432 2050 5478 mutua
2090 5421 2301 5478 visione
2345 5420 2663 5479 satisfacere
2712 5421 2984 5478 communi
3034 5420 3283 5491 effectui,
3338 5437 3440 5481 suo

1859 5515 2112 5572 videlicet
2159 5515 2530 5586 principisque
2572 5513 2828 5584 religiosi,
2869 5510 3090 5570 oll'endit
3137 5513 3277 5586 apud
3311 5531 3436 5573 eum

1859 5607 2175 5677 praedictam
2217 5604 2509 5676 procellam
2540 5601 2878 5658 ccenobitalis
2923 5602 3301 5672 dissensionis;
3348 5607 3442 5662 cui

1855 5696 2108 5752 sedanda:
2149 5710 2240 5750 rex
2268 5703 2502 5749 azstuans
2540 5692 2844 5750 consultum
2879 5692 2968 5761 iri,
3006 5694 3072 5748 ad
3105 5694 3258 5771 hunc”
3281 5696 3432 5767 quasi

1853 5787 1924 5846 ob
1954 5789 2006 5845 id
2035 5787 2291 5846 divinitus
2327 5786 2676 5872 destinatum,
2710 5793 2932 5857 repente
2961 5795 3072 5843 tota
3104 5773 3436 5846 convertitur
