3918 6316
478 403 585 464 207

2990 344 3020 353 ⁴ο-

1331 389 1621 450 APPEND.
1663 390 1753 448 AD
1792 386 1967 448 SEC.
1998 388 2068 445 Χ.

2196 389 2422 447 OPERA
2465 399 2859 451 neruorum.
3612 400 3701 459 ξοδ

429 508 437 512 ’
484 516 733 575 tractatio
762 510 842 587 (2)
887 510 1083 585 regalis
1130 509 1378 576 consilii,
1429 510 1472 566 si
1522 506 1682 563 modo
1730 505 1820 562 ille
1862 485 2139 576 praesulA
2166 503 2319 559 relati
2350 545 2364 569 ,
2416 505 2607 560 sociati
2661 516 2789 561 sunt
2837 509 3063 562 artubus
3107 507 3393 563 venerandi
3440 511 3605 581 regis,
3652 525 3704 570 ut

482 610 754 666 maximus
777 613 961 678 posset
989 605 1057 659 ad
1084 603 1186 659 hoc
1212 601 1374 657 llecti.
1420 599 1582 671 Regis
1612 599 1796 668 itaque
1828 597 2062 667 ac‘opti-

483 713 689 759 matum
719 699 835 770 ejus
868 695 1191 767 importunis
1224 692 1457 749 tentatus
1484 691 1740 761 precibus
1765 688 1854 742 vix
1888 686 2064 759 potuit

485 792 552 847 ad
598 794 701 848 hoc
747 786 1084 861 persuaderi,
1133 793 1402 856 quatenus
1442 791 1756 837 sanctorum
1796 778 1887 849 qui
1933 785 2063 832 tunc

481 883 623 938 forte
657 880 884 936 aderant
908 875 1250 933 sacerdotum
1273 869 1490 927 'cedens
1518 869 1847 933 auctoritati,
1888 867 2062 923 susci-

460 978 638 1042 peret
696 984 881 1024 curam
927 966 1084 1021 istius
1132 961 1486 1026 monasterii;
1555 958 1708 1028 cujus
1758 955 2065 1013 sanctitatis

481 1059 802 1115 excellentia
864 1055 1170 1126 priorisque
1228 1052 1400 1123 apicis
1459 1047 1762 1105 reverentia
1815 1047 2062 1117 stirpitus

481 1159 566 1204 est
594 1149 766 1219 sopita
801 1145 1108 1202 claustralis
1149 1143 1439 1207 discordia,
1482 1141 1676 1196 et'sub
1702 1154 1767 1194 eo
1808 1136 1874 1194 de
1914 1152 2064 1205 more

480 1240 659 1295 eII'ecti
710 1248 838 1294 sunt
899 1236 1148 1292 monachi
1210 1251 1305 1291 cor
1364 1249 1530 1289 unum
1589 1243 1643 1289 et
1696 1233 1877 1287 anima
1934 1232 2061 1287 una.

480 1330 671 1385 Fuisse
709 1327 958 1397 equidem
999 1325 1198 1380 dicitur
1228 1322 1579 1378 Recalvaster
1605 1322 1697 1377 hic
1735 1321 1948 1375 Domini
1980 1320 2064 1374 fa-

482 1421 683 1487 mulus,
722 1418 951 1489 corpore
973 1416 1130 1473 exilis
1157 1426 1212 1471 et
1245 1415 1491 1486 exiguus,
1522 1413 1661 1469 facie
1687 1421 1741 1468 et
1771 1427 2064 1469 conversa-

483 1513 634 1568 tione
662 1510 955 1582 angelicus,
1001 1502 1170 1564 barba
1211 1507 1470 1576 sublonga
1512 1505 1768 1573 canisque
1814 1516 2063 1575 respersa

482 1602 792 1658 decoratus.
821 1598 1027 1654 Praadia
1054 1598 1115 1652 in
1139 1604 1485 1665 augmentum
1513 1595 1615 1650 loci
1654 1596 1709 1649 in
1736 1594 1925 1649 diebus
1950 1593 2066 1662 ejus

486 1693 683 1747 collata
730 1697 856 1746 sunt
895 1688 1208 1752 numerosa,
1248 1686 1559 1741 chartarum
1602 1684 1935 1739 monimento
1966 1683 2067 1737 hu-

484 1796 689 1854 cusque
718 1780 1024 1836 notissima.
1057 1779 1230 1849 Ipsius
1262 1791 1388 1832 vero
1414 1775 1720 1839 collatione,
1754 1789 1818 1829 ex
1850 1774 2062 1830 cunctis

482 1890 623 1947 pene
650 1872 1027 1929 instrumentis
1054 1871 1305 1924 humanm
1327 1867 1725 1924 conversatioui
1758 1876 1921 1936 atque
1944 1880 2068 1936 pas-
2097 1861 2143 1921 B

483 1969 624 2025 sioni
653 1965 865 2023 Domini
896 1963 1095 2035 aptatis
1125 1960 1501 2033 amplexabilia
1540 1960 1764 2029 pignora
1808 1958 1957 2014 locus
1982 1958 2070 2013 hic

483 2061 687 2116 meruit
707 2058 1013 2131 percipere,
1037 2056 1349 2126 pariterque
1386 2053 1747 2123 pretiosorum
1773 2059 2070 2121 martyrum

487 2146 794 2222 Stephani,
868 2147 1063 2203 Lazari
1131 2142 1475 2216 quatriduani
1545 2141 1780 2213 sepulti,
1854 2139 2111 2207 Georgii

485 2253 648 2327 atque
670 2238 965 2303 Pancratii,
998 2251 1119 2294 cum
1164 2235 1451 2308 plurimis;
1495 2232 1636 2304 quod
1680 2247 1822 2287 nunc
1853 2231 2071 2300 longum

485 2331 700 2386 videtur
721 2327 965 2402 posequi.

936 2494 943 2501 .
1119 2440 1346 2499 CAPUT
1383 2441 1446 2496 ν.

450 2610 453 2613 ἤ
514 2539 661 2613 ,Ρετ
714 2538 832 2595 haec
892 2544 1133 2611 tempora
1185 2535 1255 2590 ab
1311 2530 1547 2589 Orientis
1600 2528 1846 2600 partibus
1897 2526 2072 2583 eidem

485 2632 740 2691 (tenebio
779 2631 960 2686 divino
1001 2631 1167 2685 ductu
1211 2626 1482 2681 destinata
1533 2631 1658 2679 sunt
1705 2623 1809 2678 duo
1850 2621 2075 2693 praecla-

486 2724 705 2779 rissima
732 2721 957 2786 lumina,
985 2718 1201 2789 quidam
1241 2714 1492 2771 videlicet
1530 2713 1670 2767 inter
1697 2726 1821 2767 suos
1849 2725 1944 2766 rex
1976 2724 2074 2764 no-

481 2792 631 2868 mine
665 2811 905 2869 Lazarus
934 2822 1058 2873 eum
1094 2804 1201 2860 (ilia
1248 2806 1380 2870 Aza,
1417 2818 1538 2873 quae
1584 2801 1748 2856 etiam
1791 2800 2073 2856 exstiterat

484 2902 542 2957 in
580 2901 776 2957 finibus
812 2899 917 2954 illis
946 2898 1156 2967 regina.
1192 2894 1256 2950 Ili
1296 2894 1398 2965 piae
1428 2891 1729 2949 devotionis
1754 2893 1936 2947 studio
1981 2891 2072 2946 de-

483 2980 724 3058 terentes
766 2990 1006 3060 propria,
1036 2988 1343 3057 expetivere
1385 2986 1691 3057 peregrina,
1722 2994 1987 3054 quatenus
2016 2984 2072 3037 in

481 3084 618 3139 urbe
672 3082 939 3143 Romulea
1000 3087 1341 3135 mererentur
1387 3076 1657 3146 attingere
1703 3074 2070 3145 apostolorum

485 3173 696 3251 limina,
722 3179 778 3226 et
800 3171 1019 3241 insuper
1044 3168 1255 3224 adirent
1281 3165 1570 3220 memorias
1598 3173 1910 3219 sanctorum
1936 3179 2071 3235 quos

486 3265 665 3325 triﬁda
706 3264 1065 3318 venerabatur
1122 3258 1318 3315 Gallia.
1367 3256 1610 3326 Cumque
1652 3254 1882 3327 plurima
1946 3271 2068 3325 per-

490 3354 731 3429 agrando
771 3353 890 3408 loca
935 3359 1243 3406 sanctorum
1269 3346 1650 3405 satisfacerent
1673 3346 1938 3417 religiosa:
1978 3361 2069 3401 cu-

482 3448 761 3514 riositati,
815 3444 1033 3500 tandem
1086 3441 1321 3497 subeunt
1385 3439 1775 3495 habitationem
1836 3435 2067 3491 Mediani

480 3536 828 3605 monasterii,
857 3534 1014 3588 famae
1043 3531 1287 3587 susurrio
1306 3529 1421 3599 jam
1445 3529 1647 3584 dudum
1687 3527 1787 3582 sibi
1819 3526 2021 3597 cogniti
2052 3544 2065 3580 :

485 3628 582 3703 ubi
628 3625 959 3698 reperientes
984 3622 1344 3677 Fortunatam
1375 3618 1739 3690 patriarcbam
1782 3617 2066 3673 venerabi-

485 3724 594 3775 lem
625 3718 1015 3775 monachorum
1050 3714 1295 3771 ccelestia
1330 3712 1699 3783 suspirantum
1732 3711 1900 3765 choro
1934 3725 2071 3780 prie-

483 3801 683 3873 latum,
731 3820 891 3878 quem
945 3805 1074 3860 olim
1120 3804 1422 3860 habuerant
1467 3817 1576 3856 non
1615 3802 1879 3871 ignotum,
1923 3813 2073 3853 com-

486 3898 675 3971 puneti
712 3906 899 3953 sancta
939 3895 1352 3951 conversatione
1380 3900 1436 3948 et
1462 3890 1828 3970 admonitione
1857 3902 2068 3953 eorum,

488 4000 761 4062 susceptae
798 3988 1251 4062 peregrinationis
1289 3986 1521 4041 ﬁxerunt
1567 3982 1876 4037 circuitum.
1914 3978 2072 4034 Deni-

485 4096 595 4153 que
637 4080 904 4155 instantes
930 4079 1113 4133 nimiis
1158 4075 1407 4147 precibus
1453 4082 1514 4128 ut
1555 4070 1758 4126 recludi
1796 4069 2073 4153 permitte-

486 4150 700 4239 rentur,
740 4170 833 4225 vix
874 4167 1164 4238 aliquando
1210 4166 1454 4220 obtinere
1495 4150 1807 4232 quiverunt.
1859 4157 2072 4213 lleclusi

485 4272 617 4332 sunt
655 4278 789 4333 ergo
816 4276 911 4315 rex
940 4260 992 4313 iu
1031 4257 1163 4313 cella
1201 4256 1302 4312 sibi
1349 4261 1652 4327 prmparata
1693 4266 1858 4322 penes
1886 4259 2071 4305 orato-

483 4357 630 4412 rium
658 4351 806 4431 beati
828 4348 1072 4421 apostoli
1113 4347 1284 4413 Petri,
1324 4346 1511 4415 regina
1554 4345 1694 4399 ultra
1724 4342 1933 4398 alveum
1969 4341 2047 4396 Ra

488 4443 744 4512 bodonis,
788 4441 953 4513 juxta,
990 4439 1270 4512 basilicam
1295 4439 1445 4515 beati
1477 4436 1805 4494 confessoris
1834 4435 1989 4505 Apri,
2021 4436 2074 4489 in

2166 595 2258 665 qui
2307 596 2605 667 sanguine,
2658 605 2840 675 mente
2890 607 2947 652 et
2991 612 3217 668 corpore
3264 599 3427 668 juncti
3473 599 3702 669 fuerant,

2163 685 2328 741 unius
2375 686 2625 755 sepulcri,
2658 688 2951 758 participes
2992 686 3189 742 forent.
3237 686 3429 744 Beatus
3469 703 3591 759 ergo
3631 706 3708 760 pa-

2165 778 2404 834 triarcha
2444 778 2776 834 Fortunatus
2819 779 3028 834 meritis
3068 780 3282 832 tandem
3322 774 3558 834 etaetate
3598 795 3709 835 eou-

2165 878 2485 935 summatus,
2528 869 2653 924 huic
2682 869 3061 940 temporalitati
3098 884 3149 923 ιν
3182 867 3404 924 Kalend.
3447 868 3613 924 Martii
3640 881 3711 925 est

2166 958 2494 1025 subtractus,
2524 968 2686 1030 atque
2726 961 2791 1014 ad
2833 968 3107 1031 perpetem
3133 960 3388 1013 stantium
3425 959 3617 1014 dierum
3645 960 3711 1012 in-

2166 1050 2428 1104 ﬁnilatem
2480 1052 2792 1120 perductus.
2836 1049 3016 1118 Ilujus
3065 1050 3369 1105 veneranda
3415 1048 3563 1120 gleba
3608 1058 3714 1118 post

2167 1143 2329 1198 bases
2370 1142 2557 1197 altaris
2606 1142 2673 1196 Β.
2716 1152 2870 1213 papae
2915 1142 3159 1213 Gregorii
3205 1140 3413 1196 decenti
3458 1140 3714 1210 sepultura:

2168 1240 2252 1288 est
2282 1232 2503 1285 tradita.
2555 1233 2690 1286 Anni
2736 1247 2865 1286 vero
2907 1230 3186 1303 reginiinis
3210 1228 3328 1298 ejus
3369 1227 3587 1284 Mediani
3616 1243 3717 1286 mo-

2168 1324 2392 1380 nasterii
2420 1326 2765 1395 reperiuntur
2790 1325 3000 1395 viginti.

2796 1435 3024 1492 CAPUT
3054 1434 3142 1490 Vl.

2241 1528 2628 1585 Successorum
2672 1535 2780 1582 tam
2847 1527 3027 1582 idonei
3070 1526 3248 1583 Patris
3294 1527 3505 1583 nomina
3546 1527 3717 1597 raptim

2169 1622 2537 1694 perstringere
2578 1618 2730 1686 libet,
2777 1619 2906 1689 quia
2933 1634 3056 1673 cum
3098 1619 3277 1673 studio
3298 1599 3591 1684 brevitatis,
3619 1626 3717 1672 tum

2172 1716 2336 1771 etiam
2361 1713 2504 1783 quod
2530 1726 2596 1766 ex
2624 1726 2809 1765 eorum
2841 1711 2978 1766 actis
3006 1712 3094 1765 vix
3129 1722 3290 1766 tenue
3334 1710 3579 1778 quiddam
3604 1709 3719 1783 scri-

2173 1814 2333 1875 ptura
2364 1817 2459 1857 seu
2504 1800 2700 1855 relatio
2751 1809 2898 1855 certa
2955 1799 3111 1855 nobis
3158 1799 3520 1853 transmittere
3551 1780 3718 1865 quivit,

2171 1893 2450 1951 immorari
2477 1894 2636 1963 piget.
2674 1892 2889 1947 Primus
2919 1900 3183 1963 posteum
3214 1890 3356 1945 rexit
3394 1890 3531 1945 idem
3559 1903 3723 1944 mena.

2172 1976 2396 2044 sterium
2424 1986 2619 2041 Waldo
2648 1985 2723 2056 ('5)
2752 2000 2820 2041 ex
2845 2000 3037 2041 sorore
3068 1983 3373 2040 Maldawiui
3418 1981 3719 2054 progenitus.
3750 2054 3751 2057 γ

2173 2079 2458 2136 Secundus
2528 2077 2840 2133 lsimundus
2905 2072 3176 2146 quondam
3243 2076 3541 2147 episcopus,
3587 2070 3722 2140 cuius

2172 2180 2416 2241 tempore
2439 2169 2813 2225 cessitnostro
2844 2164 2964 2224 loco
3011 2167 3151 2238 apud
3190 2167 3447 2222 domnum
3491 2163 3719 2219 Juvinum

2173 2264 2391 2320 fundus.
2424 2262 2641 2318 Tertius
2665 2262 2876 2317 exstitit
2917 2261 3308 2343 Theodericus,
3331 2242 3551 2331 quartus
3583 2255 3720 2327 Regi-

2173 2359 2400 2423 nardus,
2423 2357 2647 2427 quintus
2685 2354 3013 2411 Humbcrtus
3050 2355 3148 2426 (4).
3192 2353 3393 2410 Sextus
3415 2365 3539 2407 vero
3562 2347 3724 2423 Pippi-

2173 2467 2274 2509 nus
2296 2452 2387 2506 vix
2426 2450 2644 2522 praefuit
2676 2449 2928 2520 pauculis
2976 2449 3267 2504 coeuobitis
3317 2447 3518 2517 aliquot
3567 2440 3723 2504 anuis,

2174 2541 2398 2597 nimium
2427 2559 2459 2594 a
2478 2539 2799 2611 principibus
2828 2538 2906 2611 (5)
2945 2553 3184 2610 pressus.
3218 2538 3393 2592 Porro
3422 2550 3515 2592 sex
3553 2534 3723 2589 horum

2173 2635 2396 2692 Patrum
2428 2644 2561 2688 tetas
2580 2633 2769 2687 habuit
2788 2633 3062 2702 principes
3080 2631 3412 2701 reipublicaz,
3430 2625 3721 2698 prredictuiu

2173 2724 2529 2789 Ludovicum,
2569 2722 2908 2787 Lotharium,
2960 2722 3088 2778 item
3129 2720 3476 2784 Lotharium,
3515 2712 3724 2791 Ludovi-

2175 2832 2321 2882 cum,
2353 2808 2456 2872 nec
2500 2831 2609 2871 non
2653 2811 2966 2881 Arnull‘um,
2994 2829 3225 2882 quorum
3280 2810 3601 2883 temporibus
3628 2807 3725 2877 ipsa

2175 2909 2389 2985 abbatia
2411 2907 2702 2977 plurimum
2726 2913 3029 2970 attenuata,
3051 2905 3305 2974 exigente
3322 2903 3433 2973 jam
3457 2899 3625 2957 szeculi
3644 2912 3726 2953 ne-

2172 2999 2366 3072 quitia,
2388 3013 2482 3069 per
2502 2997 2820 3052 Lotharium
2845 2996 2934 3065 qui
2958 2994 3134 3052 factus
3154 3003 3240 3050 cst
3267 2993 3551 3049 anathema
3574 3001 3727 3043 mara-

2174 3092 2361 3155 natha,
2401 3080 2541 3159 pene
2582 3088 2791 3143 exstitit
2818 3087 3078 3148 desolata,
3128 3100 3248 3156 qua:
3282 3098 3450 3154 usque
3481 3081 3544 3137 ad
3573 3081 3726 3151 ipsum

2173 3181 2408 3250 pollebat
2438 3178 2713 3247 religione,
2744 3190 3031 3246 rerumque
3049 3176 3224 3245 copia.
3244 3173 3348 3228 Hic
3373 3171 3728 3243 tergiversator

2175 3270 2399 3328 callidus
2420 3266 2904 3335 damnabiliterque
2919 3265 3053 3319 levis
3073 3280 3135 3321 ac
3155 3263 3416 3327 lubricus,
3439 3270 3725 3331 patrunrum

2169 3359 2484 3434 patientiam
2511 3352 2975 3413 sedulis'irritalmt
2999 3354 3076 3426 (6)
3104 3351 3626 3411 machinationibus;
3648 3343 3730 3399 ad—

2170 3470 2362 3510 versus
2403 3468 2539 3525 quos
2563 3467 2685 3507 cum
2709 3451 2869 3505 etiam
2904 3451 3149 3505 crebram
3205 3450 3381 3504 aciem
3414 3443 3726 3516 produceret.

2150 3546 2348 3614 ‘neque
2387 3555 2709 3613 congressus
2738 3540 2881 3594 illius
2910 3539 3059 3594 laetos
3087 3538 3268 3594 exitus
3303 3537 3541 3598 haberet;
3561 3529 3731 3602 praefa-

2174 3643 2260 3690 tus
2316 3633 2483 3689 abbas
2540 3631 2700 3686 nimis
2751 3630 3003 3685 continua
3050 3644 3118 3683 ex
3171 3628 3293 3684 acie
3329 3628 3406 3699 (7)
3441 3625 3659 3682 militum
3684 3618 3730 3673 iu

2174 3725 2514 3795 expeditione
2540 3721 2704 3792 regali
2751 3719 3083 3790 compulsus,
3108 3726 3162 3777 et
3189 3719 3430 3774 maxime
3459 3708 3729 3786 parricida-

2173 3815 2279 3871 lem
2308 3814 2703 3871 dissensionem
2758 3825 3007 3880 perosus,
3039 3808 3177 3863 alam
3213 3809 3560 3864 loricatorum
3591 3813 3734 3873 quam

2176 3906 2406 3967 solebat,
2433 3904 2483 3958 id
2507 3910 2596 3958 est‘
2619 3902 2835 3973 triginta
2861 3900 3060 3955 milites
3091 3915 3214 3955 cum
3247 3909 3512 3956 consueto
3538 3896 3732 3966 clypea-

2177 4003 2244 4050 tze
2274 4009 2467 4050 manus
2514 4007 2766 4058 numero,
2796 3992 2851 4045 in
2897 3991 3195 4045 exercitum
3232 3990 3514 4046 destinare
3560 3982 3734 4043 noluit.

2176 4095 2337 4144 Orare
2366 4100 2425 4140 se
2446 4085 2631 4140 dicens
2667 4097 2848 4153 regem
2881 4097 2950 4136 ne
2984 4081 3288 4136 istiusmodi
3351 4078 3622 4150 angariam
3650 4072 3737 4127 im-

2176 4184 2405 4249 poneret
2435 4173 2795 4230 militantibus
2836 4172 2948 4226 Deo
2969 4172 3286 4235 monachis;
3344 4171 3459 4240 ipse
3487 4166 3656 4238 potius
3678 4175 3736 4215 ex

2174 4270 2437 4326 facultate
2489 4265 2723 4323 abbatiaa
2767 4264 3091 4319 utilitatibus
3139 4264 3450 4320 consuleret
3501 4254 3733 4332 propriis.

2177 4362 2295 4418 Hac
2352 4375 2516 4415 causa
2560 4368 2823 4429 tyrannus
2871 4356 3177 4411 stimulatus
3219 4355 3333 4426 jam
3376 4369 3516 4424 saepe
3554 4350 3738 4404 dictum

2176 4452 2569 4509 monasterium
2618 4448 2740 4504 duci
2789 4449 3083 4518 provinciae
3132 4446 3255 4516 jure
3292 4441 3635 4505 contradidit,
3682 4449 3737 4490 ea

490 4535 688 4605 quibus
712 4528 1412 4624 psquehOdie_f‘?"_em°“‘B
1459 4525 2077 4624 ῙΡ⁵⁰Ψ¹¹¹ᾸὊ⁸⁵¹¹ΜῘῙ⁶
2103 4548 2157 4624 ι)
2183 4542 2436 4599 videlicet
2484 4539 2813 4605 conditione,
2857 4547 3125 4609 quatenus
3173 4552 3264 4594 res
3309 4536 3415 4593 loci
3454 4547 3551 4607 pro
3601 4526 3739 4584 libilu

487 4625 626 4690 deri,
658 4638 756 4694 per
793 4636 941 4695 quas
960 4618 1330 4690 suscipiebant
1364 4618 1669 4672 necessaria
1697 4617 1948 4671 humana:
1977 4615 2078 4670 im-

446 4752 447 4755 η
485 4714 794 4793 becillitati.
843 4713 1047 4769 Ibidem
1089 4728 1213 4768 cum
1243 4712 1450 4781 aliquot
1477 4710 1738 4764 vixissent
1776 4709 1954 4773 annis,
1988 4725 2079 4765 so-

484 4808 769 4877 lummodo
794 4805 1126 4878 ,‘coelcstibus
1171 4811 1421 4877 vacantes
1462 4800 1883 4866 conditionibus,
1925 4800 2074 4855 exuti

485 4899 753 4970 membris
789 4896 1172 4966 corruptilibus
1219 4896 1523 4966 migrarunt
1553 4893 1619 4948 ad
1664 4893 1860 4966 palatia
1910 4892 2073 4947 incir-

487 4990 812 5063 pumspripti
836 4989 1090 5061 spiritus;
1117 4989 1186 5043 ob
1210 4987 1263 5042 id
1290 4988 1470 5043 verius
1494 5001 1649 5057 reges
1673 4983 1906 5050 dicendi,
1932 4983 2074 5053 quod

486 5084 714 5145 minime
734 5091 993 5155 regnarat
1019 5065 1299 5153 peccatum
1312 5080 1376 5135 .in
1398 5094 1584 5139 eorum
1599 5093 1826 5148 corpore
1839 5075 2073 5131 mortali.

481 5175 703 5248 .Sepulti
730 5183 860 5239 sunt
898 5181 1079 5229 autem
1127 5172 1182 5227 in
1210 5171 1446 5242 prepriis
1484 5169 1725 5235 cellulis;
1765 5168 1858 5223 sed
1890 5177 2071 5236 postea

488 5267 637 5331 sacri
662 5275 819 5323 artus
852 5264 1171 5335 venerandae
1209 5263 1410 5331 reginae
1439 5276 1466 5315 a
1499 5259 1696 5331 prioris
1728 5260 1924 5314 tumbae
1956 5259 2073 5314 loco

484 5389 494 5409 ’
565 5402 653 5474 (2)
680 5401 740 5474 In
777 5399 1131 5474 manuscript.
1184 5397 1468 5474 codicibus-
1502 5393 2075 5474 legiturmalietrnctia,

493 5465 651 5545 huius
680 5465 1137 5545 locojlarteni'us
1166 5469 1348 5545 posuit
1385 5465 1569 5545 oratio
1610 5466 1663 5519 in
1697 5465 1863 5545 :I'lies.
1903 5467 2078 5545 Quee-

482 5534 774 5611 Λάκιθιη.
805 5540 893 5606 Ill,
921 5555 974 5610 p.
1002 5534 1351 5595 HISIJoan.
1383 5551 1412 5591 a
1439 5535 1661 5607 Bayono
1695 5534 1856 5593 habet
1897 5535 2079 5590 lietra-

493 5614 683 5669 statio.
751 5662 755 5667 .
1304 5658 1307 5661 γ

568 5681 872 5756 (3)_Wal_do
897 5680 1066 5756 abbas
1097 5695 1186 5734 an.
1213 5678 1353 5756 825,Δ
1395 5692 1553 5756 quem
1590 5678 1763 5756 secuti
1799 5684 1941 5756 sunt
1977 5675 2077 5731 Isi-

495 5748 1174 5817 mundus/Theodericus,
1230 5748 1587 5819 lteginardus,
1655 5748 1984 5805 lluntbertus
2024 5756 2079 5803 et

496 5823 758 5896 Pippinus
797 5836 964 5893 usque
988 5828 1054 5877 ad
1092 5834 1180 5875 an.
1214 5821 1337 5877 896.

2176 4633 2543 4703 ‘dispensaret,
2598 4629 2941 4699 militumque
3001 4628 3212 4683 turbam
3257 4623 3560 4699 procinctui
3607 4616 3739 4689 regio

2171 4728 2529 4793 procuraret.
2558 4718 2714 4774 Tune
2770 4719 2964 4773 domus
2990 4717 3084 4772 Dei
3133 4732 3272 4788 pene
3319 4724 3403 4772 est
3460 4708 3737 4770 annullata,

2178 4810 2460 4869 monachis
2500 4818 2626 4865 sunt
2666 4810 2941 4864 subtracta
2990 4807 3268 4873 victualia,
3304 4815 3361 4862 et
3390 4806 3461 4862 ob
3487 4804 3538 4860 id
3566 4799 3737 4872 paula-

2178 4903 2280 4957 tim
2308 4902 2482 4973 sparsi
2525 4915 2622 4970 per
2669 4899 2904 4966 diversa,
2954 4906 3195 4969 egestate
3247 4896 3421 4953 coacti
3471 4897 3741 4953 deseruere

2177 4994 2347 5049 cellas
2375 4990 2753 5048 circumcirca.
2807 4988 3041 5044 Tantum
3080 4990 3288 5060 aliquot
3338 4976 3465 5044 sunt
3502 4975 3736 5055 permissi

2183 5087 2237 5141 in
2264 5087 2378 5157 ipso
2414 5083 2696 5155 principali
2731 5081 2851 5137 loco
2900 5082 3186 5149 remorari,
3228 5080 3426 5150 quibus
3475 5076 3543 5132 ad
3573 5083 3743 5129 neces.

2182 5178 2357 5234 sarios
2380 5184 2626 5246 sumptus
2652 5174 2895 5244 delegata
2924 5171 3027 5227 fuit
3062 5172 3320 5241 adjacens
3345 5184 3469 5224 cum
3515 5158 3742 5236 agellulis

2177 5268 2293 5323 suis
2317 5267 2466 5331 villa,
2495 5280 2615 5320 eum
2641 5264 2884 5319 curtibus
2907 5262 3170 5333 pauculis.
3208 5259 3347 5314 Mille
3376 5272 3501 5312 vero
3519 5270 3580 5308 ac
3599 5250 3743 5322 quin-

2174 5432 2201 5527 "
2259 5401 2336 5474 (4)
2389 5400 2493 5455 In'
2524 5400 2853 5468 manuscrip.
2917 5396 3138 5468 Eptern.
3199 5394 3435 5465 legitur:
3502 5381 3744 5441 [lamber-

2209 5489 2285 5527 us.

2170 5562 2175 5567 '
2200 5596 2206 5602 .
2361 5542 2436 5597 Ita
2464 5542 2618 5597 Joan.
2650 5556 2680 5595 a
2709 5539 2948 5612 Bayono.

2283 5614 2336 5684 6)
2369 5614 2421 5675 lu
2455 5623 2732 5684 gntroque_
2756 5625 2945 5664 manus

2283 5595 2336 5736 6?
2367 5595 2435 5675 :lu
2468 5595 2707 5681 utroque
2756 5595 3108 5677 manuscript.
3161 5609 3312 5662 deest
3370 5605 3473 5660 hoc
3515 5595 3741 5654 verbum.

2283 5703 2312 5736 ι(
2356 5699 2421 5736 ex
2447 5682 2602 5736 Joan.
2634 5699 2661 5735 a
2705 5682 2923 5736 Buvono
2966 5680 3273 5736 suppletum
3298 5685 3399 5729 est.

2185 5680 2326 5754 quod
2356 5699 2421 5754 ex
2447 5682 2602 5739 Joan.
2621 5680 2661 5754 ξι
2705 5682 2923 5754 Buyono
2966 5680 3273 5754 suppletum
3298 5685 3399 5729 est.

2258 5756 2335 5827 t7)
2374 5752 2527 5809 Joan.
2562 5770 2591 5807 a
2620 5750 2838 5823 Bayono
2864 5750 3073 5822 legebat
3103 5751 3392 5804 exactione.
