3918 6316
209 386 318 471 eos

1034 416 1122 474 ns
1175 412 1735 477 succussoamus
1780 410 1838 468 s.
1881 382 2204 469 unum
2244 410 2312 466 IN
2353 409 2648 470 vosaco.

3369 406 3480 461 210

226 533 422 593 gentos
447 532 506 580 et
549 524 772 597 insuper
806 526 1047 581 undecim
1079 528 1155 599 (8)
1187 545 1405 585 mansos
1436 544 1556 583 cum
1596 542 1793 599 suppo-
1820 511 1866 570 Α
1897 525 2336 595 comprobantur.
2398 524 2721 580 Adalbertus
2773 520 2949 595 igitur
2983 520 3226 593 praedicti
3272 521 3485 576 abbatis

212 616 337 669 sitis
396 613 473 687 (9)
521 617 769 672 ecclesiis
817 631 884 673 ex
908 616 1028 687 ipsa
1084 619 1298 674 abbatia
1356 618 1639 689 usurpavit
1690 618 1794 673 sibi

208 704 440 760 ambitio
466 706 641 762 ducis.

281 791 419 847 Cum
442 801 623 849 autem
670 795 739 851 ab
764 795 1053 853 inearnato
1078 796 1305 855 Domino
1362 800 1592 855 instaret
1622 798 1798 855 octin-

208 881 547 951 gentesimus
596 886 981 957 uonagesimus
1032 897 1216 945 sextus
1279 906 1478 955 annus,
1536 890 1796 945 Arnulfus

206 970 399 1029 Romae
420 974 607 1031 Ctesar
630 976 862 1033 elIicitur
887 995 900 1033 :
935 994 965 1034 e
997 982 1227 1051 vestigio
1259 982 1500 1036 inaudita
1530 982 1616 1037 lue
1646 998 1795 1035 mor-

154 1107 160 1131 ,
205 1064 438 1122 talitatis
460 1067 845 1138 subsequente,
900 1080 1065 1142 atque
1096 1072 1255 1129 famis
1297 1075 1548 1131 homines
1580 1075 1795 1130 homine

202 1153 353 1209 vesci
421 1158 688 1227 cogentis.
758 1157 1170 1216 Zuendeboldus
1248 1178 1463 1234 quoque
1533 1174 1796 1235 tyrannus

204 1242 384 1313 ipsius
456 1247 666 1303 Amulli
739 1247 909 1312 ﬁiius,
988 1249 1380 1322 Lotharingam
1457 1253 1793 1324 provinciam

202 1333 498 1403 disponere
525 1338 847 1407 permissus,
877 1339 1130 1397 indebilis
1166 1340 1357 1412 ﬂagitii
1398 1352 1526 1399 nota
1568 1343 1794 1399 dedeco-

202 1424 346 1481 ravit
399 1426 675 1497 primitias
725 1429 808 1485 sui
847 1430 1230 1511 principatus;
1271 1434 1600 1503 prretitulato
1627 1434 1790 1504 siqui-

198 1515 324 1571 dem
352 1531 502 1573 anno
536 1517 693 1583 illam
743 1515 1020 1576 tantulam
1056 1522 1455 1594 delegationetn
1487 1524 1790 1596 praebendas

196 1607 600 1665 monachorum
628 1609 739 1666 illic
785 1611 964 1667 adhuc
987 1613 1089 1668 sub
1115 1613 1348 1684 Pippino
1374 1616 1574 1672 abbate
1623 1630 1787 1671 excu-

195 1694 452 1764 bantum,
480 1697 604 1768 jure
636 1699 884 1755 beneficii
910 1703 1181 1760 concessit
1208 1703 1407 1762 llillino
1437 1705 1550 1777 (10)
1578 1707 1784 1773 comiti,

181 1783 249 1859 (in
272 1785 436 1856 cujus
459 1786 707 1846 clientela
737 1789 828 1845 vix
869 1790 1076 1861 aliquot
1115 1795 1362 1850 canonici
1386 1796 1635 1865 permissi
1660 1805 1785 1851 sunt

1900 615 1983 670 sui
2027 614 2277 673 suffultus
2307 618 2565 682 subsidio,
2600 619 2911 672 monasticae
2955 614 3307 685 professionis
3338 616 3485 670 viros

1900 710 2208 782 aggregavit
2231 710 2284 764 in
2308 709 2535 781 praefato
2561 709 2834 775 coenobio,
2866 697 3004 764 inter
3024 723 3159 778 quos
3186 707 3483 762 Blidulfnm

1896 798 2027 853 olim
2053 798 2370 855 Metensium
2410 800 2798 871 primicerium,
2829 807 2883 855 et
2918 798 3293 856 Gundelohnm
3329 798 3484 852 nobi-

1897 888 2160 945 lissimum
2191 892 2284 946 Dei
2328 890 2610 946 famulum.
2656 891 2831 947 Ambo
2862 905 3055 961 nempe
3081 889 3168 945 isti
3201 890 3310 944 Deo
3335 889 3480 959 digni

1898 979 1998 1034 viri
2024 980 2131 1035 vita
2158 989 2213 1037 et
2238 981 2417 1051 specie
2447 974 2722 1044 monachi,
2750 996 2845 1051 per
2875 979 3055 1035 omnia
3096 990 3338 1051 parentes
3368 977 3479 1048 (l3)

1896 1082 2134 1143 paterna:
2171 1073 2452 1139 voluntati,
2496 1073 2565 1128 ab
2606 1072 2800 1130 abbate
2842 1070 3071 1128 Amaldo
3116 1068 3483 1127 commendati

1895 1163 2112 1220 fuerant
2136 1164 2262 1222 huic
2292 1165 2495 1221 abbati.

2490 1297 2718 1355 CAPUT
2760 1297 2889 1354 Vlll.

1962 1429 2091 1488 Post
2135 1432 2253 1488 htec
2298 1434 2598 1488 oratorium
2641 1434 2890 1503 gloriosa:
2927 1433 3152 1505 virginis
3193 1442 3249 1488 et
3288 1432 3477 1488 matris

1892 1521 2103 1576 Domini
2136 1522 2318 1577 Maria?
2349 1525 2540 1580 crebro
2572 1524 2791 1594 fragore
2823 1525 3035 1579 ruinam
3075 1523 3158 1578 sui
3201 1523 3474 1589 minitans,

1890 1613 2031 1670 idem
2068 1616 2237 1671 abbas
2264 1617 2515 1687 cupiebat
2550 1618 2784 1684 diruere,
2818 1618 3155 1687 alterumque
3191 1617 3283 1671 illo
3313 1632 3479 1688 angu-

1890 1704 2025 1759 stius
2056 1714 2391 1773 restaurare;
2432 1707 2682 1776 sedquia
2710 1708 2995 1763 conatibus
3029 1706 3146 1775 ejus
3184 1707 3478 1778 plurimum

1889 1795 2142 1851 obviabat
2165 1798 2308 1868 quod
2348 1798 2652 1855 venerabile
2678 1798 2737 1855 S.
2766 1799 3011 1869 praesulis
3052 1798 3248 1855 Hidulli
3279 1814 3478 1869 corpus
3577 1838 3583 1843 -

192 1873 489 1931 immorari
516 1894 532 1946 ;
557 1879 806 1950 stirpitus
832 1881 961 1937 hinc
1005 1884 1194 1941 avulso
1218 1885 1421 1963 ordine
1452 1888 1776 1953 monachali,
1814 1881 1861 1942 B
1887 1902 2058 1957 usque
2100 1888 2167 1943 ad
2214 1888 2347 1945 illud
2378 1899 2591 1959 tempus
2618 1889 2817 1944 ibidem
2845 1905 2973 1944 arca
3010 1905 3174 1945 saxea
3202 1889 3471 1951 servabat.

189 1963 456 2022 videlicet
500 1968 627 2037 quia
682 1978 827 2026 esset
877 1970 1090 2028 clericis
1142 1974 1457 2031 indill'erens
1501 1976 1701 2043 victus,
1728 1987 1785 2034 et

190 2057 320 2135 quia
345 2059 526 2130 magis
546 2061 837 2129 peculiaris
871 2079 1032 2133 quam
1055 2068 1359 2123 communis
1387 2068 1463 2123 rei
1486 2070 1786 2126 inniteren-

191 2159 283 2205 tur
328 2153 663 2222 sumptibus.
703 2154 841 2212 Huic
878 2160 1141 2215 successit
1190 2159 1457 2230 Riquinus
1490 2148 1782 2232 Secundus,

192 2241 394 2297 tertius
417 2241 568 2310 Otto,
608 2260 717 2315 quo
744 2248 1035 2317 superstite
1065 2251 1256 2307 civitas
1290 2251 1502 2309 Basilea
1532 2256 1600 2310 ab
1634 2255 1783 2311 Hun-

188 2333 275 2389 nis
305 2344 623 2409 expugnata
671 2347 834 2408 atque
886 2351 1099 2412 aequata
1137 2351 1221 2399 est
1268 2343 1402 2399 solo.
1439 2345 1494 2400 ln
1535 2345 1782 2402 Mediano

189 2433 376 2480 autem
399 2427 654 2483 coenobio
673 2436 727 2483 et
750 2429 922 2485 tribus
951 2432 1124 2489 eidem
1164 2434 1645 2491 conterminalibus
1667 2437 1779 2508 (ll)

190 2516 544 2572 monasteriis
591 2517 681 2572 vix
725 2519 920 2591 singuli
967 2521 1153 2577 clerici
1214 2522 1462 2580 feruntur
1508 2527 1780 2583 resedisse

189 2604 470 2661 nonnullis
501 2607 801 2675 mensibus,
841 2610 894 2665 in
921 2610 1124 2667 eisdem
1149 2612 1500 2672 observantes
1520 2618 1779 2675 excubias

188 2694 429 2767 vulgaris
450 2698 741 2767 parochias.
767 2699 1006 2756 Tandem
1035 2702 1087 2758 in
1110 2705 1345 2770 culmine
1367 2708 1517 2778 regni
1546 2708 1778 2765 Henrico

196 2787 461 2861 (Aucupe)
486 2789 752 2859 stabilito,
776 2800 829 2846 et
848 2792 1070 2849 Barbari
1100 2804 1317 2852 vetatur
1338 2797 1588 2869 irruptio,
1613 2806 1776 2869 atque

191 2879 458 2949 paulatim
512 2882 928 2939 convalescente
979 2886 1180 2956 patria,
1241 2886 1370 2944 illuc
1412 2890 1776 2962 reintegratur

192 2973 510 3031 imminutus
562 2978 949 3034 canonicorum
1015 2996 1274 3038 numerus
1324 2991 1379 3040 et
1427 2983 1580 3039 ordo.
1640 2984 1773 3040 Huic

186 3064 293 3136 jam
322 3067 515 3124 comiti
545 3066 727 3125 Ottoni
761 3080 992 3141 quartus
1034 3072 1172 3129 Boso
1200 3075 1480 3151 successit
1511 3076 1564 3130 in
1594 3077 1768 3131 aduri-

190 3156 567 3214 ulstrationem
588 3175 768 3215 rerum
796 3161 968 3232 ipsius
987 3165 1323 3230 monasterii,
1350 3175 1407 3221 et
1430 3166 1558 3222 huic
1576 3167 1771 3224 deinde

190 3249 410 3319 quintus
474 3250 745 3307 Amardus
809 3262 1116 3323 postremus
1170 3256 1417 3325 provisor
1483 3257 1769 3313 exterioris

191 3340 576 3411 suppellectilis
604 3359 617 3407 ;
649 3342 742 3399 sed
762 3344 971 3414 primus
992 3346 1270 3402 institutor
1298 3349 1615 3405 monasticae
1646 3349 1771 3405 reli-

190 3429 361 3498 gionis
389 3431 444 3485 in
478 3430 570 3486 illo
595 3430 717 3487 loco
745 3433 958 3488 exstitit
982 3433 1308 3492 Gislibertus
1350 3436 1483 3509 (l2),
1510 3438 1636 3509 quia
1655 3438 1771 3508 jam

191 3533 411 3579 venerat
461 3532 674 3595 tempus
731 3526 1022 3583 miserendi
1079 3529 1215 3600 ejus.
1276 3532 1518 3587 Attamen
1573 3536 1771 3590 exactis

189 3611 457 3689 sexaginta
483 3622 533 3666 et
554 3630 646 3668 sea:
684 3615 857 3681 annis,
891 3615 1027 3671 velut
1060 3634 1222 3689 usque
1248 3619 1319 3673 ad
1338 3620 1614 3690 imperium
1634 3621 1771 3677 Con-

192 3700 300 3753 mdi
326 3699 543 3773 (Salici)
568 3703 747 3758 invicti
765 3706 1037 3776 principis,
1066 3707 1172 3764 Deo
1200 3710 1498 3777 miserante,
1525 3712 1771 3784 aliquan-

190 3790 348 3844 tulum
372 3791 638 3847 convaluit
663 3794 791 3861 illic,
815 3798 1052 3867 quamvis
1077 3816 1178 3853 non
1196 3809 1252 3855 ut
1271 3803 1437 3871 prius,
1462 3807 1767 3861 exercitium

191 3882 471 3954 religionis,
514 3886 764 3944 instantia
800 3888 983 3946 damni
1015 3890 1283 3950 Brunonis
1326 3898 1592 3953 revereudi
1624 3898 1766 3955 Leu-

190 3973 399 4031 rliorum
421 3976 694 4034 antistitis.
1017 3983 1023 3989 ’
1727 3999 1731 4005 ’

785 4111 1009 4173 CAPUT
1050 4113 1158 4173 γη.

249 4240 547 4299 Gorziense
570 4246 874 4302 coenobium
900 4251 1000 4306 sub
1026 4251 1289 4309 industria
1317 4256 1527 4312 Amaldi
1552 4258 1764 4332 [rectius

187 4330 413 4407 Ainaldi]
451 4336 680 4392 nimium
714 4343 1024 4397 reverendae
1056 4344 1176 4401 vitm
1204 4347 1415 4403 abbatis
1448 4330 1602 4422 longe
1632 4351 1765 4410 late-

186 4437 282 4493 que
306 4426 560 4482 vibrabat
605 4431 785 4487 radios
815 4436 1128 4492 monasticae
1176 4439 1469 4512 religionis,
1516 4444 1602 4497 ubi
1637 4456 1765 4501 tunc

186 4513 399 4585 degebat
428 4518 485 4572 in
516 4521 767 4576 monachi
794 4523 996 4580 ’habitu
1032 4528 1249 4596 quidam
1278 4531 1601 4590 Adalbertus
1636 4551 1765 4592 san-

1889 1989 2078 2036 coaeto
2122 1981 2376 2037 abbatum
2423 1997 2487 2038 ac
2514 1982 2816 2038 vicinorum
2844 1983 3164 2038 clericorum
3195 1983 3475 2053 religioso-

1887 2084 2115 2139 rumque
2156 2071 2406 2135 concilio,
2456 2071 2586 2150 illud
2635 2072 2877 2128 decrevit
2918 2073 3100 2129 levare
3144 2074 3369 2138 tumulo,
3411 2089 3476 2129 ac

1886 2170 2143 2231 apparate
2183 2162 2362 2218 locare
2396 2163 2449 2217 in
2475 2163 2696 2220 scrinio.
2730 2164 2883 2233 Quod
2913 2181 3037 2222 cum
3067 2167 3320 2223 omnibus
3350 2167 3470 2236 pla—

1886 2251 2106 2320 Cuisset,
2134 2268 2197 2308 ac
2231 2261 2392 2309 tanta:
2437 2254 2513 2309 rei
2554 2254 2899 2324 perficiendae
2938 2256 3227 2323 instarent,
3259 2257 3473 2314 consilii

1884 2339 1987 2397 fuit
2014 2352 2073 2398 ut
2110 2343 2155 2399 si
2186 2358 2373 2400 sacros
2412 2354 2583 2410 artus,
2625 2362 2720 2400 seu
2763 2346 2899 2402 velle
2941 2347 3234 2414 habebant,
3279 2364 3471 2404 recon-

1881 2431 2010 2486 dere
2035 2433 2301 2503 quisseut,
2334 2435 2662 2491 monasterio
2687 2436 2990 2492 devotionis
3017 2438 3191 2509 gratia
3231 2439 3465 2494 circum-

1881 2520 2105 2577 l'errent.
2154 2524 2225 2580 At
2269 2525 2523 2595 quoniam
2553 2526 2749 2582 minaci
2796 2527 2980 2582 nubilo
3022 2529 3308 2598 pendente,
3340 2529 3471 2586 solis

1879 2625 1943 2667 ac
1969 2612 2206 2669 siderum
2251 2614 2420 2671 facies
2463 2617 2835 2689 denegabatur
2868 2619 3047 2685 terris,
3080 2620 3341 2687 menstrui
3376 2621 3467 2692 [In

1876 2706 2217 2777 manuscript.
2252 2706 2444 2777 legitur
2470 2708 2771 2782 mensurni]
2802 2710 2991 2765 imbris
3019 2712 3365 2767 vehementia
3387 2727 3469 2790 re-

1854 2795 2085 2863 .solutis,
2130 2813 2231 2854 nec
2256 2798 2509 2854 valebant
2545 2816 2667 2856 cum
2712 2803 3097 2860 ecclesiasticis
3129 2807 3467 2863 ornamentis

1875 2888 2129 2945 secedere
2164 2891 2342 2953 tectis,
2374 2892 2564 2947 annuit
2601 2893 2769 2951 abbas
2799 2904 2856 2950 ut
2885 2896 3015 2952 solis
3048 2896 3468 2954 circumferren-

1877 2988 1965 3035 tur
1993 2980 2264 3038 claustris.
2294 2982 2398 3039 Ubi
2421 2991 2599 3040 tamen
2632 2986 2697 3040 ad
2729 2988 2968 3043 tumbam
3000 2989 3176 3044 sancti
3218 3004 3340 3045 cum
3373 3004 3483 3044 ce-.

1875 3073 1980 3127 reis
2022 3088 2088 3129 ac
2132 3074 2568 3133 tbimiamateriis
2612 3076 2787 3151 [forte,
2816 3079 3197 3152 tbymiateriis]
3244 3090 3465 3136 ventum

1871 3173 1973 3230 est,
1999 3180 2062 3221 ac
2084 3167 2397 3238 operculum
2427 3169 2500 3225 illi
2526 3170 2851 3227 subductum
2882 3181 2985 3238 est,
3016 3173 3221 3244 pariter
3246 3189 3463 3244 quoque

1799 3242 1843 3304 C
1876 3257 2096 3327 gravida
2141 3259 2339 3315 madidi
2374 3261 2517 3318 aeris
2555 3261 2695 3333 palla
2729 3242 3084 3331 discinditur,
3130 3242 3338 3320 ridente
3374 3242 3458 3321 ἐε-

1877 3365 2025 3416 reuo,
2059 3361 2114 3406 et
2146 3352 2430 3424 terrigenis
2473 3353 2565 3408 lux
2596 3355 2685 3411 diu
2713 3357 2985 3426 su5pirata
3018 3357 3261 3413 redditur
3290 3359 3461 3414 conti-

1875 3457 2003 3509 nuo,
2050 3453 2315 3513 quatenus
2360 3446 2572 3502 cunctis
2620 3447 2849 3518 liqueret
2895 3460 3094 3519 quanta
3140 3451 3458 3505 meritorum

1874 3532 2118 3589 claritate
2158 3536 2210 3588 in
2250 3536 2495 3591 vivorum
2538 3538 2757 3608 regione
2798 3538 3026 3611 fulgeret
3065 3542 3265 3607 anima,
3301 3540 3457 3612 cujus

1872 3625 2082 3681 exuviis
2123 3628 2434 3684 arridebant
2478 3629 2532 3683 in
2578 3632 2739 3687 terris
2770 3648 2915 3687 aera.
2966 3632 3128 3689 Nefas
3155 3634 3297 3689 enim
3336 3632 3458 3691 erat

1847 3712 2140 3771 .elemeuto
2173 3733 2280 3772 non
2325 3733 2551 3788 parcere
2594 3720 2934 3791 mortalibus,
2976 3740 3205 3794 quorum
3241 3727 3455 3782 devotio

1870 3804 2176 3874 opponebat
2223 3806 2505 3864 Trinitatis
2554 3810 2916 3868 habitaculum
2966 3815 3083 3884 ejus
3112 3818 3449 3873 .terrOribus.

1869 3892 2033 3966 Cujus
2068 3898 2147 3952 rei
2176 3898 2442 3955 evidentia
2474 3901 2803 3958 confricatus
2837 3905 3050 3961 animus
3078 3908 3449 3976 prmsentium,

1844 3987 2232 4045 .incaleseebat
2261 3990 2329 4045 ad
2367 3990 2651 4049 invisibilis
2679 3995 2829 4065 regni
2863 3996 3187 4052 desiderium
3218 4016 3233 4052 :
3262 3999 3314 4053 in
3343 4015 3452 4070 quo

1868 4077 1957 4133 ille
1982 4077 2136 4149 cuius
2157 4081 2209 4135 in
2236 4083 2648 4152 praesentiarum
2673 4088 2967 4142 cernebant
2994 4103 3206 4158 corpus,
3233 4091 3452 4146 eviden-

1840 4169 2009 4224 tibus
2048 4170 2261 4227 indiciis
2306 4173 2625 4231 ostendebat
2670 4192 2731 4232 se
2770 4176 2883 4248 jam
2934 4181 3207 4250 recepisse
3257 4182 3449 4237 stolam

1839 4275 2051 4327 .unam,
2096 4261 2149 4316 in
2187 4263 2271 4319 die
2298 4279 2512 4334 quoque
2551 4282 2801 4336 suprema
2848 4279 3224 4340 suscepturum
3266 4272 3446 4327 aliam.

1866 4352 2137 4420 Quantum
2174 4354 2534 4427 lacrymarum
2570 4361 2976 4433 gemituumque
3009 4364 3240 4420 dulciter
3267 4380 3333 4420 ex
3371 4366 3451 4420 in-

1867 4447 1981 4501 timi
2026 4448 2192 4503 animi
2230 4451 2478 4507 medullis
2520 4455 2987 4525 prorumpentium
3028 4456 3101 4512 ibi
3138 4452 3314 4513 fusum
3357 4459 3429 4512 sit

1865 4536 2024 4606 digne
2050 4538 2291 4609 proloqui
2322 4543 2503 4596 carnis
2533 4543 2728 4614 lingula
2759 4546 2965 4615 nequit.
2999 4545 3237 4602 Tandem
3265 4552 3450 4621 sacras

186 4605 333 4672 guiue
356 4610 651 4678 primatum
681 4614 831 4682 regni
872 4615 1133 4681 sublimis,
1165 4619 1256 4688 qui
1289 4635 1509 4678 suorum
1535 4632 1590 4680 et
1616 4626 1761 4696 prin-
1789 4616 1845 4687 Ι)
1869 4628 2122 4698 reliquias
2171 4630 2342 4686 nitido
2384 4631 2717 4690 involventes
2738 4676 2742 4681 .
2763 4635 2944 4704 pallio,
2988 4637 3162 4705 ligneo
3202 4618 3446 4694 recondi-

185 4694 329 4765 cipue
359 4699 577 4768 praefati
625 4704 838 4760 comitis
877 4704 1153 4765 Gisliberti
1199 4710 1373 4768 fretus
1412 4694 1759 4785 adminiculo,

187 4788 381 4847 sistitur
406 4793 532 4850 duci
581 4794 875 4865 Friderico,
908 4800 992 4855 cui
1026 4801 1199 4857 inerat
1234 4803 1461 4861 Mediani
1493 4820 1763 4866 monaste-

186 4879 247 4934 rii
272 4896 364 4951 per
392 4885 448 4940 id
477 4895 688 4957 tempus
717 4889 1020 4960 dispositio.
1045 4893 1084 4946 A
1113 4910 1221 4964 quo
1241 4895 1342 4951 loci
1369 4901 1760 4970 gubernatione

188 4970 417 5037 donatus,
451 4979 810 5034 monasticum
847 4982 1093 5037 Ordinem
1136 4984 1334 5042 ibidem
1366 4990 1652 5048 restituere
1678 5001 1762 5050 est

185 5060 368 5129 jussus.
400 5066 555 5122 Tunc
582 5069 745 5124 etiam
776 5072 1058 5144 religiosus
1084 5076 1191 5130 dux
1218 5080 1317 5133 sub
1342 5081 1758 5139 conﬁrmatione

190 5153 516 5228 chirographi
566 5160 802 5216 restituit
843 5164 969 5219 huic
1000 5164 1117 5221 loco
1159 5168 1417 5225 ecclesias
1456 5188 1593 5242 quas
1626 5175 1755 5229 olim

191 5248 474 5310 possedisse
495 5247 850 5320 dignoscitur,
875 5264 927 5308 et
954 5255 1213 5325 quidquid
1242 5262 1489 5317 canonici
1520 5265 1756 5321 tenuisse
1798 5250 1803 5255 ’

185 5447 221 5523 .a
245 5405 322 5527 ὃὸ)
357 5407 433 5463 Ita
472 5411 825 5483 manuscript.
864 5413 1154 5485 Epternac.
1195 5416 1483 5476 Riclterius
1512 5430 1567 5476 et
1593 5420 1750 5477 Joan.

286 5492 470 5527 avono.

286 5492 470 5546 ayono.

362 5547 414 5601 lu
453 5550 740 5631 Epternae.
776 5556 1125 5631 manuscript.
1167 5557 1257 5614 hic
1286 5558 1345 5613 fit
1373 5559 1567 5616 divisio
1596 5559 1754 5631 hujus
1826 5624 1831 5627 μ

1824 5666 1831 5671 -
1855 5639 2071 5711 lation'is
2100 5639 2376 5696 annuatim
2400 5639 2704 5698 celebratur
2733 5646 2784 5698 in
2815 5644 3062 5700 Mediano
3086 5639 3357 5711 manubiis,
3387 5659 3442 5701 et

201 5614 384 5680 capitis,
400 5614 553 5737 [quod
587 5620 639 5674 in
672 5622 778 5676 duo
803 5614 1087 5680 scinditur.

260 5684 359 5737 (1οὶ
449 5707 636 5737 manu:
661 5694 888 5737 vocatur
917 5710 944 5737 ει
976 5695 1230 5737 Riphm-in
1258 5698 1288 5737 li

260 5686 359 5750 (l0)
398 5686 636 5745 Hasuma
661 5694 888 5748 vocatur
917 5710 946 5748 a
976 5695 1230 5753 Richerio
1258 5698 1351 5754 lib.
1386 5715 1446 5764 ll,
1478 5715 1597 5769 cap.
1625 5702 1701 5765 7.,

399 5757 736 5841 §enouiensi,
766 5764 1104 5841 _Styvagiensi
1130 5778 1184 5823 et
1215 5767 1664 5841 Sandeodatonsi.

263 5825 361 5897 με)
398 5825 906 5891 ϐἱείὶὺεηυςεὼιῖθδ
934 5825 1113 5895 comes
1149 5840 1481 5897 ntOuasticae‘
1506 5840 1751 5914 religioni

1866 4719 1992 4774 dere
2019 4720 2243 4786 scrinio,
2268 4722 2410 4808 quod
2438 4723 2776 4792 imponentes
2803 4728 3038 4795 scapulis
3068 4729 3296 4785 intulere
3321 4746 3446 4785 ora-

1866 4813 2003 4867 torio
2047 4814 2187 4868 beati
2230 4815 2360 4885 Apri
2397 4814 2725 4873 confessoris
2767 4818 2968 4873 Christi
3007 4837 3020 4873 :
3059 4819 3290 4891 indeque
3320 4822 3447 4878 mox

1862 4902 2168 4971 ell‘erentes,
2215 4906 2384 4961 altera
2433 4909 2666 4979 regressi
2711 4910 2796 4963 via
2833 4909 3087 4967 invexere
3126 4914 3444 4970 monasterii

1862 4994 2116 5052 claustris
2143 5013 2216 5052 vn
2246 4997 2381 5069 (li).
2431 4998 2553 5055 [dus
2593 4998 2930 5067 Novembris,
2975 5011 3120 5058 tanto
3152 5003 3323 5060 funeri
3358 5007 3442 5060 in—

1832 5096 2136 5157 speratum
2184 5090 2504 5160 obsequium
2553 5108 2680 5149 aere
2725 5096 3019 5163 przebeute,
3069 5106 3122 5152 et
3169 5109 3287 5168 post
3330 5101 3448 5170 ejus

1862 5178 2270 5236 collocationem
2324 5183 2594 5238 nonnullis
2644 5186 2831 5242 diebus
2879 5188 3018 5243 idem
3064 5201 3439 5245 conservantc.

1860 5270 1975 5340 Qua
2007 5272 2072 5328 de
2102 5288 2161 5328 re
2188 5275 2457 5343 communi
2503 5286 2821 5340 cunctorum
2854 5289 2991 5335 voto;
3012 5281 3153 5338 hunc
3184 5281 3324 5337 diem
3351 5296 3443 5338 ce-

2082 5498 2158 5583 !ta
2190 5500 2385 5583 legitur
2417 5502 2468 5557 in
2503 5503 2800 5583 Epternac.‘
2826 5504 3177 5583 m_anuscript_.

1957 5500 2043 5569 15)
2082 5500 2158 5554 Ita
2190 5500 2385 5573 legitur
2417 5502 2468 5557 in
2503 5503 2789 5573 Epternac.
2826 5504 3177 5574 manuscript.
3388 5500 3396 5511 ’

1928 5500 2041 5652 tbi)
2083 5571 2389 5652 Legendnm
2413 5583 2489 5652 est
2516 5590 2590 5652 γι,
2619 5575 3056 5652 quo_die_fes_tum
3083 5567 3443 5652 hujus__trans-

1856 5710 1910 5765 in
1960 5712 2182 5784 antiquo
2231 5713 2375 5770 illius
2423 5713 2805 5786 Martyrologio
2850 5719 3220 5788 manuscripto
3270 5735 3439 5774 anno-

1855 5790 2021 5837 tatur.
