3910 5336
537 252 640 325 an

1388 228 1678 309 nemo.
1715 251 1828 314 an,
1863 249 2036 307 SEC.
2068 251 2139 308 x.
2168 280 2239 291 —
2270 250 2499 308 operm
2535 260 2927 312 nemorum.

3648 257 3745 322 ξιξ

535 367 742 439 lebrem
771 365 976 445 habere
1003 366 1206 446 placuit
1229 380 1451 428 recursu
1480 381 1690 434 annuo;
1717 367 1814 450 qui
1854 381 2025 440 usque
2058 367 2112 424 in
2139 349 2191 411 Α
2217 367 2493 439 martyris.
2535 366 2667 436 Cur,
2699 367 2899 439 inquit,
2941 362 3324 423 commotionis
3353 361 3497 420 meae
3543 363 3745 423 acrimo»

532 477 776 546 prarsens
816 461 1081 522 celebrior
1125 461 1265 528 solet
1309 461 1532 532 suscipi,
1577 463 1745 534 etiam
1781 463 2116 533 depositione

536 550 725 622 ipsius,
770 566 933 622 quam
979 559 1330 621 repraesentat
1357 551 1558 608 mensis
1589 551 1795 620 Julius;
1829 553 1943 615 sive
1985 569 2112 624 pro-

526 649 658 712 pter
686 639 816 697 illud
839 642 1310 713 occupatissimum
1349 649 1582 714 tempus,
1627 658 1723 700 seu
1763 644 1890 718 quia
1938 645 2115 702 minus

515 731 778 812 tabundat
806 732 1145 806 victualibus.
1179 733 1329 790 Tunc
1363 749 1578 808 quoque
1614 735 1770 808 beata
1805 745 2114 804 sanctorum

515 819 915 902 ‘germanorum
953 823 1177 889 Joannis
1219 834 1276 880 et
1316 825 1539 898 Benigdi
1580 841 1830 904 carpora,
1858 829 2117 898 quemad-r

517 910 756 970 {modum
781 927 849 969 ex
877 929 984 971 uno
1025 914 1236 980 sublata
1263 923 1390 974 sunt
1417 916 1711 996 mausoleo,
1742 918 1794 972 in
1826 932 1933 972 uno
1961 932 2118 988 repo:

533 1010 672 1056 nunt
713 1003 936 1069 scrinio,
976 1019 1208 1084 quorum
1254 1004 1501 1070 advectio
1530 1019 1560 1060 a
1605 1006 1803 1075 prioris
1831 1005 2118 1086 sepulturae

533 1094 654 1152 loco
679 1103 834 1153 sexto
860 1093 985 1152 ldus
1017 1095 1142 1150 Maii
1170 1096 1400 1162 exstitit,
1430 1105 1487 1170 et
1513 1105 1572 1151 ut
1596 1107 1713 1153 erat
1743 1097 2000 1164 solemnis
2027 1113 2117 1152 re—.

533 1187 766 1258 mansit;
792 1189 919 1258 quia
941 1187 1217 1258 singulare
1237 1186 1431 1248 festum
1453 1188 1760 1258 persolvere
1783 1189 1907 1244 huic
1930 1198 2118 1258 sancto

532 1277 748 1363 praesuli
777 1278 1072 1349 quotannis
1100 1278 1318 1336 devotio
1344 1279 1585 1349 priorum
1612 1279 1802 1353 voluit.
1843 1293 1847 1298 ·

1149 1370 1380 1448 eaeor
1417 1369 1509 1437 Ix.

608 1463 708 1520 Hic
733 1463 870 1528 ordo
911 1473 1184 1539 gestorum
1219 1465 1463 1536 exposcit
1500 1473 1562 1520 ut
1603 1480 1812 1530 memor
1848 1465 2120 1542 promissi,

537 1567 779 1628 retexam
812 1545 1175 1614 inventionem
1206 1557 1380 1618 sancti
1420 1557 1680 1613 Bonifacii
1720 1557 1993 1630 martyris.
2027 1558 2120 1612 Di-.

535 1658 660 1703 ruto
704 1649 953 1718 equidem
984 1649 1183 1720 templo
1225 1649 1396 1706 beata:
1425 1648 1520 1706 Dei
1569 1649 1846 1721 genitricis
1889 1664 1952 1705 ac
1995 1664 2121 1718 per-

2217 457 2361 512 niam
2385 455 2608 512 minime
2632 454 3052 526 perhorrescis?
3077 453 3206 524 quid
3229 453 3403 509 denuo
3427 452 3492 508 ad
3519 460 3568 508 te
3587 453 3746 508 venire

2215 548 2496 619 compellis
2516 550 2540 604 ν
2561 549 2702 612 scias
2739 556 2792 604 te
2829 547 2994 624 igitur
3022 545 3277 600 luiturum
3328 559 3514 614 poenas
3537 551 3747 599 contem-

2214 649 2343 712 ptus
2373 649 2428 697 et
2466 627 2866 707 inobedientiae,
2891 638 3208 717 priusquam
3240 634 3564 706 corruptibili
3589 647 3750 689 careas

2215 731 2356 786 luce.
2385 729 2700 804 Iinjusntodi
2726 743 2860 796 vero
2883 727 3044 800 minis
3071 736 3357 798 postquam
3387 724 3602 779 fratrem
3623 722 3751 778 illum

2215 823 2526 898 perterruit,
2580 837 2796 890 omnem
2834 820 3132 892 superioris
3166 818 3395 890 visionis
3429 817 3655 883 ordinem
3679 829 3753 870 re-

2217 901 2413 990 texuit,
2442 921 2498 968 et
2529 912 2712 982 abbati
2762 910 3016 966 intimare
3035 909 3239 980 jussit;
3271 907 3369 970 sed
3393 921 3458 973 eo
3483 920 3570 972 seu
3593 905 3757 980 primis

2218 1015 2307 1072 tus
2365 1002 2761 1069 dissimulante,
2828 1001 2994 1073 tertio
3058 999 3328 1071 gloriosus
3391 1005 3589 1066 martyr
3653 1009 3757 1062 eum

2218 1098 2472 1168 dignatus
2497 1103 2580 1150 est
2603 1095 2775 1162 adire,
2811 1092 3036 1163 ejusque
3068 1091 3383 1156 vecordiam
3411 1089 3571 1144 nimia
3595 1087 3758 1149 verba:

2207 1203 2340 1243 rum
2383 1185 2682 1260 acerbitate
2720 1185 3024 1255 increpare,
3053 1197 3117 1238 ac
3153 1178 3499 1250 recapitulato
3525 1176 3695 1248 prima:
3715 1182 3761 1230 et

2220 1278 2474 1348 secundae
2520 1275 2869 1346 revelationis
2938 1272 3183 1342 oraculo,
3240 1269 3439 1339 adjecit
3495 1265 3758 1332 continuo:

2219 1370 2609 1438 Animadverto
2662 1367 2917 1438 duritiam
2962 1373 3067 1437 tuae
3094 1361 3432 1431 inﬁdelitatis
3477 1375 3578 1416 non
3628 1371 3763 1428 posse

2222 1463 2290 1532 ad
2355 1460 2716 1531 obedientiam
2783 1457 2950 1528 flecti,
3012 1454 3118 1523 nisi
3199 1452 3475 1524 ntotliatur
3545 1447 3765 1504 fomentis

2223 1551 2454 1622 alicujus
2495 1551 2654 1623 signi.
2689 1549 2956 1632 Quocirca
2989 1553 3340 1608 surrecturus.
3361 1543 3428 1606 ad
3457 1535 3767 1632 nocturnales

2224 1645 2474 1717 hymnos.
2520 1642 2607 1709 adi
2651 1628 2764 1710 tum
2833 1639 3007 1704 altare
3059 1636 3224 1692 situm
3277 1634 3344 1696 ad
3407 1639 3565 1703 caput
3621 1628 3767 1717 sancti

533 1746 715 1809 petua:
737 1715 964 1814 virginis
997 1715 1203 1807 Mariae,
1247 1739 1517 1811 simulque
1541 1715 1767 1804 aedicula
1803 1739 1947 1807 beati
1975 1715 2120 1813 biar—
2152 1715 2196 1775 Β
2224 1715 2522 1810 llildulphi,
2553 1747 2717 1804 supra
2759 1729 2904 1801 quod
2957 1743 3084 1790 mox
3123 1727 3442 1814 inventurus
3481 1716 3768 1814 crticiculant

537 1831 637 1886 tini
676 1831 852 1902 eidem
892 1831 1219 1897 cohaerente,
1264 1832 1321 1888 in
1348 1847 1453 1902 qua
1477 1832 1588 1903 jam
1626 1832 1829 1887 dictum
1861 1840 1947 1887 est
1975 1847 2122 1887 mare

535 1930 714 2011 tyrern
756 1922 1078 1995 tumulatum
1117 1923 1289 1986 fuisse
1335 1941 1350 1978 :
1399 1923 1712 1984 necessario
1757 1924 1874 1980 loca
1922 1923 2125 1990 dudum

535 2015 802 2084 orationis
828 2013 1229 2099 occupaverant
1256 2017 1538 2102 parietinae
1577 2016 1889 2076 hominibus
1925 2031 1991 2072 ac
2033 2016 2128 2072 be-

533 2107 659 2178 stiis
681 2109 900 2179 perviae.
921 2107 1092 2176 Quam
1121 2124 1341 2165 suarum
1364 2109 1716 2182 reliquiarum
1742 2108 2125 2179 negligentiam

538 2212 648 2254 non
680 2197 863 2272 ferens
897 2199 1123 2270 spiritus
1159 2199 1436 2270 martyris,
1479 2199 1572 2269 qui
1604 2199 1924 2266 mirabiliter
1958 2197 2148 2253 hono-'

539 2292 766 2360 tabatur
793 2291 847 2348 in
877 2291 1032 2349 caelis
1057 2309 1075 2346 ι
1098 2293 1334 2362 quadam
1358 2299 1517 2346 nocte
1539 2305 1636 2361 per
1657 2291 1830 2352 visum
1857 2291 1911 2344 in
1939 2289 2125 2359 habitu

537 2383 786 2461 militari,
821 2383 962 2446 sicut
999 2394 1084 2440 est
1120 2383 1302 2440 vultus
1339 2382 1602 2456 dignitate
1628 2382 1972 2452 venerabilis,
2007 2379 2126 2436 cni-

539 2474 664 2547 dam
695 2473 990 2548 juvenculo
1011 2477 1278 2541 monacho
1308 2474 1570 2539 Tietfrido
1595 2486 1906 2552 nuncupan
1932 2473 2125 2542 astitit,

537 2576 595 2625 et
619 2565 993 2638 indigenarum
1015 2567 1232 2637 quidem
1253 2567 1510 2622 mediocri
1533 2566 1798 2638 sanguine
1820 2574 2126 2637 procreato,

537 2657 654 2722 sed,
681 2665 741 2714 ut
764 2658 1073 2729 putabatur,
1098 2659 1256 2714 bonae
1281 2657 1510 2714 actionis
1536 2657 1742 2724 futuro,
1773 2671 2006 2726 eumque
2029 2669 2129 2711 suo

542 2747 722 2822 taliter
747 2749 998 2822 dignatus
1026 2759 1110 2805 est
1145 2749 1382 2820 alloquio
1420 2769 1433 2804 :
1475 2749 1780 2805 Admodum
1809 2765 1953 2821 aegre
1991 2749 2125 2813 fero,

539 2839 686 2910 quod
715 2840 998 2912 parietinis
1025 2855 1264 2914 premor,
1308 2840 1535 2912 pedibus
1565 2850 1621 2896 et
1660 2841 1912 2898 sordibus
1955 2841 2131 2895 homi-

539 2945 670 3003 num
721 2945 1088 3001 pecorumque
1142 2940 1368 3008 atteror,
1424 2932 1715 2995 conculcor
1761 2947 1825 2987 ac
1885 2933 2125 2999 inticior;

547 3021 902 3094 quamobrem
936 3023 1258 3094 quantocius
1288 3039 1516 3096 surgens
1537 3035 1808 3099 maturato
1833 3025 2012 3091 dicere
2038 3026 2130 3080 ab-

547 3111 684 3187 bati,
717 3121 778 3167 ut
819 3113 866 3167 si
910 3113 1142 3184 propria:
1171 3114 1288 3170 vult
1315 3113 1596 3187 consulere
1626 3114 1808 3187 saluti,
1851 3116 2136 3186 provideat

546 3202 785 3274 quietem
831 3197 1044 3274 corpori
1093 3218 1236 3260 meo.
1285 3203 1455 3274 Quem
1501 3203 1672 3260 frater
1714 3205 1803 3261 ille
1836 3207 1939 3261 hoc
1973 3206 2133 3262 modo

546 3300 936 3364 percunctatus
979 3303 1106 3350 est:
1140 3295 1366 3351 Domine
1408 3296 1504 3362 mi,
1554 3310 1714 3365 quem
1750 3305 1804 3350 te
1835 3296 2035 3372 dicam,
2081 3305 2136 3353 et

545 3383 637 3438 ubi
668 3383 872 3440 habere
896 3386 980 3440 vis
1007 3385 1375 3456 sepulturam?
1418 3385 1622 3458 Martyr
1647 3387 1712 3441 ad
1740 3386 1857 3441 haec
1885 3387 1967 3441 sic
1992 3387 2136 3446 intu-

549 3478 656 3534 lit:
689 3478 844 3536 Scias
870 3495 958 3536 me
982 3479 1318 3536 Bonifacium
1349 3480 1636 3547 nominari,
1662 3479 1907 3551 gloriosa:
1939 3479 2134 3551 legioni

547 3568 907 3643 Thebanorum
951 3563 1260 3642 martyrum’
1297 3585 1540 3633 numero.
1565 3580 1618 3626 et
1665 3571 1860 3626 merito
1903 3573 2130 3640 sociari;

547 3662 814 3734 siquidem
841 3663 1020 3736 divina
1055 3664 1383 3732 concedente
1405 3663 1578 3736 gratia
1603 3679 1711 3723 non
1747 3664 1922 3735 impar
1949 3665 2136 3734 gloriae

547 3752 770 3828 collega:
803 3753 906 3821 mei
945 3753 1180 3831 Mauritii
1211 3755 1262 3810 in
1300 3754 1453 3816 etnlis
1486 3764 1830 3821 servatur'et
1857 3757 1988 3826 mihi
2024 3756 2138 3825 glo-

547 3841 651 3912 ria,
690 3857 828 3917 quos
875 3859 972 3915 per
1018 3844 1198 3904 omnia
1249 3843 1380 3913 fecit
1424 3861 1582 3922 pares
1625 3845 1780 3922 labor
1820 3854 1875 3907 et
1919 3845 2133 3920 militia,

547 3923 856 3988 exhortatio
905 3935 1069 3990 sociis
1110 3935 1467 4001 titubantibus
1513 3937 1777 4010 impensa,
1825 3945 1880 3999 et
1927 3937 1981 3994 in
2031 3936 2136 3990 fide

549 4038 722 4092 usque
771 4023 840 4081 ad
895 4034 1125 4080 mortem
1175 4027 1600 4095 perseverantia.
1663 4027 1792 4092 Post
1849 4026 2138 4092 nonnullos

550 4127 682 4183 vero
734 4129 905 4188 annos
953 4131 984 4185 a
1037 4117 1356 4189 corporibus
1408 4117 1836 4181 commilitonum
1893 4133 2136 4174 meorum

551 4204 737 4281 furtim
787 4207 1153 4280 disgregatus,
1203 4225 1233 4264 a
1282 4210 1604 4290 quibusdam
1648 4211 1856 4268 devotis
1899 4212 2010 4266 Deo
2052 4212 2135 4266 vi-

552 4296 632 4354 ris
659 4297 726 4356 ad
750 4297 892 4366 hunc
915 4299 1096 4358 locum
1122 4317 1242 4356 sum
1265 4301 1476 4357 delatus
1496 4311 1656 4373 atquc
1686 4305 1736 4358 in
1759 4304 1997 4365 oratorio
2021 4302 2134 4376 (.15)

552 4386 700 4446 beati
728 4389 942 4446 Martini
969 4400 1126 4466 terra:
1148 4395 1582 4461 commendatus,
1605 4396 1696 4451 ubi
1723 4411 1893 4466 usque
1918 4397 1971 4450 in
1998 4411 2136 4467 prae-

2223 1840 2346 1895 cum
2367 1807 2626 1891 cambuca
2657 1821 2827 1891 ipsius
2849 1817 3123 1890 pontiﬁcis
3142 1816 3314 1881 beati,
3347 1813 3512 1870 totius
3535 1807 3770 1878 ambiguis

2225 1915 2583 1984 tatis‘callum
2608 1927 2827 1976 remove
2855 1927 2885 1966 a
2914 1909 3136 1977 latebris
3160 1907 3350 1971 animi.
3388 1905 3634 1961 Attamen
3660 1913 3772 1969 que:

2224 2009 2374 2076 niam
2403 2005 2738 2074 tolerabilius
2778 2001 2872 2059 tibi
2903 2001 3008 2058 erit
3041 1997 3330 2071 temporali
3387 1992 3640 2066 supplicio
3663 1987 3772 2044 sub-

2221 2098 2425 2172 jacere,
2481 2111 2644 2170 quam
2702 2092 3130 2164 irrevocabiliter
3181 2096 3460 2163 perpetua:
3513 2077 3776 2150 mancipari

2227 2173 2515 2264 gehennae,
2579 2188 2742 2259 hujus
2798 2185 3078 2263 neglectus
3153 2181 3421 2242 ultionem
3483 2172 3686 2231 noveris
3733 2177 3777 2224 te

2228 2281 2532 2337 subiturum
2573 2279 2628 2350 in
2657 2279 2762 2338 hac
2799 2276 2916 2340 luce
2948 2293 2963 2341 ;
3007 2274 3141 2329 satis
3184 2272 3331 2334 enim
3367 2269 3506 2334 satis
3540 2273 3782 2336 superque

2224 2386 2511 2444 poenarum
2538 2377 2709 2438 restat
2738 2378 2844 2439 tua}.
2885 2367 3115 2431 nimium
3158 2364 3368 2432 carnali
3421 2362 3564 2433 vitm.
3599 2360 3778 2428 quanto

2227 2465 2347 2538 plus
2376 2464 2420 2518 si
2451 2462 2740 2532 adjiciatur
2762 2459 2976 2526 facinus
3009 2466 3220 2513 tantum
3244 2448 3662 2512 inobedientiaa‘i
3686 2445 3783 2500 Hac

2227 2545 2646 2626 perterrefactus
2669 2551 2888 2622 juvenis
2916 2549 3359 2612 comminatione,
3397 2539 3778 2614 expergiscitur,

2227 2635 2286 2706 et
2311 2643 2473 2712 (idem
2497 2642 2760 2716 jussionis
2793 2639 3198 2711 exploraturus,
3229 2634 3375 2689 facto
3415 2633 3568 2708 signo
3594 2634 3784 2683 noctur-.

2229 2751 2424 2791 narum
2477 2718 2783 2806 vigiliarum
2841 2730 3130 2788 ecclesiam
3182 2726 3515 2798 ingreditur,
3557 2720 3641 2776 ubi
3678 2729 3781 2772 cum

2231 2825 2475 2898 praedicti
2525 2825 2663 2896 signi
2706 2823 3033 2888 evidentiam
3072 2835 3197 2874 cum
3231 2829 3499 2886 corporeo
3546 2808 3786 2898 hausisset

2231 2897 2412 2981 oculo,
2464 2915 2610 2970 omni
2649 2913 2926 2969 dubietate
2971 2909 3292 2987 postposita,
3333 2906 3584 2975 abbatem
3619 2909 3670 2956 et
3690 2897 3783 2952 fra-

2238 3014 2348 3060 tres
2377 3005 2505 3059 illuc
2528 3002 2813 3058 advocavit
2841 3000 3019 3056 adhuc
3052 3000 3107 3053 in
3133 2989 3787 3072 crespuscuiomatutino:

2161 3080 2206 3143 Ο
2237 3098 2434 3174 quibus
2463 3105 2749 3168 postquam
2776 3092 3012 3150 ostendit
3057 3104 3298 3162 praesens
3329 3089 3570 3158 signum,
3604 3087 3789 3174 extera:

2217 3172 2453 3260 quoque
2514 3185 2862 3243 revelationis
2918 3180 3176 3252 patefecit
3238 3187 3470 3243 textum.
3539 3172 3661 3245 inde
3697 3181 3791 3222 una

2237 3269 2360 3340 cum
2391 3280 2496 3346 illis
2531 3279 2598 3334 ad
2628 3279 2805 3333 locum
2843 3275 3041 3330 tumbae
3097 3271 3357 3341 martyris,
3404 3261 3720 3350 properavit,
3745 3264 3790 3313 et

2237 3376 2376 3446 sicut
2402 3391 2499 3444 per
2527 3372 2910 3436 revelationem
2943 3367 3057 3440 (16)
3107 3371 3420 3434 acceperat,
3450 3359 3532 3418 eis
3561 3354 3789 3424 designa-

2237 3467 2332 3522 vit.
2371 3466 2469 3527 Ubi
2516 3463 2784 3535 fodientes
2836 3459 3172 3516 mausoleum
3222 3458 3548 3510 invenerunt
3598 3449 3791 3506 decens,

2237 3559 2379 3630 quod
2402 3558 2528 3612 dum
2556 3569 2836 3630 aperuere,
2884 3550 3238 3622 fragrantiam
3289 3542 3605 3612 suavissimi
3628 3535 3792 3594 odoris
3842 3555 3846 3560 ·

2239 3666 2403 3718 nares
2431 3639 2777 3720 praesentium
2828 3657 3168 3715 perscnsere.
3200 3641 3255 3694 In
3281 3653 3391 3709 quo
3421 3637 3637 3696 tandem
3658 3635 3796 3720 justa

2235 3717 2462 3802 visionis
2501 3717 2660 3811 fidem
2694 3719 3030 3807 reperientes
3066 3730 3323 3803 martyris
3346 3727 3598 3816 exuvias,
3625 3722 3677 3776 in
3705 3717 3797 3816 sin-

2235 3834 2375 3899 done
2407 3831 2603 3886 munda
2625 3827 2967 3897 involverunt
2999 3838 3114 3887 eas,
3139 3822 3330 3888 sicque
3383 3814 3732 3874 recondentes
3753 3814 3798 3859 in

2237 3921 2461 3990 scrinio,
2493 3918 2725 3993 Begoriis
2751 3914 2900 3988 cella:
2940 3914 3196 3982 invexere
3241 3907 3502 3964 festinato
3531 3921 3548 3972 ;
3581 3901 3702 3978 quia
3729 3908 3800 3952 re-

2236 3991 2512 4073 condendi
2554 3991 2713 4082 aptus
2753 4008 2906 4062 locus
2968 4004 3192 4059 minime
3272 3998 3597 4070 suppetebat
3643 3993 3718 4048 eis
3754 3991 3800 4041 in

2236 4105 2418 4162 diruto
2436 4100 2788 4168 monasterio.
2815 4095 2941 4170 (Sed
2970 4093 3176 4164 incuria
3190 4103 3552 4146 successorum
3574 4082 3801 4154 faciente,

2235 4198 2462 4270 prwfata
2483 4194 2616 4250 cella
2645 4201 2852 4259 sanctos
2873 4200 3018 4255 artus
3039 4187 3294 4258 permissa
3316 4193 3391 4238 est
3415 4183 3640 4237 retinere
3661 4186 3803 4270 usque

2235 4263 2305 4354 pd
2331 4263 2583 4342 damnum
2628 4283 2866 4338 abbatem
2931 4279 3288 4352 Lamberlttm,
3337 4275 3428 4344 qui
3454 4287 3597 4326 anno
3627 4268 3690 4322 ab
3719 4263 3806 4318 In:

2239 4381 2544 4452 oarnatione
2569 4377 2780 4440 Domini
2805 4373 3080 4438 millesimo
3116 4367 3523 4441 quadragesimo
3564 4361 3734 4427 tertio,
3757 4357 3806 4408 in

667 4445 697 4446 ρ
934 4445 939 4446 κ
1157 4445 1582 4461 -ρ,--------η-ρ-,
1611 4445 1696 4451 --η
1728 4445 1892 4466 ην-
2000 4445 2109 4467 Γπ

557 4497 685 4542 oens
737 4482 1009 4552 latuerunt
1047 4499 1238 4551 omnes
1291 4493 1444 4551 artus
1492 4486 1618 4552 mei,
1659 4495 1883 4556 excepto
1938 4487 2134 4558 capite,

2242 4482 2389 4528 sexta
2431 4445 2564 4542 feria
2607 4483 2725 4538 qua:
2770 4482 2809 4541 tt
2861 4463 3049 4537 Nonas
3125 4455 3431 4527 Novembris
3501 4453 3802 4509 habebatur,

563 4577 708 4646 quod
739 4579 887 4643 inter.
908 4578 1238 4650 collegarum
1268 4589 1514 4640 meorum
1559 4595 1784 4659 corpora
1823 4580 1974 4648 prior
1999 4578 2136 4636 reti-

561 4666 678 4736 nuit
713 4665 883 4728 locus.
909 4667 987 4737 En
1019 4669 1113 4735 tibi
1141 4679 1456 4725 cunctarum
1506 4670 1853 4740 reliquiarum
1897 4685 2138 4731 mearum

562 4773 784 4818 Causam
828 4760 1084 4832 explicui.
1138 4761 1216 4820 Tu
1261 4777 1405 4820 nunc
1447 4763 1652 4832 absque
1693 4761 2140 4823 recrastinatione

531 4864 788 4926 pergens
825 4851 1029 4923 explica
1072 4854 1173 4924 hoc
1201 4853 1376 4924 ipsum
1416 4852 1618 4909 abbati.
1649 4851 1762 4911 Nec
1806 4868 1980 4918 mora,
2015 4867 2138 4923 cum

534 4939 742 5014 ‘verbis
769 4941 1088 5014 subducitur
1111 4943 1376 5014 monacho
1397 4942 1609 5015 species
1632 4942 1910 5013 martyris,
1933 4941 2024 5013 qui
2048 4941 2142 4998 ubi

569 5033 978 5107 expergefactus
1000 5044 1107 5113 est,
1151 5037 1282 5107 quia
1335 5020 1526 5102 maluit
1561 5034 1948 5107 revelationem
1978 5034 2140 5098 istam

563 5127 931 5203 phantasmati
974 5128 1272 5198 ascribere,
1319 5143 1482 5199 quam
1529 5127 1580 5195 ei
1609 5127 1952 5198 aliquatenus
1980 5125 2142 5181 fidem

564 5219 1001 5286 accommodare,
1022 5230 1076 5276 et
1091 5234 1256 5290 super
1269 5221 1373 5282 hoc
1394 5219 1693 5276 divinitatis
1708 5217 2142 5299 misericordiam

563 5305 858 5336 ‘l‘n'A-A-A
929 5310 1131 5336 ΑΞΑμΛξρ

1349 5310 1610 5336 ξ-νι-ιΛ-ιιιοιι
1670 5308 1933 5336 ..Λ-..ΩΑΛ-ηι
1959 5323 1973 5336 ο
2027 5308 2140 5336 οἶενη

2243 4563 2494 4634 revexit).
2542 4561 2736 4617 Frater
2788 4573 2917 4626 vero
2968 4555 3059 4624 qui
3103 4553 3264 4624 toties
3316 4546 3682 4607 commonitus
3709 4550 3809 4596 tam

2241 4657 2403 4719 clara:
2447 4654 2643 4710 visioni
2698 4664 2980 4724 assensum
3016 4648 3148 4702 dare
3184 4643 3416 4708 distulit,
3463 4649 3590 4711 post
3622 4636 3812 4704 aliquo!

2244 4761 2415 4815 armos
2459 4759 2570 4814 prae
2611 4744 2770 4808 domo
2813 4738 3151 4807 infirmorum
3193 4745 3368 4802 stans,
3410 4727 3699 4799 repentino
3720 4735 3804 4776 ac-

2244 4854 2399 4906 cessu
2443 4829 2712 4908 paralysis
2765 4836 2899 4901 adeo
2951 4830 3218 4894 extabuit,
3245 4838 3304 4882 ut
3347 4842 3406 4882 se
3436 4824 3611 4879 invito
3649 4827 3812 4874 retro-

2245 4930 2472 5002 gradum
2511 4927 2614 4982 iter
2651 4933 2856 4994 ageret,
2881 4923 3051 4978 donec
3075 4936 3172 4997 per
3198 4919 3365 4989 ipsius
3403 4915 3598 4970 domus
3627 4910 3815 4967 ostium

2247 5005 2392 5086 intro
2426 5027 2734 5090 corrueret,
2762 5025 2921 5084 atque
2953 5013 3137 5081 fractis
3165 5007 3466 5076 cervicibus
3494 5004 3813 5075 exspiraret.

2871 5103 3100 5162 CAPUT
3139 5103 3207 5156 Χ.

2316 5202 2530 5257 Interea
2555 5201 2658 5264 dux
2681 5199 3012 5260 Fridericus,
3039 5210 3148 5250 suae
3174 5193 3426 5254 utilitatis
3446 5190 3708 5248 insudans
3736 5199 3820 5238 ne-

2245 5296 2409 5336 ‘omiie
2482 5302 2718 5336 nnclrnm
2765 5288 3205 5336 nnnnmninalnm
3254 5287 3478 5336 Barrnm
3527 5275 3824 5336 construxit
