3910 5336
156 365 243 421 213

935 363 1025 420 DE
1063 365 1629 424 SUCCESSORIBUS
1660 365 1718 422 S.
1758 366 2088 426 munst
2126 368 2193 424 1N
2236 369 2534 428 VOSAGO.

3265 370 3374 430 au

161 491 246 532 Iam
273 491 374 532 sua
391 474 504 530 urbi
529 473 816 531 intimavit.
843 474 890 530 Α
913 491 1020 548 quo
1045 478 1150 533 dux
1172 477 1490 534 satisfacere
1507 477 1692 546 jussus
1721 463 1764 520 Α
1797 487 2111 537 sanctorum
2149 489 2450 546 teneretur,
2486 487 2703 550 repente
2735 491 3014 542 corruens,
3045 475 3220 533 rotatu
3249 479 3374 534 hor-

159 585 238 641 pro
263 569 564 640 pervasione
597 567 780 637 praedii
799 609 814 634 ,
856 579 1057 625 mutua:
1087 571 1484 626 vicissitudinis
1508 571 1695 626 condi-

159 659 293 722 tione,
316 657 442 712 duas
461 657 711 712 abbatias
745 657 1049 713 Medianum
1082 661 1474 716 monasterium
1506 671 1562 716 et
1589 661 1695 716 Ca.

158 748 323 810 lileam,
345 762 463 801 cum
492 747 698 816 aliquot
725 748 866 802 villis
903 750 1215 819 patrimonii
1246 751 1328 805 sui
1369 751 1696 806 contradidit

157 838 212 901 ei,
248 844 299 890 ut
347 845 522 906 posset
554 837 668 906 ipse
700 839 922 907 pacifice
955 839 1230 908 possidere
1259 843 1402 909 quod
1437 856 1697 910 przesum-

156 937 306 998 pserat
327 927 444 983 sibi.
481 927 724 997 Cumque
749 929 839 984 tali
871 939 1028 1000 pacto
1059 930 1399 986 denominata
1431 930 1545 985 loca
1574 929 1696 984 Tul-

154 1019 263 1076 lensi
288 1019 503 1075 dimcesi
532 1021 850 1087 cessissent,
888 1033 1325 1092 memoratusque
1361 1021 1554 1092 praesul
1582 1020 1697 1077 oili-

155 1111 290 1168 rialcs
312 1126 494 1166 eorum
527 1121 870 1168 sacramento
896 1113 997 1169 sibi
1024 1115 1387 1179 astrinxisset,
1413 1115 1482 1169 ob
1509 1129 1697 1169 monu-

154 1214 356 1261 mentum
392 1204 707 1273 ipsiusmodi
745 1205 1012 1260 cessionis
1040 1221 1222 1262 secum
1258 1205 1380 1260 tulit
1408 1205 1698 1262 cambucas

155 1293 224 1362 (Id
247 1305 334 1357 est,
357 1293 575 1347 baculus
599 1293 922 1364 postorales)
946 1295 1227 1349 beatorum
1259 1293 1562 1350 antistitum
1587 1293 1698 1350 ilii-

155 1385 305 1454 dulphi
329 1396 487 1455 atque
519 1385 763 1451 Dcodati,
803 1386 982 1457 specie
1009 1387 1226 1456 quidem
1255 1387 1562 1451 vilissimas,
1597 1401 1698 1444 nec

156 1488 203 1534 ut
242 1479 332 1534 hac
388 1486 576 1533 nostra
632 1485 793 1533 aetate
855 1477 1056 1548 passim
1118 1478 1360 1535 cernitur
1405 1477 1698 1535 artificiose

153 1579 417 1625 cameratas
463 1585 530 1624 ac
575 1568 800 1640 politas;
839 1570 934 1624 sed
987 1578 1168 1626 tamen
1214 1572 1282 1626 ad
1331 1572 1698 1628 ostensionem

153 1669 322 1714 Sancta:
352 1661 790 1716 mortificationis
827 1663 1115 1732 meritique
1161 1675 1346 1718 eorum
1392 1662 1698 1719 efﬁcacissi-

156 1765 267 1817 mas,
288 1752 479 1822 quibus
504 1752 639 1808 nihil
665 1767 872 1825 pompae
894 1753 1168 1823 adjecerat
1188 1755 1386 1809 artium
1411 1755 1696 1820 industria,

1797 571 1950 626 ritico
1976 586 2071 642 per
2091 572 2456 641 pavimentum
2480 572 2680 642 agitur.
2714 571 2820 626 Sed
2846 571 2932 626 hic
2957 579 3164 626 rotatus
3186 579 3242 626 et
3268 580 3377 626 tor-

1797 672 2036 719 mentum
2063 664 2260 734 captivi
2305 664 2508 733 liquido
2544 665 2847 719 astantibus
2878 662 3172 733 prodebant
3205 660 3374 733 ﬂagra

1795 761 1853 810 et
1880 764 2144 810 torturam
2174 755 2402 811 latronis
2431 754 2675 824 maligni,
2710 755 2907 825 quibus
2952 751 3378 821 compellebatur

1796 846 2002 918 egredi.
2032 845 2273 917 Denique
2305 857 2426 916 post
2466 845 2689 900 nimiam
2728 845 3050 900 rotationem
3079 844 3192 913 ipso
3225 841 3377 897 aditu

1796 952 1907 1006 quo
1936 935 2116 992 fuerat
2145 937 2510 1002 intromissus,
2539 938 2690 991 exire
2712 943 2955 998 coactus,
2981 949 3107 989 cum
3131 931 3378 988 obsceni-

1800 1036 1911 1084 tate
1950 1027 2181 1083 vomilus
2220 1027 2393 1083 instar
2429 1027 2629 1083 vermis
2663 1026 2928 1097 bipedalis
2971 1026 3038 1082 ab
3066 1025 3273 1081 intimis
3301 1028 3383 1078 vi+

1797 1119 2043 1174 secribus
2073 1119 2256 1174 miseri
2282 1127 2365 1174 est
2395 1116 2688 1187 projectus.
2719 1118 2818 1184 Qui
2860 1132 2983 1171 mox
3018 1125 3076 1170 ut
3105 1115 3381 1186 paululum

1799 1208 1976 1264 somni
2005 1209 2096 1263 diu
2136 1208 2317 1278 negati
2347 1208 2597 1278 arripuit,
2631 1209 2836 1279 gratias
2863 1205 3109 1261 Creatori
3138 1205 3381 1260 omnium

1800 1313 1866 1354 ac
1891 1297 2141 1354 ﬁdelibus
2169 1297 2338 1367 ipsius
2367 1312 2552 1367 agens,
2582 1296 2809 1367 propria
2830 1293 3114 1352 incolumis
3142 1293 3379 1366 repetiit.

2399 1389 2638 1446 CAPUT.
2668 1388 2778 1445 XII.

1870 1481 2083 1538 Interea
2125 1481 2327 1537 domno
2359 1481 2616 1554 pontifice
2661 1479 2906 1536 Gerardo
2939 1493 3006 1534 ex
3050 1477 3209 1547 hujus
3258 1477 3384 1533 vita:

1801 1573 2060 1632 aerumnis
2103 1571 2339 1638 sublato,
2390 1571 2458 1627 ad
2489 1570 2760 1627 'I‘ullensis
2809 1569 3060 1625 diaecesis
3095 1567 3382 1639 pontiﬁca-

1803 1674 1916 1719 tum
1951 1665 2272 1733 subrogatus
2300 1671 2384 1720 est
2409 1663 2718 1732 Stephanus
2755 1676 2821 1716 ex
2846 1660 3267 1717 Mediomatrica:
3294 1676 3387 1714 ur-

1801 1755 1887 1811 bis
1937 1755 2106 1821 clero,
2131 1755 2434 1826 qui.........
2465 1754 2760 1809 oratorium
2809 1762 3011 1808 sancta:
3057 1750 3238 1808 Mariae
3283 1763 3385 1808 sua

154 1852 314 1896 natura
346 1842 646 1898 suiﬁciente
673 1843 741 1898 ad
776 1823 977 1900 omnia.
1029 1844 1137 1902 llas
1175 1861 1308 1914 ergo
1348 1845 1580 1901 antistes
1613 1845 1699 1903 ille
1727 1823 1776 1885 Β
1802 1823 2167 1900 οοηεθοηνὶ(
2200 1843 2463 1898 industria
2507 1861 2518 1897 :
2551 1857 2657 1912 qua
2716 1842 2881 1898 etiam
2910 1842 2998 1897 dic
3029 1842 3266 1898 restituit
3313 1841 3389 1896 si-

157 1934 347 1989 devotus
370 1943 662 2004 postquam
699 1935 931 1990 metallis
960 1936 1212 2007 pretiosis
1241 1937 1552 2008 pariterque
1579 1937 1702 1994 reii-

155 2027 268 2096 quiis
307 2036 620 2084 sanctorum
669 2028 986 2100 insignivit,
1025 2031 1087 2088 .in
1142 2031 1526 2104 gazophylacio
1577 2048 1702 2087 san.-

153 2117 314 2173 ctuarii
351 2119 561 2174 servari
601 2121 880 2190 pmcepit,
911 2121 1053 2191 quod
1079 2131 1134 2178 et
1161 2124 1422 2180 hactenus
1449 2123 1527 2178 fit.
1558 2123 1704 2179 Tulit

152 2207 286 2263 etiam
306 2209 514 2278 signum
540 2211 711 2266 nostri
739 2212 970 2267 emnohii
1005 2213 1178 2282 ntujus
1199 2224 1254 2269 et
1281 2214 1490 2278 melius,
1521 2215 1702 2270 multis

151 2298 232 2352 sibi
257 2301 556 2369 quantitate
596 2301 794 2356 metalli
833 2304 1087 2371 paribus,
1127 2305 1244 2360 soni
1273 2305 1536 2374 qualitate
1567 2322 1702 2376 pra:-

153 2391 374 2458 stantius;
421 2395 570 2462 quod
600 2394 964 2464 acquisiverat
989 2397 1161 2452 abbas
1187 2397 1532 2454 Adalbertus.
1566 2399 1700 2454 Illud

155 2489 301 2536 tamen
324 2483 610 2540 duodecim
650 2486 738 2540 vix
763 2487 914 2557 paria
939 2489 1101 2544 boum
1131 2489 1422 2559 quiverunt
1451 2492 1518 2545 ad
1549 2491 1703 2561 oppi-

153 2569 252 2626 dum
271 2573 598 2640 convehere,
625 2589 748 2630 cum
773 2585 898 2646 post
927 2577 1210 2634 decessum
1239 2579 1408 2650 ipsius
1431 2581 1703 2649 pontificis

150 2671 345 2727 quatuor
369 2673 585 2722 tantum
611 2665 864 2722 facillime
883 2669 1159 2738 quiverint
1184 2671 1462 2727 revehere.
1486 2671 1702 2727 Etenim

151 2754 348 2822 quandiu
365 2754 601 2812 Leuchat
622 2756 743 2824 fuit,
771 2761 1017 2816 consueti
1039 2761 1158 2816 soni
1182 2760 1466 2818 dulcedine
1487 2763 1697 2818 caruit:

152 2853 194 2898 at
215 2854 481 2915 postquam
518 2846 631 2902 Deo
660 2847 873 2905 volente
899 2848 1076 2906 locum
1107 2851 1312 2921 recepit
1339 2867 1522 2916 suum,
1557 2853 1694 2923 pari-

152 2944 218 2988 ter
237 2946 285 2991 et
308 2953 498 2995 sonum
527 2939 768 3000 solitum.

737 3033 964 3091 CAPUT
992 3035 1081 3091 XI.

208 3123 514 3181 Adalbertus
542 3127 636 3196 qui
673 3135 801 3183 tunc
829 3131 1090 3199 temporis
1135 3128 1458 3200 fungebatur
1490 3132 1705 3188 abbatis

154 3214 354 3284 nomine,
381 3232 507 3274 cum
541 3234 640 3289 per
663 3218 868 3290 aliquot
891 3236 1062 3276 annos
1089 3230 1330 3289 strenue,
1355 3232 1615 3292 quantum
1637 3225 1706 3279 ad

156 3302 396 3362 hominum
435 3311 682 3380 pertinet
708 3311 1143 3379 aestimationem,
1174 3313 1530 3386 impendisset
1554 3316 1706 3372 solli-

156 3397 416 3455 citudinem
465 3402 576 3457 sibi
622 3404 927 3460 commissa:
958 3405 1214 3472 abbatitc,
1245 3407 1584 3464 incommodo
1611 3408 1711 3464 ali-

158 3490 395 3554 quantulze
424 3492 770 3549 infirmitatis
792 3495 958 3566 erepit
985 3496 1267 3564 laborare;
1297 3499 1388 3568 qui
1419 3500 1710 3554 vehemen-

157 3586 222 3631 ter
241 3595 521 3649 percussus
545 3584 796 3656 paralysi,
814 3595 1097 3658 postquam
1121 3589 1406 3644 nonnullos
1426 3590 1712 3658 pmnaliter

159 3672 386 3743 transegit
431 3689 654 3730 menses
682 3676 734 3730 in
765 3677 1012 3746 grabato,
1060 3679 1259 3736 saeculo
1298 3679 1426 3739 huic
1462 3679 1713 3735 aufertur

158 3773 256 3813 cum
284 3761 426 3818 luctu
470 3781 692 3836 magno.
739 3765 1034 3823 Successor
1061 3769 1178 3839 ejus
1215 3770 1270 3824 in
1313 3769 1412 3827 loci
1451 3771 1713 3842 regimine

156 3852 332 3908 exstitit
355 3855 695 3922 Almannus,
737 3873 807 3913 ex
845 3857 1049 3914 familia
1079 3861 1249 3916 sancti
1283 3860 1428 3918 Petri
1461 3864 1714 3934 martyris

157 3940 229 4006 (In
253 3947 595 4016 manuscript.
631 3947 912 4018 Epternac.
954 3967 1053 4005 voa:
1086 3952 1341 4024 martyris
1377 3951 1587 4023 legitur)
1613 3968 1712 4007 ex-

157 4032 436 4095 cellentiore
463 4040 751 4106 oriundus,
773 4057 1000 4113 corpore
1025 4043 1480 4114 elegantissimus,
1504 4054 1712 4103 statura

159 4138 400 4195 procerus,
430 4131 680 4188 moribus
713 4135 768 4188 ει
807 4144 932 4188 actu
967 4136 1260 4204 modestus,
1309 4137 1362 4192 in
1410 4138 1713 4193 eruditione

161 4217 433 4279 litterarum
466 4225 652 4280 minus
677 4227 969 4296 perfectus,
1002 4229 1053 4282 in
1085 4230 1444 4284 restructione
1481 4229 1714 4284 abbatiaa

161 4311 600 4382 vigilantissimus,
639 4315 792 4384 juxta
843 4320 1268 4376 mediocritatem
1313 4320 1396 4375 sui
1432 4321 1630 4391 ingenii
1657 4321 1710 4374 in

160 4407 430 4463 revocando
455 4407 732 4476 subjectos
751 4411 817 4463 ad
839 4410 1082 4466 instituta
1105 4411 1304 4483 regula:
1329 4410 1588 4467 fervidus.
1617 4411 1728 4466 llic‘

1801 1951 1965 2006 gnum
2023 1935 2142 1990 loco
2193 1933 2322 1990 olim
2380 1933 2620 1988 ablatum
2655 1949 2683 1988 a
2713 1932 3110 2004 praedecessore
3139 1947 3256 1988 suo.
3289 1931 3391 1989 llic

1802 2029 1891 2080 vix
1954 2027 2162 2082 duobus
2191 2026 2349 2083 annis
2387 2026 2670 2082 ecclesiam
2701 2026 2872 2089 rexit;
2930 2025 3026 2080 sed
3073 2025 3200 2080 licet
3244 2024 3387 2095 apud

1800 2118 2036 2173 Bodonis
2059 2117 2454 2174 monasterium
2498 2117 2770 2174 hominem
2819 2117 3054 2181 exuerit,
3087 2117 3174 2172 hic
3212 2123 3392 2171 tamen

1802 2209 2019 2280 sepeliri
2069 2209 2255 2276 voluit,
2310 2209 2453 2280 quod
2503 2218 2558 2265 et
2597 2209 2847 2278 contigit.
2901 2209 3158 2278 Sepultus
3209 2219 3401 2263 autem.

1801 2311 1986 2359 exstat
2032 2319 2063 2358 a
2115 2303 2323 2360 dextris
2351 2303 2542 2359 altaris
2583 2320 2800 2375 semper
2844 2304 3071 2376 virginis
3115 2313 3170 2358 et
3201 2304 3394 2358 matris

1802 2394 2016 2448 Domini
2053 2393 2256 2460 Marim,
2306 2395 2362 2450 in
2411 2395 2689 2452 mausoleo
2723 2411 2789 2451 ex
2823 2395 3176 2466 qu0'dudum
3206 2395 3394 2449 levatas

1800 2485 2018 2542 fuerant
2052 2498 2365 2543 sanctorum
2393 2501 2778 2556 germanorum
2805 2485 3029 2543 Joannis
3080 2495 3135 2541 et
3166 2484 3391 2558 Benigni

1801 2577 2069 2650 reliquiae,
2098 2578 2304 2650 pectori
2330 2578 2446 2647 ejus
2471 2577 2745 2635 crucicula
2776 2577 3137 2648 superposita,
3161 2576 3394 2632 disticou

1801 2669 2015 2727 abbatis
2047 2670 2295 2726 Sicconis
2324 2669 2644 2740 inscriptum
2671 2657 2882 2724 habens
2917 2668 2991 2723 ita
3023 2685 3040 2723 ;

1925 2784 2017 2834 Hic
2039 2783 2128 2836 fuit
2146 2783 2348 2834 antistes
2369 2780 2935 2840 LeueorumStephanus
2949 2779 3082 2830 olim.

1927 2845 2094 2897 idibus
2125 2854 2177 2895 et
2197 2853 2338 2897 terna
2366 2844 2532 2894 Martis
2551 2845 2775 2893 discessit
2796 2843 2859 2891 ab
2889 2844 3038 2893 arvis.

1795 2945 1981 3019 Super
2039 2945 2305 3002 tumulum
2347 2945 2467 3016 ejus
2511 2945 2638 3000 dum
2674 2944 3019 3017 postmodum
3067 2943 3174 2999 duo
3198 2943 3398 3000 fratres

1797 3036 2185 3102 consisterent,
2235 3046 2290 3091 et
2339 3034 2472 3090 odas
2506 3035 2686 3090 missae
2735 3035 3113 3101 decantarent,
3177 3044 3398 3105 repente

1807 3127 2007 3182 nimius
2031 3126 2215 3198 fragor
2248 3126 2348 3182 sub
2373 3125 2599 3196 pedibus
2633 3141 2822 3182 eorum
2849 3125 3109 3192 insonuit,
3137 3127 3227 3195 qui
3249 3141 3344 3182 eos
3365 3142 3416 3182 a.

1809 3226 1956 3273 statu
1997 3232 2098 3272 suo
2126 3231 2289 3287 super
2336 3217 2706 3288 pavimentum
2747 3217 3160 3288 conquiniscere
3199 3219 3395 3289 coegit.

1809 3307 2010 3363 Verum
2037 3323 2105 3362 an
2133 3307 2237 3364 hoc
2265 3308 2555 3377 contigerit
2580 3324 2743 3364 causa
2765 3319 3079 3364 sanctorum
3109 3309 3418 3374 mausolei,

1805 3415 1901 3456 seu
1927 3415 2026 3470 pro
2056 3400 2358 3458 reverentia
2383 3401 2577 3471 sepulti
2599 3401 2858 3471 episcopi,
2888 3416 2994 3455 non
3018 3402 3177 3471 plane
3204 3402 3394 3473 cogni-

1811 3499 1924 3545 tum
1977 3499 2058 3546 est
2110 3490 2263 3544 mihi.
2298 3489 2594 3546 Successor
2630 3505 2758 3548 vero
2800 3491 2922 3562 ejus
2969 3491 3024 3546 in
3077 3489 3401 3560 pontificatu

1809 3583 2020 3638 exstitit
2047 3582 2330 3638 Bertoldus
2374 3584 2592 3638 natione
2633 3583 2866 3650 Suevus,
2892 3583 3168 3639 honestati
3213 3583 3397 3638 steculi

1810 3674 2083 3744 praecipue
2114 3675 2379 3744 intentus,
2412 3675 2466 3729 in
2515 3675 2921 3731 constructione
2939 3690 3211 3742 novarum
3239 3685 3405 3746 atque

1813 3767 2168 3822 eminentium
2195 3767 2527 3826 fabricarum
2556 3769 2687 3824 nulli
2717 3769 3009 3836 secundus,
3037 3769 3273 3836 insolitis
3327 3769 3405 3824 le-

1812 3857 1969 3930 gibus
1991 3872 2286 3928 oppressor
2311 3858 2456 3930 vulgi
2504 3868 2559 3914 et
2611 3861 3069 3916 monasteriorum
3098 3869 3352 3918 versutus
3384 3879 3399 3917 :

1813 3947 1904 4017 qui
1931 3947 2180 4005 Mediano
2229 3950 2478 4005 cceuobio
2514 3949 2992 4020 irrecuperabilem
3039 3949 3404 4008 calamitatem

1815 4042 2060 4098 intulisse
2083 4044 2434 4114 dignoscitur.
2467 4043 2603 4098 Nam
2653 4043 2911 4114 praefatus
2935 4044 3108 4100 abbas
3159 4051 3403 4115 tempore

1815 4130 2033 4187 llenrici
2065 4132 2326 4202 principis
2358 4141 2509 4188 ratus
2539 4133 2643 4188 sibi
2674 4133 2934 4188 divinitus
2955 4131 3134 4188 oil‘erri
3162 4133 3406 4189 occasio-

1816 4238 1940 4278 nem
1976 4225 2288 4293 reposcendi
2321 4225 2508 4293 praedii
2536 4224 2808 4279 Bcrcheim
2832 4226 2900 4280 ah
2927 4225 3127 4295 iniquis
3159 4225 3248 4280 diu
3278 4239 3402 4295 pos-

1816 4314 1972 4379 sessi,
2005 4330 2164 4369 suasu
2220 4316 2517 4386 supradicti
2555 4315 2792 4370 Bcrtoldi
2849 4331 3071 4371 enorme
3122 4317 3405 4371 servitium

1815 4405 2063 4461 exhibuit
2107 4405 2436 4474 imperatori,
2479 4408 2531 4476 in
2587 4405 2741 4474 cujus
2790 4407 3034 4476 impensa
3064 4417 3287 4463 coactus
3315 4417 3406 4464 est

161 4493 362 4565 denique
387 4499 750 4554 eruditionem
774 4516 992 4557 suorum
1016 4503 1242 4558 credens
1264 4517 1439 4568 suam,
1463 4502 1713 4558 mercede
1743 4534 1791 4594 ι)
1818 4504 2070 4552 cunctam
2097 4511 2234 4565 pene
2256 4497 2646 4567 supellectilem
2670 4506 2722 4551 et
2743 4496 2996 4566 pecuaria
3015 4496 3247 4552 abbatize
3272 4497 3399 4552 ahs-

164 4585 388 4643 conduxit
427 4590 513 4646 eis
555 4590 829 4646 doctorem
870 4594 1266 4662 grammaticae;
1315 4594 1444 4663 quin
1481 4603 1537 4648 et
1564 4591 1716 4648 volu-

165 4677 284 4733 mina
312 4683 449 4738 artis
474 4681 716 4751 ejusdem
744 4684 974 4754 plurima
997 4687 1205 4740 studuit
1233 4686 1350 4741 loco
1372 4687 1712 4756 conquirere.

167 4767 245 4824 llic
284 4776 599 4831 monasterii
636 4776 898 4834 fabricam
942 4794 1063 4834 cum
1113 4779 1366 4834 onmibus
1417 4779 1643 4833 oiIicinis
1684 4794 1715 4831 τι

166 4857 420 4920 decessore
453 4880 554 4920 suo
585 4866 916 4933 inchoatam,
945 4869 1039 4924 sed
1077 4870 1309 4923 maxima
1336 4885 1400 4924 ex
1433 4880 1585 4940 parte
1618 4871 1719 4924 im-

167 4950 456 5021 perfectam,
495 4957 746 5028 perduxit
789 4960 854 5014 ad
893 4976 1107 5016 manum
1155 4975 1485 5031 supremam.
1519 4960 1716 5016 Verum

169 5042 313 5101 donec
333 5047 540 5106 fabrica
567 5051 757 5106 eadem
779 5062 1077 5123 reparatur,
1103 5069 1333 5125 corpora
1359 5054 1718 5126 reliquiasque

1021 5148 1152 5170 212-2-
1207 5147 1384 5170 ἔκηε...-
1421 5157 1546 5170 .-.μμ
1575 5147 1692 5170 υἱ...-

196 5148 451 5170 anilla-cum
482 5143 713 5170 ..Α-..-κὶα
747 5145 858 5170 sua]-
889 5148 1152 5170 ..-αιειξ-2-
1207 5147 1384 5170 3.-..αι..
1421 5157 1432 5170 ι

1819 4588 2064 4654 trahere;
2111 4587 2240 4658 quin
2275 4589 2439 4644 etiam
2467 4603 2628 4644 omne
2653 4597 3033 4643 ornamentum
3062 4596 3174 4643 tam
3212 4604 3243 4642 a
3277 4603 3400 4643 cru-

1817 4680 1972 4735 cibus
1996 4686 2050 4733 et
2076 4677 2438 4743 caudelahris,
2468 4693 2632 4748 quam
2669 4678 2833 4732 etiam
2866 4693 2896 4732 a
2929 4678 3069 4734 lecto
3092 4679 3266 4734 sancti
3293 4677 3402 4732 Hii-

1819 4769 2002 4838 dulphi
2030 4784 2095 4824 ac
2119 4770 2416 4839 gestatorio
2437 4780 2753 4826 sanctarum
2779 4769 3125 4839 reliquiarum
3147 4771 3404 4839 diripere.

1821 4863 2100 4935 Siquidem
2129 4863 2213 4916 vir
2243 4863 2329 4919 ille
2365 4864 2543 4919 bonus
2581 4873 2636 4921 et
2664 4863 2892 4932 simplex
2926 4863 3084 4920 nihili
3137 4863 3408 4933 pendebat

1822 4971 2047 5012 censum
2075 4955 2321 5012 ecclesiae
2357 4957 2558 5010 bonum
2613 4957 2834 5027 prodiga
2879 4970 3046 5010 manu
3088 4955 3141 5009 in
3192 4953 3286 5007 tali
3318 4969 3411 5006 ne-

1819 5051 1966 5118 gotio
1993 5052 2323 5122 dispergere,
2355 5065 2516 5120 quem
2547 5049 2800 5121 sperabat
2836 5062 2904 5102 ex
2932 5047 3231 5102 redditihus
3260 5039 3411 5096 fundi

1824 5141 1962 5170 :Ilz..-
2019 5141 2368 5168 νηυιιένιΙΣΑΞ..-
2416 5143 2728 5168 -Λαοξιηιησυι
2783 5140 2846 5168 2ιῖ
2920 5140 3092 5168 ’κει-..ι
3127 5145 3408 5168 νιΛοοηηηιυι
