3910 5336
422 233 528 291 IIS

1186 296 1196 305 η
1254 230 1547 290 APPEND.
1582 231 1675 288 an
1714 230 1888 288 sec.
1931 228 1997 284 Χ.
2028 258 2090 272 -
2131 229 2358 287 orans
2395 242 2763 293 ΑΑΕΣῐιοτῐκΔ

3338 176 3395 193 μ...

3579 229 3694 287 2&3

423 357 587 418 atque
615 344 780 402 vafra
805 344 1221 401 machinationis
1245 345 1648 415 conspiratione
1677 345 1952 401 vindicare
1984 362 1997 398 :
2030 323 2077 383 Α
2105 358 2211 415 quo
2230 346 2330 401 sub
2350 348 2496 401 omni
2512 347 2749 418 agilitate
2763 346 3691 417 piscatorestranscurrentes,mira

420 438 708 493 immemor
755 434 920 491 divini
960 433 1170 505 judicii,
1213 434 1664 506 neglectoretiam
1718 433 2006 492 indieibilis

423 525 608 582 damni
628 540 736 596 quo
760 526 950 583 domus
975 526 1073 582 Dei
1114 540 1249 597 pene
1276 524 1549 581 annullata
1597 524 1794 591 fuerat,
1817 526 1889 581 ob
1923 539 2007 581 re-

422 616 726 686 ceptionem
750 615 891 671 illius
913 615 1085 671 fundi.
1117 614 1287 686 Hujus
1314 622 1426 669 tam
1461 614 1853 670 immanissime
1876 629 2004 670 cru-

421 703 659 761 delitatis
688 704 907 775 cuspide
931 704 1233 774 perfossum
1263 719 1357 759 cor
1388 704 1622 771 abbatis,
1649 713 1746 760 aut
1798 703 2002 762 nullam

424 804 520 851 aut
543 809 724 852 raram
752 790 974 851 diemin
1007 796 1109 851 hac
1156 794 1276 851 luce
1303 803 1425 866 post
1467 795 1583 852 haec
1614 796 1731 851 sine
1769 810 2006 852 maerore

423 887 710 959 transegit.
725 887 824 944 llic
846 895 969 958 post
992 887 1274 945 innumera
1292 888 1571 945 industrie
1595 903 1706 947 sum
1723 889 2005 956 exercitia,

425 978 622 1047 quibus
649 977 771 1034 loco
797 977 899 1033 sibi
930 979 1138 1034 credito
1172 980 1428 1049 prodesse
1465 980 1695 1043 curavit,
1745 986 1906 1035 aetate
1954 987 2011 1037 et

420 1068 738 1125 inﬁrmitate
780 1070 1059 1142 confectus
1084 1080 1295 1128 naturae
1343 1073 1527 1141 cessit,
1580 1086 1644 1128 ac
1680 1072 1736 1135 in
1770 1071 2009 1128 basilicae

418 1159 594 1216 beatae
623 1159 808 1218 Mariae
829 1161 1160 1233 sepulturam:
1188 1162 1404 1222 meruit.

1014 1254 1242 1312 CAPUT
1282 1254 1415 1310 XIII.

497 1344 793 1403 Successor
803 1354 982 1403 autem
995 1344 1111 1416 ejus
1121 1345 1409 1403 Nardullus
1423 1348 1469 1420 (l
1481 1349 1534 1418 7)
1551 1349 1834 1406 exstiterat
1848 1365 2008 1422 quem
2058 1358 2063 1361 '

419 1433 683 1506 praefatus
703 1434 872 1492 abbas
901 1449 931 1491 a
953 1436 1093 1493 sacri
1116 1436 1631 1508 baptismatisafonte
1670 1450 2006 1511 susceperat,

420 1540 694 1598 quemque
716 1542 815 1598 per
841 1527 1056 1585 diversa
1081 1529 1196 1586 loca
1239 1546 1400 1587 causa
1443 1532 1685 1589 discendi
1713 1536 2011 1591 cmnobita.

420 1615 527 1672 lem
556 1614 1145 1695 vitam'transmiscrat.
1174 1620 1328 1679 Hunc
1366 1640 1489 1680 cum
1534 1624 1651 1695 ipse
1692 1626 2011 1698 defungere-

420 1718 533 1775 tur,
560 1725 815 1768 sermone
841 1692 949 1782 quo
974 1712 1142 1769 valuit
1166 1714 1418 1771 Bertoldo
1444 1687 1700 1787 epis-copo
1728 1687 2011 1773 commen-
2039 1687 2086 1748 Β

421 1799 595 1868 davit,
625 1809 787 1871 atque
815 1810 874 1857 ut
895 1802 995 1859 sibi
1024 1806 1338 1861 succederet
1387 1806 1712 1877 impetravit.
1748 1806 2013 1878 Tempore

420 1906 555 1946 vero
584 1892 916 1964 praelationis
942 1894 1083 1965 ejus,
1110 1895 1343 1966 plurima
1369 1896 1424 1952 in
1451 1897 1570 1953 loco
1610 1886 1839 1969 praefato
1867 1899 2007 1954 divi-

419 1982 577 2039 nitus
610 1994 831 2041 ostensa
872 1995 999 2041 sunt
1027 1982 1310 2055 miracula,
1358 1989 1556 2058 quibus
1593 2005 1884 2060 pravorum
1922 2006 2012 2046 re-

420 2075 741 2133 tunderetur
788 2079 1076 2136 insolentia
1106 2121 1121 2146 ,
1170 2091 1222 2137 et
1272 2092 1547 2139 rectorum
1599 2083 2014 2141 conﬁrmaretur

420 2167 815 2225 benevolentia.
858 2169 933 2225 Ex
980 2172 1068 2228 his
1105 2172 1260 2228 libuit
1304 2172 1483 2244 aliqua
1529 2173 1850 2230 subnectere
1895 2189 2015 2245 quia

421 2256 643 2313 interim
689 2269 987 2316 occurrunt
1043 2263 1338 2318 memorias.
1388 2262 1753 2334 Depesitionis
1818 2264 2014 2320 festum

426 2348 600 2411 sancti
623 2347 803 2405 Patris
827 2351 999 2406 nostri
1022 2352 1292 2429 Hildulphi
1313 2354 1568 2420 instabat,
1597 2365 1653 2413 et
1676 2357 2016 2412 cmmentarii

426 2440 764 2499 reatruendae
787 2443 1042 2498 maceriei
1072 2444 1376 2502 dormitorii
1414 2460 1636 2516 operam
1659 2447 1880 2503 dabant.
1913 2447 2014 2514 Qui

426 2545 551 2599 cum
584 2529 782 2585 vellent
808 2532 878 2587 ob
908 2531 1268 2590 solemnitatis
1312 2536 1671 2592 reverentiam
1708 2551 1842 2606 opus
1885 2537 2017 2593 illud

427 2619 808 2689 intermittere,
836 2622 1045 2679 obstitit
1088 2624 1380 2681 Encibolus
1406 2628 1746 2698 praepositus,
1782 2627 1910 2683 talia
1939 2629 2019 2684 eis

421 2711 745 2769 inculcanda
777 2713 1104 2771 creberrime
1153 2733 1166 2769 :
1222 2715 1514 2774 Servitium
1553 2720 2018 2791 cstsancti,quod

418 2813 653 2876 propter
676 2804 870 2862 festum
893 2808 1062 2878 ipsius
1086 2823 1193 2865 non
1215 2810 1373 2866 debet
1393 2810 1698 2877 intermitti,
1721 2813 1816 2868 sed
1846 2813 2017 2884 magis

426 2896 669 2952 studiose
693 2897 898 2968 peragi.
925 2898 1038 2970 (l8)
1064 2898 1159 2954 His
1179 2901 1398 2957 monitis
1427 2902 1740 2959 machioues
1779 2902 2017 2974 [iungam

425 2987 782 3061 cementarii]
828 2990 1044 3046 accensi
1116 2990 1238 3062 plus
1298 2991 1456 3049 solito
1510 2994 1786 3051 instabant
1837 3005 2015 3066 coepto

423 3078 576 3150 Operi
606 3095 620 3133 :
650 3086 708 3134 at
739 3080 873 3135 hora
898 3079 1212 3138 refectionis
1239 3082 1607 3152 incumbente,
1653 3101 1775 3141 cum
1805 3088 2012 3157 pariter

422 3184 670 3226 mensam
697 3178 941 3240 petentes
983 3172 1165 3229 cibum
1195 3184 1492 3241 sumerent,
1524 3176 1782 3248 quidquid
1832 3180 2012 3248 operis

423 3275 524 3332 per
552 3260 945 3319 hebdomadam
973 3263 1242 3335 integram
1263 3264 1524 3335 fecerant,
1552 3270 1830 3339 repentina
1858 3271 2012 3326 ruina

424 3360 628 3409 terram
675 3355 849 3426 petiit.
894 3365 950 3412 et
1003 3358 1130 3428 quia
1183 3369 1401 3416 sanctus
1450 3362 1811 3418 obedientiam
1850 3380 2014 3434 quam

424 3442 752 3501 sacriﬁcium
795 3445 1012 3514 mallet,
1059 3462 1218 3505 casus
1257 3449 1482 3519 parietis
1524 3450 1778 3508 innotuit.
1827 3453 2013 3524 Itaque

424 3534 611 3591 nullus
628 3538 1079 3608 praesumpsit'illa
1110 3540 1196 3596 die
1220 3539 1481 3597 fabricam
1522 3542 1670 3598 illam
1695 3545 1930 3615 aggredi,
1958 3544 2013 3605 in

428 3624 586 3696 cujus
612 3625 892 3683 eversione
919 3627 1287 3701 intelligebant
1331 3630 1459 3702 quid
1485 3632 1566 3689 eis
1596 3628 1858 3704 potuisset
1886 3650 2012 3694 οοητ

420 3717 633 3789 tingere
654 3716 886 3784 adversi,
916 3719 963 3774 si
1004 3735 1109 3776 non
1135 3723 1468 3793 pepercisset
1495 3723 1601 3780 illis
1638 3726 2011 3785 misericordia

424 3808 659 3865 Domini.
686 3808 975 3881 Sequentis
999 3811 1241 3869 miraculi
1270 3822 1449 3870 textus
1474 3815 1687 3872 docebit
1712 3833 1872 3887 quam
1924 3818 2010 3887 pia

425 3915 557 3958 aure
593 3910 815 3958 sanctus
851 3902 942 3958 hic
989 3917 1049 3959 se
1093 3904 1148 3959 in
1174 3906 1405 3962 veritate
1445 3906 1822 3966 invocantibus
1849 3909 2009 3964 adsit.

424 3992 823 4053 Translationis
864 3994 982 4064 ejus
1031 3994 1352 4052 solamnium
1401 3998 1545 4068 quod
1590 3998 1700 4055 illic
1753 3999 2012 4070 populoso

418 4084 805 4155 frequentatur
832 4099 1057 4141 accessu
1083 4086 1289 4152 aderat,
1321 4095 1376 4142 et
1402 4095 1532 4149 tam
1586 4087 1816 4144 fratrum
1846 4105 2011 4159 quam

420 4176 588 4233 etiam
639 4177 1134 4247 supervenientium
1203 4179 1392 4236 usibus
1448 4181 1730 4251 apparatio
1783 4181 2011 4250 piscium

423 4266 646 4323 omnino
671 4267 877 4323 deerat.
913 4266 1158 4339 Dumque
1178 4271 1499 4341 praepositus
1530 4270 1842 4330 monasterii
1874 4270 2012 4326 Mar-

2107 446 2328 506 captura
2354 446 2430 492 tot
2464 446 2518 492 et
2565 445 2743 493 tantos
2768 437 2971 493 retibus
2998 437 3113 493 suis
3158 436 3413 491 continuo
3440 435 3691 498 cinxere,

2107 529 2247 597 quod
2275 527 2431 597 plene
2451 537 2668 598 possent
2688 543 2794 583 non
2819 527 2989 582 solum
3019 526 3106 582 die
3124 525 3286 592 festo,
3307 538 3499 583 verum
3520 522 3693 580 etiam

2106 631 2205 688 per
2241 626 2407 673 totam
2437 617 2792 688 septimanam
2816 615 3072 670 fratribus
3098 613 3368 681 sufﬁcere.

2697 706 2922 762 CAPUT
2962 704 3104 775 xw.

2179 797 2560 855 Sacratissima
2589 798 2856 868 depositio
2903 795 3021 865 ejus
3048 811 3171 852 cum
3224 810 3406 851 annuo
3459 806 3698 851 recursu

2107 890 2427 946 mortalibus
2461 890 2827 956 innovaretnr,
2875 897 2930 944 et
2976 889 3174 943 fratres
3216 895 3344 943 ante
3395 887 3697 941 matutino-

2108 997 2228 1037 rum
2270 980 2518 1052 synaxim
2569 995 2763 1050 sopore
2791 978 3188 1043 detinerentur,
3229 978 3479 1049 coquinze
3519 976 3697 1031 aedili-

2108 1072 2250 1128 cium
2274 1071 2414 1142 ignis
2456 1071 2768 1141 repentinus
2810 1069 3039 1140 arripuit
3074 1085 3088 1124 :
3119 1069 3213 1138 qui
3244 1069 3571 1151 quantocius
3605 1081 3697 1121 re-

2109 1172 2319 1220 ctorum
2359 1162 2573 1233 fastigia
2597 1172 2805 1232 petens,
2837 1176 2902 1217 ac
2924 1176 2990 1217 ex
3014 1160 3236 1218 torridis
3265 1159 3584 1216 imbricibus
3614 1157 3702 1212 ni.-

2109 1256 2216 1312 mia
2242 1256 2577 1310 incrementa
2616 1253 2941 1324 concipiens,
2972 1268 3071 1324 per
3090 1250 3477 1321 circumposita
3522 1249 3698 1305 aediﬁ-

2110 1347 2195 1403 cia
2222 1356 2358 1402 totas
2384 1346 2599 1401 laxabat
2625 1345 2882 1402 habenas.
2914 1344 3162 1415 Cumque
3187 1353 3337 1400 tanto
3362 1343 3572 1400 terrori
3596 1357 3698 1399 ne-

2112 1456 2201 1497 mo
2248 1439 2515 1505 obviaret,
2547 1440 2760 1494 cunctis
2805 1438 2915 1494 alto
2969 1452 3159 1493 somno
3210 1436 3500 1507 depressis,
3563 1434 3702 1490 Her-

2111 1548 2308 1590 manno
2337 1531 2546 1589 custodi
2568 1530 2828 1598 ecclesiae,
2857 1530 2998 1586 sicut
3016 1530 3133 1600 ipse
3155 1528 3348 1585 solitus
3368 1535 3490 1583 erat
3510 1525 3699 1592 fateri,

2112 1641 2210 1696 per
2243 1625 2419 1680 visum
2457 1633 2679 1679 sanctus
2709 1623 2901 1689 astitit,
2934 1622 3353 1692 vehementique
3380 1620 3698 1683 severitate.

2112 1714 2239 1786 quia
2267 1714 2348 1769 sic
2372 1728 2607 1782 nequam
2629 1712 2776 1768 actio
2799 1711 2945 1767 illius
2971 1712 3304 1779 merebatur,
3334 1710 3565 1782 capillos
3580 1710 3704 1779 ejus

2114 1806 2407 1871 concussit,
2433 1807 2592 1876 eique
2614 1805 2752 1861 dixit
2779 1822 2792 1858 :
2818 1804 2979 1860 Ocius
3002 1818 3180 1873 surge,
3202 1818 3328 1858 nam
3350 1801 3529 1858 omnis
3555 1810 3704 1857 stru-

2078 1944 2085 1952 .
2112 1911 2265 1958 etura
2294 1899 2450 1969 hujus
2480 1888 2581 1954 loci
2618 1898 2786 1953 nimio
2831 1897 3126 1952 devoratur
3146 1897 3290 1968 igne.
3320 1895 3436 1951 Hoc
3462 1894 3556 1950 ille
3604 1909 3704 1964 pa-

2116 2009 2245 2052 VOI‘e
2266 1994 2686 2065 expergefactus
2714 1992 2970 2055 surrexit,
2999 1990 3305 2046 incendium
3335 1990 3476 2045 sicut
3504 2002 3704 2045 somno

2106 2087 2375 2141 didicerat
2410 2084 2704 2155 perspexit,
2737 2089 2966 2137 crateres
3014 2080 3197 2135 nimiis
3233 2078 3563 2134 clamoribus
3619 2076 3706 2130 in-

2116 2175 2322 2240 citavit,
2358 2183 2408 2229 et
2442 2183 2501 2228 ut
2527 2173 2636 2245 igni
2682 2171 2908 2228 aediﬁcia
2958 2170 3171 2226 tenenti
3190 2169 3411 2225 obviare
3458 2167 3705 2222 niteren-

2116 2276 2204 2322 tur
2232 2264 2540 2337 suggessit:
2580 2263 2776 2334 quibus
2803 2263 2988 2318 statim
3031 2261 3088 2315 id
3127 2259 3311 2315 facere
3338 2257 3693 2322 conantibus,

2115 2355 2343 2425 strepitu
2366 2368 2552 2410 eorum
2581 2352 2818 2412 excitata
2844 2350 3090 2407 accurrit
3116 2364 3241 2405 cum
3264 2348 3473 2419 hydriis
3494 2346 3706 2402 rustica

2116 2459 2332 2502 manus.
2375 2444 2617 2513 Cumque
2665 2442 2978 2498 continuata
3023 2438 3399 2511 superfusione
3448 2436 3702 2508 lympha—

2117 2551 2237 2593 rum
2263 2535 2538 2604 variisque
2564 2531 2901 2604 argumentis
2930 2531 3006 2602 (id
3033 2540 3108 2586 est
3140 2529 3406 2599 artiﬁciis)
3432 2527 3527 2583 alii
3557 2526 3705 2582 male

2116 2628 2393 2684 victricem
2423 2625 2695 2681 ﬂammam
2729 2632 3005 2682 certarent
3031 2623 3317 2688 evincere,
3346 2622 3482 2676 adeo
3514 2634 3709 2676 erum-

2116 2718 2281 2791 pebat
2305 2732 2366 2773 ex
2391 2718 2741 2774 aediﬁciorum
2770 2716 3029 2782 culmine,
3060 2722 3120 2769 ut
3147 2714 3461 2770 crederetur
3482 2727 3550 2767 ex
3574 2726 3709 2767 con»

2121 2809 2289 2864 trario
2314 2808 2579 2865 hactenus
2607 2807 2876 2864 elemento
2902 2804 3099 2860 nutriri
3139 2803 3312 2872 magis
3338 2816 3501 2873 quam
3531 2800 3703 2870 sepiri

2119 2915 2295 2971 posse.
2324 2899 2546 2954 Summa
2570 2898 2787 2953 tandem
2820 2895 3197 2966 desperatione
3219 2894 3364 2949 circa
3393 2892 3707 2963 oppressio-

2121 3008 2246 3047 nem
2292 2990 2631 3047 ﬁammarum
2677 2989 2897 3060 pariter.
2928 2988 3105 3053 fracti,
3145 2986 3333 3043 nimiis
3369 2996 3425 3042 et
3460 2985 3709 3040 confusis

2116 3081 2410 3151 ejulatibus
2440 3082 2506 3137 ad
2534 3079 2845 3151 sepulcrum
2893 3077 3191 3149 confugere
3226 3076 3419 3140 sancti,
3447 3076 3537 3130 cui
3573 3089 3703 3131 cum

2113 3176 2259 3230 inter
2286 3174 2392 3228 alia
2424 3181 2478 3229 et
2505 3173 2610 3230 hoc
2651 3172 2703 3228 ei
2740 3172 3042 3243 lacrymosa
3090 3167 3475 3224 vociferatione
3504 3168 3706 3223 crebro

2113 3264 2468 3335 ingererent:
2507 3270 2726 3333 propter
2755 3261 2974 3332 quidem
3016 3260 3254 3330 ipsorum
3292 3257 3495 3329 ﬂagitia
3519 3256 3702 3313 locum

2108 3357 2363 3412 eumdem
2388 3353 2554 3425 justis
2580 3353 2836 3409 traditum
2867 3350 3135 3416 ﬂammis,
3172 3350 3268 3405 sed
3310 3349 3629 3420 dignaretur
3652 3346 3705 3401 ei

2113 3458 2335 3516 parcere
2363 3444 2432 3499 ob
2471 3442 2717 3499 laetitiam
2743 3456 2854 3496 sua:
2887 3438 3245 3494 solemnitatis
3273 3446 3327 3493 et
3350 3435 3702 3501 sanctitatem

2113 3538 2195 3593 sui
2233 3536 2487 3600 nominis,
2518 3549 2583 3590 ac
2616 3534 2664 3589 si
2690 3532 2771 3587 eis
2798 3531 3140 3600 omnipotens
3186 3537 3338 3599 pater
3375 3543 3474 3597 per
3501 3527 3703 3582 merita

2113 3628 2295 3685 dilecti
2330 3627 2415 3684 sui
2451 3624 2649 3680 Hidulﬁ
2674 3622 2831 3692 juxta
2859 3635 3052 3677 vocem
3093 3619 3395 3675 Ezechielis
3421 3618 3704 3688 prophetae

2114 3717 2502 3789 responderet:
2539 3713 2658 3769 Non
2710 3722 2935 3784 propter
2978 3726 3073 3767 vos
3120 3725 3219 3781 ego
3263 3709 3449 3775 facio,
3504 3709 3703 3766 domus

2111 3807 2300 3874 Israel,
2329 3807 2425 3871 sed
2451 3810 2673 3875 propter
2706 3817 2905 3859 nomen
2935 3811 3182 3859 sanctum
3213 3816 3395 3863 meum
3410 3800 3557 3871 quod
3582 3799 3700 3869 pol-

2111 3900 2287 3962 luistis
2308 3898 2363 3962 in
2386 3897 2656 3968 gentibus,
2673 3906 2732 3951 ut
2749 3896 2924 3953 sciant
2943 3895 3067 3965 quia
3082 3910 3181 3964 ego
3198 3894 3454 3949 Dominus
3477 3891 3700 3963 (Bacch.

2113 4008 2298 4057 xxxvr,
2325 3990 2440 4062 22).
2471 3988 2581 4055 Nec
2607 4004 2781 4054 mora,
2809 3989 2989 4044 omnis
3018 3988 3099 4043 vis
3132 3987 3221 4041 illa
3257 3986 3501 4043 incendii
3526 3987 3585 4041 in
3610 4001 3700 4043 se.-

2114 4085 2399 4152 metipsam
2431 4080 2641 4145 recidit,
2669 4095 2733 4135 ac
2758 4080 3042 4135 celerrimo
3072 4087 3290 4149 torpore
3315 4078 3698 4149 languescens,

2114 4182 2312 4232 cuncta
2338 4188 2458 4242 quae
2484 4171 2732 4228 vastabat
2760 4171 3017 4236 deseruit,
3048 4177 3104 4224 et
3145 4169 3287 4225 male
3314 4169 3558 4225 victricis
3584 4169 3698 4240 (ἑο)

2113 4269 2252 4340 ignis
2281 4266 2602 4337 periculum,
2624 4264 2766 4335 quod
2790 4279 2896 4320 non
2920 4264 3133 4319 valebat
3154 4244 3448 4331 reprimere
3467 4261 3700 4317 adversa

421 4358 601 4417 hodus
622 4359 797 4415 dictus
830 4360 1007 4431 pisces
1028 4360 1156 4423 hinc
1179 4360 1304 4418 inde
1328 4362 1690 4432 priestolando
1710 4377 1868 4419 cassa
1917 4378 2011 4433 spe
2038 4396 2089 4457 Β
2116 4361 2312 4414 natura
2340 4372 2605 4429 aquarum
2632 4397 2648 4425 ,
2683 4356 2894 4412 meritis
2924 4356 3098 4413 sancti
3128 4355 3388 4426 repressit
3412 4352 3591 4409 imber
3620 4353 3702 4411 la-

422 4448 669 4506 delusum
698 4465 759 4507 se
788 4450 995 4507 doleret
1015 4492 1031 4516 ,
1068 4460 1125 4508 et
1164 4452 1346 4507 missa
1380 4453 1642 4508 solemnia
1670 4454 1860 4512 concio
1892 4467 2009 4520 mo-_
2038 4448 2082 4457 ”
2113 4464 2441 4522 crymarum.

424 4542 722 4598 nachorum
775 4551 832 4597 et
868 4543 1254 4598 canonicorum
1312 4558 1525 4605 summo
1566 4544 1745 4599 studio
1791 4558 2014 4615 perage-

420 4642 532 4701 ret,
558 4633 769 4707 publica
796 4636 1120 4692 necessitate
1143 4645 1388 4706 cogente,
1428 4638 1604 4708 palam
1649 4638 1898 4695 omnibus
1938 4639 2011 4695 le-

425 4731 576 4781 ctum
606 4724 783 4781 sancti
803 4725 859 4780 in
889 4736 1079 4798 crypta
1101 4741 1223 4781 cum
1254 4726 1510 4797 lacrymis
1536 4726 1749 4784 infusus
1776 4730 1929 4798 adiit,
1958 4741 2015 4788 et

426 4813 646 4872 tacitam
669 4828 889 4884 precem
920 4831 1045 4881 cum
1073 4816 1400 4872 contritione
1427 4817 1591 4872 nimia
1630 4827 1756 4875 ante
1788 4834 2010 4877 venera-

423 4901 534 4966 bile
555 4918 753 4974 corpus
774 4912 1083 4975 prostratus
1111 4905 1417 4975 aliquandiu
1448 4906 1607 4963 fudit.
1640 4907 1739 4978 Ubi
1791 4909 1861 4964 ab
1888 4926 2010 4977 ora-

426 4992 574 5051 tione
603 4993 866 5070 surrexit,
886 4993 1108 5049 adfuere
1126 4993 1396 5065 extemplo
1419 4995 1637 5066 quidam
1659 4998 1752 5068 qui
1767 4999 2012 5059 dicerent

425 5082 712 5153 nonnullos
741 5081 1054 5148 Allabraces
1082 5083 1195 5156 (l9)
1241 5085 1420 5145 inesse
1469 5087 1720 5161 contigue
1751 5088 1956 5159 flumini
1991 5109 2005 5145 :

446 5333 459 5336 _
667 5264 727 5315 lu
758 5264 1111 5336 elnntlvrleﬂic
1143 5264 1431 5336 ξιγιυιιμιυο
1489 5264 1672 5336 acuitur
1714 5306 1729 5321 .
1768 5265 2008 5322 110711111?

2708 4537 2936 4595 CAPUT
2973 4536 3090 4594 XV.

2183 4634 2322 4691 Cum
2351 4632 2540 4690 incolae
2562 4632 2917 4704 depositionis
2944 4630 3181 4698 ejusdem
3210 4628 3410 4684 festum
3439 4629 3699 4684 sacerdo-

2116 4726 2209 4782 tali
2243 4725 2563 4794 auctoritate
2610 4722 2976 4791 suscepissent
3016 4720 3403 4775 celebrandum
3428 4758 3445 4783 ,
3472 4718 3617 4773 sicut
3644 4719 3701 4773 in

2115 4818 2421 4890 hujusmodi
2447 4814 2824 4872 traditionibus
2842 4811 3130 4880 contingit,
3146 4809 3378 4880 religiosi
3405 4818 3462 4864 et
3480 4809 3703 4864 honesti

2114 4923 2396 4965 assensere
2443 4904 2758 4963 selernniter
2804 4901 3145 4959 ducendum:
3194 4899 3352 4956 bruta
3397 4907 3477 4954 et.
3500 4912 3704 4955 vecors

2113 5000 2445 5059 rusticorum
2491 4996 2784 5059 multitudo
2823 4994 3186 5062 obstinatione
3216 4992 3375 5048 solita
3414 4990 3700 5062 negligen-

2114 5098 2278 5162 dum,
2322 5112 2391 5153 ex
2434 5108 2662 5165 quorum
2715 5104 2940 5151 numero
2981 5087 3195 5144 exstitit
3246 5085 3388 5156 apud
3444 5084 3705 5142 Cleoma-

2111 5272 2353 5327 llltltcuru
2386 5297 2552 5333 νυιιῃι
2581 5297 2760 5325 ᾱιυυιυι
2812 5297 3240 5336 μιαξειιῆ-υυιιίυιν
3266 5297 3461 5336 \llyUYu-z
3492 5297 3585 5336 '..\.II
3620 5297 3667 5312 σοι
3692 5298 3703 5299 ί
