3910 5336
126 393 203 454 ξιτ
888 390 976 447 DE
1015 389 1577 449 SUCCESSORIBUS
1615 390 1673 445 S.
1718 386 2037 444 IIIDL'LPIII
2072 388 2136 444 lN
2176 388 2471 447 VOSAGO.

3213 391 3349 449 218Δ

124 524 214 565 cum
249 506 344 580 (2|)
387 504 602 576 quldam
651 520 811 561 sensu
854 516 908 560 ct
947 522 1111 561 censu
1152 524 1387 579 pauper,
1417 508 1637 563 nomine
1667 482 1714 541 Α
1742 501 2104 556 distenderent
2124 502 2485 572 quantitatem
2511 500 2818 559 voluminis.
2854 500 3191 572 Quapropter
3231 501 3318 558 his

126 598 407 669 Uvalpertus,
429 597 517 667 qui
533 596 886 652 sacerdotalis
903 598 1139 652 mandati
1157 605 1496 668 contemptor
1512 597 1638 652 eli‘e—

124 702 226 750 ctus,
253 687 597 742 calceamenta
639 701 739 741 sua
788 687 899 757 ipsa
932 688 1019 743 die
1048 687 1318 744 sarciebat
1358 688 1632 741 attentius.

123 777 202 833 Sed
222 776 327 847 quia
356 774 398 830 si
428 775 571 829 nulla
600 790 798 846 pravos
823 786 1131 831 coercerent
1161 776 1365 848 ﬂagella
1394 792 1640 848 superna:

124 867 545 922 animadversionis
565 907 579 933 ,
607 875 889 936 putaretur
921 866 1275 938 Omnipotens
1311 884 1417 923 non
1458 869 1636 923 inten-

123 963 219 1016 dere
241 960 384 1014 rebus
412 959 663 1015 humanis
681 1001 695 1024 ,
729 959 907 1019 subita
946 962 1317 1016 contractione
1345 960 1418 1014 ita
1448 976 1639 1017 manus

124 1049 331 1118 colligata:
357 1057 478 1103 sunt
512 1047 657 1104 illius
683 1049 938 1113 hominis,
971 1050 1112 1110 intra
1139 1050 1309 1105 volam
1352 1050 1640 1104 inextrica-

121 1141 260 1199 biliter
279 1140 459 1195 deﬁxis
487 1149 545 1195 et
568 1150 725 1195 extra
754 1140 1069 1196 deformiter
1107 1141 1324 1196 retortis
1350 1140 1551 1211 digitis,
1579 1149 1641 1195 ut

123 1242 281 1287 reatum
302 1240 633 1303 contemptus
663 1243 718 1288 et
744 1233 1119 1292 inobedientia:
1140 1233 1475 1306 persolverit.
1506 1232 1640 1285 Dum

122 1324 187 1390 hic
205 1324 339 1389 vixit,
367 1326 616 1397 exemplo
660 1340 770 1382 sum
809 1342 983 1397 pinnae
1030 1325 1164 1383 alios
1207 1326 1401 1387 terruit
1444 1342 1472 1379 a
1503 1340 1641 1397 prae-

121 1415 365 1487 sumptione
390 1415 651 1489 prohibiti
677 1416 874 1487 operis.
1118 1474 1123 1479 ,

652 1506 878 1563 CAPUT
916 1506 1055 1567 XYI.

171 1595 334 1651 Eadem
359 1612 547 1653 rursus
568 1597 656 1652 die
677 1597 896 1667 quidam
923 1598 1084 1653 Belzo
1107 1598 1197 1653 vix
1224 1597 1433 1655 duobus
1456 1598 1645 1655 stadiis

123 1689 370 1757 disparatus
396 1704 423 1744 a
455 1690 815 1757 monasterio,
850 1692 1229 1747 commanebat
1256 1691 1309 1745 in
1340 1692 1499 1746 domo
1526 1706 1646 1761 qute

124 1779 179 1834 illi
197 1787 410 1835 cesserat
433 1778 565 1849 jure
592 1789 837 1851 paterno.
869 1782 970 1849 Qui
1006 1791 1066 1836 ut
1095 1782 1292 1837 assolet
1328 1783 1469 1836 inter
1498 1797 1647 1837 com-

1741 592 2139 661 praetermissis,
2164 593 2477 649 insistamus
2506 592 2623 647 aliis
2648 592 2783 664 (‘24).
2842 592 3172 648 Decurrente
3222 606 3319 645 au-

1742 690 1849 737 tem
1866 682 1934 736 ab
1951 682 2329 738 Incarnatione
2355 682 2565 739 Domini
2592 683 2878 738 millesimo
2897 683 3107 739 decimo
3129 686 3322 753 Quarto

1740 789 1900 839 anno,
1926 774 2236 829 multimoda
2263 783 2424 845 atque
2459 775 2805 830 veracissima
2843 774 3023 831 docuit
3048 774 3319 841 revelatio

1741 866 1935 920 animae
1959 873 2267 920 sanctorum
2300 865 2493 920 Lazari
2520 876 2567 920 et
2590 865 2715 921 Aza:
2744 874 2947 937 quanto
2987 866 3040 922 in
3088 866 3321 923 coelesti-

1741 958 1843 1013 bus
1869 957 2177 1012 relucerent
2202 957 2417 1021 merito,
2455 972 2683 1030 quorum
2705 958 2983 1014 exanimes
3025 966 3176 1014 artus
3223 972 3321 1014 ne-

1742 1048 1900 1118 glecti
1943 1056 2316 1102 monstrantur
2340 1047 2392 1101 in
2420 1054 2579 1103 terra:
2607 1050 2833 1118 gremio.
2862 1048 2998 1107 Cum
3032 1050 3175 1106 enim
3226 1064 3326 1121 per

1743 1142 2138 1197 successionem
2164 1150 2465 1212 temporum
2507 1151 2615 1197 tam
2668 1143 2883 1198 nomina
2940 1159 3102 1213 quam
3147 1142 3328 1213 sepul-

1744 1248 1835 1290 cra
1862 1248 2049 1290 eorum
2086 1233 2313 1289 fuissent
2342 1249 2562 1304 prorsus
2612 1234 2875 1290 subducta
2920 1235 3195 1290 memoriae
3235 1250 3326 1291 su-

1743 1325 2049 1395 pcrstitum,
2080 1325 2337 1380 divinitus
2380 1325 2710 1380 reducuntur
2756 1325 3047 1396 cognitioni
3103 1340 3328 1381 concor-

1744 1417 2040 1474 datissimis
2104 1417 2403 1474 visionibus
2452 1418 2861 1483 monachorum,
2918 1416 3237 1473 clericorum
3274 1425 3329 1495 et

1745 1509 2031 1581 utriusque
2079 1524 2243 1565 sexus
2298 1507 2559 1574 ﬁdelium,
2612 1523 2718 1563 non
2769 1506 2939 1563 solum
3006 1506 3326 1573 vicinorum,

1746 1614 1935 1655 verum
1966 1600 2127 1659 etiam
2153 1599 2658 1657 remotissimorum.
2712 1597 2852 1666 Quin
2901 1599 3063 1655 etiam
3114 1612 3332 1667 vesper-

1750 1691 1864 1746 tino
1888 1692 2233 1748 incumbente
2285 1690 2603 1761 crepusculo
2653 1687 2965 1760 frequenter
3013 1690 3333 1745 audiebatur

1750 1780 1903 1850 quasi
1939 1781 2166 1835 duorum
2192 1779 2510 1849 psalmodia,
2562 1779 2651 1835 ubi
2702 1780 2851 1850 prius
2892 1780 3101 1851 sepulta
3154 1779 3334 1834 fuerat

122 1870 275 1925 mercia
302 1879 540 1927 veterum
572 1848 626 1926 ei.
656 1848 918 1927 novarum
960 1872 1171 1943 frugum
1191 1915 1206 1939 ,
1247 1871 1457 1929 defectu
1496 1887 1644 1928 com-
1675 1848 1724 1909 Β
1750 1848 1880 1939 Ᾱῑο,
1911 1874 1962 1928 in
1990 1875 2129 1928 beati
2153 1873 2280 1944 Apri
2308 1874 2515 1930 scilicet
2541 1848 2766 1928 basilica
2794 1891 2808 1928 :
2851 1848 3002 1928 extra
3060 1888 3220 1943 quam
3278 1873 3334 1928 in

121 1959 263 2027 piilsus
295 1960 466 2031 panis,
500 1961 707 2031 aliquot
747 1962 1051 2031 manipulos
1079 1963 1299 2018 novella:
1328 1963 1523 2019 messis
1552 1963 1644 2018 de-

123 2050 297 2107 secarit.
324 2048 521 2107 Verum
554 2052 679 2120 quia
712 2052 891 2122 ignem
935 2053 1027 2123 qui
1072 2063 1253 2123 posset
1289 2054 1373 2110 bis
1415 2052 1645 2124 supponi

122 2136 162 2190 in
179 2136 346 2193 villula:
374 2153 486 2195 sua:
517 2140 753 2211 tuguriis
777 2141 1000 2195 minime
1028 2142 1258 2207 invenit,
1284 2142 1513 2195 alteram
1548 2140 1648 2195 vil-

121 2226 319 2300 11mm)
347 2230 489 2286 baud
530 2230 691 2302 longe
736 2231 969 2301 positam
1012 2231 1157 2287 haud
1206 2232 1432 2303 impigre
1481 2245 1647 2287 causa

122 2318 196 2373 loci
218 2320 372 2389 petiit.
404 2320 485 2377 Ex
514 2337 624 2392 qua
656 2331 856 2379 torrem
886 2336 1106 2379 sumens
1135 2321 1296 2378 rediit
1315 2364 1328 2388 ,
1359 2321 1456 2379 sed
1486 2335 1647 2377 omne

122 2410 268 2467 domus
288 2427 393 2468 sua:
419 2413 710 2469 aediﬁcium
747 2429 870 2469 cum
911 2414 1028 2484 ipso
1052 2414 1341 2470 siccatorio
1364 2413 1644 2469 ultricibus

76 2552 79 2559 ,
124 2503 328 2559 traditum
352 2504 590 2562 flammis
620 2507 840 2563 invenit.
869 2506 1075 2575 Quibus
1098 2506 1385 2562 celerrime
1418 2507 1472 2561 in
1498 2505 1649 2561 cine-

123 2612 206 2651 rem
244 2608 424 2654 cuncta
466 2600 900 2666 resolventibus,
947 2598 1272 2655 miserabilis
1325 2607 1384 2654 et
1424 2598 1650 2654 stolidus

122 2684 244 2740 homo
261 2687 450 2743 damno
473 2703 579 2745 suo
598 2697 838 2756 coactus,
861 2688 945 2745 vel
970 2704 1093 2746 sero
1116 2689 1248 2745 dicit
1267 2686 1651 2744 ecclesiasticis

122 2778 367 2845 parendum
384 2777 746 2849 jussionibns.

652 2870 881 2928 CAPUT
918 2870 1077 2928 XVII.

170 2960 321 3017 lntera
348 2965 487 3034 apud
510 2963 839 3020 Oblisiacum
860 2968 1001 3036 quod
1023 2968 1187 3022 situm
1213 2975 1298 3023 est
1355 2967 1499 3022 intra
1525 2982 1656 3021 eon-

126 3054 270 3110 ﬁnium
313 3059 589 3127 parochias
624 3058 1019 3116 Acervallensis
1060 3060 1176 3133 (25)
1217 3075 1483 3117 consensu
1533 3061 1655 3115 Ber-

126 3143 226 3199 toidi
246 3147 493 3204 antistitis
517 3157 829 3204 constructa
858 3159 943 3206 est
961 3150 1215 3219 basilica;
1244 3153 1368 3222 quia
1400 3151 1656 3206 intolera-

1748 1963 2001 2031 capriﬁco
2030 1978 2150 2032 qua:
2176 1962 2470 2019 fencstellm
2495 1962 2611 2032 ejus
2641 1970 2760 2017 erat
2784 1961 3029 2028 adversa,
3062 1972 3225 2016 noctu
3249 1975 3334 2015 re-

1747 2055 1982 2109 cubabat
2002 2054 2094 2108 lux
2122 2063 2289 2120 tanta,
2335 2063 2394 2108 ut
2448 2054 2721 2109 diceretur
2761 2053 2869 2108 illic
2911 2052 3065 2123 plura
3109 2065 3336 2107 accensa

1747 2157 1868 2199 esse
1891 2143 2199 2198 luminaria.
2231 2143 2288 2197 In
2316 2142 2541 2199 basilica
2566 2143 2727 2198 etiam
2771 2143 3011 2198 omnium
3069 2140 3337 2212 apostolo-

1749 2252 1867 2291 rum
1896 2236 2070 2290 fuerat
2100 2250 2260 2291 arcus
2282 2236 2335 2290 in
2361 2234 2555 2306 angulo
2576 2235 2883 2291 cohaerente
2912 2232 3170 2289 cancellis
3209 2245 3336 2286 ver-

1750 2338 1843 2381 sus
1873 2323 2101 2380 Boream
2139 2324 2417 2391 fundatus,
2469 2324 2570 2381 soli
2618 2324 2859 2395 receptui
2906 2324 3337 2380 venerandorum

1749 2431 2033 2486 corporum
2057 2433 2123 2472 ex
2149 2418 2412 2473 industria
2433 2428 2769 2488 prceparatus
2793 2436 2806 2471 :
2829 2416 2986 2486 cujus
3014 2417 3165 2473 sinus
3212 2417 3339 2486 quia

1752 2509 1841 2581 (ob
1876 2508 2240 2565 Pannonicam
2269 2519 2484 2580 gentem
2531 2509 2717 2565 Galliis
2765 2509 3033 2565 hostiliter
3079 2509 3340 2563 incuban-

1751 2606 1882 2669 tem)
1908 2601 2132 2670 parebat
2169 2600 2342 2654 instar
2364 2599 2517 2655 solidi
2560 2600 2782 2669 parietis
2824 2613 2986 2668 super
3031 2595 3340 2667 sarcofagos

1750 2689 2081 2755 obstructus,
2112 2689 2263 2745 locus
2285 2690 2419 2743 tanti
2451 2690 2688 2744 thesauri
2722 2703 2820 2758 per
2848 2702 3023 2745 annos
3050 2686 3341 2757 nonaginta

1710 2802 1729 2815 ο
1752 2781 1991 2853 quinque
2011 2778 2266 2850 paulatim
2296 2778 2571 2839 memoria:
2600 2787 2920 2832 cunctorum
2972 2785 3057 2832 est
3104 2774 3337 2845 elapsus,

1752 2878 1814 2924 ut
1841 2868 1975 2925 nihil
2002 2870 2181 2924 minus
2206 2884 2369 2939 quam
2399 2868 2629 2940 alicujus
2657 2868 3002 2938 corpusinibi
3024 2865 3342 2923 delitescere

1756 2967 2056 3030 putaretur.
2084 2959 2436 3030 Superposita
2482 2967 2659 3015 tamen
2690 2958 2921 3014 materia
2964 2955 3342 3011 attendebatur

1756 3050 2042 3120 plurimum
2071 3049 2269 3104 rimosa
2301 3064 2364 3104 ac
2384 3064 2519 3135 pene
2565 3048 2821 3117 collapsa,
2876 3054 3063 3115 utpote
3113 3058 3341 3100 consur-

1757 3141 1935 3211 gentis
1964 3141 2295 3195 monumenti
2316 3134 2432 3211 jugi
2459 3139 2691 3208 impulsu
2714 3152 2999 3194 concussa.
3044 3134 3196 3191 Hanc
3220 3136 3369 3190 tan-'

126 3234 208 3290 bile
239 3249 346 3293 erat
381 3240 639 3295 ruricolis
675 3242 825 3296 adire
854 3251 1082 3299 matrem
1122 3203 1405 3300 ecéie‘siam
1440 3242 1510 3299 ob
1544 3244 1655 3299 sin-
1681 3203 1881 3287 C'dem
1920 3240 1979 3285 ut
2007 3231 2352 3296 submerum,
2377 3230 2669 3285 secundum
2711 3229 2871 3285 ﬁdem
2891 3226 3254 3289 revelationis.
3288 3225 3344 3279 in

125 3323 539 3393 gulaChristiana:
560 3330 731 3400 plebis
752 3333 1030 3400 obsequia.
1058 3332 1183 3388 Haec
1205 3348 1329 3389 cum
1352 3349 1418 3389 ex
1441 3334 1657 3389 nomine

124 3414 185 3469 vel
205 3418 431 3487 reliquiis
453 3419 599 3475 beati
629 3421 898 3490 pontiﬁcis
925 3421 1198 3493 Hildulplii
1226 3422 1420 3478 fuisset
1440 3422 1658 3477 Christo

125 3520 414 3578 consecrata,
453 3513 812 3569 accuritilluc
856 3514 1098 3584 quaedam
1144 3514 1338 3569 mulier
1388 3529 1508 3570 sera
1559 3515 1659 3569 viae

122 3595 465 3670 longinquitate
496 3601 661 3669 fessa,
688 3603 851 3657 animi
904 3603 1007 3657 ﬁde
1035 3604 1277 3670 robusta,
1314 3604 1658 3659 mediocrita-

124 3686 174 3741 tis
200 3686 295 3745 θυῖε
320 3706 546 3746 munere
571 3691 799 3759 devota;
845 3692 937 3747 sed
986 3692 1308 3765 quibusdam
1368 3693 1656 3747 revisenti-

122 3776 196 3830 bns
212 3794 317 3845 sua,
342 3782 838 3850 quibusdamvero
874 3782 1242 3838 reﬁcieutibus
1292 3797 1511 3853 corpus,
1560 3781 1660 3835 ibl-

121 3866 211 3920 dem
228 3879 339 3938 post
365 3872 632 3927 solemnia
654 3872 923 3927 neminem
945 3874 1169 3942 reperit,
1220 3882 1382 3942 atque
1410 3874 1659 3929 obserata

121 3959 319 4017 ecclesiae
343 3965 505 4019 ostia.
536 3964 958 4020 Mansionarium
987 3981 1115 4038 ergo
1150 3966 1411 4033 accitura,
1463 3966 1660 4021 locavit

121 4052 440 4121 aiitejanuam
470 4055 785 4117 candelam;
813 4057 904 4111 sed
926 4072 1048 4112 cum
1075 4057 1165 4113 illo
1200 4058 1351 4113 ocius
1396 4058 1661 4127 repedans

118 4146 366 4215 perspexit,
385 4148 646 4205 divinitus
673 4163 958 4206 accensam
988 4149 1138 4205 vidit.
1205 4148 1380 4219 Super
1423 4148 1527 4204 hoc
1564 4147 1661 4204 ali;

119 4239 311 4301 quandiu
335 4241 591 4297 admirati
635 4243 843 4317 pariter
889 4244 1189 4300 intulerunt
1238 4243 1549 4310 oratoriolo,
1597 4257 1662 4298 ac

118 4331 426 4394 prstiterunt
449 4336 606 4390 altari
640 4346 971 4393 reverenter.
998 4336 1188 4392 Mulier
1213 4345 1395 4395 tamen
1445 4335 1662 4393 interno

122 4417 308 4476 delibata
331 4426 552 4495 gaudio,
575 4426 772 4496 quibus
819 4434 1033 4495 poterat
1080 4428 1375 4498 gratiarum
1424 4426 1663 4481 actiones

122 4510 415 4570 acclamabat
463 4515 611 4579 Deo,
655 4531 755 4586 pro
804 4517 944 4572 ﬁdeli
993 4532 1161 4571 verna
1210 4531 1309 4572 suo
1353 4515 1660 4586 Hildulpho,

1758 3324 1968 3379 duabus
1988 3323 2441 3393 coniunctissimis
2483 3322 2655 3378 thecis
2684 3321 3028 3390 maximaque
3068 3311 3345 3388 diligentia

1759 3418 1825 3471 ad
1852 3417 1902 3471 id
1931 3417 2199 3487 quondam
2224 3415 2565 3487 praeparatis,
2595 3415 2828 3484 reposita
2864 3419 3175 3469 sanctorum
3223 3423 3347 3464 cor-

1758 3525 1888 3579 pora
1923 3490 2259 3578 repererunt.
2304 3508 2546 3577 Quorum
2597 3506 2774 3578 gratia
2817 3505 2910 3559 ubi
2967 3505 3224 3574 hymnum
3274 3492 3345 3551 Te

1759 3600 1926 3654 Deum
1955 3599 2236 3653 laudamus
2263 3599 2712 3665 decantaverunt,
2749 3596 2948 3651 ibidem
2999 3594 3140 3649 sicut
3193 3591 3346 3645 inve-

1761 3697 1951 3743 nerant
1977 3688 2332 3758 reliquerunt.
2396 3688 2473 3742 Ea
2523 3699 2706 3742 autem
2759 3686 3001 3741 novitate
3053 3682 3234 3738 febres
3290 3688 3347 3735 et

1759 3781 2116 3851 emigranium
2168 3772 2615 3849 diver'sarumque
2661 3778 3000 3834 accessiones
3053 3775 3342 3831 inﬁrmita-

1762 3883 1874 3928 tum
1906 3872 2179 3928 multoties
2207 3871 2486 3936 sedarunt,
2537 3871 2708 3925 donec
2733 3870 2912 3924 meriti
2959 3868 3042 3923 sui
3095 3866 3343 3921 notitiam

1760 3964 2113 4020 circumcirca
2146 3964 2379 4019 ubertim
2401 3960 2745 4017 diffuderunt.
2778 3959 3032 4016 Recentis
3058 3958 3203 4013 enim
3226 3970 3343 4011 me-

1760 4060 1947 4114 moriae
1972 4058 2145 4115 sancti
2170 4073 2281 4114 suae
2312 4055 2629 4112 reverentiae
2654 4055 2858 4112 cultum
2880 4053 3061 4109 taliter
3101 4051 3346 4107 inserunt

1762 4151 2042 4214 hominum
2075 4149 2263 4207 menti.
2721 4169 2728 4175 ·

2329 4238 2559 4296 CAPUT
2596 4237 2779 4294 XVIII.

1836 4333 2000 4389 Moris
2027 4339 2149 4395 erat
2188 4330 2546 4409 quarumdam
2589 4316 2993 4399 provinciarum
3047 4322 3346 4395 parricidas

1763 4425 2120 4501 pmnitenliali
2150 4425 2293 4480 ferro
2314 4422 2639 4480 constrictos
2680 4419 2900 4478 brachia
2955 4417 3040 4472 vel
3083 4417 3345 4480 cervices,

1770 4538 1880 4577 non
1911 4521 2210 4591 ingressum
2242 4517 2321 4571 ire
2345 4516 2480 4571 lines
2511 4528 2758 4577 suorum;
2790 4512 2884 4566 sed
2914 4521 3345 4579 quaquaversum

122 4599 297 4665 perfusa
324 4619 495 4675 genas
515 4605 741 4661 dulciter
772 4608 1236 4677 prorumpentium
1298 4606 1661 4677 lacrymarum
1694 4589 1745 4651 θ
1765 4589 2020 4684 expetere
2036 4608 2310 4678 juvamina
2340 4613 2673 4670 sanctorum,
2697 4604 2867 4664 donec
2892 4602 3148 4655 divinitus
3193 4612 3345 4651 reso-

124 4703 221 4748 τοτε
246 4693 391 4766 largo
419 4710 436 4749 :
470 4711 629 4766 quem
664 4711 769 4753 non
798 4697 972 4752 solum
1005 4697 1139 4766 ipsa,
1169 4698 1263 4754 sed
1287 4704 1341 4752 et
1367 4705 1476 4753 tota
1528 4697 1666 4752 vici~

126 4782 724 4855 niapervisibilelumen
773 4790 1153 4860 experiebatur
1188 4789 1389 4846 Christi
1446 4790 1660 4847 confes-

124 4885 269 4928 sorem
299 4890 419 4932 esse
448 4876 582 4933 lucis
603 4879 882 4935 invisibilis
910 4877 1101 4945 ﬁlium,
1133 4895 1198 4935 ac
1236 4880 1447 4935 meritis
1492 4880 1663 4950 ipsius

129 4960 204 5017 sibi
230 4967 513 5021 maximam
536 4978 715 5038 patere
737 4969 985 5024 ﬁduciam
1017 4970 1069 5023 in
1109 4969 1521 5032 necessitatibus
1564 4970 1660 5029 de-

132 5057 346 5118 precandi
380 5058 678 5115 Dominum.
709 5060 882 5128 Quam
907 5074 1057 5129 spem
1105 5076 1210 5116 non
1242 5061 1509 5115 incassum
1538 5076 1666 5117 con-

1447 5151 1664 5178 'AAA“..-

131 5145 242 5178 Μῖ.
267 5148 478 5178 ηκξηηοοιι
505 5165 712 5178 οιΑ-κιαι.
755 5166 879 5178 οισι-ηδ
925 5151 1056 5178 “Jan
1098 5152 1396 5178 -ι---υαλοηηξη

1766 4705 1936 4759 lutum
1965 4699 2179 4757 visibile
2200 4699 2401 4754 ferrum
2426 4738 2439 4761 ,
2475 4697 2674 4751 indicia
2714 4693 2923 4749 dederit
2955 4688 3224 4745 invisibile
3250 4702 3345 4755 pa-

1764 4787 2248 4849 rlcidii'vinculum
2281 4785 2598 4841 resolutum.
2646 4782 2875 4850 Quidam
2927 4781 3110 4848 itaque
3163 4775 3347 4830 talium

1758 4880 1980 4938 'devenit
2014 4877 2422 4939 monasterium,
2472 4874 2599 4931 olim
2629 4870 2819 4928 ferreis
2865 4868 3081 4924 circulis
3121 4865 3350 4920 constri-

1763 4979 1885 5027 ctus
1914 4977 2199 5038 utrumque
2235 4962 2517 5019 brachium
2550 4974 2820 5031 :quorum
2849 4957 2987 5012 alter
3037 4956 3091 5010 in
3148 4953 3347 5007 Palona

1772 5058 1937 5133 [haud
1978 5058 2137 5111 dubie
2182 5049 2429 5123 Poionia]
2485 5051 2763 5107 deciderat
2816 5046 2958 5115 apud
2996 5038 3347 5133 reverendum

1768 5124 1911 5178 {an-ul:
1952 5146 2206 5178 ησιηηίινιοῖο
2236 5140 2505 5178 Διῖηηὶιηοιῖ
2535 5139 2857 5178 cnnnlnl‘llm,
2909 5135 3029 5178 istic
3056 5139 3233 5178 autem
3272 5124 3351 5175 (11·
