  <div class='ocr_page' id='page_1' title='image "/cluster/home/n/w/nwhite01/storage/ocr_20150623/138/hvd.32044015471774/115.png"; bbox 0 0 3910 5336; ppageno 0'>
   <div class='ocr_carea' id='block_1_1' title="bbox 461 251 609 334">
    <p class='ocr_par' dir='ltr' id='par_1_1' title="bbox 461 251 609 334">
     <span class='ocr_line' id='line_1_1' title="bbox 461 251 609 334; baseline -0.02 -25"><span class='ocrx_word' id='word_1_1' title='bbox 461 329 465 334; x_wconf 20' lang='grc' dir='ltr'><strong>ν</strong></span> <span class='ocrx_word' id='word_1_2' title='bbox 501 251 609 310; x_wconf 71' lang='grc'><strong>219</strong></span> 
     </span>
    </p>
   </div>
   <div class='ocr_carea' id='block_1_2' title="bbox 1321 223 2881 337">
    <p class='ocr_par' dir='ltr' id='par_1_2' title="bbox 1321 223 2881 337">
     <span class='ocr_line' id='line_1_2' title="bbox 1321 223 2881 337; baseline -0.001 -31"><span class='ocrx_word' id='word_1_3' title='bbox 1321 250 1611 306; x_wconf 74' lang='lat' dir='ltr'><strong>APPEND.</strong></span> <span class='ocrx_word' id='word_1_4' title='bbox 1653 249 1764 305; x_wconf 86' lang='lat' dir='ltr'><strong>AD.</strong></span> <span class='ocrx_word' id='word_1_5' title='bbox 1808 246 1981 303; x_wconf 59' lang='grc' dir='ltr'><strong>διες..</strong></span> <span class='ocrx_word' id='word_1_6' title='bbox 2019 245 2087 301; x_wconf 85' lang='lat' dir='ltr'><strong>x.</strong></span> <span class='ocrx_word' id='word_1_7' title='bbox 2112 275 2183 286; x_wconf 89' lang='lat'>—</span> <span class='ocrx_word' id='word_1_8' title='bbox 2207 246 2436 303; x_wconf 76' lang='lat' dir='ltr'><strong>OPERA</strong></span> <span class='ocrx_word' id='word_1_9' title='bbox 2470 223 2881 307; x_wconf 49' lang='lat' dir='ltr'><strong>“manu:</strong></span> 
     </span>
    </p>
   </div>
   <div class='ocr_carea' id='block_1_3' title="bbox 3654 245 3765 305">
    <p class='ocr_par' dir='ltr' id='par_1_3' title="bbox 3654 245 3765 305">
     <span class='ocr_line' id='line_1_3' title="bbox 3654 245 3765 305; baseline 0.018 -2"><span class='ocrx_word' id='word_1_10' title='bbox 3654 245 3765 305; x_wconf 66' lang='grc' dir='ltr'><strong>εξο</strong></span> 
     </span>
    </p>
   </div>
   <div class='ocr_carea' id='block_1_4' title="bbox 502 338 3765 433">
    <p class='ocr_par' dir='ltr' id='par_1_4' title="bbox 502 338 3765 433">
     <span class='ocr_line' id='line_1_4' title="bbox 502 338 3765 433; baseline -0.002 -16"><span class='ocrx_word' id='word_1_11' title='bbox 502 363 583 417; x_wconf 89' lang='lat' dir='ltr'><strong>ire</strong></span> <span class='ocrx_word' id='word_1_12' title='bbox 605 358 790 426; x_wconf 88' lang='lat' dir='ltr'><strong>voluit,</strong></span> <span class='ocrx_word' id='word_1_13' title='bbox 817 359 909 416; x_wconf 89' lang='lat' dir='ltr'><strong>sed</strong></span> <span class='ocrx_word' id='word_1_14' title='bbox 951 368 1172 431; x_wconf 88' lang='lat' dir='ltr'><strong>repente</strong></span> <span class='ocrx_word' id='word_1_15' title='bbox 1224 369 1429 415; x_wconf 88' lang='lat' dir='ltr'><strong>mutata</strong></span> <span class='ocrx_word' id='word_1_16' title='bbox 1474 360 1773 426; x_wconf 93' lang='lat' dir='ltr'><strong>voluntate,</strong></span> <span class='ocrx_word' id='word_1_17' title='bbox 1828 375 1860 416; x_wconf 88' lang='lat' dir='ltr'><strong>a</strong></span> <span class='ocrx_word' id='word_1_18' title='bbox 1905 358 2083 415; x_wconf 89' lang='lat' dir='ltr'><strong>medio</strong></span> <span class='ocrx_word' id='word_1_19' title='bbox 2109 338 2160 400; x_wconf 74' lang='grc' dir='ltr'><strong>Α</strong></span> <span class='ocrx_word' id='word_1_20' title='bbox 2186 360 2333 414; x_wconf 87' lang='lat' dir='ltr'><strong>humi</strong></span> <span class='ocrx_word' id='word_1_21' title='bbox 2359 368 2645 433; x_wconf 79' lang='lat' dir='ltr'><strong>protensus</strong></span> <span class='ocrx_word' id='word_1_22' title='bbox 2672 377 2837 432; x_wconf 84' lang='lat' dir='ltr'><strong>super</strong></span> <span class='ocrx_word' id='word_1_23' title='bbox 2864 375 3016 416; x_wconf 88' lang='lat' dir='ltr'><strong>oram</strong></span> <span class='ocrx_word' id='word_1_24' title='bbox 3061 359 3359 432; x_wconf 74' lang='lat' dir='ltr'><strong>chlamydis</strong></span> <span class='ocrx_word' id='word_1_25' title='bbox 3395 357 3577 416; x_wconf 84' lang='lat' dir='ltr'><strong>lacero</strong></span> <span class='ocrx_word' id='word_1_26' title='bbox 3630 366 3765 413; x_wconf 91' lang='lat' dir='ltr'><strong>tunc</strong></span> 
     </span>
    </p>
   </div>
   <div class='ocr_carea' id='block_1_5' title="bbox 494 448 2084 522">
    <p class='ocr_par' dir='ltr' id='par_1_5' title="bbox 494 448 2084 522">
     <span class='ocr_line' id='line_1_5' title="bbox 494 448 2084 522; baseline -0.001 -18"><span class='ocrx_word' id='word_1_27' title='bbox 494 448 610 522; x_wconf 78' lang='lat' dir='ltr'><strong>jam</strong></span> <span class='ocrx_word' id='word_1_28' title='bbox 639 451 832 505; x_wconf 84' lang='lat' dir='ltr'><strong>itinere</strong></span> <span class='ocrx_word' id='word_1_29' title='bbox 876 448 1198 505; x_wconf 92' lang='lat' dir='ltr'><strong>acceleravit</strong></span> <span class='ocrx_word' id='word_1_30' title='bbox 1246 449 1383 504; x_wconf 88' lang='lat' dir='ltr'><strong>istuc</strong></span> <span class='ocrx_word' id='word_1_31' title='bbox 1418 451 1616 505; x_wconf 83' lang='lat' dir='ltr'><strong>redire.</strong></span> <span class='ocrx_word' id='word_1_32' title='bbox 1659 450 1951 520; x_wconf 80' lang='lat' dir='ltr'><strong>Reperiens</strong></span> <span class='ocrx_word' id='word_1_33' title='bbox 1989 464 2084 503; x_wconf 89' lang='lat' dir='ltr'><strong>au-</strong></span> 
     </span>
    </p>
   </div>
   <div class='ocr_carea' id='block_1_6' title="bbox 502 537 2082 610">
    <p class='ocr_par' dir='ltr' id='par_1_6' title="bbox 502 537 2082 610">
     <span class='ocr_line' id='line_1_6' title="bbox 502 537 2082 610; baseline 0 -17"><span class='ocrx_word' id='word_1_34' title='bbox 502 549 612 593; x_wconf 92' lang='lat' dir='ltr'><strong>tem</strong></span> <span class='ocrx_word' id='word_1_35' title='bbox 648 537 845 593; x_wconf 84' lang='lat' dir='ltr'><strong>fratres</strong></span> <span class='ocrx_word' id='word_1_36' title='bbox 862 539 972 609; x_wconf 88' lang='lat' dir='ltr'><strong>jam</strong></span> <span class='ocrx_word' id='word_1_37' title='bbox 999 538 1222 594; x_wconf 87' lang='lat' dir='ltr'><strong>adorsos</strong></span> <span class='ocrx_word' id='word_1_38' title='bbox 1246 538 1506 594; x_wconf 78' lang='lat' dir='ltr'><strong>solemnia</strong></span> <span class='ocrx_word' id='word_1_39' title='bbox 1530 540 1752 610; x_wconf 83' lang='lat' dir='ltr'><strong>majoris</strong></span> <span class='ocrx_word' id='word_1_40' title='bbox 1782 540 1982 604; x_wconf 67' lang='lat' dir='ltr'><strong>missaa,</strong></span> <span class='ocrx_word' id='word_1_41' title='bbox 2026 538 2082 593; x_wconf 88' lang='lat' dir='ltr'><strong>in</strong></span> 
     </span>
    </p>
   </div>
   <div class='ocr_carea' id='block_1_7' title="bbox 502 631 2084 703">
    <p class='ocr_par' dir='ltr' id='par_1_7' title="bbox 502 631 2084 703">
     <span class='ocr_line' id='line_1_7' title="bbox 502 631 2084 703; baseline -0.002 -15"><span class='ocrx_word' id='word_1_42' title='bbox 502 631 727 688; x_wconf 87' lang='lat' dir='ltr'><strong>introitu</strong></span> <span class='ocrx_word' id='word_1_43' title='bbox 750 632 901 686; x_wconf 90' lang='lat' dir='ltr'><strong>chori</strong></span> <span class='ocrx_word' id='word_1_44' title='bbox 924 631 1122 702; x_wconf 80' lang='lat' dir='ltr'><strong>delegit</strong></span> <span class='ocrx_word' id='word_1_45' title='bbox 1146 641 1290 686; x_wconf 89' lang='lat' dir='ltr'><strong>stare</strong></span> <span class='ocrx_word' id='word_1_46' title='bbox 1321 649 1333 685; x_wconf 87' lang='lat'><strong>:</strong></span> <span class='ocrx_word' id='word_1_47' title='bbox 1362 631 1585 703; x_wconf 91' lang='lat' dir='ltr'><strong>supplici</strong></span> <span class='ocrx_word' id='word_1_48' title='bbox 1615 632 1760 686; x_wconf 86' lang='lat' dir='ltr'><strong>vultu</strong></span> <span class='ocrx_word' id='word_1_49' title='bbox 1795 640 1957 702; x_wconf 89' lang='lat' dir='ltr'><strong>atque</strong></span> <span class='ocrx_word' id='word_1_50' title='bbox 2006 631 2084 686; x_wconf 86' lang='lat' dir='ltr'><strong>iti-</strong></span> 
     </span>
    </p>
   </div>
   <div class='ocr_carea' id='block_1_8' title="bbox 503 718 2084 792">
    <p class='ocr_par' dir='ltr' id='par_1_8' title="bbox 503 718 2084 792">
     <span class='ocr_line' id='line_1_8' title="bbox 503 718 2084 792; baseline 0 -16"><span class='ocrx_word' id='word_1_51' title='bbox 503 718 712 776; x_wconf 79' lang='lat' dir='ltr'><strong>deflexo</strong></span> <span class='ocrx_word' id='word_1_52' title='bbox 738 722 925 776; x_wconf 85' lang='lat' dir='ltr'><strong>obtutu</strong></span> <span class='ocrx_word' id='word_1_53' title='bbox 962 720 1248 775; x_wconf 86' lang='lat' dir='ltr'><strong>attendens</strong></span> <span class='ocrx_word' id='word_1_54' title='bbox 1293 721 1569 790; x_wconf 64' lang='lat' dir='ltr'><strong>praeﬁxam</strong></span> <span class='ocrx_word' id='word_1_55' title='bbox 1629 722 1917 792; x_wconf 88' lang='lat' dir='ltr'><strong>imaginem</strong></span> <span class='ocrx_word' id='word_1_56' title='bbox 1962 737 2084 776; x_wconf 84' lang='lat' dir='ltr'><strong>cru-</strong></span> 
     </span>
    </p>
   </div>
   <div class='ocr_carea' id='block_1_9' title="bbox 503 808 2085 881">
    <p class='ocr_par' dir='ltr' id='par_1_9' title="bbox 503 808 2085 881">
     <span class='ocr_line' id='line_1_9' title="bbox 503 808 2085 881; baseline -0.001 -16"><span class='ocrx_word' id='word_1_57' title='bbox 503 810 647 866; x_wconf 80' lang='lat' dir='ltr'><strong>ciﬁxi</strong></span> <span class='ocrx_word' id='word_1_58' title='bbox 676 809 991 875; x_wconf 88' lang='lat' dir='ltr'><strong>Salvatoris,</strong></span> <span class='ocrx_word' id='word_1_59' title='bbox 1012 810 1090 864; x_wconf 91' lang='lat' dir='ltr'><strong>sic</strong></span> <span class='ocrx_word' id='word_1_60' title='bbox 1109 810 1379 879; x_wconf 89' lang='lat' dir='ltr'><strong>quondam</strong></span> <span class='ocrx_word' id='word_1_61' title='bbox 1400 808 1689 881; x_wconf 83' lang='lat' dir='ltr'><strong>elllgiatam</strong></span> <span class='ocrx_word' id='word_1_62' title='bbox 1711 809 1869 864; x_wconf 90' lang='lat' dir='ltr'><strong>docta</strong></span> <span class='ocrx_word' id='word_1_63' title='bbox 1895 825 2085 864; x_wconf 88' lang='lat' dir='ltr'><strong>manu-</strong></span> 
     </span>
    </p>
   </div>
   <div class='ocr_carea' id='block_1_10' title="bbox 504 900 2085 973">
    <p class='ocr_par' dir='ltr' id='par_1_10' title="bbox 504 900 2085 973">
     <span class='ocr_line' id='line_1_10' title="bbox 504 900 2085 973; baseline -0.001 -16"><span class='ocrx_word' id='word_1_64' title='bbox 504 901 817 973; x_wconf 86' lang='lat' dir='ltr'><strong>sculptoris,</strong></span> <span class='ocrx_word' id='word_1_65' title='bbox 843 910 902 956; x_wconf 92' lang='lat' dir='ltr'><strong>ut</strong></span> <span class='ocrx_word' id='word_1_66' title='bbox 923 901 1185 956; x_wconf 84' lang='lat' dir='ltr'><strong>hactenus</strong></span> <span class='ocrx_word' id='word_1_67' title='bbox 1215 902 1384 971; x_wconf 81' lang='lat' dir='ltr'><strong>possit</strong></span> <span class='ocrx_word' id='word_1_68' title='bbox 1432 902 1676 972; x_wconf 83' lang='lat' dir='ltr'><strong>quamvis</strong></span> <span class='ocrx_word' id='word_1_69' title='bbox 1709 901 1873 957; x_wconf 88' lang='lat' dir='ltr'><strong>duras</strong></span> <span class='ocrx_word' id='word_1_70' title='bbox 1912 900 2085 957; x_wconf 89' lang='lat' dir='ltr'><strong>homi-</strong></span> 
     </span>
    </p>
   </div>
   <div class='ocr_carea' id='block_1_11' title="bbox 504 990 2081 1065">
    <p class='ocr_par' dir='ltr' id='par_1_11' title="bbox 504 990 2081 1065">
     <span class='ocr_line' id='line_1_11' title="bbox 504 990 2081 1065; baseline 0 -20"><span class='ocrx_word' id='word_1_71' title='bbox 504 1006 632 1045; x_wconf 87' lang='lat' dir='ltr'><strong>num</strong></span> <span class='ocrx_word' id='word_1_72' title='bbox 662 999 869 1046; x_wconf 87' lang='lat' dir='ltr'><strong>mentes</strong></span> <span class='ocrx_word' id='word_1_73' title='bbox 916 1005 1176 1045; x_wconf 84' lang='lat' dir='ltr'><strong>mucrone</strong></span> <span class='ocrx_word' id='word_1_74' title='bbox 1222 990 1454 1061; x_wconf 88' lang='lat' dir='ltr'><strong>quodam</strong></span> <span class='ocrx_word' id='word_1_75' title='bbox 1509 1001 1895 1065; x_wconf 83' lang='lat' dir='ltr'><strong>transpungere</strong></span> <span class='ocrx_word' id='word_1_76' title='bbox 1940 1005 2081 1047; x_wconf 87' lang='lat' dir='ltr'><strong>com-</strong></span> 
     </span>
    </p>
   </div>
   <div class='ocr_carea' id='block_1_12' title="bbox 501 1081 2085 1153">
    <p class='ocr_par' dir='ltr' id='par_1_12' title="bbox 501 1081 2085 1153">
     <span class='ocr_line' id='line_1_12' title="bbox 501 1081 2085 1153; baseline -0.001 -16"><span class='ocrx_word' id='word_1_77' title='bbox 501 1081 792 1153; x_wconf 85' lang='lat' dir='ltr'><strong>passionis,</strong></span> <span class='ocrx_word' id='word_1_78' title='bbox 839 1096 904 1138; x_wconf 88' lang='lat' dir='ltr'><strong>ac</strong></span> <span class='ocrx_word' id='word_1_79' title='bbox 934 1081 979 1138; x_wconf 91' lang='lat' dir='ltr'><strong>si</strong></span> <span class='ocrx_word' id='word_1_80' title='bbox 1024 1097 1137 1153; x_wconf 67' lang='lat' dir='ltr'><strong>prae</strong></span> <span class='ocrx_word' id='word_1_81' title='bbox 1160 1081 1332 1138; x_wconf 90' lang='lat' dir='ltr'><strong>oculis</strong></span> <span class='ocrx_word' id='word_1_82' title='bbox 1362 1082 1624 1138; x_wconf 88' lang='lat' dir='ltr'><strong>baberent</strong></span> <span class='ocrx_word' id='word_1_83' title='bbox 1672 1083 1898 1139; x_wconf 79' lang='lat' dir='ltr'><strong>nimium</strong></span> <span class='ocrx_word' id='word_1_84' title='bbox 1942 1084 2085 1153; x_wconf 90' lang='lat' dir='ltr'><strong>piam</strong></span> 
     </span>
    </p>
   </div>
   <div class='ocr_carea' id='block_1_13' title="bbox 501 1171 2087 1243">
    <p class='ocr_par' dir='ltr' id='par_1_13' title="bbox 501 1171 2087 1243">
     <span class='ocr_line' id='line_1_13' title="bbox 501 1171 2087 1243; baseline 0.001 -18"><span class='ocrx_word' id='word_1_85' title='bbox 501 1179 733 1226; x_wconf 88' lang='lat' dir='ltr'><strong>mortem</strong></span> <span class='ocrx_word' id='word_1_86' title='bbox 765 1172 942 1227; x_wconf 85' lang='lat' dir='ltr'><strong>adhuc</strong></span> <span class='ocrx_word' id='word_1_87' title='bbox 973 1173 1262 1243; x_wconf 85' lang='lat' dir='ltr'><strong>pendentis</strong></span> <span class='ocrx_word' id='word_1_88' title='bbox 1315 1172 1714 1243; x_wconf 79' lang='lat' dir='ltr'><strong>Redemptoris.</strong></span> <span class='ocrx_word' id='word_1_89' title='bbox 1768 1171 1905 1228; x_wconf 83' lang='lat' dir='ltr'><strong>Huic</strong></span> <span class='ocrx_word' id='word_1_90' title='bbox 1957 1186 2087 1243; x_wconf 83' lang='lat' dir='ltr'><strong>ergo</strong></span> 
     </span>
    </p>
   </div>
   <div class='ocr_carea' id='block_1_14' title="bbox 500 1262 2089 1335">
    <p class='ocr_par' dir='ltr' id='par_1_14' title="bbox 500 1262 2089 1335">
     <span class='ocr_line' id='line_1_14' title="bbox 500 1262 2089 1335; baseline 0.002 -19"><span class='ocrx_word' id='word_1_91' title='bbox 500 1262 821 1333; x_wconf 88' lang='lat' dir='ltr'><strong>peregrinus</strong></span> <span class='ocrx_word' id='word_1_92' title='bbox 845 1263 933 1318; x_wconf 90' lang='lat' dir='ltr'><strong>ille</strong></span> <span class='ocrx_word' id='word_1_93' title='bbox 974 1279 1096 1318; x_wconf 92' lang='lat' dir='ltr'><strong>cum</strong></span> <span class='ocrx_word' id='word_1_94' title='bbox 1148 1264 1516 1335; x_wconf 77' lang='lat' dir='ltr'><strong>gemebundus</strong></span> <span class='ocrx_word' id='word_1_95' title='bbox 1557 1265 1858 1330; x_wconf 88' lang='lat' dir='ltr'><strong>assisteret,</strong></span> <span class='ocrx_word' id='word_1_96' title='bbox 1900 1275 2089 1319; x_wconf 86' lang='lat' dir='ltr'><strong>sancto</strong></span> 
     </span>
    </p>
   </div>
   <div class='ocr_carea' id='block_1_15' title="bbox 496 1348 2091 1424">
    <p class='ocr_par' dir='ltr' id='par_1_15' title="bbox 496 1348 2091 1424">
     <span class='ocr_line' id='line_1_15' title="bbox 496 1348 2091 1424; baseline 0.002 -18"><span class='ocrx_word' id='word_1_97' title='bbox 496 1348 609 1420; x_wconf 85' lang='lat' dir='ltr'><strong>jam</strong></span> <span class='ocrx_word' id='word_1_98' title='bbox 634 1351 860 1408; x_wconf 88' lang='lat' dir='ltr'><strong>recitato</strong></span> <span class='ocrx_word' id='word_1_99' title='bbox 890 1353 1203 1424; x_wconf 87' lang='lat' dir='ltr'><strong>Evangelio,</strong></span> <span class='ocrx_word' id='word_1_100' title='bbox 1237 1353 1474 1410; x_wconf 89' lang='lat' dir='ltr'><strong>circulus</strong></span> <span class='ocrx_word' id='word_1_101' title='bbox 1499 1353 1709 1409; x_wconf 79' lang='lat' dir='ltr'><strong>ferreus</strong></span> <span class='ocrx_word' id='word_1_102' title='bbox 1735 1353 1915 1413; x_wconf 84' lang='lat' dir='ltr'><strong>subito</strong></span> <span class='ocrx_word' id='word_1_103' title='bbox 1967 1368 2091 1409; x_wconf 90' lang='lat' dir='ltr'><strong>cre-</strong></span> 
     </span>
    </p>
   </div>
   <div class='ocr_carea' id='block_1_16' title="bbox 502 1446 2090 1520">
    <p class='ocr_par' dir='ltr' id='par_1_16' title="bbox 502 1446 2090 1520">
     <span class='ocr_line' id='line_1_16' title="bbox 502 1446 2090 1520; baseline 0.003 -21"><span class='ocrx_word' id='word_1_104' title='bbox 502 1458 662 1514; x_wconf 88' lang='lat' dir='ltr'><strong>pans,</strong></span> <span class='ocrx_word' id='word_1_105' title='bbox 693 1460 858 1501; x_wconf 89' lang='lat' dir='ltr'><strong>carne</strong></span> <span class='ocrx_word' id='word_1_106' title='bbox 906 1447 1152 1504; x_wconf 88' lang='lat' dir='ltr'><strong>concissa</strong></span> <span class='ocrx_word' id='word_1_107' title='bbox 1198 1461 1265 1502; x_wconf 81' lang='lat' dir='ltr'><strong>ex</strong></span> <span class='ocrx_word' id='word_1_108' title='bbox 1318 1446 1631 1504; x_wconf 90' lang='lat' dir='ltr'><strong>continuato</strong></span> <span class='ocrx_word' id='word_1_109' title='bbox 1681 1448 1916 1520; x_wconf 89' lang='lat' dir='ltr'><strong>impactu</strong></span> <span class='ocrx_word' id='word_1_110' title='bbox 1958 1447 2090 1503; x_wconf 84' lang='lat' dir='ltr'><strong>ferri</strong></span> 
     </span>
    </p>
   </div>
   <div class='ocr_carea' id='block_1_17' title="bbox 505 1536 2092 1609">
    <p class='ocr_par' dir='ltr' id='par_1_17' title="bbox 505 1536 2092 1609">
     <span class='ocr_line' id='line_1_17' title="bbox 505 1536 2092 1609; baseline 0.001 -18"><span class='ocrx_word' id='word_1_111' title='bbox 505 1544 745 1604; x_wconf 81' lang='lat' dir='ltr'><strong>excreta,</strong></span> <span class='ocrx_word' id='word_1_112' title='bbox 778 1545 927 1592; x_wconf 91' lang='lat' dir='ltr'><strong>tanto</strong></span> <span class='ocrx_word' id='word_1_113' title='bbox 951 1537 1153 1608; x_wconf 85' lang='lat' dir='ltr'><strong>impetu</strong></span> <span class='ocrx_word' id='word_1_114' title='bbox 1207 1537 1426 1597; x_wconf 90' lang='lat' dir='ltr'><strong>dissiliit</strong></span> <span class='ocrx_word' id='word_1_115' title='bbox 1473 1537 1541 1593; x_wconf 89' lang='lat' dir='ltr'><strong>ab</strong></span> <span class='ocrx_word' id='word_1_116' title='bbox 1581 1536 1698 1609; x_wconf 83' lang='lat' dir='ltr'><strong>ejus</strong></span> <span class='ocrx_word' id='word_1_117' title='bbox 1741 1539 1991 1606; x_wconf 84' lang='lat' dir='ltr'><strong>brachio,</strong></span> <span class='ocrx_word' id='word_1_118' title='bbox 2029 1547 2092 1594; x_wconf 91' lang='lat' dir='ltr'><strong>ut</strong></span> 
     </span>
    </p>
   </div>
   <div class='ocr_carea' id='block_1_18' title="bbox 504 1624 2089 1700">
    <p class='ocr_par' dir='ltr' id='par_1_18' title="bbox 504 1624 2089 1700">
     <span class='ocr_line' id='line_1_18' title="bbox 504 1624 2089 1700; baseline 0.003 -22"><span class='ocrx_word' id='word_1_119' title='bbox 504 1624 719 1680; x_wconf 88' lang='lat' dir='ltr'><strong>eminus</strong></span> <span class='ocrx_word' id='word_1_120' title='bbox 753 1626 1056 1697; x_wconf 88' lang='lat' dir='ltr'><strong>oppositum</strong></span> <span class='ocrx_word' id='word_1_121' title='bbox 1085 1628 1348 1699; x_wconf 86' lang='lat' dir='ltr'><strong>parietem</strong></span> <span class='ocrx_word' id='word_1_122' title='bbox 1384 1626 1592 1693; x_wconf 77' lang='lat' dir='ltr'><strong>feriret,</strong></span> <span class='ocrx_word' id='word_1_123' title='bbox 1649 1627 1935 1700; x_wconf 87' lang='lat' dir='ltr'><strong>validoque</strong></span> <span class='ocrx_word' id='word_1_124' title='bbox 1983 1629 2089 1684; x_wconf 90' lang='lat' dir='ltr'><strong>tin-</strong></span> 
     </span>
    </p>
   </div>
   <div class='ocr_carea' id='block_1_19' title="bbox 2182 447 3768 523">
    <p class='ocr_par' dir='ltr' id='par_1_19' title="bbox 2182 447 3768 523">
     <span class='ocr_line' id='line_1_19' title="bbox 2182 447 3768 523; baseline -0.003 -15"><span class='ocrx_word' id='word_1_125' title='bbox 2182 452 2407 508; x_wconf 83' lang='lat' dir='ltr'><strong>brachio</strong></span> <span class='ocrx_word' id='word_1_126' title='bbox 2437 454 2784 518; x_wconf 88' lang='lat' dir='ltr'><strong>subslratam,</strong></span> <span class='ocrx_word' id='word_1_127' title='bbox 2810 453 3097 523; x_wconf 86' lang='lat' dir='ltr'><strong>plurimum</strong></span> <span class='ocrx_word' id='word_1_128' title='bbox 3132 451 3344 507; x_wconf 89' lang='lat' dir='ltr'><strong>cruoris</strong></span> <span class='ocrx_word' id='word_1_129' title='bbox 3386 450 3604 506; x_wconf 85' lang='lat' dir='ltr'><strong>dimisit.</strong></span> <span class='ocrx_word' id='word_1_130' title='bbox 3630 447 3768 504; x_wconf 91' lang='lat' dir='ltr'><strong>Per-</strong></span> 
     </span>
    </p>
   </div>
   <div class='ocr_carea' id='block_1_20' title="bbox 2184 540 3769 612">
    <p class='ocr_par' dir='ltr' id='par_1_20' title="bbox 2184 540 3769 612">
     <span class='ocr_line' id='line_1_20' title="bbox 2184 540 3769 612; baseline -0.001 -16"><span class='ocrx_word' id='word_1_131' title='bbox 2184 549 2433 611; x_wconf 88' lang='lat' dir='ltr'><strong>strepunt</strong></span> <span class='ocrx_word' id='word_1_132' title='bbox 2454 543 2703 599; x_wconf 87' lang='lat' dir='ltr'><strong>monachi</strong></span> <span class='ocrx_word' id='word_1_133' title='bbox 2733 543 2800 598; x_wconf 86' lang='lat' dir='ltr'><strong>ad</strong></span> <span class='ocrx_word' id='word_1_134' title='bbox 2850 542 3225 596; x_wconf 90' lang='lat' dir='ltr'><strong>allevationem</strong></span> <span class='ocrx_word' id='word_1_135' title='bbox 3270 540 3546 612; x_wconf 81' lang='lat' dir='ltr'><strong>prostrati,</strong></span> <span class='ocrx_word' id='word_1_136' title='bbox 3602 553 3769 609; x_wconf 87' lang='lat' dir='ltr'><strong>quem</strong></span> 
     </span>
    </p>
   </div>
   <div class='ocr_carea' id='block_1_21' title="bbox 2184 629 3767 702">
    <p class='ocr_par' dir='ltr' id='par_1_21' title="bbox 2184 629 3767 702">
     <span class='ocr_line' id='line_1_21' title="bbox 2184 629 3767 702; baseline -0.002 -15"><span class='ocrx_word' id='word_1_137' title='bbox 2184 633 2262 687; x_wconf 90' lang='lat' dir='ltr'><strong>sic</strong></span> <span class='ocrx_word' id='word_1_138' title='bbox 2289 632 2538 688; x_wconf 84' lang='lat' dir='ltr'><strong>all&#39;ectum</strong></span> <span class='ocrx_word' id='word_1_139' title='bbox 2570 633 2842 699; x_wconf 85' lang='lat' dir='ltr'><strong>admirati,</strong></span> <span class='ocrx_word' id='word_1_140' title='bbox 2867 631 3391 702; x_wconf 86' lang='lat' dir='ltr'><strong>circumspectabant</strong></span> <span class='ocrx_word' id='word_1_141' title='bbox 3412 630 3619 690; x_wconf 80' lang='lat' dir='ltr'><strong>exitum</strong></span> <span class='ocrx_word' id='word_1_142' title='bbox 3666 629 3767 685; x_wconf 87' lang='lat' dir='ltr'><strong>rei.</strong></span> 
     </span>
    </p>
   </div>
   <div class='ocr_carea' id='block_1_22' title="bbox 2183 721 3771 794">
    <p class='ocr_par' dir='ltr' id='par_1_22' title="bbox 2183 721 3771 794">
     <span class='ocr_line' id='line_1_22' title="bbox 2183 721 3771 794; baseline -0.004 -15"><span class='ocrx_word' id='word_1_143' title='bbox 2183 722 2251 779; x_wconf 88' lang='lat' dir='ltr'><strong>Et</strong></span> <span class='ocrx_word' id='word_1_144' title='bbox 2271 738 2396 778; x_wconf 90' lang='lat' dir='ltr'><strong>ecce</strong></span> <span class='ocrx_word' id='word_1_145' title='bbox 2423 731 2544 794; x_wconf 90' lang='lat' dir='ltr'><strong>post</strong></span> <span class='ocrx_word' id='word_1_146' title='bbox 2573 721 2964 794; x_wconf 83' lang='lat' dir='ltr'><strong>aliquantulum</strong></span> <span class='ocrx_word' id='word_1_147' title='bbox 2990 721 3250 792; x_wconf 82' lang='lat' dir='ltr'><strong>sanguine</strong></span> <span class='ocrx_word' id='word_1_148' title='bbox 3292 721 3550 775; x_wconf 86' lang='lat' dir='ltr'><strong>redeunte</strong></span> <span class='ocrx_word' id='word_1_149' title='bbox 3572 734 3603 773; x_wconf 89' lang='lat' dir='ltr'><strong>a</strong></span> <span class='ocrx_word' id='word_1_150' title='bbox 3622 732 3771 789; x_wconf 74' lang='lat' dir='ltr'><strong>pra:-</strong></span> 
     </span>
    </p>
   </div>
   <div class='ocr_carea' id='block_1_23' title="bbox 2182 807 3770 887">
    <p class='ocr_par' dir='ltr' id='par_1_23' title="bbox 2182 807 3770 887">
     <span class='ocr_line' id='line_1_23' title="bbox 2182 807 3770 887; baseline -0.005 -18"><span class='ocrx_word' id='word_1_151' title='bbox 2182 815 2406 881; x_wconf 87' lang='lat' dir='ltr'><strong>cordiis,</strong></span> <span class='ocrx_word' id='word_1_152' title='bbox 2434 829 2644 873; x_wconf 88' lang='lat' dir='ltr'><strong>summa</strong></span> <span class='ocrx_word' id='word_1_153' title='bbox 2673 829 2930 887; x_wconf 78' lang='lat' dir='ltr'><strong>genarum</strong></span> <span class='ocrx_word' id='word_1_154' title='bbox 2953 812 3134 868; x_wconf 91' lang='lat' dir='ltr'><strong>rubeis</strong></span> <span class='ocrx_word' id='word_1_155' title='bbox 3183 810 3499 866; x_wconf 85' lang='lat' dir='ltr'><strong>inliciuntur</strong></span> <span class='ocrx_word' id='word_1_156' title='bbox 3541 807 3770 864; x_wconf 84' lang='lat' dir='ltr'><strong>notulis.</strong></span> 
     </span>
    </p>
   </div>
   <div class='ocr_carea' id='block_1_24' title="bbox 2184 896 3778 975">
    <p class='ocr_par' dir='ltr' id='par_1_24' title="bbox 2184 896 3778 975">
     <span class='ocr_line' id='line_1_24' title="bbox 2184 896 3778 975; baseline -0.004 -16"><span class='ocrx_word' id='word_1_157' title='bbox 2184 902 2322 960; x_wconf 19' lang='lat' dir='ltr'><strong>lilinc</strong></span> <span class='ocrx_word' id='word_1_158' title='bbox 2342 905 2608 975; x_wconf 89' lang='lat' dir='ltr'><strong>collapsos</strong></span> <span class='ocrx_word' id='word_1_159' title='bbox 2630 914 2778 960; x_wconf 92' lang='lat' dir='ltr'><strong>artus</strong></span> <span class='ocrx_word' id='word_1_160' title='bbox 2799 902 3059 974; x_wconf 90' lang='lat' dir='ltr'><strong>paulatim</strong></span> <span class='ocrx_word' id='word_1_161' title='bbox 3084 900 3386 973; x_wconf 78' lang='lat' dir='ltr'><strong>subrigens,</strong></span> <span class='ocrx_word' id='word_1_162' title='bbox 3434 899 3595 972; x_wconf 87' lang='lat' dir='ltr'><strong>plene</strong></span> <span class='ocrx_word' id='word_1_163' title='bbox 3622 896 3778 954; x_wconf 83' lang='lat' dir='ltr'><strong>resti-</strong></span> 
     </span>
    </p>
   </div>
   <div class='ocr_carea' id='block_1_25' title="bbox 2186 990 3775 1065">
    <p class='ocr_par' dir='ltr' id='par_1_25' title="bbox 2186 990 3775 1065">
     <span class='ocr_line' id='line_1_25' title="bbox 2186 990 3775 1065; baseline -0.004 -14"><span class='ocrx_word' id='word_1_164' title='bbox 2186 997 2357 1051; x_wconf 91' lang='lat' dir='ltr'><strong>tuitur</strong></span> <span class='ocrx_word' id='word_1_165' title='bbox 2385 996 2437 1050; x_wconf 94' lang='lat' dir='ltr'><strong>in</strong></span> <span class='ocrx_word' id='word_1_166' title='bbox 2461 995 2629 1064; x_wconf 83' lang='lat' dir='ltr'><strong>gradu</strong></span> <span class='ocrx_word' id='word_1_167' title='bbox 2653 1010 2752 1051; x_wconf 91' lang='lat' dir='ltr'><strong>suo</strong></span> <span class='ocrx_word' id='word_1_168' title='bbox 2778 1013 2791 1049; x_wconf 92' lang='lat'><strong>:</strong></span> <span class='ocrx_word' id='word_1_169' title='bbox 2814 994 2926 1051; x_wconf 87' lang='lat' dir='ltr'><strong>Deo</strong></span> <span class='ocrx_word' id='word_1_170' title='bbox 2949 994 3152 1065; x_wconf 83' lang='lat' dir='ltr'><strong>gratias</strong></span> <span class='ocrx_word' id='word_1_171' title='bbox 3176 1007 3275 1064; x_wconf 85' lang='lat' dir='ltr'><strong>pro</strong></span> <span class='ocrx_word' id='word_1_172' title='bbox 3295 990 3504 1048; x_wconf 89' lang='lat' dir='ltr'><strong>meritis</strong></span> <span class='ocrx_word' id='word_1_173' title='bbox 3552 997 3775 1045; x_wconf 78' lang='lat' dir='ltr'><strong>sancto-</strong></span> 
     </span>
    </p>
   </div>
   <div class='ocr_carea' id='block_1_26' title="bbox 2185 1080 3777 1161">
    <p class='ocr_par' dir='ltr' id='par_1_26' title="bbox 2185 1080 3777 1161">
     <span class='ocr_line' id='line_1_26' title="bbox 2185 1080 3777 1161; baseline -0.006 -18"><span class='ocrx_word' id='word_1_174' title='bbox 2185 1103 2305 1143; x_wconf 87' lang='lat' dir='ltr'><strong>rum</strong></span> <span class='ocrx_word' id='word_1_175' title='bbox 2336 1102 2523 1161; x_wconf 79' lang='lat' dir='ltr'><strong>agens,</strong></span> <span class='ocrx_word' id='word_1_176' title='bbox 2545 1101 2652 1142; x_wconf 91' lang='lat' dir='ltr'><strong>non</strong></span> <span class='ocrx_word' id='word_1_177' title='bbox 2682 1094 2890 1142; x_wconf 91' lang='lat' dir='ltr'><strong>tantum</strong></span> <span class='ocrx_word' id='word_1_178' title='bbox 2921 1101 2986 1141; x_wconf 75' lang='lat' dir='ltr'><strong>ex</strong></span> <span class='ocrx_word' id='word_1_179' title='bbox 3015 1085 3347 1141; x_wconf 87' lang='lat' dir='ltr'><strong>resolutione</strong></span> <span class='ocrx_word' id='word_1_180' title='bbox 3375 1082 3611 1139; x_wconf 86' lang='lat' dir='ltr'><strong>visibilis</strong></span> <span class='ocrx_word' id='word_1_181' title='bbox 3653 1080 3777 1135; x_wconf 88' lang='lat' dir='ltr'><strong>vin-</strong></span> 
     </span>
    </p>
   </div>
   <div class='ocr_carea' id='block_1_27' title="bbox 2186 1173 3776 1249">
    <p class='ocr_par' dir='ltr' id='par_1_27' title="bbox 2186 1173 3776 1249">
     <span class='ocr_line' id='line_1_27' title="bbox 2186 1173 3776 1249; baseline -0.005 -14"><span class='ocrx_word' id='word_1_182' title='bbox 2186 1179 2291 1236; x_wconf 90' lang='lat' dir='ltr'><strong>culi</strong></span> <span class='ocrx_word' id='word_1_183' title='bbox 2316 1187 2478 1249; x_wconf 86' lang='lat' dir='ltr'><strong>atque</strong></span> <span class='ocrx_word' id='word_1_184' title='bbox 2503 1177 2740 1234; x_wconf 90' lang='lat' dir='ltr'><strong>diuturni</strong></span> <span class='ocrx_word' id='word_1_185' title='bbox 2760 1175 2958 1243; x_wconf 77' lang='lat' dir='ltr'><strong>exsilii,</strong></span> <span class='ocrx_word' id='word_1_186' title='bbox 2982 1185 3242 1248; x_wconf 90' lang='lat' dir='ltr'><strong>quantum</strong></span> <span class='ocrx_word' id='word_1_187' title='bbox 3292 1188 3392 1246; x_wconf 91' lang='lat' dir='ltr'><strong>pro</strong></span> <span class='ocrx_word' id='word_1_188' title='bbox 3437 1173 3635 1243; x_wconf 85' lang='lat' dir='ltr'><strong>adepta</strong></span> <span class='ocrx_word' id='word_1_189' title='bbox 3685 1186 3776 1227; x_wconf 86' lang='lat' dir='ltr'><strong>re—</strong></span> 
     </span>
    </p>
   </div>
   <div class='ocr_carea' id='block_1_28' title="bbox 2186 1258 3777 1338">
    <p class='ocr_par' dir='ltr' id='par_1_28' title="bbox 2186 1258 3777 1338">
     <span class='ocr_line' id='line_1_28' title="bbox 2186 1258 3777 1338; baseline -0.006 -14"><span class='ocrx_word' id='word_1_190' title='bbox 2186 1269 2444 1325; x_wconf 84' lang='lat' dir='ltr'><strong>missione</strong></span> <span class='ocrx_word' id='word_1_191' title='bbox 2468 1267 2818 1325; x_wconf 83' lang='lat' dir='ltr'><strong>exsecrabilis</strong></span> <span class='ocrx_word' id='word_1_192' title='bbox 2845 1258 3125 1338; x_wconf 89' lang='lat' dir='ltr'><strong>parricidii</strong></span> <span class='ocrx_word' id='word_1_193' title='bbox 3150 1305 3167 1333; x_wconf 89' lang='lat'><strong>,</strong></span> <span class='ocrx_word' id='word_1_194' title='bbox 3202 1280 3367 1336; x_wconf 87' lang='lat' dir='ltr'><strong>quam</strong></span> <span class='ocrx_word' id='word_1_195' title='bbox 3398 1263 3777 1320; x_wconf 87' lang='lat' dir='ltr'><strong>indubitanter</strong></span> 
     </span>
    </p>
   </div>
   <div class='ocr_carea' id='block_1_29' title="bbox 2187 1350 3774 1432">
    <p class='ocr_par' dir='ltr' id='par_1_29' title="bbox 2187 1350 3774 1432">
     <span class='ocr_line' id='line_1_29' title="bbox 2187 1350 3774 1432; baseline -0.007 -15"><span class='ocrx_word' id='word_1_196' title='bbox 2187 1378 2247 1418; x_wconf 81' lang='lat' dir='ltr'><strong>se</strong></span> <span class='ocrx_word' id='word_1_197' title='bbox 2267 1362 2517 1431; x_wconf 88' lang='lat' dir='ltr'><strong>adeptum</strong></span> <span class='ocrx_word' id='word_1_198' title='bbox 2541 1358 2809 1432; x_wconf 80' lang='lat' dir='ltr'><strong>gaudebat</strong></span> <span class='ocrx_word' id='word_1_199' title='bbox 2856 1357 3139 1430; x_wconf 74' lang='lat' dir='ltr'><strong>praesentis</strong></span> <span class='ocrx_word' id='word_1_200' title='bbox 3187 1354 3577 1428; x_wconf 84' lang='lat' dir='ltr'><strong>protestatione</strong></span> <span class='ocrx_word' id='word_1_201' title='bbox 3618 1350 3774 1408; x_wconf 80' lang='lat' dir='ltr'><strong>facti.</strong></span> 
     </span>
    </p>
   </div>
   <div class='ocr_carea' id='block_1_30' title="bbox 2188 1443 3781 1525">
    <p class='ocr_par' dir='ltr' id='par_1_30' title="bbox 2188 1443 3781 1525">
     <span class='ocr_line' id='line_1_30' title="bbox 2188 1443 3781 1525; baseline -0.008 -15"><span class='ocrx_word' id='word_1_202' title='bbox 2188 1453 2367 1511; x_wconf 81' lang='lat' dir='ltr'><strong>Verbo</strong></span> <span class='ocrx_word' id='word_1_203' title='bbox 2393 1467 2523 1525; x_wconf 81' lang='lat' dir='ltr'><strong>ergo</strong></span> <span class='ocrx_word' id='word_1_204' title='bbox 2547 1461 2710 1522; x_wconf 84' lang='lat' dir='ltr'><strong>atque</strong></span> <span class='ocrx_word' id='word_1_205' title='bbox 2730 1447 2965 1506; x_wconf 87' lang='lat' dir='ltr'><strong>evidenti</strong></span> <span class='ocrx_word' id='word_1_206' title='bbox 3014 1449 3169 1522; x_wconf 82' lang='lat' dir='ltr'><strong>signo</strong></span> <span class='ocrx_word' id='word_1_207' title='bbox 3222 1457 3509 1521; x_wconf 89' lang='lat' dir='ltr'><strong>postquam</strong></span> <span class='ocrx_word' id='word_1_208' title='bbox 3560 1443 3781 1501; x_wconf 83' lang='lat' dir='ltr'><strong>abunde</strong></span> 
     </span>
    </p>
   </div>
   <div class='ocr_carea' id='block_1_31' title="bbox 2189 1537 3782 1610">
    <p class='ocr_par' dir='ltr' id='par_1_31' title="bbox 2189 1537 3782 1610">
     <span class='ocr_line' id='line_1_31' title="bbox 2189 1537 3782 1610; baseline -0.008 -8"><span class='ocrx_word' id='word_1_209' title='bbox 2189 1546 2507 1602; x_wconf 87' lang='lat' dir='ltr'><strong>adhortatus</strong></span> <span class='ocrx_word' id='word_1_210' title='bbox 2525 1550 2609 1598; x_wconf 91' lang='lat' dir='ltr'><strong>est</strong></span> <span class='ocrx_word' id='word_1_211' title='bbox 2637 1540 2848 1598; x_wconf 86' lang='lat' dir='ltr'><strong>accolas</strong></span> <span class='ocrx_word' id='word_1_212' title='bbox 2895 1540 3135 1597; x_wconf 88' lang='lat' dir='ltr'><strong>revereri</strong></span> <span class='ocrx_word' id='word_1_213' title='bbox 3168 1548 3225 1597; x_wconf 88' lang='lat' dir='ltr'><strong>et</strong></span> <span class='ocrx_word' id='word_1_214' title='bbox 3259 1537 3511 1610; x_wconf 84' lang='lat' dir='ltr'><strong>amplecti</strong></span> <span class='ocrx_word' id='word_1_215' title='bbox 3554 1548 3782 1594; x_wconf 87' lang='lat' dir='ltr'><strong>suorum</strong></span> 
     </span>
    </p>
   </div>
   <div class='ocr_carea' id='block_1_32' title="bbox 2190 1628 3780 1703">
    <p class='ocr_par' dir='ltr' id='par_1_32' title="bbox 2190 1628 3780 1703">
     <span class='ocr_line' id='line_1_32' title="bbox 2190 1628 3780 1703; baseline -0.008 -13"><span class='ocrx_word' id='word_1_216' title='bbox 2190 1634 2530 1690; x_wconf 88' lang='lat' dir='ltr'><strong>sanctitatem</strong></span> <span class='ocrx_word' id='word_1_217' title='bbox 2554 1641 2931 1703; x_wconf 89' lang='lat' dir='ltr'><strong>patronorum,</strong></span> <span class='ocrx_word' id='word_1_218' title='bbox 2959 1628 3117 1687; x_wconf 67' lang='lat' dir='ltr'><strong>laetus</strong></span> <span class='ocrx_word' id='word_1_219' title='bbox 3144 1628 3378 1687; x_wconf 77' lang='lat' dir='ltr'><strong>excessit</strong></span> <span class='ocrx_word' id='word_1_220' title='bbox 3406 1628 3542 1683; x_wconf 88' lang='lat' dir='ltr'><strong>lines</strong></span> <span class='ocrx_word' id='word_1_221' title='bbox 3562 1639 3780 1681; x_wconf 87' lang='lat' dir='ltr'><strong>eorum.</strong></span> 
     </span>
    </p>
   </div>
   <div class='ocr_carea' id='block_1_33' title="bbox 503 1690 3785 1793">
    <p class='ocr_par' dir='ltr' id='par_1_33' title="bbox 503 1690 3785 1793">
     <span class='ocr_line' id='line_1_33' title="bbox 503 1690 3785 1793; baseline -0.001 -21"><span class='ocrx_word' id='word_1_222' title='bbox 503 1716 621 1772; x_wconf 93' lang='lat' dir='ltr'><strong>nitu</strong></span> <span class='ocrx_word' id='word_1_223' title='bbox 643 1718 917 1774; x_wconf 86' lang='lat' dir='ltr'><strong>adstantes</strong></span> <span class='ocrx_word' id='word_1_224' title='bbox 938 1690 1298 1790; x_wconf 70' lang='lat' dir='ltr'><strong>permoveret.</strong></span> <span class='ocrx_word' id='word_1_225' title='bbox 1322 1719 1574 1776; x_wconf 85' lang='lat' dir='ltr'><strong>Protinus</strong></span> <span class='ocrx_word' id='word_1_226' title='bbox 1609 1719 1724 1777; x_wconf 88' lang='lat' dir='ltr'><strong>sive</strong></span> <span class='ocrx_word' id='word_1_227' title='bbox 1744 1690 1883 1777; x_wconf 76' lang='lat' dir='ltr'><strong>novo</strong></span> <span class='ocrx_word' id='word_1_228' title='bbox 1906 1719 2089 1775; x_wconf 91' lang='lat' dir='ltr'><strong>dolore</strong></span> <span class='ocrx_word' id='word_1_229' title='bbox 2117 1690 2163 1751; x_wconf 76' lang='grc' dir='ltr'>Β</span> <span class='ocrx_word' id='word_1_230' title='bbox 2193 1726 2365 1781; x_wconf 88' lang='lat' dir='ltr'><strong>Porro</strong></span> <span class='ocrx_word' id='word_1_231' title='bbox 2392 1690 2628 1778; x_wconf 69' lang='lat' dir='ltr'><strong>circulus</strong></span> <span class='ocrx_word' id='word_1_232' title='bbox 2673 1720 2931 1793; x_wconf 66' lang='lat' dir='ltr'><strong>praefatus</strong></span> <span class='ocrx_word' id='word_1_233' title='bbox 2968 1720 3022 1774; x_wconf 88' lang='lat' dir='ltr'><strong>in</strong></span> <span class='ocrx_word' id='word_1_234' title='bbox 3069 1718 3436 1776; x_wconf 88' lang='lat' dir='ltr'><strong>testimonium</strong></span> <span class='ocrx_word' id='word_1_235' title='bbox 3490 1714 3628 1773; x_wconf 72' lang='lat' dir='ltr'><strong>lacti</strong></span> <span class='ocrx_word' id='word_1_236' title='bbox 3679 1712 3785 1769; x_wconf 87' lang='lat' dir='ltr'><strong>sub</strong></span> 
     </span>
    </p>
   </div>
   <div class='ocr_carea' id='block_1_34' title="bbox 504 1807 3528 1889">
    <p class='ocr_par' dir='ltr' id='par_1_34' title="bbox 504 1807 3528 1889">
     <span class='ocr_line' id='line_1_34' title="bbox 504 1807 3528 1889; baseline 0.001 -27"><span class='ocrx_word' id='word_1_237' title='bbox 504 1807 825 1866; x_wconf 66' lang='lat' dir='ltr'><strong>inveteratae</strong></span> <span class='ocrx_word' id='word_1_238' title='bbox 841 1809 953 1881; x_wconf 90' lang='lat' dir='ltr'><strong>jam</strong></span> <span class='ocrx_word' id='word_1_239' title='bbox 979 1809 1275 1877; x_wconf 87' lang='lat' dir='ltr'><strong>cicatricis,</strong></span> <span class='ocrx_word' id='word_1_240' title='bbox 1303 1812 1418 1867; x_wconf 89' lang='lat' dir='ltr'><strong>sive</strong></span> <span class='ocrx_word' id='word_1_241' title='bbox 1462 1811 1642 1868; x_wconf 84' lang='lat' dir='ltr'><strong>subito</strong></span> <span class='ocrx_word' id='word_1_242' title='bbox 1679 1821 1901 1882; x_wconf 89' lang='lat' dir='ltr'><strong>stupore</strong></span> <span class='ocrx_word' id='word_1_243' title='bbox 1954 1811 2091 1867; x_wconf 88' lang='lat' dir='ltr'><strong>tanti</strong></span> <span class='ocrx_word' id='word_1_244' title='bbox 2196 1815 2425 1889; x_wconf 75' lang='lat' dir='ltr'><strong>pedibus</strong></span> <span class='ocrx_word' id='word_1_245' title='bbox 2445 1813 2690 1877; x_wconf 75' lang='lat' dir='ltr'><strong>cruciﬁxi</strong></span> <span class='ocrx_word' id='word_1_246' title='bbox 2722 1812 2823 1867; x_wconf 80' lang='lat' dir='ltr'><strong>fuit</strong></span> <span class='ocrx_word' id='word_1_247' title='bbox 2844 1826 3136 1884; x_wconf 89' lang='lat' dir='ltr'><strong>appensus.</strong></span> <span class='ocrx_word' id='word_1_248' title='bbox 3173 1809 3281 1866; x_wconf 88' lang='lat' dir='ltr'><strong>Deo</strong></span> <span class='ocrx_word' id='word_1_249' title='bbox 3305 1808 3528 1882; x_wconf 79' lang='lat' dir='ltr'><strong>gratias.</strong></span> 
     </span>
    </p>
   </div>
   <div class='ocr_carea' id='block_1_35' title="bbox 505 1898 2096 1976">
    <p class='ocr_par' dir='ltr' id='par_1_35' title="bbox 505 1898 2096 1976">
     <span class='ocr_line' id='line_1_35' title="bbox 505 1898 2096 1976; baseline 0.004 -22"><span class='ocrx_word' id='word_1_250' title='bbox 505 1898 635 1955; x_wconf 77' lang='lat' dir='ltr'><strong>facti</strong></span> <span class='ocrx_word' id='word_1_251' title='bbox 682 1902 846 1958; x_wconf 88' lang='lat' dir='ltr'><strong>homo</strong></span> <span class='ocrx_word' id='word_1_252' title='bbox 903 1918 1042 1974; x_wconf 88' lang='lat' dir='ltr'><strong>pene</strong></span> <span class='ocrx_word' id='word_1_253' title='bbox 1095 1904 1365 1960; x_wconf 80' lang='lat' dir='ltr'><strong>exanimis</strong></span> <span class='ocrx_word' id='word_1_254' title='bbox 1415 1903 1592 1961; x_wconf 80' lang='lat' dir='ltr'><strong>factus</strong></span> <span class='ocrx_word' id='word_1_255' title='bbox 1656 1905 1880 1970; x_wconf 88' lang='lat' dir='ltr'><strong>corruit,</strong></span> <span class='ocrx_word' id='word_1_256' title='bbox 1931 1915 2096 1976; x_wconf 88' lang='lat' dir='ltr'><strong>atque</strong></span> 
     </span>
    </p>
   </div>
   <div class='ocr_carea' id='block_1_36' title="bbox 521 2056 1538 2085">
    <p class='ocr_par' dir='ltr' id='par_1_36' title="bbox 521 2056 1538 2085">
     <span class='ocr_line' id='line_1_36' title="bbox 521 2056 1538 2085; baseline 0 -2"><span class='ocrx_word' id='word_1_257' title='bbox 521 2056 1538 2085; x_wconf 54' lang='lat' dir='ltr'><strong>Mm</strong></span> 
     </span>
    </p>
   </div>
   <div class='ocr_carea' id='block_1_37' title="bbox 1539 2064 3111 2091">
    <p class='ocr_par' dir='ltr' id='par_1_37' title="bbox 1539 2064 3111 2091">
     <span class='ocr_line' id='line_1_37' title="bbox 1539 2064 3111 2091; baseline -0.001 -7"><span class='ocrx_word' id='word_1_258' title='bbox 1539 2064 3111 2091; x_wconf 46' lang='grc' dir='ltr'>Μ</span> 
     </span>
    </p>
   </div>
   <div class='ocr_carea' id='block_1_38' title="bbox 3206 2053 3768 2081">
    <p class='ocr_par' dir='ltr' id='par_1_38' title="bbox 3206 2053 3768 2081">
     <span class='ocr_line' id='line_1_38' title="bbox 3206 2053 3768 2081; baseline -0.011 0"><span class='ocrx_word' id='word_1_259' title='bbox 3206 2053 3768 2081; x_wconf 51' lang='grc' dir='ltr'><strong>δ--ι-σ-ο-η</strong></span> 
     </span>
    </p>
   </div>
   <div class='ocr_carea' id='block_1_39' title="bbox 516 2141 3581 2457">
    <p class='ocr_par' dir='ltr' id='par_1_39' title="bbox 516 2141 3581 2457">
     <span class='ocr_line' id='line_1_39' title="bbox 516 2141 3581 2457; baseline -0.001 -75"><span class='ocrx_word' id='word_1_260' title='bbox 516 2284 575 2345; x_wconf 66' lang='grc' dir='ltr'><em>ω</em></span> <span class='ocrx_word' id='word_1_261' title='bbox 725 2231 869 2420; x_wconf 77' lang='lat' dir='ltr'><strong>Ill]</strong></span> <span class='ocrx_word' id='word_1_262' title='bbox 956 2232 1377 2457; x_wconf 58' lang='lat' dir='ltr'><strong>ﬁES’l‘lS</strong></span> <span class='ocrx_word' id='word_1_263' title='bbox 1483 2141 2260 2391; x_wconf 74' lang='lat' dir='ltr'><strong>EPISGOPllltllll</strong></span> <span class='ocrx_word' id='word_1_264' title='bbox 2364 2224 3581 2387; x_wconf 78' lang='lat' dir='ltr'><strong>ANTISSIllDtllillNSlUM.</strong></span> 
     </span>
    </p>
   </div>
   <div class='ocr_carea' id='block_1_40' title="bbox 1751 2539 2529 2639">
    <p class='ocr_par' dir='ltr' id='par_1_40' title="bbox 1751 2539 2529 2639">
     <span class='ocr_line' id='line_1_40' title="bbox 1751 2539 2529 2639; baseline 0.009 -7"><span class='ocrx_word' id='word_1_265' title='bbox 1751 2541 2040 2633; x_wconf 82' lang='lat' dir='ltr'><strong>PARS</strong></span> <span class='ocrx_word' id='word_1_266' title='bbox 2110 2539 2529 2639; x_wconf 62' lang='lat' dir='ltr'><strong>PRIMA.</strong></span> 
     </span>
    </p>
   </div>
   <div class='ocr_carea' id='block_1_41' title="bbox 1511 2701 2825 2808">
    <p class='ocr_par' dir='ltr' id='par_1_41' title="bbox 1511 2701 2825 2808">
     <span class='ocr_line' id='line_1_41' title="bbox 1511 2701 2825 2808; baseline -0.003 -18"><span class='ocrx_word' id='word_1_267' title='bbox 1511 2735 1687 2808; x_wconf 76' lang='lat' dir='ltr'><strong>(Apud</strong></span> <span class='ocrx_word' id='word_1_268' title='bbox 1727 2733 1896 2791; x_wconf 85' lang='lat' dir='ltr'><strong>Labb.</strong></span> <span class='ocrx_word' id='word_1_269' title='bbox 1934 2701 2260 2793; x_wconf 57' lang='lat' dir='ltr'><strong>Bibliollieca</strong></span> <span class='ocrx_word' id='word_1_270' title='bbox 2298 2732 2825 2804; x_wconf 69' lang='lat' dir='ltr'><strong>nunuscriptorum.)</strong></span> 
     </span>
    </p>
   </div>
   <div class='ocr_carea' id='block_1_42' title="bbox 1919 2896 2304 2914">
    <p class='ocr_par' dir='ltr' id='par_1_42' title="bbox 1919 2896 2304 2914">
     <span class='ocr_line' id='line_1_42' title="bbox 1919 2896 2304 2914; baseline 0 -6"><span class='ocrx_word' id='word_1_271' title='bbox 1919 2896 2304 2914; x_wconf 71' lang='lat'><strong>———_</strong></span> 
     </span>
    </p>
   </div>
   <div class='ocr_carea' id='block_1_43' title="bbox 463 3024 1716 3096">
    <p class='ocr_par' dir='ltr' id='par_1_43' title="bbox 463 3024 1716 3096">
     <span class='ocr_line' id='line_1_43' title="bbox 463 3024 1716 3096; baseline -0.006 -10"><span class='ocrx_word' id='word_1_272' title='bbox 463 3055 505 3079; x_wconf 75' lang='grc' dir='ltr'><strong><em>ο</em></strong></span> <span class='ocrx_word' id='word_1_273' title='bbox 900 3027 1027 3083; x_wconf 69' lang='grc' dir='ltr'><strong>ομ».</strong></span> <span class='ocrx_word' id='word_1_274' title='bbox 1054 3028 1093 3082; x_wconf 93' lang='lat' dir='ltr'><strong>l.</strong></span> <span class='ocrx_word' id='word_1_275' title='bbox 1114 3057 1180 3067; x_wconf 92' lang='lat'><strong>——</strong></span> <span class='ocrx_word' id='word_1_276' title='bbox 1208 3026 1281 3081; x_wconf 82' lang='lat' dir='ltr'><strong>De</strong></span> <span class='ocrx_word' id='word_1_277' title='bbox 1314 3025 1375 3083; x_wconf 91' lang='lat' dir='ltr'><strong>S.</strong></span> <span class='ocrx_word' id='word_1_278' title='bbox 1417 3024 1716 3096; x_wconf 78' lang='lat' dir='ltr'><strong>Peregrina.</strong></span> 
     </span>
    </p>
   </div>
   <div class='ocr_carea' id='block_1_44' title="bbox 586 3114 2098 3189">
    <p class='ocr_par' dir='ltr' id='par_1_44' title="bbox 586 3114 2098 3189">
     <span class='ocr_line' id='line_1_44' title="bbox 586 3114 2098 3189; baseline -0.003 -12"><span class='ocrx_word' id='word_1_279' title='bbox 586 3120 846 3177; x_wconf 85' lang='lat' dir='ltr'><strong>Sanctum</strong></span> <span class='ocrx_word' id='word_1_280' title='bbox 871 3117 1246 3189; x_wconf 80' lang='lat' dir='ltr'><strong>Peregrinum,</strong></span> <span class='ocrx_word' id='word_1_281' title='bbox 1273 3115 1419 3171; x_wconf 85' lang='lat' dir='ltr'><strong>beati</strong></span> <span class='ocrx_word' id='word_1_282' title='bbox 1453 3114 1592 3170; x_wconf 80' lang='lat' dir='ltr'><strong>Sixti</strong></span> <span class='ocrx_word' id='word_1_283' title='bbox 1620 3115 1931 3185; x_wconf 60' lang='lat' dir='ltr'><strong>apostolicae</strong></span> <span class='ocrx_word' id='word_1_284' title='bbox 1953 3114 2098 3172; x_wconf 76' lang='lat' dir='ltr'><strong>sedis</strong></span> 
     </span>
    </p>
   </div>
   <div class='ocr_carea' id='block_1_45' title="bbox 513 3207 2101 3284">
    <p class='ocr_par' dir='ltr' id='par_1_45' title="bbox 513 3207 2101 3284">
     <span class='ocr_line' id='line_1_45' title="bbox 513 3207 2101 3284; baseline -0.003 -17"><span class='ocrx_word' id='word_1_285' title='bbox 513 3210 765 3284; x_wconf 84' lang='lat' dir='ltr'><strong>primatis</strong></span> <span class='ocrx_word' id='word_1_286' title='bbox 787 3207 1270 3264; x_wconf 83' lang='lat' dir='ltr'><strong>intercessionibus</strong></span> <span class='ocrx_word' id='word_1_287' title='bbox 1292 3207 1452 3262; x_wconf 89' lang='lat' dir='ltr'><strong>simul</strong></span> <span class='ocrx_word' id='word_1_288' title='bbox 1481 3216 1536 3262; x_wconf 91' lang='lat' dir='ltr'><strong>et</strong></span> <span class='ocrx_word' id='word_1_289' title='bbox 1571 3208 1781 3263; x_wconf 87' lang='lat' dir='ltr'><strong>meritis</strong></span> <span class='ocrx_word' id='word_1_290' title='bbox 1812 3223 2101 3265; x_wconf 84' lang='lat' dir='ltr'><strong>consecra-</strong></span> 
     </span>
    </p>
   </div>
   <div class='ocr_carea' id='block_1_46' title="bbox 518 3297 2099 3372">
    <p class='ocr_par' dir='ltr' id='par_1_46' title="bbox 518 3297 2099 3372">
     <span class='ocr_line' id='line_1_46' title="bbox 518 3297 2099 3372; baseline -0.003 -15"><span class='ocrx_word' id='word_1_291' title='bbox 518 3312 631 3357; x_wconf 74' lang='lat' dir='ltr'><strong>tum</strong></span> <span class='ocrx_word' id='word_1_292' title='bbox 654 3301 962 3372; x_wconf 86' lang='lat' dir='ltr'><strong>episcopum</strong></span> <span class='ocrx_word' id='word_1_293' title='bbox 995 3308 1175 3354; x_wconf 76' lang='lat' dir='ltr'><strong>textus</strong></span> <span class='ocrx_word' id='word_1_294' title='bbox 1197 3297 1479 3369; x_wconf 79' lang='lat' dir='ltr'><strong>passionis</strong></span> <span class='ocrx_word' id='word_1_295' title='bbox 1510 3297 1679 3368; x_wconf 89' lang='lat' dir='ltr'><strong>ipsius</strong></span> <span class='ocrx_word' id='word_1_296' title='bbox 1710 3298 1850 3353; x_wconf 90' lang='lat' dir='ltr'><strong>scire</strong></span> <span class='ocrx_word' id='word_1_297' title='bbox 1874 3298 2099 3368; x_wconf 86' lang='lat' dir='ltr'><strong>cupien-</strong></span> 
     </span>
    </p>
   </div>
   <div class='ocr_carea' id='block_1_47' title="bbox 515 3386 2097 3457">
    <p class='ocr_par' dir='ltr' id='par_1_47' title="bbox 515 3386 2097 3457">
     <span class='ocr_line' id='line_1_47' title="bbox 515 3386 2097 3457; baseline -0.002 -11"><span class='ocrx_word' id='word_1_298' title='bbox 515 3393 663 3448; x_wconf 85' lang='lat' dir='ltr'><strong>tibus</strong></span> <span class='ocrx_word' id='word_1_299' title='bbox 691 3390 922 3446; x_wconf 83' lang='lat' dir='ltr'><strong>lideliter</strong></span> <span class='ocrx_word' id='word_1_300' title='bbox 970 3390 1181 3445; x_wconf 89' lang='lat' dir='ltr'><strong>edocet.</strong></span> <span class='ocrx_word' id='word_1_301' title='bbox 1221 3387 1503 3457; x_wconf 86' lang='lat' dir='ltr'><strong>Siquidem</strong></span> <span class='ocrx_word' id='word_1_302' title='bbox 1552 3386 1979 3443; x_wconf 80' lang='lat' dir='ltr'><strong>Christianitatis</strong></span> <span class='ocrx_word' id='word_1_303' title='bbox 2009 3402 2097 3443; x_wconf 81' lang='lat' dir='ltr'><strong>re-</strong></span> 
     </span>
    </p>
   </div>
   <div class='ocr_carea' id='block_1_48' title="bbox 514 3476 2100 3552">
    <p class='ocr_par' dir='ltr' id='par_1_48' title="bbox 514 3476 2100 3552">
     <span class='ocr_line' id='line_1_48' title="bbox 514 3476 2100 3552; baseline -0.001 -16"><span class='ocrx_word' id='word_1_304' title='bbox 514 3482 674 3552; x_wconf 84' lang='lat' dir='ltr'><strong>ligio,</strong></span> <span class='ocrx_word' id='word_1_305' title='bbox 720 3496 879 3551; x_wconf 68' lang='lat' dir='ltr'><strong>quae,</strong></span> <span class='ocrx_word' id='word_1_306' title='bbox 928 3495 958 3534; x_wconf 93' lang='lat' dir='ltr'><strong>a</strong></span> <span class='ocrx_word' id='word_1_307' title='bbox 1006 3488 1249 3550; x_wconf 89' lang='lat' dir='ltr'><strong>tempore</strong></span> <span class='ocrx_word' id='word_1_308' title='bbox 1282 3478 1428 3533; x_wconf 89' lang='lat' dir='ltr'><strong>beati</strong></span> <span class='ocrx_word' id='word_1_309' title='bbox 1471 3476 1769 3539; x_wconf 87' lang='lat' dir='ltr'><strong>Clementis</strong></span> <span class='ocrx_word' id='word_1_310' title='bbox 1799 3492 1971 3549; x_wconf 86' lang='lat' dir='ltr'><strong>papae,</strong></span> <span class='ocrx_word' id='word_1_311' title='bbox 2001 3492 2100 3548; x_wconf 91' lang='lat' dir='ltr'><strong>per</strong></span> 
     </span>
    </p>
   </div>
   <div class='ocr_carea' id='block_1_49' title="bbox 516 3567 2101 3628">
    <p class='ocr_par' dir='ltr' id='par_1_49' title="bbox 516 3567 2101 3628">
     <span class='ocr_line' id='line_1_49' title="bbox 516 3567 2101 3628; baseline -0.003 0"><span class='ocrx_word' id='word_1_312' title='bbox 516 3572 861 3628; x_wconf 81' lang='lat' dir='ltr'><strong>ﬁdelissimos</strong></span> <span class='ocrx_word' id='word_1_313' title='bbox 882 3570 1033 3626; x_wconf 91' lang='lat' dir='ltr'><strong>verbi</strong></span> <span class='ocrx_word' id='word_1_314' title='bbox 1057 3570 1154 3625; x_wconf 90' lang='lat' dir='ltr'><strong>Dei</strong></span> <span class='ocrx_word' id='word_1_315' title='bbox 1181 3570 1442 3627; x_wconf 87' lang='lat' dir='ltr'><strong>minstros</strong></span> <span class='ocrx_word' id='word_1_316' title='bbox 1463 3567 1815 3624; x_wconf 89' lang='lat' dir='ltr'><strong>Savinianum</strong></span> <span class='ocrx_word' id='word_1_317' title='bbox 1848 3567 2101 3624; x_wconf 86' lang='lat' dir='ltr'><strong>videlicet</strong></span> 
     </span>
    </p>
   </div>
   <div class='ocr_carea' id='block_1_50' title="bbox 519 3660 2098 3733">
    <p class='ocr_par' dir='ltr' id='par_1_50' title="bbox 519 3660 2098 3733">
     <span class='ocr_line' id='line_1_50' title="bbox 519 3660 2098 3733; baseline -0.003 -13"><span class='ocrx_word' id='word_1_318' title='bbox 519 3663 888 3721; x_wconf 88' lang='lat' dir='ltr'><strong>Senonensem</strong></span> <span class='ocrx_word' id='word_1_319' title='bbox 914 3662 1256 3733; x_wconf 81' lang='lat' dir='ltr'><strong>pontiﬁcem,</strong></span> <span class='ocrx_word' id='word_1_320' title='bbox 1298 3661 1612 3732; x_wconf 88' lang='lat' dir='ltr'><strong>Dionysium</strong></span> <span class='ocrx_word' id='word_1_321' title='bbox 1647 3660 2098 3727; x_wconf 89' lang='lat' dir='ltr'><strong>Parisiacensem,</strong></span> 
     </span>
    </p>
   </div>
   <div class='ocr_carea' id='block_1_51' title="bbox 521 3749 2098 3815">
    <p class='ocr_par' dir='ltr' id='par_1_51' title="bbox 521 3749 2098 3815">
     <span class='ocr_line' id='line_1_51' title="bbox 521 3749 2098 3815; baseline -0.003 -7"><span class='ocrx_word' id='word_1_322' title='bbox 521 3753 829 3809; x_wconf 88' lang='lat' dir='ltr'><strong>Ursicinum</strong></span> <span class='ocrx_word' id='word_1_323' title='bbox 850 3751 1266 3814; x_wconf 88' lang='lat' dir='ltr'><strong>Bituricensem,</strong></span> <span class='ocrx_word' id='word_1_324' title='bbox 1306 3750 1608 3807; x_wconf 85' lang='lat' dir='ltr'><strong>Martialem</strong></span> <span class='ocrx_word' id='word_1_325' title='bbox 1632 3749 2098 3815; x_wconf 86' lang='lat' dir='ltr'><strong>Lemovicensem,</strong></span> 
     </span>
    </p>
   </div>
   <div class='ocr_carea' id='block_1_52' title="bbox 520 3838 2096 3906">
    <p class='ocr_par' dir='ltr' id='par_1_52' title="bbox 520 3838 2096 3906">
     <span class='ocr_line' id='line_1_52' title="bbox 520 3838 2096 3906; baseline -0.004 -8"><span class='ocrx_word' id='word_1_326' title='bbox 520 3840 872 3899; x_wconf 87' lang='lat' dir='ltr'><strong>Saturninum</strong></span> <span class='ocrx_word' id='word_1_327' title='bbox 898 3842 1244 3906; x_wconf 87' lang='lat' dir='ltr'><strong>Tolosanum,</strong></span> <span class='ocrx_word' id='word_1_328' title='bbox 1278 3839 1592 3895; x_wconf 87' lang='lat' dir='ltr'><strong>Memmium</strong></span> <span class='ocrx_word' id='word_1_329' title='bbox 1620 3838 2096 3904; x_wconf 77' lang='lat' dir='ltr'><strong>Catalaunensem,</strong></span> 
     </span>
    </p>
   </div>
   <div class='ocr_carea' id='block_1_53' title="bbox 519 3927 2097 4003">
    <p class='ocr_par' dir='ltr' id='par_1_53' title="bbox 519 3927 2097 4003">
     <span class='ocr_line' id='line_1_53' title="bbox 519 3927 2097 4003; baseline -0.003 -15"><span class='ocrx_word' id='word_1_330' title='bbox 519 3942 813 3988; x_wconf 78' lang='lat' dir='ltr'><strong>eieterosve</strong></span> <span class='ocrx_word' id='word_1_331' title='bbox 838 3947 937 4003; x_wconf 90' lang='lat' dir='ltr'><strong>per</strong></span> <span class='ocrx_word' id='word_1_332' title='bbox 959 3931 1268 3987; x_wconf 74' lang='lat' dir='ltr'><strong>Gallicanae</strong></span> <span class='ocrx_word' id='word_1_333' title='bbox 1294 3929 1607 3999; x_wconf 88' lang='lat' dir='ltr'><strong>provincias</strong></span> <span class='ocrx_word' id='word_1_334' title='bbox 1637 3942 1759 3984; x_wconf 88' lang='lat' dir='ltr'><strong>sese</strong></span> <span class='ocrx_word' id='word_1_335' title='bbox 1785 3927 2097 3994; x_wconf 77' lang='lat' dir='ltr'><strong>diﬂ&#39;uderat,</strong></span> 
     </span>
    </p>
   </div>
   <div class='ocr_carea' id='block_1_54' title="bbox 519 4020 2101 4096">
    <p class='ocr_par' dir='ltr' id='par_1_54' title="bbox 519 4020 2101 4096">
     <span class='ocr_line' id='line_1_54' title="bbox 519 4020 2101 4096; baseline -0.003 -18"><span class='ocrx_word' id='word_1_336' title='bbox 519 4024 778 4096; x_wconf 90' lang='lat' dir='ltr'><strong>paulatim</strong></span> <span class='ocrx_word' id='word_1_337' title='bbox 806 4038 837 4077; x_wconf 91' lang='lat' dir='ltr'><strong>a</strong></span> <span class='ocrx_word' id='word_1_338' title='bbox 877 4032 1055 4078; x_wconf 88' lang='lat' dir='ltr'><strong>status</strong></span> <span class='ocrx_word' id='word_1_339' title='bbox 1089 4024 1171 4078; x_wconf 89' lang='lat' dir='ltr'><strong>sui</strong></span> <span class='ocrx_word' id='word_1_340' title='bbox 1207 4021 1533 4077; x_wconf 86' lang='lat' dir='ltr'><strong>rectitudine</strong></span> <span class='ocrx_word' id='word_1_341' title='bbox 1557 4020 1898 4076; x_wconf 87' lang='lat' dir='ltr'><strong>obsolescere</strong></span> <span class='ocrx_word' id='word_1_342' title='bbox 1923 4033 2101 4089; x_wconf 65' lang='lat' dir='ltr'><strong>coepe-</strong></span> 
     </span>
    </p>
   </div>
   <div class='ocr_carea' id='block_1_55' title="bbox 521 4110 2101 4183">
    <p class='ocr_par' dir='ltr' id='par_1_55' title="bbox 521 4110 2101 4183">
     <span class='ocr_line' id='line_1_55' title="bbox 521 4110 2101 4183; baseline -0.002 -15"><span class='ocrx_word' id='word_1_343' title='bbox 521 4123 627 4169; x_wconf 87' lang='lat' dir='ltr'><strong>rat.</strong></span> <span class='ocrx_word' id='word_1_344' title='bbox 671 4113 881 4183; x_wconf 82' lang='lat' dir='ltr'><strong>Quippe</strong></span> <span class='ocrx_word' id='word_1_345' title='bbox 933 4128 1056 4183; x_wconf 86' lang='lat' dir='ltr'><strong>quae</strong></span> <span class='ocrx_word' id='word_1_346' title='bbox 1101 4122 1209 4166; x_wconf 91' lang='lat' dir='ltr'><strong>tam</strong></span> <span class='ocrx_word' id='word_1_347' title='bbox 1240 4112 1472 4177; x_wconf 87' lang='lat' dir='ltr'><strong>validis,</strong></span> <span class='ocrx_word' id='word_1_348' title='bbox 1531 4121 1752 4181; x_wconf 90' lang='lat' dir='ltr'><strong>tamque</strong></span> <span class='ocrx_word' id='word_1_349' title='bbox 1804 4110 2101 4181; x_wconf 87' lang='lat' dir='ltr'><strong>tyrannicis</strong></span> 
     </span>
    </p>
   </div>
   <div class='ocr_carea' id='block_1_56' title="bbox 522 4203 1298 4273">
    <p class='ocr_par' dir='ltr' id='par_1_56' title="bbox 522 4203 1298 4273">
     <span class='ocr_line' id='line_1_56' title="bbox 522 4203 1298 4273; baseline -0.003 -16"><span class='ocrx_word' id='word_1_350' title='bbox 522 4204 935 4273; x_wconf 81' lang='lat' dir='ltr'><strong>oppugnabatur</strong></span> <span class='ocrx_word' id='word_1_351' title='bbox 976 4203 1298 4257; x_wconf 84' lang='lat' dir='ltr'><strong>incursibus.</strong></span> 
     </span>
    </p>
   </div>
   <div class='ocr_carea' id='block_1_57' title="bbox 605 4291 2096 4364">
    <p class='ocr_par' dir='ltr' id='par_1_57' title="bbox 605 4291 2096 4364">
     <span class='ocr_line' id='line_1_57' title="bbox 605 4291 2096 4364; baseline -0.001 -15"><span class='ocrx_word' id='word_1_352' title='bbox 605 4295 902 4364; x_wconf 85' lang='lat' dir='ltr'><strong>Imperator</strong></span> <span class='ocrx_word' id='word_1_353' title='bbox 949 4308 1182 4362; x_wconf 88' lang='lat' dir='ltr'><strong>namque</strong></span> <span class='ocrx_word' id='word_1_354' title='bbox 1256 4291 1583 4348; x_wconf 83' lang='lat' dir='ltr'><strong>Aurelianus</strong></span> <span class='ocrx_word' id='word_1_355' title='bbox 1635 4308 1762 4363; x_wconf 83' lang='lat' dir='ltr'><strong>erga</strong></span> <span class='ocrx_word' id='word_1_356' title='bbox 1810 4293 2096 4349; x_wconf 92' lang='lat' dir='ltr'><strong>Dominum</strong></span> 
     </span>
    </p>
   </div>
   <div class='ocr_carea' id='block_1_58' title="bbox 518 4374 2099 4457">
    <p class='ocr_par' dir='ltr' id='par_1_58' title="bbox 518 4374 2099 4457">
     <span class='ocr_line' id='line_1_58' title="bbox 518 4374 2099 4457; baseline -0.003 -13"><span class='ocrx_word' id='word_1_357' title='bbox 518 4380 647 4444; x_wconf 73' lang='grc' dir='ltr'><strong>ὀωιί</strong></span> <span class='ocrx_word' id='word_1_358' title='bbox 683 4386 938 4457; x_wconf 83' lang='lat' dir='ltr'><strong>profanus</strong></span> <span class='ocrx_word' id='word_1_359' title='bbox 967 4387 1189 4456; x_wconf 77' lang='lat' dir='ltr'><strong>cupiens</strong></span> <span class='ocrx_word' id='word_1_360' title='bbox 1214 4385 1431 4456; x_wconf 86' lang='lat' dir='ltr'><strong>placere</strong></span> <span class='ocrx_word' id='word_1_361' title='bbox 1476 4386 1580 4442; x_wconf 91' lang='lat' dir='ltr'><strong>diis</strong></span> <span class='ocrx_word' id='word_1_362' title='bbox 1622 4374 1763 4451; x_wconf 76' lang='lat' dir='ltr'><strong>suis,</strong></span> <span class='ocrx_word' id='word_1_363' title='bbox 1800 4384 1855 4439; x_wconf 89' lang='lat' dir='ltr'><strong>in</strong></span> <span class='ocrx_word' id='word_1_364' title='bbox 1893 4393 2099 4440; x_wconf 88' lang='lat' dir='ltr'><strong>tantam</strong></span> 
     </span>
    </p>
   </div>
   <div class='ocr_carea' id='block_1_59' title="bbox 525 4476 2099 4548">
    <p class='ocr_par' dir='ltr' id='par_1_59' title="bbox 525 4476 2099 4548">
     <span class='ocr_line' id='line_1_59' title="bbox 525 4476 2099 4548; baseline -0.003 -13"><span class='ocrx_word' id='word_1_365' title='bbox 525 4480 734 4535; x_wconf 88' lang='lat' dir='ltr'><strong>rabiem</strong></span> <span class='ocrx_word' id='word_1_366' title='bbox 786 4478 1181 4548; x_wconf 86' lang='lat' dir='ltr'><strong>persecutionis</strong></span> <span class='ocrx_word' id='word_1_367' title='bbox 1234 4477 1381 4532; x_wconf 91' lang='lat' dir='ltr'><strong>circa</strong></span> <span class='ocrx_word' id='word_1_368' title='bbox 1426 4476 1767 4533; x_wconf 84' lang='lat' dir='ltr'><strong>Christianos</strong></span> <span class='ocrx_word' id='word_1_369' title='bbox 1800 4484 2099 4540; x_wconf 79' lang='lat' dir='ltr'><strong>exarserat,</strong></span> 
     </span>
    </p>
   </div>
   <div class='ocr_carea' id='block_1_60' title="bbox 525 4570 2101 4644">
    <p class='ocr_par' dir='ltr' id='par_1_60' title="bbox 525 4570 2101 4644">
     <span class='ocr_line' id='line_1_60' title="bbox 525 4570 2101 4644; baseline -0.003 -15"><span class='ocrx_word' id='word_1_370' title='bbox 525 4583 587 4629; x_wconf 92' lang='lat' dir='ltr'><strong>ut</strong></span> <span class='ocrx_word' id='word_1_371' title='bbox 639 4582 760 4644; x_wconf 90' lang='lat' dir='ltr'><strong>post</strong></span> <span class='ocrx_word' id='word_1_372' title='bbox 810 4574 1099 4629; x_wconf 90' lang='lat' dir='ltr'><strong>multorum</strong></span> <span class='ocrx_word' id='word_1_373' title='bbox 1138 4582 1437 4643; x_wconf 84' lang='lat' dir='ltr'><strong>martyrum</strong></span> <span class='ocrx_word' id='word_1_374' title='bbox 1488 4586 1727 4642; x_wconf 81' lang='lat' dir='ltr'><strong>agones,</strong></span> <span class='ocrx_word' id='word_1_375' title='bbox 1777 4585 1913 4641; x_wconf 89' lang='lat' dir='ltr'><strong>quos</strong></span> <span class='ocrx_word' id='word_1_376' title='bbox 1962 4570 2101 4640; x_wconf 87' lang='lat' dir='ltr'><strong>apttd</strong></span> 
     </span>
    </p>
   </div>
   <div class='ocr_carea' id='block_1_61' title="bbox 523 4662 2100 4740">
    <p class='ocr_par' dir='ltr' id='par_1_61' title="bbox 523 4662 2100 4740">
     <span class='ocr_line' id='line_1_61' title="bbox 523 4662 2100 4740; baseline -0.001 -22"><span class='ocrx_word' id='word_1_377' title='bbox 523 4663 717 4740; x_wconf 79' lang='lat' dir='ltr'><strong>urbem</strong></span> <span class='ocrx_word' id='word_1_378' title='bbox 746 4663 975 4718; x_wconf 80' lang='lat' dir='ltr'><strong>Romam</strong></span> <span class='ocrx_word' id='word_1_379' title='bbox 1000 4664 1204 4719; x_wconf 90' lang='lat' dir='ltr'><strong>crudeli</strong></span> <span class='ocrx_word' id='word_1_380' title='bbox 1230 4673 1404 4719; x_wconf 90' lang='lat' dir='ltr'><strong>morte</strong></span> <span class='ocrx_word' id='word_1_381' title='bbox 1450 4665 1823 4727; x_wconf 86' lang='lat' dir='ltr'><strong>damnaverat,</strong></span> <span class='ocrx_word' id='word_1_382' title='bbox 1852 4662 2016 4718; x_wconf 89' lang='lat' dir='ltr'><strong>etiam</strong></span> <span class='ocrx_word' id='word_1_383' title='bbox 2046 4662 2100 4717; x_wconf 90' lang='lat' dir='ltr'><strong>in</strong></span> 
     </span>
    </p>
   </div>
   <div class='ocr_carea' id='block_1_62' title="bbox 528 4753 2103 4823">
    <p class='ocr_par' dir='ltr' id='par_1_62' title="bbox 528 4753 2103 4823">
     <span class='ocr_line' id='line_1_62' title="bbox 528 4753 2103 4823; baseline -0.001 -13"><span class='ocrx_word' id='word_1_384' title='bbox 528 4753 729 4810; x_wconf 87' lang='lat' dir='ltr'><strong>Gallias</strong></span> <span class='ocrx_word' id='word_1_385' title='bbox 765 4755 832 4810; x_wconf 88' lang='lat' dir='ltr'><strong>ad</strong></span> <span class='ocrx_word' id='word_1_386' title='bbox 870 4754 1158 4809; x_wconf 88' lang='lat' dir='ltr'><strong>delendum</strong></span> <span class='ocrx_word' id='word_1_387' title='bbox 1189 4753 1612 4809; x_wconf 87' lang='lat' dir='ltr'><strong>Christianitatis</strong></span> <span class='ocrx_word' id='word_1_388' title='bbox 1655 4768 1848 4808; x_wconf 90' lang='lat' dir='ltr'><strong>nomen</strong></span> <span class='ocrx_word' id='word_1_389' title='bbox 1879 4768 1977 4823; x_wconf 91' lang='lat' dir='ltr'><strong>per</strong></span> <span class='ocrx_word' id='word_1_390' title='bbox 2016 4768 2103 4808; x_wconf 82' lang='lat' dir='ltr'><strong>se-</strong></span> 
     </span>
    </p>
   </div>
   <div class='ocr_carea' id='block_1_63' title="bbox 532 4843 2101 4915">
    <p class='ocr_par' dir='ltr' id='par_1_63' title="bbox 532 4843 2101 4915">
     <span class='ocr_line' id='line_1_63' title="bbox 532 4843 2101 4915; baseline -0.001 -15"><span class='ocrx_word' id='word_1_391' title='bbox 532 4846 827 4915; x_wconf 87' lang='lat' dir='ltr'><strong>metipsum</strong></span> <span class='ocrx_word' id='word_1_392' title='bbox 855 4853 1176 4901; x_wconf 89' lang='lat' dir='ltr'><strong>emerserat.</strong></span> <span class='ocrx_word' id='word_1_393' title='bbox 1195 4843 1435 4900; x_wconf 71' lang='lat' dir='ltr'><strong>Veniens</strong></span> <span class='ocrx_word' id='word_1_394' title='bbox 1456 4845 1638 4915; x_wconf 89' lang='lat' dir='ltr'><strong>itaque</strong></span> <span class='ocrx_word' id='word_1_395' title='bbox 1660 4844 1801 4914; x_wconf 90' lang='lat' dir='ltr'><strong>apud</strong></span> <span class='ocrx_word' id='word_1_396' title='bbox 1829 4844 2101 4899; x_wconf 90' lang='lat' dir='ltr'><strong>civitatem</strong></span> 
     </span>
    </p>
   </div>
   <div class='ocr_carea' id='block_1_64' title="bbox 531 4935 2102 5010">
    <p class='ocr_par' dir='ltr' id='par_1_64' title="bbox 531 4935 2102 5010">
     <span class='ocr_line' id='line_1_64' title="bbox 531 4935 2102 5010; baseline 0 -18"><span class='ocrx_word' id='word_1_397' title='bbox 531 4937 974 5010; x_wconf 81' lang='lat' dir='ltr'><strong>Senonicensem,</strong></span> <span class='ocrx_word' id='word_1_398' title='bbox 1008 4951 1357 5007; x_wconf 88' lang='lat' dir='ltr'><strong>quoscunque</strong></span> <span class='ocrx_word' id='word_1_399' title='bbox 1388 4937 1461 4991; x_wconf 89' lang='lat' dir='ltr'><strong>ibi</strong></span> <span class='ocrx_word' id='word_1_400' title='bbox 1513 4936 1714 5007; x_wconf 89' lang='lat' dir='ltr'><strong>reperit</strong></span> <span class='ocrx_word' id='word_1_401' title='bbox 1761 4935 2102 4992; x_wconf 86' lang='lat' dir='ltr'><strong>Christianos</strong></span> 
     </span>
    </p>
   </div>
   <div class='ocr_carea' id='block_1_65' title="bbox 530 5023 2105 5103">
    <p class='ocr_par' dir='ltr' id='par_1_65' title="bbox 530 5023 2105 5103">
     <span class='ocr_line' id='line_1_65' title="bbox 530 5023 2105 5103; baseline -0.002 -21"><span class='ocrx_word' id='word_1_402' title='bbox 530 5027 690 5082; x_wconf 87' lang='lat' dir='ltr'><strong>simul</strong></span> <span class='ocrx_word' id='word_1_403' title='bbox 715 5036 778 5081; x_wconf 77' lang='lat' dir='ltr'><strong>et‘</strong></span> <span class='ocrx_word' id='word_1_404' title='bbox 796 5027 1007 5103; x_wconf 83' lang='lat' dir='ltr'><strong>beatam</strong></span> <span class='ocrx_word' id='word_1_405' title='bbox 1028 5026 1342 5081; x_wconf 90' lang='lat' dir='ltr'><strong>Columbam</strong></span> <span class='ocrx_word' id='word_1_406' title='bbox 1370 5026 1632 5097; x_wconf 83' lang='lat' dir='ltr'><strong>virginem</strong></span> <span class='ocrx_word' id='word_1_407' title='bbox 1662 5023 1839 5096; x_wconf 88' lang='lat' dir='ltr'><strong>gladio</strong></span> <span class='ocrx_word' id='word_1_408' title='bbox 1861 5025 2105 5080; x_wconf 88' lang='lat' dir='ltr'><strong>animad-</strong></span> 
     </span>
    </p>
   </div>
   <div class='ocr_carea' id='block_1_66' title="bbox 530 5119 2107 5191">
    <p class='ocr_par' dir='ltr' id='par_1_66' title="bbox 530 5119 2107 5191">
     <span class='ocr_line' id='line_1_66' title="bbox 530 5119 2107 5191; baseline 0.002 -17"><span class='ocrx_word' id='word_1_409' title='bbox 530 5120 665 5174; x_wconf 85' lang='lat' dir='ltr'><strong>verti</strong></span> <span class='ocrx_word' id='word_1_410' title='bbox 693 5120 964 5191; x_wconf 79' lang='lat' dir='ltr'><strong>praecepit.</strong></span> <span class='ocrx_word' id='word_1_411' title='bbox 992 5119 1198 5175; x_wconf 88' lang='lat' dir='ltr'><strong>Deinde</strong></span> <span class='ocrx_word' id='word_1_412' title='bbox 1221 5135 1351 5175; x_wconf 91' lang='lat' dir='ltr'><strong>vero</strong></span> <span class='ocrx_word' id='word_1_413' title='bbox 1387 5120 1681 5176; x_wconf 81' lang='lat' dir='ltr'><strong>ferocitatis</strong></span> <span class='ocrx_word' id='word_1_414' title='bbox 1726 5135 1836 5177; x_wconf 87' lang='lat' dir='ltr'><strong>suae</strong></span> <span class='ocrx_word' id='word_1_415' title='bbox 1881 5121 2107 5177; x_wconf 89' lang='lat' dir='ltr'><strong>comites</strong></span> 
     </span>
    </p>
   </div>
   <div class='ocr_carea' id='block_1_67' title="bbox 532 5210 2105 5282">
    <p class='ocr_par' dir='ltr' id='par_1_67' title="bbox 532 5210 2105 5282">
     <span class='ocr_line' id='line_1_67' title="bbox 532 5210 2105 5282; baseline 0 -17"><span class='ocrx_word' id='word_1_416' title='bbox 532 5210 602 5266; x_wconf 91' lang='lat' dir='ltr'><strong>ad</strong></span> <span class='ocrx_word' id='word_1_417' title='bbox 648 5211 1051 5282; x_wconf 89' lang='lat' dir='ltr'><strong>investigandos</strong></span> <span class='ocrx_word' id='word_1_418' title='bbox 1090 5211 1431 5268; x_wconf 88' lang='lat' dir='ltr'><strong>Christianos</strong></span> <span class='ocrx_word' id='word_1_419' title='bbox 1471 5227 1568 5281; x_wconf 90' lang='lat' dir='ltr'><strong>per</strong></span> <span class='ocrx_word' id='word_1_420' title='bbox 1614 5228 1828 5269; x_wconf 85' lang='lat' dir='ltr'><strong>omnem</strong></span> <span class='ocrx_word' id='word_1_421' title='bbox 1876 5210 2105 5268; x_wconf 88' lang='lat' dir='ltr'><strong>Galliam</strong></span> 
     </span>
    </p>
   </div>
   <div class='ocr_carea' id='block_1_68' title="bbox 534 5302 948 5336">
    <p class='ocr_par' dir='ltr' id='par_1_68' title="bbox 534 5302 948 5336">
     <span class='ocr_line' id='line_1_68' title="bbox 534 5302 948 5336; baseline 0 0"><span class='ocrx_word' id='word_1_422' title='bbox 534 5302 677 5336; x_wconf 68' lang='grc' dir='ltr'><strong>πηῖιοῖι</strong></span> <span class='ocrx_word' id='word_1_423' title='bbox 732 5302 948 5336; x_wconf 59' lang='lat' dir='ltr'><strong>paruam:</strong></span> 
     </span>
    </p>
   </div>
   <div class='ocr_carea' id='block_1_69' title="bbox 998 5302 2105 5336">
    <p class='ocr_par' dir='ltr' id='par_1_69' title="bbox 998 5302 2105 5336">
     <span class='ocr_line' id='line_1_69' title="bbox 998 5302 2105 5336; baseline 0 0"><span class='ocrx_word' id='word_1_424' title='bbox 998 5303 1163 5336; x_wconf 65' lang='grc' dir='ltr'><strong>ἶηῖιιιιε</strong></span> <span class='ocrx_word' id='word_1_425' title='bbox 1210 5302 1407 5336; x_wconf 65' lang='lat' dir='ltr'><strong>funnncl:</strong></span> <span class='ocrx_word' id='word_1_426' title='bbox 1463 5304 1717 5336; x_wconf 66' lang='lat' dir='ltr'><strong>onlnnhnn</strong></span> <span class='ocrx_word' id='word_1_427' title='bbox 1756 5321 1782 5336; x_wconf 66' lang='grc' dir='ltr'>η</span> <span class='ocrx_word' id='word_1_428' title='bbox 1818 5312 2105 5336; x_wconf 68' lang='lat' dir='ltr'><strong>nnnannnln</strong></span> 
     </span>
    </p>
   </div>
   <div class='ocr_carea' id='block_1_70' title="bbox 2126 3006 3781 3095">
    <p class='ocr_par' dir='ltr' id='par_1_70' title="bbox 2126 3006 3781 3095">
     <span class='ocr_line' id='line_1_70' title="bbox 2126 3006 3781 3095; baseline 0 -16"><span class='ocrx_word' id='word_1_429' title='bbox 2126 3006 2173 3070; x_wconf 89' lang='lat' dir='ltr'><strong>C</strong></span> <span class='ocrx_word' id='word_1_430' title='bbox 2202 3023 2689 3093; x_wconf 59' lang='lat' dir='ltr'><strong>Autissiodurensis</strong></span> <span class='ocrx_word' id='word_1_431' title='bbox 2714 3023 2770 3080; x_wconf 88' lang='lat' dir='ltr'><strong>in</strong></span> <span class='ocrx_word' id='word_1_432' title='bbox 2795 3029 2998 3078; x_wconf 87' lang='lat' dir='ltr'><strong>sortem</strong></span> <span class='ocrx_word' id='word_1_433' title='bbox 3028 3022 3334 3095; x_wconf 88' lang='lat' dir='ltr'><strong>impiissimi</strong></span> <span class='ocrx_word' id='word_1_434' title='bbox 3357 3022 3654 3082; x_wconf 82' lang='lat' dir='ltr'><strong>Alexandri</strong></span> <span class='ocrx_word' id='word_1_435' title='bbox 3696 3038 3781 3079; x_wconf 74' lang='lat' dir='ltr'><strong>sa-</strong></span> 
     </span>
    </p>
   </div>
   <div class='ocr_carea' id='block_1_71' title="bbox 2201 3113 3780 3185">
    <p class='ocr_par' dir='ltr' id='par_1_71' title="bbox 2201 3113 3780 3185">
     <span class='ocr_line' id='line_1_71' title="bbox 2201 3113 3780 3185; baseline 0 -15"><span class='ocrx_word' id='word_1_436' title='bbox 2201 3115 2280 3170; x_wconf 90' lang='lat' dir='ltr'><strong>cri</strong></span> <span class='ocrx_word' id='word_1_437' title='bbox 2322 3114 2507 3172; x_wconf 88' lang='lat' dir='ltr'><strong>lateris</strong></span> <span class='ocrx_word' id='word_1_438' title='bbox 2550 3114 2875 3185; x_wconf 90' lang='lat' dir='ltr'><strong>protectoris</strong></span> <span class='ocrx_word' id='word_1_439' title='bbox 2918 3113 3158 3171; x_wconf 89' lang='lat' dir='ltr'><strong>obvenit.</strong></span> <span class='ocrx_word' id='word_1_440' title='bbox 3200 3114 3510 3172; x_wconf 78' lang='lat' dir='ltr'><strong>Vocabatur</strong></span> <span class='ocrx_word' id='word_1_441' title='bbox 3537 3131 3605 3171; x_wconf 89' lang='lat' dir='ltr'><strong>eo</strong></span> <span class='ocrx_word' id='word_1_442' title='bbox 3646 3125 3780 3171; x_wconf 84' lang='lat' dir='ltr'><strong>tem-</strong></span> 
     </span>
    </p>
   </div>
   <div class='ocr_carea' id='block_1_72' title="bbox 2198 3203 3781 3274">
    <p class='ocr_par' dir='ltr' id='par_1_72' title="bbox 2198 3203 3781 3274">
     <span class='ocr_line' id='line_1_72' title="bbox 2198 3203 3781 3274; baseline 0.001 -16"><span class='ocrx_word' id='word_1_443' title='bbox 2198 3217 2334 3274; x_wconf 89' lang='lat' dir='ltr'><strong>pore</strong></span> <span class='ocrx_word' id='word_1_444' title='bbox 2363 3204 2504 3259; x_wconf 89' lang='lat' dir='ltr'><strong>sacri</strong></span> <span class='ocrx_word' id='word_1_445' title='bbox 2535 3203 2721 3260; x_wconf 90' lang='lat' dir='ltr'><strong>lateris</strong></span> <span class='ocrx_word' id='word_1_446' title='bbox 2764 3211 3041 3274; x_wconf 84' lang='lat' dir='ltr'><strong>protector</strong></span> <span class='ocrx_word' id='word_1_447' title='bbox 3069 3203 3225 3274; x_wconf 86' lang='lat' dir='ltr'><strong>cujus</strong></span> <span class='ocrx_word' id='word_1_448' title='bbox 3252 3212 3374 3259; x_wconf 86' lang='lat' dir='ltr'><strong>erat</strong></span> <span class='ocrx_word' id='word_1_449' title='bbox 3408 3204 3648 3260; x_wconf 73' lang='lat' dir='ltr'><strong>oilicium</strong></span> <span class='ocrx_word' id='word_1_450' title='bbox 3685 3218 3781 3260; x_wconf 78' lang='lat' dir='ltr'><strong>cu-</strong></span> 
     </span>
    </p>
   </div>
   <div class='ocr_carea' id='block_1_73' title="bbox 2199 3292 3784 3364">
    <p class='ocr_par' dir='ltr' id='par_1_73' title="bbox 2199 3292 3784 3364">
     <span class='ocr_line' id='line_1_73' title="bbox 2199 3292 3784 3364; baseline 0.001 -17"><span class='ocrx_word' id='word_1_451' title='bbox 2199 3292 2466 3347; x_wconf 89' lang='lat' dir='ltr'><strong>stodiendi</strong></span> <span class='ocrx_word' id='word_1_452' title='bbox 2521 3293 2924 3361; x_wconf 83' lang='lat' dir='ltr'><strong>imperatorem,</strong></span> <span class='ocrx_word' id='word_1_453' title='bbox 2962 3308 3031 3348; x_wconf 91' lang='lat' dir='ltr'><strong>ne</strong></span> <span class='ocrx_word' id='word_1_454' title='bbox 3079 3293 3150 3349; x_wconf 84' lang='lat' dir='ltr'><strong>ab</strong></span> <span class='ocrx_word' id='word_1_455' title='bbox 3191 3292 3373 3363; x_wconf 90' lang='lat' dir='ltr'><strong>aliquo</strong></span> <span class='ocrx_word' id='word_1_456' title='bbox 3400 3293 3784 3364; x_wconf 84' lang='lat' dir='ltr'><strong>quoquomodo</strong></span> 
     </span>
    </p>
   </div>
   <div class='ocr_carea' id='block_1_74' title="bbox 2198 3381 3780 3453">
    <p class='ocr_par' dir='ltr' id='par_1_74' title="bbox 2198 3381 3780 3453">
     <span class='ocr_line' id='line_1_74' title="bbox 2198 3381 3780 3453; baseline 0.003 -18"><span class='ocrx_word' id='word_1_457' title='bbox 2198 3381 2468 3437; x_wconf 90' lang='lat' dir='ltr'><strong>vulnerari</strong></span> <span class='ocrx_word' id='word_1_458' title='bbox 2495 3382 2674 3438; x_wconf 90' lang='lat' dir='ltr'><strong>subito</strong></span> <span class='ocrx_word' id='word_1_459' title='bbox 2702 3383 2985 3453; x_wconf 89' lang='lat' dir='ltr'><strong>potuisset.</strong></span> <span class='ocrx_word' id='word_1_460' title='bbox 3013 3382 3240 3441; x_wconf 73' lang='lat' dir='ltr'><strong>Plurimi</strong></span> <span class='ocrx_word' id='word_1_461' title='bbox 3266 3385 3468 3440; x_wconf 89' lang='lat' dir='ltr'><strong>etenim</strong></span> <span class='ocrx_word' id='word_1_462' title='bbox 3509 3384 3780 3442; x_wconf 79' lang='lat' dir='ltr'><strong>Christia-</strong></span> 
     </span>
    </p>
   </div>
   <div class='ocr_carea' id='block_1_75' title="bbox 2199 3473 3785 3546">
    <p class='ocr_par' dir='ltr' id='par_1_75' title="bbox 2199 3473 3785 3546">
     <span class='ocr_line' id='line_1_75' title="bbox 2199 3473 3785 3546; baseline 0.004 -20"><span class='ocrx_word' id='word_1_463' title='bbox 2199 3487 2391 3527; x_wconf 87' lang='lat' dir='ltr'><strong>norum</strong></span> <span class='ocrx_word' id='word_1_464' title='bbox 2436 3488 2505 3529; x_wconf 82' lang='lat' dir='ltr'><strong>ex</strong></span> <span class='ocrx_word' id='word_1_465' title='bbox 2545 3473 2777 3528; x_wconf 88' lang='lat' dir='ltr'><strong>diversis</strong></span> <span class='ocrx_word' id='word_1_466' title='bbox 2827 3473 3143 3530; x_wconf 89' lang='lat' dir='ltr'><strong>civitatibus</strong></span> <span class='ocrx_word' id='word_1_467' title='bbox 3186 3484 3510 3546; x_wconf 78' lang='lat' dir='ltr'><strong>prteceptum</strong></span> <span class='ocrx_word' id='word_1_468' title='bbox 3568 3477 3785 3532; x_wconf 86' lang='lat' dir='ltr'><strong>Domini</strong></span> 
     </span>
    </p>
   </div>
   <div class='ocr_carea' id='block_1_76' title="bbox 2198 3561 3782 3635">
    <p class='ocr_par' dir='ltr' id='par_1_76' title="bbox 2198 3561 3782 3635">
     <span class='ocr_line' id='line_1_76' title="bbox 2198 3561 3782 3635; baseline 0.003 -17"><span class='ocrx_word' id='word_1_469' title='bbox 2198 3572 2508 3632; x_wconf 82' lang='lat' dir='ltr'><strong>sequentes,</strong></span> <span class='ocrx_word' id='word_1_470' title='bbox 2536 3563 2628 3619; x_wconf 87' lang='lat' dir='ltr'><strong>ubi</strong></span> <span class='ocrx_word' id='word_1_471' title='bbox 2653 3563 2771 3619; x_wconf 87' lang='lat' dir='ltr'><strong>ait:</strong></span> <span class='ocrx_word' id='word_1_472' title='bbox 2804 3561 2935 3619; x_wconf 82' lang='lat' dir='ltr'><strong>Cum</strong></span> <span class='ocrx_word' id='word_1_473' title='bbox 2961 3581 3052 3619; x_wconf 84' lang='lat' dir='ltr'><strong>vos</strong></span> <span class='ocrx_word' id='word_1_474' title='bbox 3088 3567 3341 3635; x_wconf 71' lang='lat' dir='ltr'><strong>persecuti</strong></span> <span class='ocrx_word' id='word_1_475' title='bbox 3363 3565 3558 3635; x_wconf 79' lang='lat' dir='ltr'><strong>fuerint</strong></span> <span class='ocrx_word' id='word_1_476' title='bbox 3593 3568 3652 3621; x_wconf 85' lang='lat' dir='ltr'><strong>in</strong></span> <span class='ocrx_word' id='word_1_477' title='bbox 3680 3584 3782 3622; x_wconf 76' lang='lat' dir='ltr'><strong>una</strong></span> 
     </span>
    </p>
   </div>
   <div class='ocr_carea' id='block_1_77' title="bbox 2196 3651 3787 3727">
    <p class='ocr_par' dir='ltr' id='par_1_77' title="bbox 2196 3651 3787 3727">
     <span class='ocr_line' id='line_1_77' title="bbox 2196 3651 3787 3727; baseline 0.005 -21"><span class='ocrx_word' id='word_1_478' title='bbox 2196 3653 2440 3719; x_wconf 81' lang='lat' dir='ltr'><strong>civitate,</strong></span> <span class='ocrx_word' id='word_1_479' title='bbox 2475 3653 2639 3724; x_wconf 80' lang='lat' dir='ltr'><strong>fugite</strong></span> <span class='ocrx_word' id='word_1_480' title='bbox 2675 3653 2731 3709; x_wconf 85' lang='lat' dir='ltr'><strong>in</strong></span> <span class='ocrx_word' id='word_1_481' title='bbox 2765 3651 2960 3722; x_wconf 81' lang='lat' dir='ltr'><strong>aliam,</strong></span> <span class='ocrx_word' id='word_1_482' title='bbox 2991 3653 3360 3725; x_wconf 85' lang='lat' dir='ltr'><strong>relinquentes</strong></span> <span class='ocrx_word' id='word_1_483' title='bbox 3403 3656 3658 3727; x_wconf 86' lang='lat' dir='ltr'><strong>proprias</strong></span> <span class='ocrx_word' id='word_1_484' title='bbox 3702 3673 3787 3714; x_wconf 78' lang='lat' dir='ltr'><strong>se-</strong></span> 
     </span>
    </p>
   </div>
   <div class='ocr_carea' id='block_1_78' title="bbox 2199 3741 3787 3814">
    <p class='ocr_par' dir='ltr' id='par_1_78' title="bbox 2199 3741 3787 3814">
     <span class='ocr_line' id='line_1_78' title="bbox 2199 3741 3787 3814; baseline 0.003 -15"><span class='ocrx_word' id='word_1_485' title='bbox 2199 3741 2319 3809; x_wconf 90' lang='lat' dir='ltr'><strong>des,</strong></span> <span class='ocrx_word' id='word_1_486' title='bbox 2345 3744 2413 3797; x_wconf 87' lang='lat' dir='ltr'><strong>ad</strong></span> <span class='ocrx_word' id='word_1_487' title='bbox 2441 3757 2642 3814; x_wconf 89' lang='lat' dir='ltr'><strong>pagum</strong></span> <span class='ocrx_word' id='word_1_488' title='bbox 2670 3742 3204 3800; x_wconf 81' lang='lat' dir='ltr'><strong>Autissiodorensem</strong></span> <span class='ocrx_word' id='word_1_489' title='bbox 3235 3760 3297 3803; x_wconf 90' lang='lat' dir='ltr'><strong>se</strong></span> <span class='ocrx_word' id='word_1_490' title='bbox 3319 3746 3697 3812; x_wconf 88' lang='lat' dir='ltr'><strong>contulerunt,</strong></span> <span class='ocrx_word' id='word_1_491' title='bbox 3722 3761 3787 3803; x_wconf 89' lang='lat' dir='ltr'><strong>eo</strong></span> 
     </span>
    </p>
   </div>
   <div class='ocr_carea' id='block_1_79' title="bbox 2198 3830 3789 3906">
    <p class='ocr_par' dir='ltr' id='par_1_79' title="bbox 2198 3830 3789 3906">
     <span class='ocr_line' id='line_1_79' title="bbox 2198 3830 3789 3906; baseline 0.004 -22"><span class='ocrx_word' id='word_1_492' title='bbox 2198 3830 2342 3903; x_wconf 87' lang='lat' dir='ltr'><strong>quod</strong></span> <span class='ocrx_word' id='word_1_493' title='bbox 2379 3840 2525 3888; x_wconf 87' lang='lat' dir='ltr'><strong>esset</strong></span> <span class='ocrx_word' id='word_1_494' title='bbox 2567 3847 2633 3889; x_wconf 93' lang='lat' dir='ltr'><strong>eo</strong></span> <span class='ocrx_word' id='word_1_495' title='bbox 2668 3842 2911 3904; x_wconf 89' lang='lat' dir='ltr'><strong>tempore</strong></span> <span class='ocrx_word' id='word_1_496' title='bbox 2950 3849 3016 3891; x_wconf 80' lang='lat' dir='ltr'><strong>ex</strong></span> <span class='ocrx_word' id='word_1_497' title='bbox 3046 3834 3283 3891; x_wconf 82' lang='lat' dir='ltr'><strong>maxima</strong></span> <span class='ocrx_word' id='word_1_498' title='bbox 3318 3836 3401 3891; x_wconf 89' lang='lat' dir='ltr'><strong>sui</strong></span> <span class='ocrx_word' id='word_1_499' title='bbox 3432 3845 3590 3906; x_wconf 89' lang='lat' dir='ltr'><strong>parte</strong></span> <span class='ocrx_word' id='word_1_500' title='bbox 3621 3837 3789 3890; x_wconf 86' lang='lat' dir='ltr'><strong>nimia</strong></span> 
     </span>
    </p>
   </div>
   <div class='ocr_carea' id='block_1_80' title="bbox 2198 3921 3789 3995">
    <p class='ocr_par' dir='ltr' id='par_1_80' title="bbox 2198 3921 3789 3995">
     <span class='ocr_line' id='line_1_80' title="bbox 2198 3921 3789 3995; baseline 0.003 -17"><span class='ocrx_word' id='word_1_501' title='bbox 2198 3921 2458 3978; x_wconf 86' lang='lat' dir='ltr'><strong>silvarum</strong></span> <span class='ocrx_word' id='word_1_502' title='bbox 2511 3938 2716 3995; x_wconf 89' lang='lat' dir='ltr'><strong>opacus</strong></span> <span class='ocrx_word' id='word_1_503' title='bbox 2774 3925 3061 3982; x_wconf 89' lang='lat' dir='ltr'><strong>densitate.</strong></span> <span class='ocrx_word' id='word_1_504' title='bbox 3119 3925 3272 3993; x_wconf 85' lang='lat' dir='ltr'><strong>Quod</strong></span> <span class='ocrx_word' id='word_1_505' title='bbox 3342 3927 3567 3983; x_wconf 88' lang='lat' dir='ltr'><strong>minime</strong></span> <span class='ocrx_word' id='word_1_506' title='bbox 3628 3927 3789 3983; x_wconf 87' lang='lat' dir='ltr'><strong>latuit</strong></span> 
     </span>
    </p>
   </div>
   <div class='ocr_carea' id='block_1_81' title="bbox 2197 4010 3788 4088">
    <p class='ocr_par' dir='ltr' id='par_1_81' title="bbox 2197 4010 3788 4088">
     <span class='ocr_line' id='line_1_81' title="bbox 2197 4010 3788 4088; baseline 0.003 -21"><span class='ocrx_word' id='word_1_507' title='bbox 2197 4010 2564 4070; x_wconf 80' lang='lat' dir='ltr'><strong>Alexandrum</strong></span> <span class='ocrx_word' id='word_1_508' title='bbox 2598 4015 2739 4070; x_wconf 86' lang='lat' dir='ltr'><strong>sacri</strong></span> <span class='ocrx_word' id='word_1_509' title='bbox 2769 4013 2956 4071; x_wconf 89' lang='lat' dir='ltr'><strong>lateris</strong></span> <span class='ocrx_word' id='word_1_510' title='bbox 2979 4023 3362 4086; x_wconf 87' lang='lat' dir='ltr'><strong>protectorem.</strong></span> <span class='ocrx_word' id='word_1_511' title='bbox 3387 4017 3634 4088; x_wconf 85' lang='lat' dir='ltr'><strong>Cumque</strong></span> <span class='ocrx_word' id='word_1_512' title='bbox 3660 4034 3788 4088; x_wconf 82' lang='lat' dir='ltr'><strong>per-</strong></span> 
     </span>
    </p>
   </div>
   <div class='ocr_carea' id='block_1_82' title="bbox 2197 4104 3788 4177">
    <p class='ocr_par' dir='ltr' id='par_1_82' title="bbox 2197 4104 3788 4177">
     <span class='ocr_line' id='line_1_82' title="bbox 2197 4104 3788 4177; baseline 0.004 -21"><span class='ocrx_word' id='word_1_513' title='bbox 2197 4104 2437 4159; x_wconf 88' lang='lat' dir='ltr'><strong>venisset</strong></span> <span class='ocrx_word' id='word_1_514' title='bbox 2488 4104 2557 4159; x_wconf 89' lang='lat' dir='ltr'><strong>ad</strong></span> <span class='ocrx_word' id='word_1_515' title='bbox 2599 4104 2813 4173; x_wconf 90' lang='lat' dir='ltr'><strong>locum,</strong></span> <span class='ocrx_word' id='word_1_516' title='bbox 2862 4106 2955 4176; x_wconf 89' lang='lat' dir='ltr'><strong>qui</strong></span> <span class='ocrx_word' id='word_1_517' title='bbox 3001 4105 3257 4163; x_wconf 87' lang='lat' dir='ltr'><strong>Totiacus</strong></span> <span class='ocrx_word' id='word_1_518' title='bbox 3298 4116 3564 4173; x_wconf 86' lang='lat' dir='ltr'><strong>vocatur,</strong></span> <span class='ocrx_word' id='word_1_519' title='bbox 3634 4122 3788 4177; x_wconf 71' lang='lat' dir='ltr'><strong>repe~</strong></span> 
     </span>
    </p>
   </div>
   <div class='ocr_carea' id='block_1_83' title="bbox 2199 4195 3788 4258">
    <p class='ocr_par' dir='ltr' id='par_1_83' title="bbox 2199 4195 3788 4258">
     <span class='ocr_line' id='line_1_83' title="bbox 2199 4195 3788 4258; baseline 0.003 -7"><span class='ocrx_word' id='word_1_520' title='bbox 2199 4196 2274 4251; x_wconf 89' lang='lat' dir='ltr'><strong>rit</strong></span> <span class='ocrx_word' id='word_1_521' title='bbox 2315 4195 2561 4253; x_wconf 87' lang='lat' dir='ltr'><strong>Priscum</strong></span> <span class='ocrx_word' id='word_1_522' title='bbox 2611 4198 2790 4254; x_wconf 89' lang='lat' dir='ltr'><strong>virum</strong></span> <span class='ocrx_word' id='word_1_523' title='bbox 2840 4199 3364 4258; x_wconf 88' lang='lat' dir='ltr'><strong>Cbristianissimum</strong></span> <span class='ocrx_word' id='word_1_524' title='bbox 3397 4201 3637 4257; x_wconf 78' lang='lat' dir='ltr'><strong>maxima</strong></span> <span class='ocrx_word' id='word_1_525' title='bbox 3689 4215 3788 4256; x_wconf 85' lang='lat' dir='ltr'><strong>no-</strong></span> 
     </span>
    </p>
   </div>
   <div class='ocr_carea' id='block_1_84' title="bbox 2198 4286 3786 4362">
    <p class='ocr_par' dir='ltr' id='par_1_84' title="bbox 2198 4286 3786 4362">
     <span class='ocr_line' id='line_1_84' title="bbox 2198 4286 3786 4362; baseline 0.004 -22"><span class='ocrx_word' id='word_1_526' title='bbox 2198 4286 2410 4343; x_wconf 89' lang='lat' dir='ltr'><strong>bilitate</strong></span> <span class='ocrx_word' id='word_1_527' title='bbox 2457 4288 2778 4359; x_wconf 88' lang='lat' dir='ltr'><strong>pollentem,</strong></span> <span class='ocrx_word' id='word_1_528' title='bbox 2825 4293 3115 4362; x_wconf 91' lang='lat' dir='ltr'><strong>multisque</strong></span> <span class='ocrx_word' id='word_1_529' title='bbox 3161 4301 3219 4349; x_wconf 88' lang='lat' dir='ltr'><strong>et</strong></span> <span class='ocrx_word' id='word_1_530' title='bbox 3280 4292 3479 4348; x_wconf 88' lang='lat' dir='ltr'><strong>ibidem</strong></span> <span class='ocrx_word' id='word_1_531' title='bbox 3535 4292 3786 4349; x_wconf 81' lang='lat' dir='ltr'><strong>cohorti-</strong></span> 
     </span>
    </p>
   </div>
   <div class='ocr_carea' id='block_1_85' title="bbox 2204 4377 3787 4453">
    <p class='ocr_par' dir='ltr' id='par_1_85' title="bbox 2204 4377 3787 4453">
     <span class='ocr_line' id='line_1_85' title="bbox 2204 4377 3787 4453; baseline 0.004 -20"><span class='ocrx_word' id='word_1_532' title='bbox 2204 4377 2305 4433; x_wconf 88' lang='lat' dir='ltr'><strong>bus</strong></span> <span class='ocrx_word' id='word_1_533' title='bbox 2367 4380 2776 4449; x_wconf 65' lang='lat' dir='ltr'><strong>praeminentem</strong></span> <span class='ocrx_word' id='word_1_534' title='bbox 2831 4400 2845 4436; x_wconf 86' lang='lat'><strong>:</strong></span> <span class='ocrx_word' id='word_1_535' title='bbox 2898 4383 2991 4453; x_wconf 90' lang='lat' dir='ltr'><strong>qui</strong></span> <span class='ocrx_word' id='word_1_536' title='bbox 3042 4398 3163 4438; x_wconf 90' lang='lat' dir='ltr'><strong>cum</strong></span> <span class='ocrx_word' id='word_1_537' title='bbox 3201 4383 3448 4453; x_wconf 89' lang='lat' dir='ltr'><strong>pluribus</strong></span> <span class='ocrx_word' id='word_1_538' title='bbox 3485 4399 3517 4439; x_wconf 91' lang='lat' dir='ltr'><strong>a</strong></span> <span class='ocrx_word' id='word_1_539' title='bbox 3566 4383 3787 4440; x_wconf 71' lang='lat' dir='ltr'><strong>Vesun-</strong></span> 
     </span>
    </p>
   </div>
   <div class='ocr_carea' id='block_1_86' title="bbox 2203 4467 3788 4546">
    <p class='ocr_par' dir='ltr' id='par_1_86' title="bbox 2203 4467 3788 4546">
     <span class='ocr_line' id='line_1_86' title="bbox 2203 4467 3788 4546; baseline 0.006 -24"><span class='ocrx_word' id='word_1_540' title='bbox 2203 4467 2434 4524; x_wconf 85' lang='lat' dir='ltr'><strong>tionensi</strong></span> <span class='ocrx_word' id='word_1_541' title='bbox 2463 4471 2682 4526; x_wconf 89' lang='lat' dir='ltr'><strong>civitate</strong></span> <span class='ocrx_word' id='word_1_542' title='bbox 2710 4473 3023 4539; x_wconf 86' lang='lat' dir='ltr'><strong>advenerat,</strong></span> <span class='ocrx_word' id='word_1_543' title='bbox 3042 4489 3273 4544; x_wconf 87' lang='lat' dir='ltr'><strong>quorum</strong></span> <span class='ocrx_word' id='word_1_544' title='bbox 3307 4475 3521 4546; x_wconf 89' lang='lat' dir='ltr'><strong>agmina</strong></span> <span class='ocrx_word' id='word_1_545' title='bbox 3547 4475 3788 4532; x_wconf 79' lang='lat' dir='ltr'><strong>Alexan-</strong></span> 
     </span>
    </p>
   </div>
   <div class='ocr_carea' id='block_1_87' title="bbox 2204 4557 3791 4635">
    <p class='ocr_par' dir='ltr' id='par_1_87' title="bbox 2204 4557 3791 4635">
     <span class='ocr_line' id='line_1_87' title="bbox 2204 4557 3791 4635; baseline 0.006 -22"><span class='ocrx_word' id='word_1_546' title='bbox 2204 4558 2302 4613; x_wconf 87' lang='lat' dir='ltr'><strong>der</strong></span> <span class='ocrx_word' id='word_1_547' title='bbox 2325 4557 2664 4617; x_wconf 84' lang='lat' dir='ltr'><strong>l&#39;erocissimo</strong></span> <span class='ocrx_word' id='word_1_548' title='bbox 2689 4578 2849 4617; x_wconf 90' lang='lat' dir='ltr'><strong>cursu</strong></span> <span class='ocrx_word' id='word_1_549' title='bbox 2878 4563 3182 4635; x_wconf 91' lang='lat' dir='ltr'><strong>irrumpens</strong></span> <span class='ocrx_word' id='word_1_550' title='bbox 3200 4605 3215 4630; x_wconf 95' lang='lat'><strong>,</strong></span> <span class='ocrx_word' id='word_1_551' title='bbox 3261 4565 3340 4620; x_wconf 89' lang='lat' dir='ltr'><strong>ait</strong></span> <span class='ocrx_word' id='word_1_552' title='bbox 3371 4580 3387 4621; x_wconf 91' lang='lat'><strong>:</strong></span> <span class='ocrx_word' id='word_1_553' title='bbox 3417 4565 3547 4633; x_wconf 65' lang='lat' dir='ltr'><strong>Quae</strong></span> <span class='ocrx_word' id='word_1_554' title='bbox 3576 4583 3677 4623; x_wconf 91' lang='lat' dir='ltr'><strong>vos</strong></span> <span class='ocrx_word' id='word_1_555' title='bbox 3701 4581 3791 4623; x_wconf 83' lang='lat' dir='ltr'><strong>se-</strong></span> 
     </span>
    </p>
   </div>
   <div class='ocr_carea' id='block_1_88' title="bbox 2204 4650 3785 4729">
    <p class='ocr_par' dir='ltr' id='par_1_88' title="bbox 2204 4650 3785 4729">
     <span class='ocr_line' id='line_1_88' title="bbox 2204 4650 3785 4729; baseline 0.006 -24"><span class='ocrx_word' id='word_1_556' title='bbox 2204 4650 2338 4707; x_wconf 84' lang='lat' dir='ltr'><strong>ditio</strong></span> <span class='ocrx_word' id='word_1_557' title='bbox 2369 4652 2421 4706; x_wconf 93' lang='lat' dir='ltr'><strong>in</strong></span> <span class='ocrx_word' id='word_1_558' title='bbox 2462 4653 2566 4709; x_wconf 87' lang='lat' dir='ltr'><strong>hoc</strong></span> <span class='ocrx_word' id='word_1_559' title='bbox 2606 4655 2727 4710; x_wconf 92' lang='lat' dir='ltr'><strong>loco</strong></span> <span class='ocrx_word' id='word_1_560' title='bbox 2765 4655 3106 4726; x_wconf 82' lang='lat' dir='ltr'><strong>glomeratim</strong></span> <span class='ocrx_word' id='word_1_561' title='bbox 3138 4658 3441 4714; x_wconf 87' lang='lat' dir='ltr'><strong>consistere</strong></span> <span class='ocrx_word' id='word_1_562' title='bbox 3477 4658 3785 4729; x_wconf 91' lang='lat' dir='ltr'><strong>compulit;</strong></span> 
     </span>
    </p>
   </div>
   <div class='ocr_carea' id='block_1_89' title="bbox 2204 4741 3792 4816">
    <p class='ocr_par' dir='ltr' id='par_1_89' title="bbox 2204 4741 3792 4816">
     <span class='ocr_line' id='line_1_89' title="bbox 2204 4741 3792 4816; baseline 0.004 -19"><span class='ocrx_word' id='word_1_563' title='bbox 2204 4755 2297 4797; x_wconf 85' lang='lat' dir='ltr'><strong>aut</strong></span> <span class='ocrx_word' id='word_1_564' title='bbox 2326 4741 2478 4810; x_wconf 84' lang='lat' dir='ltr'><strong>cujus</strong></span> <span class='ocrx_word' id='word_1_565' title='bbox 2518 4743 2789 4814; x_wconf 86' lang='lat' dir='ltr'><strong>religionis</strong></span> <span class='ocrx_word' id='word_1_566' title='bbox 2817 4746 2953 4801; x_wconf 89' lang='lat' dir='ltr'><strong>estis</strong></span> <span class='ocrx_word' id='word_1_567' title='bbox 2979 4745 3108 4816; x_wconf 60' lang='lat' dir='ltr'><strong>vos?</strong></span> <span class='ocrx_word' id='word_1_568' title='bbox 3141 4745 3239 4802; x_wconf 90' lang='lat' dir='ltr'><strong>Cui</strong></span> <span class='ocrx_word' id='word_1_569' title='bbox 3268 4748 3608 4804; x_wconf 87' lang='lat' dir='ltr'><strong>sanctissima</strong></span> <span class='ocrx_word' id='word_1_570' title='bbox 3645 4749 3792 4803; x_wconf 56' lang='lat' dir='ltr'><strong>mulq</strong></span> 
     </span>
    </p>
   </div>
   <div class='ocr_carea' id='block_1_90' title="bbox 2204 4831 3791 4907">
    <p class='ocr_par' dir='ltr' id='par_1_90' title="bbox 2204 4831 3791 4907">
     <span class='ocr_line' id='line_1_90' title="bbox 2204 4831 3791 4907; baseline 0.006 -20"><span class='ocrx_word' id='word_1_571' title='bbox 2204 4831 2377 4888; x_wconf 90' lang='lat' dir='ltr'><strong>titudo</strong></span> <span class='ocrx_word' id='word_1_572' title='bbox 2405 4833 2684 4903; x_wconf 88' lang='lat' dir='ltr'><strong>respondit</strong></span> <span class='ocrx_word' id='word_1_573' title='bbox 2723 4852 2736 4888; x_wconf 91' lang='lat'><strong>:</strong></span> <span class='ocrx_word' id='word_1_574' title='bbox 2771 4834 2880 4890; x_wconf 85' lang='lat' dir='ltr'><strong>Nos</strong></span> <span class='ocrx_word' id='word_1_575' title='bbox 2918 4851 3025 4907; x_wconf 89' lang='lat' dir='ltr'><strong>non</strong></span> <span class='ocrx_word' id='word_1_576' title='bbox 3055 4837 3280 4904; x_wconf 86' lang='lat' dir='ltr'><strong>seditio,</strong></span> <span class='ocrx_word' id='word_1_577' title='bbox 3322 4838 3421 4893; x_wconf 90' lang='lat' dir='ltr'><strong>sed</strong></span> <span class='ocrx_word' id='word_1_578' title='bbox 3450 4840 3791 4896; x_wconf 84' lang='lat' dir='ltr'><strong>reverendis-</strong></span> 
     </span>
    </p>
   </div>
   <div class='ocr_carea' id='block_1_91' title="bbox 2206 4920 3792 4994">
    <p class='ocr_par' dir='ltr' id='par_1_91' title="bbox 2206 4920 3792 4994">
     <span class='ocr_line' id='line_1_91' title="bbox 2206 4920 3792 4994; baseline 0.006 -21"><span class='ocrx_word' id='word_1_579' title='bbox 2206 4920 2345 4974; x_wconf 88' lang='lat' dir='ltr'><strong>sima</strong></span> <span class='ocrx_word' id='word_1_580' title='bbox 2390 4922 2457 4976; x_wconf 91' lang='lat' dir='ltr'><strong>ad</strong></span> <span class='ocrx_word' id='word_1_581' title='bbox 2504 4923 2647 4978; x_wconf 87' lang='lat' dir='ltr'><strong>hunc</strong></span> <span class='ocrx_word' id='word_1_582' title='bbox 2689 4924 2905 4980; x_wconf 85' lang='lat' dir='ltr'><strong>devexit</strong></span> <span class='ocrx_word' id='word_1_583' title='bbox 2929 4925 3118 4994; x_wconf 85' lang='lat' dir='ltr'><strong>religio</strong></span> <span class='ocrx_word' id='word_1_584' title='bbox 3148 4926 3322 4981; x_wconf 91' lang='lat' dir='ltr'><strong>locum</strong></span> <span class='ocrx_word' id='word_1_585' title='bbox 3353 4945 3367 4982; x_wconf 89' lang='lat'><strong>:</strong></span> <span class='ocrx_word' id='word_1_586' title='bbox 3393 4926 3614 4984; x_wconf 86' lang='lat' dir='ltr'><strong>Christo</strong></span> <span class='ocrx_word' id='word_1_587' title='bbox 3638 4928 3792 4983; x_wconf 77' lang='lat' dir='ltr'><strong>enim</strong></span> 
     </span>
    </p>
   </div>
   <div class='ocr_carea' id='block_1_92' title="bbox 2208 5013 3790 5091">
    <p class='ocr_par' dir='ltr' id='par_1_92' title="bbox 2208 5013 3790 5091">
     <span class='ocr_line' id='line_1_92' title="bbox 2208 5013 3790 5091; baseline 0.005 -25"><span class='ocrx_word' id='word_1_588' title='bbox 2208 5022 2519 5068; x_wconf 91' lang='lat' dir='ltr'><strong>nostrarum</strong></span> <span class='ocrx_word' id='word_1_589' title='bbox 2568 5013 2824 5070; x_wconf 89' lang='lat' dir='ltr'><strong>libamina</strong></span> <span class='ocrx_word' id='word_1_590' title='bbox 2864 5032 3088 5086; x_wconf 88' lang='lat' dir='ltr'><strong>precum</strong></span> <span class='ocrx_word' id='word_1_591' title='bbox 3129 5017 3422 5075; x_wconf 78' lang='lat' dir='ltr'><strong>deferimus</strong></span> <span class='ocrx_word' id='word_1_592' title='bbox 3448 5020 3790 5091; x_wconf 83' lang='lat' dir='ltr'><strong>congregati,</strong></span> 
     </span>
    </p>
   </div>
   <div class='ocr_carea' id='block_1_93' title="bbox 2208 5104 3791 5181">
    <p class='ocr_par' dir='ltr' id='par_1_93' title="bbox 2208 5104 3791 5181">
     <span class='ocr_line' id='line_1_93' title="bbox 2208 5104 3791 5181; baseline 0.008 -25"><span class='ocrx_word' id='word_1_593' title='bbox 2208 5104 2300 5174; x_wconf 89' lang='lat' dir='ltr'><strong>qui</strong></span> <span class='ocrx_word' id='word_1_594' title='bbox 2347 5105 2733 5176; x_wconf 87' lang='lat' dir='ltr'><strong>dispersionem</strong></span> <span class='ocrx_word' id='word_1_595' title='bbox 2780 5118 3022 5164; x_wconf 89' lang='lat' dir='ltr'><strong>nostram</strong></span> <span class='ocrx_word' id='word_1_596' title='bbox 3077 5110 3354 5181; x_wconf 89' lang='lat' dir='ltr'><strong>sanguinis</strong></span> <span class='ocrx_word' id='word_1_597' title='bbox 3390 5110 3474 5166; x_wconf 87' lang='lat' dir='ltr'><strong>sui</strong></span> <span class='ocrx_word' id='word_1_598' title='bbox 3523 5111 3791 5168; x_wconf 78' lang='lat' dir='ltr'><strong>eﬂ‘usione</strong></span> 
     </span>
    </p>
   </div>
   <div class='ocr_carea' id='block_1_94' title="bbox 2209 5196 3791 5271">
    <p class='ocr_par' dir='ltr' id='par_1_94' title="bbox 2209 5196 3791 5271">
     <span class='ocr_line' id='line_1_94' title="bbox 2209 5196 3791 5271; baseline 0.006 -21"><span class='ocrx_word' id='word_1_599' title='bbox 2209 5196 2525 5252; x_wconf 88' lang='lat' dir='ltr'><strong>redimendo</strong></span> <span class='ocrx_word' id='word_1_600' title='bbox 2544 5197 2843 5267; x_wconf 76' lang='lat' dir='ltr'><strong>conjunxit.</strong></span> <span class='ocrx_word' id='word_1_601' title='bbox 2869 5199 3070 5256; x_wconf 79' lang='lat' dir='ltr'><strong>Videtis</strong></span> <span class='ocrx_word' id='word_1_602' title='bbox 3096 5201 3277 5271; x_wconf 90' lang='lat' dir='ltr'><strong>itaque</strong></span> <span class='ocrx_word' id='word_1_603' title='bbox 3308 5201 3704 5271; x_wconf 72' lang='lat' dir='ltr'><strong>insuperabiles</strong></span> <span class='ocrx_word' id='word_1_604' title='bbox 3734 5204 3791 5259; x_wconf 88' lang='lat' dir='ltr'><strong>in</strong></span> 
     </span>
    </p>
   </div>
   <div class='ocr_carea' id='block_1_95' title="bbox 2210 5287 3786 5336">
    <p class='ocr_par' dir='ltr' id='par_1_95' title="bbox 2210 5287 3786 5336">
     <span class='ocr_line' id='line_1_95' title="bbox 2210 5287 3786 5336; baseline 0 0"><span class='ocrx_word' id='word_1_605' title='bbox 2210 5287 2317 5336; x_wconf 73' lang='lat' dir='ltr'><strong>ﬁda</strong></span> <span class='ocrx_word' id='word_1_606' title='bbox 2354 5287 2553 5336; x_wconf 79' lang='lat' dir='ltr'><strong>Christi</strong></span> <span class='ocrx_word' id='word_1_607' title='bbox 2583 5291 2832 5336; x_wconf 70' lang='lat' dir='ltr'><strong>athletae.</strong></span> <span class='ocrx_word' id='word_1_608' title='bbox 2887 5306 3076 5336; x_wconf 68' lang='lat' dir='ltr'><strong>nmnee</strong></span> <span class='ocrx_word' id='word_1_609' title='bbox 3126 5292 3306 5336; x_wconf 74' lang='lat' dir='ltr'><strong>alm&#39;lin</strong></span> <span class='ocrx_word' id='word_1_610' title='bbox 3360 5293 3553 5336; x_wconf 65' lang='lat' dir='ltr'><strong>nerimi</strong></span> <span class='ocrx_word' id='word_1_611' title='bbox 3608 5293 3786 5336; x_wconf 72' lang='grc' dir='ltr'><strong>ἰιιιςίι-</strong></span> 
     </span>
    </p>
   </div>
  </div>
