3910 5336
187 349 261 405 m
1051 342 1137 400 ne
1175 345 1422 403 erasus
1450 347 1664 404 ense.
1693 329 2076 407 ANTtSSiOD.
2103 384 2173 395 —
2208 353 2387 409 mus
2426 354 2466 408 l.

3283 355 3392 410 222

186 469 383 527 rexerat,
406 457 644 532 plurimis
668 433 890 513 aﬂtectos
928 459 1221 529 suppliciis,
1247 460 1414 514 isdem
1444 460 1706 515 crudelis-
1736 445 1779 502 Α
1808 468 1860 516 et
1887 460 2194 517 Marcellino
2225 463 2558 530 consulibus,
2589 461 3009 533 przesulantibus
3033 461 3172 534 apud
3199 465 3390 522 urbem

183 556 315 612 simus
362 553 642 622 imperator
696 551 764 606 ad
821 549 1040 607 cmleste
1095 567 1317 622 regnum
1377 553 1699 610 transmisit.

180 647 265 710 Nec
319 644 480 698 minus
543 651 789 697 sanctum
863 641 1321 713 Symphoriauum
1394 660 1519 699 eum
1581 645 1703 701 aliis

179 731 551 806 quampluribus,
601 745 740 802 quos
790 729 888 800 ipsi
933 730 1046 801 jam
1097 731 1316 786 Christo
1354 731 1548 788 lucrati
1589 730 1704 788 fue-

178 835 295 890 rant,
315 822 585 878 tormentis
613 823 780 878 variis
817 822 1042 879 affectos
1075 824 1256 879 necari
1287 825 1559 894 prmeepit.
1590 825 1704 881 Hac

177 914 302 986 igitur
329 914 691 983 persecutione
735 914 933 984 ubique
969 913 1360 981 debacchante,
1388 915 1701 984 paucissimi

175 1007 249 1062 viri
289 1005 680 1078 reperiebantur
736 1007 827 1079 qui
888 1022 948 1062 se
1000 1005 1340 1064 Christianos
1384 1022 1508 1064 esse
1566 1007 1703 1069 fate-

173 1109 335 1155 rentur.

222 1190 416 1245 Evolqu
447 1199 628 1246 autem
657 1190 936 1262 aliquanto
965 1194 1228 1261 temporis
1272 1193 1472 1264 spatio,
1505 1209 1534 1248 a
1564 1193 1701 1249 ﬁde-

170 1281 346 1340 lissimis
369 1284 692 1340 Christianis
736 1284 968 1341 latenter
997 1287 1221 1343 auribus
1260 1287 1399 1344 Sixti
1431 1303 1582 1358 papa:
1609 1304 1700 1343 ur-

169 1371 231 1431 bis
253 1371 414 1427 liomze
458 1373 763 1440 nuntiatur,
796 1375 887 1444 qui
917 1377 1214 1444 poscebant
1240 1386 1300 1431 ut
1331 1377 1493 1434 talem
1522 1378 1700 1434 virum

168 1463 412 1531 dirigeret,
441 1463 534 1533 qui
559 1461 671 1532 jam
719 1462 841 1519 fidei
891 1466 1220 1522 exstinctam
1267 1467 1545 1522 lucernam
1586 1469 1700 1524 suis

167 1550 340 1606 deberet
377 1550 683 1608 illuminare
708 1552 960 1624 eloquiis,
993 1564 1048 1610 et
1075 1556 1434 1612 barbarorum
1465 1557 1698 1612 inﬁdeli-

166 1650 291 1695 tatem
331 1642 623 1715 opitulante
651 1645 835 1701 divino
879 1647 1082 1704 auxilio
1128 1660 1516 1720 compesceret.
1547 1650 1703 1707 Tunc

163 1743 441 1794 memoratus
483 1748 624 1805 papa
672 1736 987 1805 praedictum
1017 1739 1190 1793 virum
1220 1739 1312 1795 Dei
1345 1740 1696 1811 Peregrinum

1803 552 2032 609 Romam
2068 553 2249 610 Felice
2281 564 2443 624 atque
2471 555 2830 626 Eutychiano.

2183 646 2312 701 Car.
2364 646 2636 700 lll.—De
2668 647 2729 702 S.
2782 646 3008 702 Valerio.

1871 735 2116 792 Valerius
2151 737 2290 791 sedit
2340 751 2513 791 annos
2554 737 2638 791 i7.
2672 735 2797 794 Fuit
2823 745 3003 792 autem
3055 737 3391 808 temporibus

1802 825 2116 881 Diocletiani
2163 835 2218 880 et
2263 824 2617 892 Maximiani,
2658 825 2800 881 Caro
2837 835 2891 881 et
2938 825 3142 881 Carino
3189 842 3392 882 consu-

1799 913 1975 980 libus,
2037 913 2546 969 administrantibus
2607 915 2748 985 apud
2797 915 2985 970 urbem
3035 915 3262 971 Romam
3318 916 3394 971 di-

1799 1004 2060 1075 guitatem
2124 1002 2414 1058 sacerdotii
2470 1002 2646 1068 Gaio,
2714 1002 3075 1068 Marcellino,
3136 1012 3192 1059 et
3253 1004 3395 1058 Mar-

1797 1096 1936 1153 eello
2001 1094 2362 1166 prmsulibus,
2413 1095 2506 1165 qui
2561 1093 2725 1150 etiam
2781 1097 2850 1151 ab
2898 1096 3090 1150 iisdem
3146 1095 3394 1167 tyrannis

1800 1186 2137 1258 martyrizati
2190 1194 2352 1249 sunt;
2395 1185 2488 1256 qui
2541 1186 2735 1240 beatus
2772 1185 2856 1239 vir
2895 1184 3126 1239 fideliter
3171 1200 3393 1240 cursum

1797 1280 1923 1334 vita:
1951 1293 2235 1350 peragens,
2272 1292 2310 1331 ιι
2341 1275 2479 1331 Non.
2521 1276 2647 1331 Maii
2681 1276 2932 1346 migravit
2976 1276 3044 1330 ad
3081 1274 3390 1341 Christum,

1797 1378 1853 1428 et
1883 1369 2124 1440 sepultus
2162 1377 2249 1423 est
2285 1368 2428 1437 apud
2469 1377 2712 1426 montem
2751 1367 3037 1423 Autricum
3073 1381 3230 1422 secus
3255 1379 3393 1436 pra:-

1798 1460 2138 1516 decessorem
2190 1475 2348 1518 suum
2411 1468 2660 1514 sanctum
2701 1456 3107 1516 Marcelliauum
3179 1457 3391 1528 episco-

1799 1567 2094 1623 pum.....

2155 1640 2286 1697 CAP.
2317 1639 2408 1696 IV.
2433 1670 2504 1682 —-
2528 1639 2603 1695 De
2629 1639 2687 1695 S.
2735 1639 3032 1696 Valeriano.

1869 1733 2215 1799 Valerianus,
2247 1734 2471 1789 natione
2499 1732 2703 1799 Gallus,
2753 1733 2894 1788 sedit
2939 1745 3108 1787 annos
3133 1731 3222 1784 30.
3271 1729 3395 1786 Fuit

160 1801 501 1892 presbyterum
528 1801 584 1879 et
628 1801 1024 1882 corcodomum
1075 1801 1521 1886 archidiaconum
1565 1833 1694 1888 levi-
1729 1801 1773 1861 Β
1800 1833 1980 1880 autem
2012 1825 2096 1885 vir
2134 1825 2386 1879 maximae
2431 1823 2762 1888 sanctitatis,
2795 1833 2957 1893 atque
2986 1821 3388 1892 simplicitatis;

161 1911 244 1965 tico
268 1913 439 1981 gradui
464 1914 1124 1986 mancipavit,.lovianum
1156 1919 1547 1976 subdiaconum
1577 1937 1700 1980 esse

159 2001 411 2067 constituit,
434 2001 783 2062 Joviniauum
809 2022 942 2062 vero
968 2007 1250 2076 lectorem,
1283 2026 1406 2066 cum
1447 2021 1591 2067 esset
1615 2013 1700 2068 vir

156 2105 230 2160 per
269 2093 433 2148 omnia
474 2093 779 2166 eloquens,
831 2106 993 2168 atque
1045 2099 1100 2154 in
1154 2101 1351 2156 divinis
1400 2101 1698 2172 Scripturis

155 2182 349 2249 apprime
376 2185 624 2241 eruditus
645 2186 724 2242 eis
748 2189 1002 2244 comitem
1031 2190 1344 2247 collocavit:
1375 2193 1475 2248 hos
1495 2195 1696 2250 etenim

153 2271 308 2327 summi
343 2271 433 2327 Dei
483 2275 724 2330 cultores
771 2277 1120 2335 beatissimus
1169 2279 1355 2337 Sixtus
1412 2298 1548 2352 papa
1601 2299 1695 2338 ur-

152 2358 215 2416 bis
243 2359 429 2427 Romae,
467 2379 597 2419 cum
646 2367 793 2422 omni
846 2367 1042 2424 fiducia
1074 2373 1141 2424 ad
1175 2383 1391 2442 portum
1428 2373 1695 2429 Marinum

95 2489 102 2502 .
152 2461 286 2518 usque
334 2453 667 2523 perducens,
721 2457 944 2512 verbum
984 2459 1198 2517 Domini
1241 2464 1532 2533 specialius
1560 2481 1698 2536 pra:-

152 2539 346 2608 cipiebat
397 2559 576 2614 usque
617 2547 684 2601 ad
724 2557 953 2605 mortem
1013 2552 1338 2613 fiducialiter
1371 2557 1692 2625 praedicare.

147 2628 340 2684 Atlhelze
385 2633 595 2704 quippe
644 2636 856 2692 Domini
901 2641 1080 2695 navali
1131 2643 1352 2699 tramite
1403 2644 1696 2700 Massiliam

148 2729 349 2789 petentes
386 2722 712 2796 Lugdunum
761 2744 930 2801 usque
954 2733 1226 2802 perducti,
1255 2735 1436 2792 celare
1467 2752 1526 2792 se
1570 2737 1694 2792 nul-

145 2809 318 2868 latenus
336 2825 653 2886 potuerunt,
669 2821 864 2877 exinde
893 2823 959 2878 ad
981 2826 1266 2881 Autricum
1297 2829 1694 2898 pervenientes,

146 2914 387 2972 rit-perunt
417 2907 639 2978 publica
682 2926 814 2969 voce
860 2913 1062 2970 Christi
1096 2915 1323 2986 gloriam
1369 2919 1693 2990 praedicare,

145 2991 213 3044 ubi
241 2995 489 3051 nobilium
543 2998 730 3070 ingens
778 3011 907 3058 tunc
941 3006 1224 3062 recederat
1259 3009 1436 3075 turba,
1469 3009 1694 3066 deorum

143 3100 278 3140 vanas
307 3088 603 3146 observare
650 3093 894 3156 culturas
935 3114 948 3150 :
995 3098 1401 3157 sciscitantibus
1449 3118 1578 3158 vero
1606 3119 1698 3173 pa-

143 3178 284 3242 ganis,
311 3177 654 3239 Christianos
695 3197 752 3237 se
781 3198 902 3240 esse
933 3189 1113 3243 testati
1162 3198 1330 3256 sunt,
1367 3199 1422 3246 et
1451 3193 1522 3247 ob
1554 3209 1693 3262 pra:-

143 3265 431 3324 dieationem
461 3273 618 3327 verbi
653 3274 862 3332 Domini
904 3293 1023 3334 sese
1051 3281 1183 3336 inihi
1211 3284 1513 3340 advenisse.
1541 3285 1694 3342 Tunc

142 3356 339 3427 denique
369 3363 700 3420 beatissimis
742 3370 1115 3427 sacerdotibus
1154 3377 1545 3443 prmdicationc
1592 3379 1693 3433 ful-

141 3451 355 3540 gentibus
403 3470 508 3524 pro
555 3457 819 3514 virtutum
871 3463 1192 3527 assiduitate
1236 3483 1371 3536 quas
1400 3485 1498 3539 per
1548 3470 1693 3540 ipsos

141 3534 292 3592 divina
330 3544 628 3599 exercebat
655 3549 898 3617 potentia
929 3561 1198 3622 quotquot
1234 3534 1416 3626 ipsius.
1445 3559 1546 3614 loci
1568 3534 1692 3630 pri-

137 3642 317 3686 morum
355 3631 460 3689 fuit
495 3637 560 3690 ad
589 3639 1016 3702 Christianitatis
1041 3647 1270 3714 gratiam
1308 3650 1687 3718 convolarnnt;

138 3731 342 3812 moxque
368 3735 596 3783 sanctus
625 3728 951 3800 Peregrinus
973 3737 1258 3808 episcopus
1290 3756 1487 3796 novum
1519 3758 1690 3812 popu-

136 3806 188 3863 lis
225 3811 409 3905 dogma
440 3818 759 3888 impertiens
791 3840 960 3895 parvo
989 3806 1192 3885 ambitu
1242 3806 1532 3889 ecclesiam
1563 3806 1692 3890 c'on-

135 3906 342 3996 struxit,
395 3908 712 3982 Christique
762 3917 971 3973 nomini
1037 3925 1394 3981 consecravit.
1449 3925 1692 3996 Cumque

133 3994 362 4052 restincta
398 3999 534 4056 inibi
585 4001 776 4059 fuisset
823 4007 1000 4063 omnis
1043 4010 1267 4066 deorum
1313 4014 1546 4080 cultura,
1582 3994 1691 4076 fra-

135 4091 244 4150 tres,
279 4103 414 4158 quos
445 4105 628 4150 secum
654 4096 721 4150 ab
765 4096 904 4152 urbe
933 4098 1254 4168 deduxerat,
1290 4104 1488 4159 ibidem
1527 4107 1689 4162 relin-

129 4187 298 4262 quens,
328 4189 389 4233 ut
417 4191 650 4251 emptum
687 4184 1087 4253 praedicationis
1132 4192 1374 4260 expleret
1423 4195 1685 4262 officium,

129 4261 456 4341 lnterranum:
478 4275 702 4341 expetit,
731 4276 820 4330 ubi
867 4285 992 4334 tunc
1038 4283 1304 4352 przecipua
1349 4261 1684 4355 paganorum

129 4357 392 4417 multitudo
415 4364 481 4418 ad
510 4363 643 4422 festa
671 4365 822 4424 Jovis
842 4373 1161 4429 celebranda
1190 4390 1534 4447 summopere
1557 4393 1688 4432 eon-

1797 1915 1892 1972 sed
1921 1915 2007 1968 hic
2027 1914 2219 1968 beatus
2242 1928 2364 1967 cum
2393 1929 2422 1967 a
2451 1913 2886 1983 progenitoribus
2911 1913 3086 1968 sancti
3116 1913 3392 1968 Amatoris

1797 2003 1865 2058 ad
1893 2003 2011 2072 ejus
2053 2003 2271 2073 nuptias
2312 2003 2525 2058 veniret
2554 2011 2798 2074 rogatus,
2827 2002 3075 2056 videlicet
3107 2011 3163 2056 ut
3209 2012 3391 2057 utros.

1797 2111 1903 2167 que
1928 2111 2025 2152 sua
2051 2094 2431 2151 benedictione
2457 2093 2847 2158 sanctiﬁcaret,
2880 2092 2972 2148 Dei
3006 2102 3137 2148 nutu
3170 2102 3391 2162 arrepto

1801 2169 2266 2246 sacramentorum
2317 2183 2498 2240 libello
2542 2197 2640 2253 pro
2690 2181 3070 2239 benedictione
3123 2181 3392 2251 conjugali

1796 2274 2070 2332 leviticam
2111 2274 2192 2330 eis
2217 2273 2494 2343 imposuit.
2528 2271 2630 2332 Hic
2677 2273 2840 2332 etiam
2876 2287 3001 2326 cum
3043 2271 3256 2326 caeteris
3297 2286 3388 2326 co-

1796 2367 2083 2436 episcopis,
2115 2366 2376 2422 Severiuo
2405 2363 2612 2419 scilicet
2641 2364 2965 2429 Senonensi,
2991 2361 3227 2418 Solemui
3254 2362 3388 2417 Car-

1796 2457 2010 2512 notensi
2039 2495 2055 2522 ,
2107 2455 2428 2511 Camilliano
2479 2454 2873 2513 Trieassinensi
2902 2494 2918 2519 ,
2967 2453 3218 2524 Pronicio
3263 2453 3393 2510 Mel-

1798 2547 1993 2612 densi,
2043 2545 2299 2602 Marcello
2329 2545 2692 2604 Parisiacensi
2719 2585 2735 2611 ,
2789 2553 3035 2602 sanctum
3077 2543 3388 2598 Evuertium

1797 2639 2213 2694 Aurelianorum
2251 2636 2524 2691 ordinavit
2550 2636 2862 2706 episcOpum
2897 2653 2911 2688 :
2944 2633 3045 2689 fuit
3072 2633 3215 2689 enim
3249 2645 3387 2690 tem-

1795 2727 2020 2796 poribus
2068 2725 2341 2781 Meleiadis
2388 2739 2579 2796 papa,
2629 2725 2911 2793 sanctique
2979 2723 3229 2778 Silvestri
3287 2724 3390 2779 sub

1797 2815 2158 2874 Constantino
2204 2815 2568 2884 imperatore,
2629 2814 2947 2869 Constantio
2994 2821 3050 2867 et
3097 2813 3389 2869 Volusiano

1798 2905 2151 2969 consulibus;
2199 2904 2291 2974 qui
2339 2904 2531 2974 plenus
2564 2904 2868 2962 sanctitatis
2889 2904 3023 2962 obiit
3047 2904 3221 2971 pridie
3246 2902 3384 2958 Non.

1799 2996 1947 3063 Maii,
1980 3005 2037 3052 et
2079 2997 2321 3065 sepultus
2349 3004 2434 3054 est
2476 2997 2632 3066 juxta
2679 2997 3110 3066 praedecessores
3151 3010 3282 3052 suos
3331 2997 3388 3052 in

1800 3095 1985 3142 monte
2007 3087 2251 3142 Autrico.

2260 3177 2389 3234 (ΞΑΡ.
2416 3179 2482 3233 V.
2509 3208 2579 3219 —
2608 3178 2686 3233 De
2709 3177 2922 3234 Eladio.

1813 3259 1822 3266 “
1871 3272 2092 3328 Eladius
2123 3271 2264 3328 sedit
2308 3287 2481 3327 annos
2515 3273 2626 3337 25;
2677 3272 2778 3327 fuit
2821 3283 3002 3328 autem
3050 3273 3386 3342 temporibus

1797 3365 2104 3422 Constantii
2149 3375 2205 3419 et
2249 3364 2592 3420 Constantini
2643 3365 2876 3420 filiorum
2913 3366 3254 3420 Constantini
3284 3367 3386 3422 sub

1797 3457 1980 3512 Marco
2005 3496 2022 3524 ,
2067 3456 2208 3512 Julio
2246 3465 2411 3527 atque
2453 3457 2668 3512 Liberio
2719 3457 2978 3513 Romanis
3018 3458 3382 3528 pontificibus.

1797 3549 1896 3606 llic
1938 3549 2289 3604 beatissimus
2335 3548 2578 3618 pontifex
2642 3549 2770 3603 dum
2825 3549 2993 3604 verbo
3037 3558 3092 3603 et
3136 3548 3385 3618 exemplo

1794 3640 1994 3696 multos
2042 3642 2108 3693 ad
2152 3640 2427 3694 Christum
2473 3650 2858 3707 converteret,
2900 3641 2966 3695 ad
2998 3655 3121 3696 eum
3161 3650 3383 3696 sanctus

1793 3732 2020 3784 Amator
2050 3730 2210 3784 simul
2240 3739 2294 3783 et
2335 3730 2540 3784 Martha
2574 3731 2688 3799 jam
2734 3731 2852 3799 ejus
2885 3746 3083 3800 sponsa
3113 3731 3382 3800 spiritalis

1796 3825 1984 3881 effecta
2017 3833 2348 3880 concurrunt
2373 3865 2388 3888 ,
2434 3839 2498 3878 ac
2536 3826 2891 3894 procedentes
2921 3839 3104 3878 coram
3134 3839 3198 3878 eo
3228 3833 3382 3878 voto-

1795 3931 1916 3972 rum
1960 3930 2180 3969 suorum
2212 3913 2476 3968 desideria
2507 3915 2766 3984 pandunt,
2800 3915 2986 3983 sicque
3016 3912 3105 3967 ille
3135 3927 3194 3968 se
3221 3913 3382 3968 cleri-

1795 4021 1916 4064 cum
1965 4007 2078 4063 fieri
2131 4005 2477 4076 deposcebat.
2547 4005 2699 4060 Tunc
2750 4005 2977 4060 antistes
3025 4004 3378 4059 considerans

1793 4109 1958 4170 atque
2001 4099 2374 4168 contemplans
2423 4097 2514 4151 Dei
2565 4113 2660 4152 eos
2706 4112 2889 4151 amore
2919 4095 3046 4160 frui,
3077 4105 3132 4150 et
3155 4104 3377 4166 propter

1790 4193 1976 4262 ejusce
2019 4191 2359 4246 dilectionem
2408 4189 2544 4244 velle
2585 4189 2904 4244 smeularem
2949 4189 3193 4243 habitum
3228 4203 3378 4242 com-

1790 4290 2041 4346 mutare,
2091 4280 2338 4348 utrisque
2389 4278 2614 4348 impiger
2661 4279 2880 4347 paruit,
2933 4278 3087 4332 illum
3137 4277 3376 4332 crinibus

1791 4385 2114 4434 exonerans,
2146 4371 2290 4425 illaut
2337 4369 2793 4425 castimonialium
2825 4370 2988 4425 coetui
3027 4369 3377 4424 devotissime

128 4452 380 4552 currebat.
407 4455 545 4521 Quid
572 4457 644 4512 ibi
669 4460 860 4529 egerit,
888 4462 972 4517 vel
998 4480 1132 4532 quos
1165 4481 1369 4536 agones
1395 4485 1496 4540 pro
1526 4470 1682 4526 Chri-
1711 4496 1764 4554 Β
1784 4459 2018 4531 iungens
2047 4478 2112 4517 ae
2145 4463 2360 4516 socians
2379 4501 2393 4522 ,
2437 4470 2491 4515 et
2519 4461 2605 4515 hic
2633 4461 2825 4530 plenus
2855 4461 3161 4526 sanctitate,
3189 4468 3243 4515 et
3269 4461 3378 4513 vir-

130 4541 184 4630 sti
214 4545 426 4602 nomine
459 4550 784 4615 contulerit,
818 4553 1042 4609 historia
1091 4560 1359 4628 passionis
1402 4560 1519 4630 ejus
1567 4562 1683 4617 evi-

129 4628 422 4691 dentissima
468 4638 725 4694 declarat.
770 4641 898 4696 Istic
933 4643 1278 4704 beatissimus
1310 4628 1550 4720 pontifex
1597 4652 1684 4707 ni-

129 4720 219 4773 mia
241 4723 350 4793 jam
380 4732 756 4798 persecutione
785 4734 1060 4802 saeviente,
1091 4740 1159 4794 ab
1189 4741 1322 4796 urbe
1349 4743 1566 4812 quidem
1600 4756 1684 4799 est

128 4822 382 4882 egressus,
410 4820 500 4874 sed
547 4823 870 4894 martyrium
917 4842 1074 4880 suum
1104 4830 1298 4899 capitis
1349 4833 1684 4890 abscissione

129 4905 424 4977 complevit,
456 4913 554 4968 sub
597 4913 686 4968 die
736 4914 948 4970 decimo
978 4928 1130 4974 sexto
1177 4920 1536 4978 Kalendarum
1587 4923 1684 4978 Ju-

131 4992 347 5083 uiarum,
385 5001 799 5069 imperatoribus
826 5005 1048 5064 Galieno
1069 5021 1124 5066 et
1155 5012 1442 5071 Valeriano
1461 5057 1476 5083 ,
1507 5015 1688 5076 [Emi-

129 5077 254 5140 liano
279 5098 335 5143 et
380 5088 537 5148 Basso
570 5093 904 5151 consulibus.

329 5279 340 5283 _
441 5223 566 5287 Car.
597 5225 843 5282 ll.—De
882 5227 941 5284 S.
980 5229 1345 5294 Marcelliano.

1796 4552 2034 4616 tutibus,
2081 4561 2139 4605 ut
2181 4552 2234 4605 in
2271 4551 2435 4622 gestis
2464 4551 2705 4619 ejusdem
2735 4553 2908 4606 sancti
2941 4553 3214 4606 Amatoris
3244 4551 3376 4622 legi-

1791 4656 1936 4706 mus,
1969 4657 2165 4710 corpus
2194 4650 2385 4704 terrae,
2433 4642 2673 4695 animum
2722 4640 2862 4694 caelo
2913 4641 3234 4706 transmisit,
3277 4642 3376 4695 sub

1792 4732 1879 4786 die
1910 4747 2006 4786 vm
2046 4730 2231 4784 Iduum
2265 4729 2546 4792 Maiarum,
2578 4741 2633 4784 et
2661 4730 2907 4798 sepultus
2932 4740 3016 4786 est
3047 4746 3201 4786 secus
3234 4746 3373 4800 pra:-

1789 4823 2106 4880 decessores
2135 4836 2264 4877 suos
2291 4822 2344 4875 in
2378 4831 2559 4877 monte
2587 4822 2830 4875 Autrico.

2169 4912 2296 4968 CAP.
2331 4911 2415 4972 Vl.
2444 4943 2516 4952 —
2539 4911 2617 4965 De
2644 4909 2703 4968 S.
2730 4913 2993 4966 Amatore.

1865 5005 2114 5070 Amator,
2150 5005 2368 5059 natione
2405 5002 2924 5068 Autissiodorensis,
2961 5017 3028 5056 ex
3059 5010 3216 5070 patre
3247 5001 3377 5055 Pro-

1794 5094 1977 5158 clidio,
2002 5105 2176 5149 matre
2196 5093 2425 5160 lsiciala,
2455 5096 2592 5151 sedit
2613 5109 2782 5146 annos
2802 5093 2895 5157 30,
2922 5107 3159 5147 mensem
3186 5106 3373 5152 unum,

1794 5187 2014 5253 dies5;
2067 5187 2168 5242 fuit
2196 5188 2337 5242 enim
2369 5188 2702 5259 temporibus
2737 5185 3039 5239 Constantii
3082 5191 3138 5236 et
3175 5179 3373 5234 Juliani

1797 5279 2065 5322 Anneiatm
2097 5288 2257 5322 atrum
2293 5277 2562 5322 .lnvinismi
2603 5279 3007 5322 imneratnrttm.
3039 5274 3139 5322 sub
3166 5268 3377 5322 nomili-
