3918 6316
570 337 677 393 2'25

1398 339 1690 397 APPEND.
1730 340 1821 397 AD
1853 341 2028 401 saga.
2071 345 2139 403 x.
2168 376 2237 387 -
2282 336 2510 404 ornas
2548 317 2965 410 nemoan

3688 356 3769 416 εει

571 451 865 522 pulationis
893 461 1128 523 urgeret,
1159 462 1214 508 et
1263 452 1283 524 (
1306 461 1363 507 ut
1392 455 1639 524 superius
1671 457 1997 514 mentionem
2026 458 2154 515 feci-
2180 445 2235 504 Α
2329 457 2604 529 Siquidem
2630 461 2682 517 in
2714 463 2815 518 hac
2843 464 3030 519 eadem
3058 461 3276 518 basilica
3302 462 3607 521 Germanum
3633 469 3770 525 virum

572 548 717 621 mus)
764 547 955 604 beatus
986 548 1303 605 Valerianus
1330 548 1395 603 ad
1425 564 1612 605 eorum
1651 552 1867 621 nuptias
1895 552 2155 610 invitatus

571 642 755 712 divino
786 643 1045 698 instinctu
1076 657 1176 713 pro
1198 643 1596 709 benedictione,
1628 644 1844 701 lcvitico
1873 660 1968 702 eos
1996 662 2153 701 man-

574 735 807 804 cipasset
843 733 1018 799 cilicio
1044 775 1058 800 ,
1114 735 1310 790 talibus
1341 736 1652 807 aggreditur
1694 738 2016 793 associatam
2049 740 2154 795 sibi

571 827 836 897 virginem
882 827 1064 882 verbis
1115 845 1128 880 :
1177 826 1313 890 Dic,
1356 842 1563 897 quzeso,
1612 828 1904 885 immortali
1954 845 2155 900 sponso

572 917 752 973 dedita
781 919 955 989 virgo,
984 926 1216 989 putasne
1262 918 1595 977 intellexisse
1638 921 2068 978 benedictionem
2097 923 2153 977 in

571 1010 729 1066 nobis
769 1009 995 1066 effusam
1033 1011 1316 1082 episcopi?
1352 1010 1452 1067 Cui
1482 1013 1635 1084 virgo
1670 1032 1682 1068 :
1715 1015 1983 1079 intellexi,
2021 1014 2154 1079 dile-

571 1100 814 1157 ctissime
855 1100 1111 1171 juvenis,
1162 1112 1217 1158 et
1257 1104 1428 1160 nimio
1474 1120 1593 1160 sum
1639 1115 1908 1176 prostrata
1946 1117 2154 1164 terrore

568 1190 896 1248 formidinis.
927 1193 1025 1250 Cul
1064 1210 1255 1251 rursus
1287 1195 1603 1253 adolescens
1631 1217 1645 1252 :
1676 1198 1786 1265 Ne,
1820 1215 2024 1268 quaeso,
2058 1215 2154 1269 pa-

567 1297 717 1349 veas,
748 1299 847 1340 nec
874 1285 978 1341 hoc
1017 1286 1301 1356 imperitiae
1327 1289 1574 1363 deputes,
1604 1291 1697 1346 sed
1723 1292 1904 1363 potius
1932 1292 2028 1349 Dei
2056 1309 2153 1363 po-

567 1373 752 1429 tentiae
798 1375 1030 1433 ascribe.
1076 1376 1185 1433 lllis
1235 1393 1364 1448 ergo
1412 1379 1720 1436 alternatim
1771 1396 1830 1437 se
1867 1384 2151 1455 praeceptis

565 1465 864 1535 Dominicis
880 1465 1206 1533 foventibus,
1225 1472 1418 1541 aspicit
1442 1472 1633 1528 beatus
1656 1475 1883 1530 Amator
1901 1475 2151 1545 angelum

566 1555 664 1611 Dei
708 1558 842 1612 duas
884 1573 1116 1615 coronas
1143 1561 1432 1617 habentem
1464 1563 1517 1618 in
1548 1566 1796 1622 manibus
1823 1606 1838 1631 ,
1886 1568 1978 1637 qui
2015 1568 2155 1623 dixit

564 1647 646 1704 eis
680 1666 692 1703 :
722 1647 1012 1722 Suscipite,
1033 1651 1279 1722 juvenes,
1312 1672 1507 1712 munus
1526 1658 1680 1713 vobis
1714 1659 1922 1715 Domini
1952 1662 2151 1732 pietate

565 1756 916 1809 concessum,
968 1754 1023 1800 et
1061 1757 1297 1802 vestrum
1332 1748 1384 1803 in
1430 1752 1682 1807 omnibus
1711 1753 2148 1811 incontaminatae

562 1832 762 1888 mentis
790 1835 1057 1890 custodite
1095 1839 1448 1907 propositum.
1500 1839 1606 1895 llas
1646 1856 1807 1898 voces
1835 1858 1901 1898 ex
1926 1860 2021 1900 ore
2047 1861 2144 1899 au-

561 1922 664 1992 geli
696 1923 931 1993 prolatas
974 1928 1259 1999 pervigiles
1298 1930 1524 1999 juvenes
1560 1933 1863 2000 audientes,
1895 1949 2146 1991 votorum

561 2011 738 2068 etfecti
785 2028 1060 2086 compotes
1104 2019 1159 2078 in
1206 2035 1299 2074 sua
1351 2022 1659 2093 virginitate
1706 2038 2142 2095 permanserunt.
2226 2058 2233 2065 -

558 2102 921 2161 Nihilominus
968 2116 1024 2163 et
1070 2109 1278 2179 puellae,
1316 2127 1435 2182 qua:
1481 2124 1775 2182 prmsentes
1805 2117 1856 2171 in
1888 2118 2146 2189 obsequio
2227 2162 2233 2171 .

560 2194 902 2261 dominorum
933 2200 1179 2269 aderant,
1221 2204 1347 2259 talia
1376 2216 1661 2263 cernentes
1686 2218 1742 2265 et
1768 2210 1897 2280 ipsa:
1924 2212 2146 2283 virgini-

560 2285 691 2342 tatis
721 2287 929 2344 titulum
973 2292 1230 2360 professa:
1255 2305 1401 2363 sunt,
1434 2298 1524 2366 qui
1555 2301 1892 2369 postmodum
1921 2304 1989 2358 ab
2017 2304 2143 2359 Ela-

559 2377 652 2432 dio
678 2379 932 2450 episcopo
958 2390 1162 2450 tonsus,
1191 2401 1257 2442 ac
1300 2398 1423 2457 post
1443 2390 1560 2461 ejus
1585 2406 1867 2448 excessum
1900 2393 1969 2450 ab
1996 2398 2144 2453 omni

557 2468 755 2537 populo
785 2472 1026 2540 pontifex
1063 2476 1267 2533 electus
1289 2520 1305 2545 ,
1346 2480 1511 2537 talem
1554 2498 1619 2537 ac
1653 2492 1945 2541 tantumose
1975 2489 2028 2542 in
2059 2490 2142 2544 di—

556 2557 698 2613 vinis
744 2561 971 2628 praebuit
1019 2566 1179 2622 rebus
1205 2607 1221 2633 ,
1268 2577 1329 2623 ut
1356 2578 1409 2625 et
1441 2585 1704 2626 caecorum
1734 2575 1920 2632 oculos
1943 2576 2144 2633 illumi-

557 2658 660 2714 ret,
694 2654 1020 2726 paralyticos
1061 2669 1296 2727 curaret,
1330 2665 1602 2720 daemones
1647 2665 1714 2721 de
1756 2667 1993 2724 obsessis
2019 2684 2143 2726 cor-

554 2741 777 2811 poribus
822 2746 1067 2814 pelleret,
1097 2759 1153 2805 et
1194 2762 1439 2809 mortuos
1484 2756 1792 2824 suscitaret,
1826 2768 1883 2814 ut
1909 2759 2045 2816 liber
2077 2762 2144 2817 de

555 2832 665 2887 vita
698 2834 837 2890 illius
863 2837 1040 2893 editus
1067 2842 1354 2899 manifeste
1381 2845 1644 2902 declarat.

627 2921 727 2979 Hic
748 2925 911 2979 etiam
940 2931 1312 2988 sanctissimus
1338 2937 1533 3003 przesul
1561 2937 2033 3006 praedicationibus
2062 2943 2144 2997 in—

553 3014 774 3081 sistens,
806 3016 1004 3073 multos
1050 3021 1119 3076 ab
1165 3021 1429 3078 idolorum
1472 3025 1681 3080 cultura
1729 3029 1797 3083 ad
1834 3030 1955 3085 fidei
2003 3031 2144 3086 veri-

2254 550 2650 609 nobilissimum
2707 555 2854 609 omni
2900 555 3221 612 strennitate
3264 556 3537 625 pollentem
3563 600 3576 623 ,
3616 562 3693 628 qui
3724 576 3772 615 eo

2253 650 2499 711 tempore
2542 643 2757 700 culmen
2804 646 3035 703 ducatus
3078 647 3219 716 apud
3261 645 3457 703 Gallias
3499 664 3528 703 a
3562 649 3775 709 Romanis

2254 734 2597 808 principibus
2622 736 2953 804 obtinuerat,
2984 738 3174 819 angelo
3204 738 3425 794 docente
3447 739 3533 793 ubi
3569 741 3772 809 arripuit,

2255 833 2642 902 caesariemque
2684 830 2877 902 capitis
2924 829 3190 893 totondit,
3240 843 3304 884 ac
3347 829 3550 884 demum
3590 828 3777 887 Domino

2254 922 2358 979 sibi
2404 923 2681 979 revelante
2725 935 3098 978 successorem
3134 919 3298 990 elegit
3330 937 3345 977 :
3372 918 3458 974 hic
3486 917 3691 988 denique
3717 920 3776 975 fe

2234 1012 2351 1069 .bre
2377 1023 2659 1086 correptus
2689 1015 2789 1069 sub
2827 1012 2913 1068 die
2941 1011 3298 1067 Kalendarum
3327 1009 3578 1079 majorum
3604 1009 3779 1079 pontifi-

2253 1103 2423 1159 calem
2462 1105 2714 1160 thronum
2762 1105 3058 1159 ascendens
3107 1101 3251 1156 inter
3298 1115 3485 1157 manus
3526 1100 3779 1169 obsequen-

2231 1196 2388 1253 .tium
2416 1197 2759 1263 clericorum,
2793 1211 3003 1252 necnon
3034 1204 3090 1250 et
3117 1204 3364 1249 catervas
3391 1192 3620 1249 flentium
3645 1207 3779 1262 popu-

2230 1288 2466 1356 lorum,
2516 1290 2649 1346 hora
2684 1290 2787 1346 diei
2836 1289 2996 1345 tertia
3041 1287 3222 1343 emisit
3251 1280 3513 1356 spiritum.
3558 1282 3780 1339 Continuo

2251 1381 2434 1450 itaque
2478 1381 2677 1436 chorus
2720 1388 3032 1435 sanctorum
3085 1377 3247 1450 (quod
3275 1387 3359 1433 est
3387 1376 3527 1431 dictu
3556 1374 3779 1444 mirabile)

2252 1469 2490 1534 advenit,
2523 1470 2883 1541 spiritumque
2929 1466 3046 1537 ejus
3092 1484 3217 1523 cum
3261 1467 3475 1538 hymnis
3499 1476 3552 1521 et
3575 1463 3783 1520 laudibus

2252 1561 2305 1615 in
2334 1561 2513 1632 specie
2553 1560 2815 1617 columbae
2865 1560 3083 1615 devexit
3118 1560 3187 1614 ad
3230 1560 3447 1624 coelum,
3476 1556 3562 1628 qui
3589 1554 3783 1627 sepultus

2259 1664 2347 1711 est
2395 1655 2779 1711 comitantibus
2828 1655 3107 1711 miraculis
3155 1669 3253 1724 per
3299 1668 3487 1709 manus
3532 1649 3785 1707 beatissimi

2251 1745 2505 1801 Germani
2548 1746 2661 1815 jam
2711 1758 2837 1802 tunc
2873 1746 3174 1818 presbyteri
3211 1746 3367 1817 juxta
3411 1743 3785 1815 praedecessores

2251 1851 2377 1894 Suos
2426 1838 2479 1893 in
2549 1848 2733 1895 monte
2794 1838 3020 1894 Autrico
3048 1879 3063 1905 ,
3111 1846 3166 1894 et
3214 1837 3448 1894 cessavit
3492 1834 3785 1906 episcopatus

2249 1929 2365 1984 dies
2401 1928 2491 1985 50.

2603 2020 2731 2079 CAP.
2761 2020 2872 2077 VII.
2895 2050 2968 2065 --
2992 2021 3068 2076 De
3104 2021 3166 2078 S.
3196 2019 3477 2076 Germano.

2316 2109 2617 2167 Germanus
2645 2151 2661 2177 ,
2707 2111 2925 2167 natione
2977 2109 3470 2167 Autissiodorensis
3500 2149 3517 2175 ι
3568 2120 3631 2162 ex
3669 2112 3787 2174 patre

2228 2199 2490 2267 .Rustico,
2524 2210 2695 2256 matre
2720 2200 3073 2267 Germauilla,
3112 2200 3255 2257 sedit
3284 2215 3455 2256 annos
3480 2198 3569 2264 25,
3595 2197 3696 2253 dies
3716 2193 3785 2248 '50.

2246 2290 2495 2347 Militavit
2521 2302 2698 2349 autem
2729 2293 2829 2348 sub
2856 2292 3238 2349 Valentiniano
3272 2291 3475 2362 majore
3511 2298 3660 2359 atque
3681 2286 3788 2345 Gra-

2247 2380 2434 2447 tiano,
2483 2378 2747 2451 dignitate
2791 2397 2921 2437 vero
2992 2382 3284 2437 sacerdotii
3337 2380 3549 2436 functus
3594 2386 3669 2433 est
3707 2374 3785 2430 sub

2228 2471 2570 2537 .Theodosio,
2599 2474 2834 2529 Arcadio
2870 2481 2924 2529 et
2969 2473 3211 2529 Horrorio
3238 2513 3255 2538 ,
3305 2487 3473 2542 usque
3501 2470 3564 2526 ad
3592 2467 3787 2525 Valenti-

2230 2564 2465 2633 ~nianum
2487 2562 2789 2632 Juniorem,
2811 2565 3112 2621 Constantii
3138 2575 3191 2620 et
3206 2564 3462 2620 Placidia:
3486 2561 3662 2627 ﬁlium,
3683 2573 3788 2621 bra:-

2226 2655 2544 2715 ,snlantibus
2563 2654 2700 2725 apud
2724 2656 2909 2711 urbem
2932 2656 3158 2712 Romam
3181 2655 3496 2712 Innocentio
3515 2662 3567 2709 et
3584 2650 3786 2712 Zozimo,

2242 2742 2521 2801 Bonifacio
2546 2753 2711 2816 atque
2739 2744 3052 2814 Caelestino.
3102 2746 3242 2801 Nam
3286 2754 3346 2802 ut
3372 2747 3426 2801 in
3454 2744 3625 2801 Gestis
3646 2739 3789 2812 ponti-

2243 2836 2492 2895 ficalibus
2520 2838 2789 2910 legimus,
2837 2854 2961 2895 cum
3013 2837 3295 2895 Bonifacio
3343 2840 3445 2895 sub
3491 2834 3788 2926 contentione

2226 2930 2482 2994 ,Eulalius
2522 2930 2683 2986 simul
2721 2930 3002 2986 ordinatus
3028 2940 3114 2986 est
3140 2930 3336 2986 eodem
3367 2931 3453 2986 die
3476 2929 3610 3000 apud
3635 2924 3787 2980 urbem

2242 3019 2472 3074 Romam
2519 3019 2829 3092 apostolica:
2871 3019 3014 3075 sedis
3061 3019 3350 3090 episcopus
3380 3037 3393 3074 :
3428 3019 3569 3091 quod
3606 3015 3791 3071 audiens

553 3110 719 3156 tatem
745 3108 1032 3174 convertit,
1061 3118 1123 3163 ut
1146 3111 1273 3180 quia
1298 3113 1473 3168 adhuc
1497 3116 1707 3171 novitas
1729 3128 1847 3173 erat
1869 3118 2137 3175 Christia-
2167 3141 2212 3205 ο
2245 3109 2480 3205 Eadd“!
2501 3110 2743 3205 ᾼυειιειξ
2766 3125 2888 3165 cum
2916 3108 3025 3164 mlo
3048 3125 3146 3165 δυο
3168 3108 3547 3205 ῖίξιθῇξίηῖίιιξο
3565 3107 3786 3205 Αξιευδίξλ

554 3208 750 3248 norum
780 3196 848 3251 ab
894 3197 1050 3254 idolis
1078 3200 1145 3254 ad
1178 3202 1461 3259 Dominum
1491 3209 1943 3277 convertentium,
1974 3226 2139 3280 parva

552 3282 732 3338 adhuc
759 3282 958 3340 ibidem
985 3300 1102 3345 erat
1130 3288 1374 3356 basilica,
1407 3294 1471 3347 ad
1500 3304 1729 3363 portam,
1769 3314 1887 3368 qua:
1912 3300 2142 3358 Balnea-

553 3372 631 3428 ris
676 3372 841 3444 (nunc
873 3378 1076 3450 templi)
1125 3396 1154 3435 a
1198 3382 1390 3451 priscis
1426 3387 1736 3444 auctoribus
1779 3404 2135 3464 nuncupatur.

554 3461 685 3529 Qua:
731 3480 829 3535 per
878 3470 1317 3536 przedicationem
1384 3475 1680 3532 beatissimi
1732 3461 2007 3539 Amatoris
2063 3485 2138 3540 ita

552 3555 714 3624 coepit
759 3556 1045 3626 pullulare,
1074 3569 1129 3617 et
1165 3562 1519 3622 Christianos.
1546 3569 1794 3639 palmites
1820 3589 2134 3647 propagare,

550 3649 613 3696 ut
640 3658 752 3723 pra:
790 3646 1168 3716 multitudine,
1205 3668 1303 3723 eos
1346 3656 1486 3711 intra
1534 3661 1810 3730 angustias
1856 3664 2138 3723 brevitatis

549 3731 699 3787 nullo
746 3736 904 3793 modo
950 3751 1171 3810 caperet
1235 3745 1483 3801 ecclesia.
1546 3749 1714 3820 Igitur
1767 3754 2136 3815 nobilissimus

549 3825 769 3894 quidam
795 3837 923 3887 tunc
949 3836 1210 3904 temporis
1236 3837 1506 3908 Ruptilius
1532 3843 1665 3898 civis
1693 3843 2135 3905 Autissiodoren—

548 3920 626 3976 sis
663 3921 898 3980 habebat
927 3926 1066 3997 infra
1109 3928 1403 3986 claustrum
1440 3934 1609 4004 ipsius
1636 3936 1871 3995 civitatis
1897 3940 2133 4011 amplum

548 4024 711 4082 atque
737 4014 1006 4075 excelsum
1035 4019 1363 4076 domicilium
1391 4035 1618 4091 paterno
1672 4028 1775 4083 sibi
1811 4024 2135 4089 testamento

548 4100 859 4179 demissum.
895 4105 1046 4173 Quod
1070 4124 1300 4166 cernens
1322 4113 1510 4170 beatus
1530 4114 1754 4172 Amator
1774 4121 2017 4178 ecclesia:
2038 4123 2134 4180 Dei

516 4256 521 4261 ,
549 4197 879 4253 conveniens
909 4198 1045 4267 fore,
1084 4202 1162 4257 sic
1191 4202 1487 4273 Ruptilium
1518 4207 1782 4268 allocutus
1809 4223 1894 4269 est
1926 4234 1939 4269 :
1972 4214 2134 4273 Novi-

548 4274 670 4340 rnus
698 4293 750 4342 te
778 4286 888 4344 Deo
913 4299 1132 4345 auctore
1162 4295 1303 4349 sacri
1338 4295 1538 4352 lavacri
1568 4299 1817 4359 laticibus
1847 4319 2132 4376 regenera-

548 4386 684 4442 tum,
716 4387 771 4434 et
806 4381 971 4438 debes
999 4381 1070 4448 ei,
1101 4385 1191 4454 qui
1233 4394 1284 4441 te
1326 4387 1392 4442 de
1419 4391 1695 4447 erroribus
1731 4393 1989 4450 idolorum
2019 4399 2130 4453 eri-

547 4467 683 4534 puit.
717 4478 771 4524 et
813 4486 923 4526 suae
967 4474 1182 4529 veritati
1227 4477 1475 4545 adscivit,
1506 4481 1560 4536 in
1589 4484 1840 4541 omnibus
1885 4488 2125 4544 obedire.

547 4555 721 4626 Nosti,
755 4558 1050 4618 clarissime
1081 4565 1183 4632 vir,
1215 4568 1359 4637 quod
1396 4569 1586 4628 domus
1617 4572 1710 4629 Dei
1758 4588 1921 4644 parva
1957 4577 2048 4643 sit,
2075 4588 2130 4633 et

548 4662 655 4702 non
687 4648 915 4708 sufficiat
941 4655 1137 4725 populo
1157 4657 1491 4727 Christiano,
1518 4672 1574 4719 et
1593 4666 1845 4737 quoniam
1874 4666 2131 4737 injustum

546 4753 671 4794 esse
713 4741 951 4799 arbitror
998 4753 1051 4800 te
1103 4746 1364 4805 famulum
1416 4754 1607 4811 melius
1640 4772 1801 4827 quam
1842 4760 2129 4816 Dominum

548 4829 913 4889 habitaculum
954 4830 1229 4906 possidere
1252 4883 1267 4907 ,
1315 4847 1558 4902 censenti
1601 4849 1778 4913 nobis,
1807 4859 1869 4905 ut
1899 4851 2015 4907 haec
2045 4860 2133 4909 tua

548 4922 740 4978 domus
786 4925 1003 4983 Christo
1053 4931 1282 4988 Domino
1333 4936 1384 4989 in
1432 4936 1716 4995 coelesiam
1767 4953 2131 5001 consecretur.

544 5010 639 5067 llle
662 5028 790 5068 vero
815 5015 1235 5076 admonitionem
1260 5025 1434 5079 sancti
1464 5028 1562 5082 viri
1593 5044 1783 5097 aspere
1810 5032 2129 5103 suscipiens,

546 5101 778 5171 primum
804 5105 1021 5175 quidem
1062 5110 1351 5167 afﬁrmavit
1381 5129 1441 5169 se
1479 5117 1530 5171 ci
1563 5118 1870 5175 nullatenus
1906 5101 2133 5180 consen-

547 5191 683 5257 tire,
729 5194 824 5250 sed
854 5205 1041 5266 postea
1084 5200 1414 5259 validissima
1463 5218 1748 5277 correptus
1795 5210 2128 5282 infirmitate,

546 5293 738 5341 sancto
763 5285 881 5343 viro
904 5290 1051 5358 quod
1075 5292 1418 5350 desiderabat
1447 5298 1685 5354 tradidit.
1717 5300 1868 5358 Tunc
1900 5302 2131 5361 famulus

547 5374 759 5433 Domini
801 5392 1021 5451 compos
1066 5381 1291 5439 eﬂ‘ectus
1336 5388 1446 5443 vcti
1493 5390 1597 5455 sui,
1637 5393 1877 5448 eamdem
1908 5394 2126 5451 domum

547 5465 763 5524 Christo
790 5471 1018 5531 Domino
1049 5475 1149 5530 sub
1175 5477 1264 5533 die
1290 5493 1321 5532 v
1350 5479 1619 5538 Nonarum
1661 5483 1972 5541 Octobrium
2001 5502 2130 5543 con-

547 5559 803 5626 secrevit,
835 5577 897 5618 ac
924 5565 1136 5637 populis
1163 5569 1442 5627 colendam
1480 5574 1698 5631 tradidit
1731 5594 1743 5630 :
1781 5576 1898 5632 haec
1924 5588 2006 5633 est
2033 5580 2129 5635 ba-

547 5648 698 5703 silica
726 5651 778 5705 in
804 5653 1061 5713 honorem
1084 5666 1495 5738 protomartyris
1523 5666 1785 5740 Stephani
1807 5669 2129 5727 Christianis

545 5744 757 5814 populis
788 5742 1141 5820 frequentata.

2245 3200 2373 3254 dum
2422 3200 2675 3255 sederent
2706 3199 2981 3255 Ravennae
3009 3239 3024 3263 ,
3078 3198 3268 3254 retulit
3311 3198 3550 3254 Honorio
3591 3197 3793 3264 Augusto

2242 3285 2544 3342 Mediolano
2587 3286 2839 3354 sedenti;
2884 3286 3074 3342 eodem
3124 3295 3373 3358 tempore
3422 3286 3579 3341 ambo
3603 3279 3792 3352 Augusti

2243 3377 2407 3431 missa
2433 3376 2757 3432 auctoritate
2782 3376 2885 3433 hoc
2909 3386 3307 3447 praeceperunt,
3332 3384 3393 3432 ut
3418 3377 3576 3431 ambo
3602 3372 3663 3428 ab
3689 3368 3794 3426 urbe

2242 3467 2454 3523 exirent
2473 3467 2647 3525 donec
2666 3467 3128 3523 examinarentur.
3153 3466 3282 3523 Hcce
3306 3468 3429 3523 ideo
3450 3462 3790 3537 praemisimus,

2224 3568 2301 3623 ,ut
2330 3574 2439 3630 quo
2475 3567 2716 3630 tempore
2742 3561 2933 3616 beatus
2962 3559 3270 3616 Germanus
3301 3560 3487 3617 ﬂoruit
3515 3557 3699 3614 certius
3721 3553 3794 3609 dc-

2241 3656 2670 3707 nionstraremus
2698 3668 2711 3706 :
2739 3650 2841 3706 fuit
2867 3651 3013 3707 enim
3052 3651 3429 3707 nobilissimus
3460 3663 3648 3723 genere
3671 3654 3719 3702 et
3741 3641 3794 3698 ab

2226 3721 2373 3810 ipsis
2411 3741 2653 3798 infantiae
2691 3743 3012 3797 rudimentis
3054 3742 3250 3798 studiis
3275 3721 3593 3798 liberalibus
3615 3737 3796 3795 institu-

2220 3841 2347 3901 -tus,
2377 3843 2540 3906 atque
2562 3844 2624 3890 ut
2649 3835 2705 3891 in
2732 3849 2855 3890 eum
2881 3833 3145 3904 perfectio
3175 3833 3488 3890 litterarum
3515 3832 3665 3903 plena
3692 3842 3796 3884 con-

2220 3927 2489 3997 flueret,
2558 3936 2683 3999 post
2747 3926 3013 3983 auditoria
3085 3925 3367 3982 Gallicana
3432 3928 3576 3982 intra
3616 3920 3797 3977 urbem

2239 4018 2466 4075 Romam
2497 4017 2636 4089 juris
2670 4017 2952 4074 scientiam
2992 4017 3317 4088 plenitudini
3358 4015 3700 4089 perfectionis

2234 4108 2385 4179 jecit;
2415 4116 2732 4179 tantumque
2754 4107 2895 4178 apud
2920 4107 3194 4163 Romanos
3222 4106 3525 4178 dignitatis,
3550 4106 3798 4177 potestatis

2225 4210 2292 4274 et
2318 4202 2502 4273 gloria:
2531 4202 2759 4273 adeptus
2785 4209 2869 4257 est
2907 4216 3125 4266 munus,
3157 4210 3217 4255 ut
3243 4201 3413 4257 etiam
3446 4210 3623 4271 togam
3652 4208 3799 4252 mere-

2238 4300 2404 4348 retur.
2456 4291 2513 4348 ln
2559 4306 2667 4362 quo
2714 4299 2838 4348 actu
2870 4291 2997 4347 dum
3040 4291 3326 4362 multiplici
3378 4291 3555 4347 laudis
3598 4288 3709 4343 luce
3732 4298 3801 4339 rc-

2222 4382 2543 4453 .splenderet
2568 4424 2583 4451 ,
2634 4382 2921 4439 sublimem
2970 4395 3170 4454 genere
3197 4423 3212 4447 ,
3245 4383 3457 4440 divitiis
3481 4424 3497 4450 ,
3549 4380 3798 4439 moribus,

2239 4472 2585 4541 Eustachiam
2616 4475 2856 4540 nomine,
2888 4475 3115 4529 sortitur
3159 4490 3387 4532 uxorem
3414 4518 3430 4543 ,
3477 4475 3659 4545 sicque
3697 4481 3800 4524 eum

2235 4569 2539 4640 reSpublica
2584 4570 2884 4625 transmisit
2905 4570 2973 4625 ad
2999 4570 3229 4637 Gallias,
3261 4579 3323 4627 ut
3348 4572 3459 4627 illic
3488 4570 3695 4627 culmen
3723 4564 3803 4619 du-

2237 4671 2412 4729 catus,
2430 4664 2704 4734 totiusque
2721 4664 3004 4734 potestatis
3022 4665 3295 4721 obtineret
3309 4666 3648 4738 dignitatem.
3669 4661 3801 4717 Cum-

2237 4765 2342 4823 que
2361 4752 2666 4822 hujusmodi
2688 4752 3007 4826 fungeretur
3020 4753 3218 4823 officio,
3237 4767 3465 4815 sanctus
3479 4760 3713 4819 Amator,
3727 4750 3801 4822 qui

2237 4852 2367 4899 tunc
2398 4845 2656 4916 temporis
2681 4846 3209 4905 Autissiodorensem
3248 4850 3477 4920 regebat
3506 4846 3800 4905 Ecclesiam.

2237 4934 2445 4992 Eduam
2489 4936 2763 5007 profectus
2810 4946 2915 5000 est,
2948 4939 3129 4999 divina
3176 4939 3428 5011 pulsatus
3476 4938 3801 4997 revelatione,

2230 5026 2322 5082 ubi
2348 5027 2524 5092 Julius
2543 5027 2830 5100 praefectus
2849 5045 2915 5085 ac
2937 5031 3247 5100 reipublicae
3267 5040 3455 5087 rector
3478 5026 3799 5101 praesidebat.

2231 5116 2402 5185 Quem
2453 5134 2740 5191 aggressus
2784 5129 3011 5177 sanctus
3055 5122 3284 5181 Amator
3332 5122 3416 5177 sic
3468 5117 3799 5189 alloquitur:

2228 5209 2416 5265 Finem
2448 5226 2645 5276 meum,
2679 5211 2903 5269 Domino
2947 5213 3077 5269 mihi
3131 5214 3529 5279 innotescente,
3575 5204 3799 5281 cognovi.

2228 5310 2283 5358 et
2313 5303 2439 5373 quia
2493 5318 2598 5359 non
2631 5313 2715 5358 est
2742 5303 2880 5359 alter
2904 5287 3014 5375 'qui
3056 5306 3296 5375 regimen
3329 5313 3540 5360 sanctae
3569 5299 3802 5395 [Cocles-tte.

2234 5395 2516 5466 suscipiat,
2546 5394 2652 5451 nisi
2701 5395 3102 5453 illustrissimus
3135 5394 3447 5452 Germanus
3487 5394 3651 5466 (sicut
3682 5387 3801 5446 mihi

2216 5484 2489 5545 .Dominus
2514 5486 2654 5542 Deus
2677 5500 2828 5542 meus
2856 5486 3098 5543 revelare
3111 5488 3361 5559 dignatus
3383 5485 3690 5556 est),‘posco
3708 5474 3801 5533 cel-

2234 5576 2523 5634 situdinem
2557 5586 2726 5644 tuam,
2760 5587 2818 5632 ut
2866 5578 3138 5633 licentiam
3188 5579 3397 5633 tribuas
3442 5576 3577 5633 mihi
3608 5566 3800 5639 rogati“

2234 5663 2482 5725 eumdem
2504 5668 2832 5725 Germanum
2859 5671 3149 5725 tonsorari.
3178 5671 3274 5727 Cui
3304 5670 3636 5740 praefectus:
3666 5661 3801 5718 Licet

2236 5760 2578 5819 ne.-essarins
2608 5761 2678 5819 sit
2718 5769 2882 5832 atque
2907 5759 3225 5820 utilissimus
3254 5757 3566 5831 reipublicae
3586 5763 3798 5813 nostra).
