  <div class='ocr_page' id='page_1' title='image "/cluster/home/n/w/nwhite01/storage/ocr_20150623/138/hvd.32044015471774/118.png"; bbox 0 0 3918 6316; ppageno 0'>
   <div class='ocr_carea' id='block_1_1' title="bbox 552 362 678 371">
    <p class='ocr_par' dir='ltr' id='par_1_1' title="bbox 552 362 678 371">
     <span class='ocr_line' id='line_1_1' title="bbox 552 362 678 371; baseline 0 0"><span class='ocrx_word' id='word_1_1' title='bbox 552 362 579 368; x_wconf 44' lang='grc' dir='ltr'><strong>γ’</strong></span> <span class='ocrx_word' id='word_1_2' title='bbox 598 362 678 371; x_wconf 58' lang='grc' dir='ltr'><strong>..ς-ο</strong></span> 
     </span>
    </p>
   </div>
   <div class='ocr_carea' id='block_1_2' title="bbox 140 411 229 469">
    <p class='ocr_par' dir='ltr' id='par_1_2' title="bbox 140 411 229 469">
     <span class='ocr_line' id='line_1_2' title="bbox 140 411 229 469; baseline 0 0"><span class='ocrx_word' id='word_1_3' title='bbox 140 411 229 469; x_wconf 66' lang='grc' dir='ltr'><strong>ηε</strong></span> 
     </span>
    </p>
   </div>
   <div class='ocr_carea' id='block_1_3' title="bbox 978 406 2412 469">
    <p class='ocr_par' dir='ltr' id='par_1_3' title="bbox 978 406 2412 469">
     <span class='ocr_line' id='line_1_3' title="bbox 978 406 2412 469; baseline 0 -3"><span class='ocrx_word' id='word_1_4' title='bbox 978 440 983 445; x_wconf 61' lang='grc' dir='ltr'><strong><em>ο</em></strong></span> <span class='ocrx_word' id='word_1_5' title='bbox 1020 409 1107 468; x_wconf 86' lang='lat' dir='ltr'><strong>DE</strong></span> <span class='ocrx_word' id='word_1_6' title='bbox 1145 407 1390 467; x_wconf 83' lang='lat' dir='ltr'><strong>GESTIS</strong></span> <span class='ocrx_word' id='word_1_7' title='bbox 1427 406 1641 466; x_wconf 83' lang='lat' dir='ltr'><strong>EPISC.</strong></span> <span class='ocrx_word' id='word_1_8' title='bbox 1686 406 2343 469; x_wconf 77' lang='lat' dir='ltr'><strong>ANTISSIOD.—PARS</strong></span> <span class='ocrx_word' id='word_1_9' title='bbox 2371 410 2412 468; x_wconf 90' lang='grc' dir='ltr'><strong>Ῑ.</strong></span> 
     </span>
    </p>
   </div>
   <div class='ocr_carea' id='block_1_4' title="bbox 3251 418 3359 474">
    <p class='ocr_par' dir='ltr' id='par_1_4' title="bbox 3251 418 3359 474">
     <span class='ocr_line' id='line_1_4' title="bbox 3251 418 3359 474; baseline -0.009 0"><span class='ocrx_word' id='word_1_10' title='bbox 3251 418 3359 474; x_wconf 73' lang='grc'><strong>226</strong></span> 
     </span>
    </p>
   </div>
   <div class='ocr_carea' id='block_1_5' title="bbox 142 502 3356 600">
    <p class='ocr_par' dir='ltr' id='par_1_5' title="bbox 142 502 3356 600">
     <span class='ocr_line' id='line_1_5' title="bbox 142 502 3356 600; baseline -0 -16"><span class='ocrx_word' id='word_1_11' title='bbox 142 540 293 584; x_wconf 85' lang='lat' dir='ltr'><strong>tamen</strong></span> <span class='ocrx_word' id='word_1_12' title='bbox 318 524 435 597; x_wconf 84' lang='lat' dir='ltr'><strong>quia</strong></span> <span class='ocrx_word' id='word_1_13' title='bbox 467 523 604 581; x_wconf 84' lang='lat' dir='ltr'><strong>Deus</strong></span> <span class='ocrx_word' id='word_1_14' title='bbox 648 523 749 582; x_wconf 83' lang='lat' dir='ltr'><strong>sibi</strong></span> <span class='ocrx_word' id='word_1_15' title='bbox 796 525 946 581; x_wconf 86' lang='lat' dir='ltr'><strong>illum</strong></span> <span class='ocrx_word' id='word_1_16' title='bbox 978 525 1140 597; x_wconf 89' lang='lat' dir='ltr'><strong>elegit</strong></span> <span class='ocrx_word' id='word_1_17' title='bbox 1175 526 1339 600; x_wconf 81' lang='lat' dir='ltr'><strong>(sicut</strong></span> <span class='ocrx_word' id='word_1_18' title='bbox 1385 533 1473 580; x_wconf 88' lang='lat' dir='ltr'><strong>tua</strong></span> <span class='ocrx_word' id='word_1_19' title='bbox 1501 526 1675 581; x_wconf 85' lang='lat' dir='ltr'><strong>beati—</strong></span> <span class='ocrx_word' id='word_1_20' title='bbox 1704 502 1755 561; x_wconf 81' lang='grc' dir='ltr'><strong>Α</strong></span> <span class='ocrx_word' id='word_1_21' title='bbox 1781 520 2105 576; x_wconf 78' lang='lat' dir='ltr'><strong>venerabilis</strong></span> <span class='ocrx_word' id='word_1_22' title='bbox 2124 522 2337 592; x_wconf 77' lang='lat' dir='ltr'><strong>genitor</strong></span> <span class='ocrx_word' id='word_1_23' title='bbox 2360 522 2476 591; x_wconf 83' lang='lat' dir='ltr'><strong>ejus</strong></span> <span class='ocrx_word' id='word_1_24' title='bbox 2512 521 2770 579; x_wconf 76' lang='lat' dir='ltr'><strong>Rusticus</strong></span> <span class='ocrx_word' id='word_1_25' title='bbox 2817 525 3067 596; x_wconf 87' lang='lat' dir='ltr'><strong>superius</strong></span> <span class='ocrx_word' id='word_1_26' title='bbox 3110 508 3356 584; x_wconf 51' lang='lat' dir='ltr'><strong>nomina?</strong></span> 
     </span>
    </p>
   </div>
   <div class='ocr_carea' id='block_1_6' title="bbox 139 615 1669 685">
    <p class='ocr_par' dir='ltr' id='par_1_6' title="bbox 139 615 1669 685">
     <span class='ocr_line' id='line_1_6' title="bbox 139 615 1669 685; baseline -0.001 -14"><span class='ocrx_word' id='word_1_27' title='bbox 139 617 245 671; x_wconf 90' lang='lat' dir='ltr'><strong>tudo</strong></span> <span class='ocrx_word' id='word_1_28' title='bbox 278 615 514 685; x_wconf 73' lang='lat' dir='ltr'><strong>testatur)</strong></span> <span class='ocrx_word' id='word_1_29' title='bbox 567 623 755 671; x_wconf 80' lang='lat' dir='ltr'><strong>contra</strong></span> <span class='ocrx_word' id='word_1_30' title='bbox 804 615 900 669; x_wconf 87' lang='lat' dir='ltr'><strong>Dei</strong></span> <span class='ocrx_word' id='word_1_31' title='bbox 949 622 1275 685; x_wconf 87' lang='lat' dir='ltr'><strong>praeceptum</strong></span> <span class='ocrx_word' id='word_1_32' title='bbox 1324 615 1510 669; x_wconf 87' lang='lat' dir='ltr'><strong>venire</strong></span> <span class='ocrx_word' id='word_1_33' title='bbox 1560 629 1669 669; x_wconf 89' lang='lat' dir='ltr'><strong>non</strong></span> 
     </span>
    </p>
   </div>
   <div class='ocr_carea' id='block_1_7' title="bbox 136 702 1669 776">
    <p class='ocr_par' dir='ltr' id='par_1_7' title="bbox 136 702 1669 776">
     <span class='ocr_line' id='line_1_7' title="bbox 136 702 1669 776; baseline 0 -16"><span class='ocrx_word' id='word_1_34' title='bbox 136 720 337 776; x_wconf 89' lang='lat' dir='ltr'><strong>possum.</strong></span> <span class='ocrx_word' id='word_1_35' title='bbox 366 703 474 759; x_wconf 83' lang='lat' dir='ltr'><strong>Hac</strong></span> <span class='ocrx_word' id='word_1_36' title='bbox 496 704 677 773; x_wconf 91' lang='lat' dir='ltr'><strong>itaque</strong></span> <span class='ocrx_word' id='word_1_37' title='bbox 699 714 921 774; x_wconf 85' lang='lat' dir='ltr'><strong>accepta</strong></span> <span class='ocrx_word' id='word_1_38' title='bbox 947 702 1185 771; x_wconf 78' lang='lat' dir='ltr'><strong>licentia,</strong></span> <span class='ocrx_word' id='word_1_39' title='bbox 1217 703 1302 758; x_wconf 91' lang='lat' dir='ltr'><strong>vir</strong></span> <span class='ocrx_word' id='word_1_40' title='bbox 1322 703 1669 760; x_wconf 84' lang='lat' dir='ltr'><strong>beatissimus</strong></span> 
     </span>
    </p>
   </div>
   <div class='ocr_carea' id='block_1_8' title="bbox 135 792 1670 864">
    <p class='ocr_par' dir='ltr' id='par_1_8' title="bbox 135 792 1670 864">
     <span class='ocr_line' id='line_1_8' title="bbox 135 792 1670 864; baseline -0.001 -14"><span class='ocrx_word' id='word_1_41' title='bbox 135 808 371 864; x_wconf 74' lang='lat' dir='ltr'><strong>regressus</strong></span> <span class='ocrx_word' id='word_1_42' title='bbox 381 801 459 848; x_wconf 89' lang='lat' dir='ltr'><strong>est</strong></span> <span class='ocrx_word' id='word_1_43' title='bbox 472 792 538 847; x_wconf 90' lang='lat' dir='ltr'><strong>ad</strong></span> <span class='ocrx_word' id='word_1_44' title='bbox 554 792 793 864; x_wconf 91' lang='lat' dir='ltr'><strong>propria.</strong></span> <span class='ocrx_word' id='word_1_45' title='bbox 813 792 1217 848; x_wconf 86' lang='lat' dir='ltr'><strong>Acciditautem</strong></span> <span class='ocrx_word' id='word_1_46' title='bbox 1235 793 1467 863; x_wconf 87' lang='lat' dir='ltr'><strong>quadam</strong></span> <span class='ocrx_word' id='word_1_47' title='bbox 1484 794 1591 859; x_wconf 85' lang='lat' dir='ltr'><strong>die,</strong></span> <span class='ocrx_word' id='word_1_48' title='bbox 1610 801 1670 849; x_wconf 90' lang='lat' dir='ltr'><strong>ut</strong></span> 
     </span>
    </p>
   </div>
   <div class='ocr_carea' id='block_1_9' title="bbox 133 881 1668 952">
    <p class='ocr_par' dir='ltr' id='par_1_9' title="bbox 133 881 1668 952">
     <span class='ocr_line' id='line_1_9' title="bbox 133 881 1668 952; baseline 0 -14"><span class='ocrx_word' id='word_1_49' title='bbox 133 882 390 938; x_wconf 88' lang='lat' dir='ltr'><strong>Germanus</strong></span> <span class='ocrx_word' id='word_1_50' title='bbox 409 881 637 952; x_wconf 85' lang='lat' dir='ltr'><strong>stipatus</strong></span> <span class='ocrx_word' id='word_1_51' title='bbox 665 882 917 951; x_wconf 79' lang='lat' dir='ltr'><strong>congerie</strong></span> <span class='ocrx_word' id='word_1_52' title='bbox 938 896 1157 937; x_wconf 91' lang='lat' dir='ltr'><strong>suorum</strong></span> <span class='ocrx_word' id='word_1_53' title='bbox 1185 882 1469 937; x_wconf 87' lang='lat' dir='ltr'><strong>ecclesiam</strong></span> <span class='ocrx_word' id='word_1_54' title='bbox 1492 882 1668 938; x_wconf 86' lang='lat' dir='ltr'><strong>sancti</strong></span> 
     </span>
    </p>
   </div>
   <div class='ocr_carea' id='block_1_10' title="bbox 133 971 1666 1042">
    <p class='ocr_par' dir='ltr' id='par_1_10' title="bbox 133 971 1666 1042">
     <span class='ocr_line' id='line_1_10' title="bbox 133 971 1666 1042; baseline 0.002 -16"><span class='ocrx_word' id='word_1_55' title='bbox 133 971 350 1041; x_wconf 75' lang='lat' dir='ltr'><strong>Stephani</strong></span> <span class='ocrx_word' id='word_1_56' title='bbox 386 972 590 1041; x_wconf 83' lang='lat' dir='ltr'><strong>ingredi</strong></span> <span class='ocrx_word' id='word_1_57' title='bbox 619 971 897 1037; x_wconf 89' lang='lat' dir='ltr'><strong>voluisset,</strong></span> <span class='ocrx_word' id='word_1_58' title='bbox 926 972 1073 1042; x_wconf 84' lang='lat' dir='ltr'><strong>quod</strong></span> <span class='ocrx_word' id='word_1_59' title='bbox 1094 973 1435 1042; x_wconf 84' lang='lat' dir='ltr'><strong>comperiens</strong></span> <span class='ocrx_word' id='word_1_60' title='bbox 1471 973 1666 1029; x_wconf 85' lang='lat' dir='ltr'><strong>beatus</strong></span> 
     </span>
    </p>
   </div>
   <div class='ocr_carea' id='block_1_11' title="bbox 129 1050 1667 1133">
    <p class='ocr_par' dir='ltr' id='par_1_11' title="bbox 129 1050 1667 1133">
     <span class='ocr_line' id='line_1_11' title="bbox 129 1050 1667 1133; baseline 0.002 -15"><span class='ocrx_word' id='word_1_61' title='bbox 129 1050 333 1128; x_wconf 82' lang='lat' dir='ltr'><strong>Amator,</strong></span> <span class='ocrx_word' id='word_1_62' title='bbox 370 1063 417 1118; x_wconf 91' lang='lat' dir='ltr'><strong>ei</strong></span> <span class='ocrx_word' id='word_1_63' title='bbox 442 1063 656 1118; x_wconf 81' lang='lat' dir='ltr'><strong>obviam</strong></span> <span class='ocrx_word' id='word_1_64' title='bbox 696 1063 871 1120; x_wconf 90' lang='lat' dir='ltr'><strong>factus</strong></span> <span class='ocrx_word' id='word_1_65' title='bbox 909 1073 1010 1131; x_wconf 85' lang='lat' dir='ltr'><strong>est,</strong></span> <span class='ocrx_word' id='word_1_66' title='bbox 1049 1064 1237 1133; x_wconf 87' lang='lat' dir='ltr'><strong>sicque</strong></span> <span class='ocrx_word' id='word_1_67' title='bbox 1262 1079 1358 1120; x_wconf 90' lang='lat' dir='ltr'><strong>eos</strong></span> <span class='ocrx_word' id='word_1_68' title='bbox 1401 1064 1667 1121; x_wconf 84' lang='lat' dir='ltr'><strong>allocutus</strong></span> 
     </span>
    </p>
   </div>
   <div class='ocr_carea' id='block_1_12' title="bbox 129 1155 1663 1227">
    <p class='ocr_par' dir='ltr' id='par_1_12' title="bbox 129 1155 1663 1227">
     <span class='ocr_line' id='line_1_12' title="bbox 129 1155 1663 1227; baseline 0 -16"><span class='ocrx_word' id='word_1_69' title='bbox 129 1164 193 1211; x_wconf 86' lang='lat' dir='ltr'><strong>est</strong></span> <span class='ocrx_word' id='word_1_70' title='bbox 224 1155 390 1210; x_wconf 88' lang='lat' dir='ltr'><strong>dicens</strong></span> <span class='ocrx_word' id='word_1_71' title='bbox 423 1155 791 1221; x_wconf 83' lang='lat' dir='ltr'><strong>:Exonerate,</strong></span> <span class='ocrx_word' id='word_1_72' title='bbox 823 1156 1277 1227; x_wconf 43' lang='lat' dir='ltr'><strong>ﬁlii‘charissimi,</strong></span> <span class='ocrx_word' id='word_1_73' title='bbox 1306 1155 1499 1226; x_wconf 88' lang='lat' dir='ltr'><strong>jaculis</strong></span> <span class='ocrx_word' id='word_1_74' title='bbox 1545 1171 1663 1211; x_wconf 87' lang='lat' dir='ltr'><strong>ma-</strong></span> 
     </span>
    </p>
   </div>
   <div class='ocr_carea' id='block_1_13' title="bbox 126 1245 1667 1314">
    <p class='ocr_par' dir='ltr' id='par_1_13' title="bbox 126 1245 1667 1314">
     <span class='ocr_line' id='line_1_13' title="bbox 126 1245 1667 1314; baseline -0.001 -11"><span class='ocrx_word' id='word_1_75' title='bbox 126 1262 222 1313; x_wconf 88' lang='lat' dir='ltr'><strong>nus,</strong></span> <span class='ocrx_word' id='word_1_76' title='bbox 249 1255 298 1305; x_wconf 88' lang='lat' dir='ltr'><strong>et</strong></span> <span class='ocrx_word' id='word_1_77' title='bbox 318 1260 461 1301; x_wconf 87' lang='lat' dir='ltr'><strong>arma</strong></span> <span class='ocrx_word' id='word_1_78' title='bbox 484 1261 550 1301; x_wconf 81' lang='lat' dir='ltr'><strong>ex</strong></span> <span class='ocrx_word' id='word_1_79' title='bbox 584 1247 826 1302; x_wconf 83' lang='lat' dir='ltr'><strong>humeris</strong></span> <span class='ocrx_word' id='word_1_80' title='bbox 872 1247 1070 1302; x_wconf 81' lang='lat' dir='ltr'><strong>vestris</strong></span> <span class='ocrx_word' id='word_1_81' title='bbox 1110 1245 1339 1314; x_wconf 90' lang='lat' dir='ltr'><strong>rejicite,</strong></span> <span class='ocrx_word' id='word_1_82' title='bbox 1380 1256 1433 1302; x_wconf 90' lang='lat' dir='ltr'><strong>et</strong></span> <span class='ocrx_word' id='word_1_83' title='bbox 1463 1247 1543 1301; x_wconf 91' lang='lat' dir='ltr'><strong>sic</strong></span> <span class='ocrx_word' id='word_1_84' title='bbox 1576 1247 1667 1302; x_wconf 85' lang='lat' dir='ltr'><strong>do-</strong></span> 
     </span>
    </p>
   </div>
   <div class='ocr_carea' id='block_1_14' title="bbox 122 1336 1666 1409">
    <p class='ocr_par' dir='ltr' id='par_1_14' title="bbox 122 1336 1666 1409">
     <span class='ocr_line' id='line_1_14' title="bbox 122 1336 1666 1409; baseline 0 -18"><span class='ocrx_word' id='word_1_85' title='bbox 122 1352 239 1392; x_wconf 85' lang='lat' dir='ltr'><strong>mum</strong></span> <span class='ocrx_word' id='word_1_86' title='bbox 271 1338 356 1392; x_wconf 90' lang='lat' dir='ltr'><strong>Dei</strong></span> <span class='ocrx_word' id='word_1_87' title='bbox 380 1337 748 1409; x_wconf 84' lang='lat' dir='ltr'><strong>ingredimini,</strong></span> <span class='ocrx_word' id='word_1_88' title='bbox 791 1336 1047 1407; x_wconf 89' lang='lat' dir='ltr'><strong>quoniam</strong></span> <span class='ocrx_word' id='word_1_89' title='bbox 1079 1336 1195 1391; x_wconf 68' lang='lat' dir='ltr'><strong>haec</strong></span> <span class='ocrx_word' id='word_1_90' title='bbox 1217 1336 1408 1391; x_wconf 92' lang='lat' dir='ltr'><strong>domus</strong></span> <span class='ocrx_word' id='word_1_91' title='bbox 1433 1345 1517 1391; x_wconf 90' lang='lat' dir='ltr'><strong>est</strong></span> <span class='ocrx_word' id='word_1_92' title='bbox 1539 1350 1666 1391; x_wconf 91' lang='lat' dir='ltr'><strong>ora-</strong></span> 
     </span>
    </p>
   </div>
   <div class='ocr_carea' id='block_1_15' title="bbox 125 1424 1663 1496">
    <p class='ocr_par' dir='ltr' id='par_1_15' title="bbox 125 1424 1663 1496">
     <span class='ocr_line' id='line_1_15' title="bbox 125 1424 1663 1496; baseline 0 -15"><span class='ocrx_word' id='word_1_93' title='bbox 125 1425 270 1491; x_wconf 89' lang='lat' dir='ltr'><strong>tionis,</strong></span> <span class='ocrx_word' id='word_1_94' title='bbox 296 1440 399 1480; x_wconf 92' lang='lat' dir='ltr'><strong>non</strong></span> <span class='ocrx_word' id='word_1_95' title='bbox 441 1424 632 1481; x_wconf 79' lang='lat' dir='ltr'><strong>Martis</strong></span> <span class='ocrx_word' id='word_1_96' title='bbox 688 1426 851 1481; x_wconf 81' lang='lat' dir='ltr'><strong>statio</strong></span> <span class='ocrx_word' id='word_1_97' title='bbox 898 1424 1229 1496; x_wconf 86' lang='lat' dir='ltr'><strong>petulantis;</strong></span> <span class='ocrx_word' id='word_1_98' title='bbox 1270 1424 1347 1479; x_wconf 90' lang='lat' dir='ltr'><strong>illi</strong></span> <span class='ocrx_word' id='word_1_99' title='bbox 1390 1440 1519 1481; x_wconf 90' lang='lat' dir='ltr'><strong>vero</strong></span> <span class='ocrx_word' id='word_1_100' title='bbox 1548 1427 1663 1481; x_wconf 85' lang='lat' dir='ltr'><strong>haec</strong></span> 
     </span>
    </p>
   </div>
   <div class='ocr_carea' id='block_1_16' title="bbox 123 1513 1664 1571">
    <p class='ocr_par' dir='ltr' id='par_1_16' title="bbox 123 1513 1664 1571">
     <span class='ocr_line' id='line_1_16' title="bbox 123 1513 1664 1571; baseline 0 -2"><span class='ocrx_word' id='word_1_101' title='bbox 123 1516 356 1571; x_wconf 79' lang='lat' dir='ltr'><strong>audientes</strong></span> <span class='ocrx_word' id='word_1_102' title='bbox 377 1516 497 1570; x_wconf 88' lang='lat' dir='ltr'><strong>viro</strong></span> <span class='ocrx_word' id='word_1_103' title='bbox 552 1515 648 1570; x_wconf 90' lang='lat' dir='ltr'><strong>Dei</strong></span> <span class='ocrx_word' id='word_1_104' title='bbox 701 1515 864 1571; x_wconf 87' lang='lat' dir='ltr'><strong>citius</strong></span> <span class='ocrx_word' id='word_1_105' title='bbox 917 1514 1195 1570; x_wconf 87' lang='lat' dir='ltr'><strong>obediunt.</strong></span> <span class='ocrx_word' id='word_1_106' title='bbox 1246 1513 1397 1569; x_wconf 87' lang='lat' dir='ltr'><strong>&#39;l‘unc</strong></span> <span class='ocrx_word' id='word_1_107' title='bbox 1442 1524 1664 1569; x_wconf 88' lang='lat' dir='ltr'><strong>sanctus</strong></span> 
     </span>
    </p>
   </div>
   <div class='ocr_carea' id='block_1_17' title="bbox 122 1604 1662 1662">
    <p class='ocr_par' dir='ltr' id='par_1_17' title="bbox 122 1604 1662 1662">
     <span class='ocr_line' id='line_1_17' title="bbox 122 1604 1662 1662; baseline -0.003 0"><span class='ocrx_word' id='word_1_108' title='bbox 122 1607 299 1662; x_wconf 79' lang='lat' dir='ltr'><strong>Amator</strong></span> <span class='ocrx_word' id='word_1_109' title='bbox 314 1607 499 1662; x_wconf 86' lang='lat' dir='ltr'><strong>videns</strong></span> <span class='ocrx_word' id='word_1_110' title='bbox 532 1605 865 1662; x_wconf 84' lang='lat' dir='ltr'><strong>Germanum</strong></span> <span class='ocrx_word' id='word_1_111' title='bbox 890 1604 1316 1660; x_wconf 81' lang='lat' dir='ltr'><strong>illustrissimum</strong></span> <span class='ocrx_word' id='word_1_112' title='bbox 1348 1604 1483 1659; x_wconf 80' lang='lat' dir='ltr'><strong>nihil</strong></span> <span class='ocrx_word' id='word_1_113' title='bbox 1529 1619 1662 1658; x_wconf 89' lang='lat' dir='ltr'><strong>one-</strong></span> 
     </span>
    </p>
   </div>
   <div class='ocr_carea' id='block_1_18' title="bbox 121 1695 1660 1768">
    <p class='ocr_par' dir='ltr' id='par_1_18' title="bbox 121 1695 1660 1768">
     <span class='ocr_line' id='line_1_18' title="bbox 121 1695 1660 1768; baseline -0.001 -15"><span class='ocrx_word' id='word_1_114' title='bbox 121 1699 178 1754; x_wconf 86' lang='lat' dir='ltr'><strong>ris</strong></span> <span class='ocrx_word' id='word_1_115' title='bbox 199 1696 466 1752; x_wconf 88' lang='lat' dir='ltr'><strong>truculenti</strong></span> <span class='ocrx_word' id='word_1_116' title='bbox 490 1705 826 1768; x_wconf 88' lang='lat' dir='ltr'><strong>portantem,</strong></span> <span class='ocrx_word' id='word_1_117' title='bbox 850 1696 1107 1765; x_wconf 83' lang='lat' dir='ltr'><strong>praecepit</strong></span> <span class='ocrx_word' id='word_1_118' title='bbox 1134 1695 1374 1751; x_wconf 87' lang='lat' dir='ltr'><strong>ostiariis</strong></span> <span class='ocrx_word' id='word_1_119' title='bbox 1400 1695 1545 1751; x_wconf 89' lang='lat' dir='ltr'><strong>fores</strong></span> <span class='ocrx_word' id='word_1_120' title='bbox 1573 1710 1660 1752; x_wconf 89' lang='lat' dir='ltr'><strong>ec-</strong></span> 
     </span>
    </p>
   </div>
   <div class='ocr_carea' id='block_1_19' title="bbox 120 1784 1660 1857">
    <p class='ocr_par' dir='ltr' id='par_1_19' title="bbox 120 1784 1660 1857">
     <span class='ocr_line' id='line_1_19' title="bbox 120 1784 1660 1857; baseline 0 -16"><span class='ocrx_word' id='word_1_121' title='bbox 120 1786 257 1841; x_wconf 66' lang='lat' dir='ltr'><strong>clesiae</strong></span> <span class='ocrx_word' id='word_1_122' title='bbox 280 1785 541 1857; x_wconf 84' lang='lat' dir='ltr'><strong>repagulis</strong></span> <span class='ocrx_word' id='word_1_123' title='bbox 578 1796 813 1852; x_wconf 89' lang='lat' dir='ltr'><strong>arctare,</strong></span> <span class='ocrx_word' id='word_1_124' title='bbox 844 1787 960 1856; x_wconf 92' lang='lat' dir='ltr'><strong>ipse</strong></span> <span class='ocrx_word' id='word_1_125' title='bbox 999 1800 1130 1840; x_wconf 83' lang='lat' dir='ltr'><strong>vero</strong></span> <span class='ocrx_word' id='word_1_126' title='bbox 1155 1784 1452 1856; x_wconf 88' lang='lat' dir='ltr'><strong>glomerata</strong></span> <span class='ocrx_word' id='word_1_127' title='bbox 1475 1801 1660 1841; x_wconf 90' lang='lat' dir='ltr'><strong>secum</strong></span> 
     </span>
    </p>
   </div>
   <div class='ocr_carea' id='block_1_20' title="bbox 1774 612 3358 682">
    <p class='ocr_par' dir='ltr' id='par_1_20' title="bbox 1774 612 3358 682">
     <span class='ocr_line' id='line_1_20' title="bbox 1774 612 3358 682; baseline 0.006 -17"><span class='ocrx_word' id='word_1_128' title='bbox 1774 619 1860 665; x_wconf 91' lang='lat' dir='ltr'><strong>tus</strong></span> <span class='ocrx_word' id='word_1_129' title='bbox 1901 626 2024 666; x_wconf 92' lang='lat' dir='ltr'><strong>cum</strong></span> <span class='ocrx_word' id='word_1_130' title='bbox 2079 613 2353 682; x_wconf 77' lang='lat' dir='ltr'><strong>genetrice</strong></span> <span class='ocrx_word' id='word_1_131' title='bbox 2402 612 2731 669; x_wconf 89' lang='lat' dir='ltr'><strong>Germanilla</strong></span> <span class='ocrx_word' id='word_1_132' title='bbox 2759 655 2774 680; x_wconf 92' lang='lat'><strong>,</strong></span> <span class='ocrx_word' id='word_1_133' title='bbox 2832 616 2886 670; x_wconf 87' lang='lat' dir='ltr'><strong>in</strong></span> <span class='ocrx_word' id='word_1_134' title='bbox 2932 616 3154 673; x_wconf 89' lang='lat' dir='ltr'><strong>ecclesia</strong></span> <span class='ocrx_word' id='word_1_135' title='bbox 3216 619 3358 674; x_wconf 88' lang='lat' dir='ltr'><strong>beati</strong></span> 
     </span>
    </p>
   </div>
   <div class='ocr_carea' id='block_1_21' title="bbox 1771 704 3361 779">
    <p class='ocr_par' dir='ltr' id='par_1_21' title="bbox 1771 704 3361 779">
     <span class='ocr_line' id='line_1_21' title="bbox 1771 704 3361 779; baseline 0.003 -19"><span class='ocrx_word' id='word_1_136' title='bbox 1771 704 1995 760; x_wconf 85' lang='lat' dir='ltr'><strong>Joannis</strong></span> <span class='ocrx_word' id='word_1_137' title='bbox 2042 705 2259 761; x_wconf 90' lang='lat' dir='ltr'><strong>nomine</strong></span> <span class='ocrx_word' id='word_1_138' title='bbox 2301 705 2577 769; x_wconf 87' lang='lat' dir='ltr'><strong>dedicata,</strong></span> <span class='ocrx_word' id='word_1_139' title='bbox 2627 706 2882 762; x_wconf 87' lang='lat' dir='ltr'><strong>decenter</strong></span> <span class='ocrx_word' id='word_1_140' title='bbox 2907 708 3108 763; x_wconf 89' lang='lat' dir='ltr'><strong>conditi</strong></span> <span class='ocrx_word' id='word_1_141' title='bbox 3148 710 3361 779; x_wconf 84' lang='lat' dir='ltr'><strong>requie-</strong></span> 
     </span>
    </p>
   </div>
   <div class='ocr_carea' id='block_1_22' title="bbox 1771 784 3356 865">
    <p class='ocr_par' dir='ltr' id='par_1_22' title="bbox 1771 784 3356 865">
     <span class='ocr_line' id='line_1_22' title="bbox 1771 784 3356 865; baseline 0.001 -14"><span class='ocrx_word' id='word_1_142' title='bbox 1771 804 1951 851; x_wconf 88' lang='lat' dir='ltr'><strong>scunt.</strong></span> <span class='ocrx_word' id='word_1_143' title='bbox 1981 793 2082 850; x_wconf 83' lang='lat' dir='ltr'><strong>llic</strong></span> <span class='ocrx_word' id='word_1_144' title='bbox 2109 793 2456 851; x_wconf 87' lang='lat' dir='ltr'><strong>beatissimus</strong></span> <span class='ocrx_word' id='word_1_145' title='bbox 2482 795 2723 865; x_wconf 81' lang='lat' dir='ltr'><strong>pontifex</strong></span> <span class='ocrx_word' id='word_1_146' title='bbox 2767 795 3002 853; x_wconf 82' lang='lat' dir='ltr'><strong>basilicae</strong></span> <span class='ocrx_word' id='word_1_147' title='bbox 3029 798 3202 853; x_wconf 80' lang='lat' dir='ltr'><strong>sancti</strong></span> <span class='ocrx_word' id='word_1_148' title='bbox 3231 784 3356 853; x_wconf 57' lang='lat' dir='ltr'><strong>Stei</strong></span> 
     </span>
    </p>
   </div>
   <div class='ocr_carea' id='block_1_23' title="bbox 1769 884 3357 957">
    <p class='ocr_par' dir='ltr' id='par_1_23' title="bbox 1769 884 3357 957">
     <span class='ocr_line' id='line_1_23' title="bbox 1769 884 3357 957; baseline 0.004 -18"><span class='ocrx_word' id='word_1_149' title='bbox 1769 884 1935 955; x_wconf 89' lang='lat' dir='ltr'><strong>phani</strong></span> <span class='ocrx_word' id='word_1_150' title='bbox 1964 886 2380 957; x_wconf 84' lang='lat' dir='ltr'><strong>protomartyris</strong></span> <span class='ocrx_word' id='word_1_151' title='bbox 2422 902 2610 956; x_wconf 80' lang='lat' dir='ltr'><strong>agrum</strong></span> <span class='ocrx_word' id='word_1_152' title='bbox 2651 886 3069 954; x_wconf 88' lang='lat' dir='ltr'><strong>nobilissimum,</strong></span> <span class='ocrx_word' id='word_1_153' title='bbox 3095 891 3182 944; x_wconf 89' lang='lat' dir='ltr'><strong>cui</strong></span> <span class='ocrx_word' id='word_1_154' title='bbox 3221 888 3357 945; x_wconf 77' lang='lat' dir='ltr'><strong>Var-</strong></span> 
     </span>
    </p>
   </div>
   <div class='ocr_carea' id='block_1_24' title="bbox 1770 975 3357 1051">
    <p class='ocr_par' dir='ltr' id='par_1_24' title="bbox 1770 975 3357 1051">
     <span class='ocr_line' id='line_1_24' title="bbox 1770 975 3357 1051; baseline 0.003 -20"><span class='ocrx_word' id='word_1_155' title='bbox 1770 975 1950 1031; x_wconf 90' lang='lat' dir='ltr'><strong>ciacus</strong></span> <span class='ocrx_word' id='word_1_156' title='bbox 1972 991 2167 1032; x_wconf 88' lang='lat' dir='ltr'><strong>nomen</strong></span> <span class='ocrx_word' id='word_1_157' title='bbox 2194 985 2298 1041; x_wconf 90' lang='lat' dir='ltr'><strong>est,</strong></span> <span class='ocrx_word' id='word_1_158' title='bbox 2338 992 2458 1031; x_wconf 91' lang='lat' dir='ltr'><strong>cum</strong></span> <span class='ocrx_word' id='word_1_159' title='bbox 2490 978 2744 1034; x_wconf 85' lang='lat' dir='ltr'><strong>universo</strong></span> <span class='ocrx_word' id='word_1_160' title='bbox 2785 989 3047 1050; x_wconf 89' lang='lat' dir='ltr'><strong>apparatu</strong></span> <span class='ocrx_word' id='word_1_161' title='bbox 3075 990 3130 1037; x_wconf 88' lang='lat' dir='ltr'><strong>et</strong></span> <span class='ocrx_word' id='word_1_162' title='bbox 3155 997 3357 1051; x_wconf 84' lang='lat' dir='ltr'><strong>appen-</strong></span> 
     </span>
    </p>
   </div>
   <div class='ocr_carea' id='block_1_25' title="bbox 1769 1063 3355 1127">
    <p class='ocr_par' dir='ltr' id='par_1_25' title="bbox 1769 1063 3355 1127">
     <span class='ocr_line' id='line_1_25' title="bbox 1769 1063 3355 1127; baseline 0.004 -7"><span class='ocrx_word' id='word_1_163' title='bbox 1769 1063 1927 1120; x_wconf 82' lang='lat' dir='ltr'><strong>diciis</strong></span> <span class='ocrx_word' id='word_1_164' title='bbox 1971 1065 2084 1120; x_wconf 90' lang='lat' dir='ltr'><strong>suis</strong></span> <span class='ocrx_word' id='word_1_165' title='bbox 2126 1064 2376 1120; x_wconf 89' lang='lat' dir='ltr'><strong>contulit.</strong></span> <span class='ocrx_word' id='word_1_166' title='bbox 2420 1063 2682 1122; x_wconf 91' lang='lat' dir='ltr'><strong>Similiter</strong></span> <span class='ocrx_word' id='word_1_167' title='bbox 2705 1068 2984 1124; x_wconf 79' lang='lat' dir='ltr'><strong>Vercisurn</strong></span> <span class='ocrx_word' id='word_1_168' title='bbox 3012 1071 3259 1126; x_wconf 85' lang='lat' dir='ltr'><strong>mirabile</strong></span> <span class='ocrx_word' id='word_1_169' title='bbox 3299 1072 3355 1127; x_wconf 90' lang='lat' dir='ltr'><strong>in</strong></span> 
     </span>
    </p>
   </div>
   <div class='ocr_carea' id='block_1_26' title="bbox 1768 1154 3357 1238">
    <p class='ocr_par' dir='ltr' id='par_1_26' title="bbox 1768 1154 3357 1238">
     <span class='ocr_line' id='line_1_26' title="bbox 1768 1154 3357 1238; baseline 0.004 -29"><span class='ocrx_word' id='word_1_170' title='bbox 1768 1169 1826 1209; x_wconf 92' lang='lat' dir='ltr'><strong>se</strong></span> <span class='ocrx_word' id='word_1_171' title='bbox 1850 1154 2217 1210; x_wconf 87' lang='lat' dir='ltr'><strong>continentem</strong></span> <span class='ocrx_word' id='word_1_172' title='bbox 2267 1155 2523 1225; x_wconf 88' lang='lat' dir='ltr'><strong>palatium</strong></span> <span class='ocrx_word' id='word_1_173' title='bbox 2567 1173 2688 1212; x_wconf 91' lang='lat' dir='ltr'><strong>cum</strong></span> <span class='ocrx_word' id='word_1_174' title='bbox 2737 1160 3065 1238; x_wconf 85' lang='lat' dir='ltr'><strong>appendiciis</strong></span> <span class='ocrx_word' id='word_1_175' title='bbox 3094 1161 3228 1228; x_wconf 87' lang='lat' dir='ltr'><strong>suis,</strong></span> <span class='ocrx_word' id='word_1_176' title='bbox 3253 1159 3357 1217; x_wconf 86' lang='lat' dir='ltr'><strong>Po-</strong></span> 
     </span>
    </p>
   </div>
   <div class='ocr_carea' id='block_1_27' title="bbox 1775 1244 3353 1316">
    <p class='ocr_par' dir='ltr' id='par_1_27' title="bbox 1775 1244 3353 1316">
     <span class='ocr_line' id='line_1_27' title="bbox 1775 1244 3353 1316; baseline 0.007 -18"><span class='ocrx_word' id='word_1_177' title='bbox 1775 1244 1974 1300; x_wconf 91' lang='lat' dir='ltr'><strong>liacum</strong></span> <span class='ocrx_word' id='word_1_178' title='bbox 2001 1261 2237 1316; x_wconf 89' lang='lat' dir='ltr'><strong>quoque,</strong></span> <span class='ocrx_word' id='word_1_179' title='bbox 2281 1261 2376 1303; x_wconf 92' lang='lat' dir='ltr'><strong>seu</strong></span> <span class='ocrx_word' id='word_1_180' title='bbox 2421 1247 2828 1313; x_wconf 83' lang='lat' dir='ltr'><strong>Marciniacum,</strong></span> <span class='ocrx_word' id='word_1_181' title='bbox 2858 1252 2952 1307; x_wconf 89' lang='lat' dir='ltr'><strong>sed</strong></span> <span class='ocrx_word' id='word_1_182' title='bbox 2985 1262 3039 1308; x_wconf 89' lang='lat' dir='ltr'><strong>et</strong></span> <span class='ocrx_word' id='word_1_183' title='bbox 3066 1253 3353 1309; x_wconf 81' lang='lat' dir='ltr'><strong>Tociacum</strong></span> 
     </span>
    </p>
   </div>
   <div class='ocr_carea' id='block_1_28' title="bbox 1765 1336 3352 1415">
    <p class='ocr_par' dir='ltr' id='par_1_28' title="bbox 1765 1336 3352 1415">
     <span class='ocr_line' id='line_1_28' title="bbox 1765 1336 3352 1415; baseline 0.005 -24"><span class='ocrx_word' id='word_1_184' title='bbox 1765 1350 1888 1391; x_wconf 90' lang='lat' dir='ltr'><strong>cum</strong></span> <span class='ocrx_word' id='word_1_185' title='bbox 1916 1336 2028 1391; x_wconf 88' lang='lat' dir='ltr'><strong>suis</strong></span> <span class='ocrx_word' id='word_1_186' title='bbox 2055 1337 2307 1393; x_wconf 89' lang='lat' dir='ltr'><strong>similiter</strong></span> <span class='ocrx_word' id='word_1_187' title='bbox 2355 1339 2708 1410; x_wconf 87' lang='lat' dir='ltr'><strong>appendiciis,</strong></span> <span class='ocrx_word' id='word_1_188' title='bbox 2731 1340 2979 1396; x_wconf 64' lang='lat' dir='ltr'><strong>fundum</strong></span> <span class='ocrx_word' id='word_1_189' title='bbox 3003 1358 3218 1415; x_wconf 86' lang='lat' dir='ltr'><strong>quoque</strong></span> <span class='ocrx_word' id='word_1_190' title='bbox 3248 1341 3352 1399; x_wconf 85' lang='lat' dir='ltr'><strong>Pa-</strong></span> 
     </span>
    </p>
   </div>
   <div class='ocr_carea' id='block_1_29' title="bbox 1766 1426 3348 1502">
    <p class='ocr_par' dir='ltr' id='par_1_29' title="bbox 1766 1426 3348 1502">
     <span class='ocr_line' id='line_1_29' title="bbox 1766 1426 3348 1502; baseline 0.006 -21"><span class='ocrx_word' id='word_1_191' title='bbox 1766 1426 2052 1481; x_wconf 88' lang='lat' dir='ltr'><strong>triniacum</strong></span> <span class='ocrx_word' id='word_1_192' title='bbox 2088 1435 2144 1481; x_wconf 90' lang='lat' dir='ltr'><strong>et</strong></span> <span class='ocrx_word' id='word_1_193' title='bbox 2193 1427 2473 1484; x_wconf 90' lang='lat' dir='ltr'><strong>Cutiacnm</strong></span> <span class='ocrx_word' id='word_1_194' title='bbox 2509 1445 2661 1501; x_wconf 78' lang='lat' dir='ltr'><strong>aeque</strong></span> <span class='ocrx_word' id='word_1_195' title='bbox 2686 1446 2810 1486; x_wconf 90' lang='lat' dir='ltr'><strong>cum</strong></span> <span class='ocrx_word' id='word_1_196' title='bbox 2844 1434 3179 1502; x_wconf 89' lang='lat' dir='ltr'><strong>appendiciis</strong></span> <span class='ocrx_word' id='word_1_197' title='bbox 3203 1436 3348 1502; x_wconf 86' lang='lat' dir='ltr'><strong>suis;</strong></span> 
     </span>
    </p>
   </div>
   <div class='ocr_carea' id='block_1_30' title="bbox 1765 1516 3352 1595">
    <p class='ocr_par' dir='ltr' id='par_1_30' title="bbox 1765 1516 3352 1595">
     <span class='ocr_line' id='line_1_30' title="bbox 1765 1516 3352 1595; baseline 0.006 -25"><span class='ocrx_word' id='word_1_198' title='bbox 1765 1516 1931 1571; x_wconf 90' lang='lat' dir='ltr'><strong>multa</strong></span> <span class='ocrx_word' id='word_1_199' title='bbox 1957 1519 2191 1588; x_wconf 88' lang='lat' dir='ltr'><strong>denique</strong></span> <span class='ocrx_word' id='word_1_200' title='bbox 2232 1529 2288 1574; x_wconf 91' lang='lat' dir='ltr'><strong>et</strong></span> <span class='ocrx_word' id='word_1_201' title='bbox 2340 1519 2462 1585; x_wconf 88' lang='lat' dir='ltr'><strong>alia,</strong></span> <span class='ocrx_word' id='word_1_202' title='bbox 2514 1536 2634 1589; x_wconf 60' lang='lat' dir='ltr'><strong>quae</strong></span> <span class='ocrx_word' id='word_1_203' title='bbox 2664 1522 2829 1595; x_wconf 84' lang='lat' dir='ltr'><strong>nobis</strong></span> <span class='ocrx_word' id='word_1_204' title='bbox 2877 1523 3153 1579; x_wconf 88' lang='lat' dir='ltr'><strong>modernis</strong></span> <span class='ocrx_word' id='word_1_205' title='bbox 3198 1524 3352 1580; x_wconf 85' lang='lat' dir='ltr'><strong>ineo-</strong></span> 
     </span>
    </p>
   </div>
   <div class='ocr_carea' id='block_1_31' title="bbox 1763 1602 3356 1678">
    <p class='ocr_par' dir='ltr' id='par_1_31' title="bbox 1763 1602 3356 1678">
     <span class='ocr_line' id='line_1_31' title="bbox 1763 1602 3356 1678; baseline 0.006 -18"><span class='ocrx_word' id='word_1_206' title='bbox 1763 1606 1940 1678; x_wconf 87' lang='lat' dir='ltr'><strong>gnita,</strong></span> <span class='ocrx_word' id='word_1_207' title='bbox 1973 1608 2086 1662; x_wconf 88' lang='lat' dir='ltr'><strong>Deo</strong></span> <span class='ocrx_word' id='word_1_208' title='bbox 2115 1623 2244 1663; x_wconf 86' lang='lat' dir='ltr'><strong>vero</strong></span> <span class='ocrx_word' id='word_1_209' title='bbox 2294 1620 2421 1664; x_wconf 92' lang='lat' dir='ltr'><strong>sunt</strong></span> <span class='ocrx_word' id='word_1_210' title='bbox 2446 1610 2628 1664; x_wconf 86' lang='lat' dir='ltr'><strong>omnia</strong></span> <span class='ocrx_word' id='word_1_211' title='bbox 2655 1620 2802 1664; x_wconf 87' lang='lat' dir='ltr'><strong>nota.</strong></span> <span class='ocrx_word' id='word_1_212' title='bbox 2837 1602 3057 1667; x_wconf 88' lang='lat' dir='ltr'><strong>Fecitet</strong></span> <span class='ocrx_word' id='word_1_213' title='bbox 3088 1624 3356 1670; x_wconf 85' lang='lat' dir='ltr'><strong>monaste-</strong></span> 
     </span>
    </p>
   </div>
   <div class='ocr_carea' id='block_1_32' title="bbox 1764 1698 3354 1773">
    <p class='ocr_par' dir='ltr' id='par_1_32' title="bbox 1764 1698 3354 1773">
     <span class='ocr_line' id='line_1_32' title="bbox 1764 1698 3354 1773; baseline 0.006 -22"><span class='ocrx_word' id='word_1_214' title='bbox 1764 1698 1903 1753; x_wconf 89' lang='lat' dir='ltr'><strong>rium</strong></span> <span class='ocrx_word' id='word_1_215' title='bbox 1934 1698 1988 1754; x_wconf 91' lang='lat' dir='ltr'><strong>in</strong></span> <span class='ocrx_word' id='word_1_216' title='bbox 2019 1700 2285 1755; x_wconf 84' lang='lat' dir='ltr'><strong>honorem</strong></span> <span class='ocrx_word' id='word_1_217' title='bbox 2329 1710 2643 1756; x_wconf 87' lang='lat' dir='ltr'><strong>sanctorum</strong></span> <span class='ocrx_word' id='word_1_218' title='bbox 2696 1711 2995 1773; x_wconf 83' lang='lat' dir='ltr'><strong>martyrum</strong></span> <span class='ocrx_word' id='word_1_219' title='bbox 3045 1702 3256 1759; x_wconf 75' lang='lat' dir='ltr'><strong>Gosmac</strong></span> <span class='ocrx_word' id='word_1_220' title='bbox 3297 1709 3354 1760; x_wconf 83' lang='lat' dir='ltr'><strong>et</strong></span> 
     </span>
    </p>
   </div>
   <div class='ocr_carea' id='block_1_33' title="bbox 1763 1791 3349 1861">
    <p class='ocr_par' dir='ltr' id='par_1_33' title="bbox 1763 1791 3349 1861">
     <span class='ocr_line' id='line_1_33' title="bbox 1763 1791 3349 1861; baseline 0.003 -17"><span class='ocrx_word' id='word_1_221' title='bbox 1763 1791 2033 1857; x_wconf 88' lang='lat' dir='ltr'><strong>Damiani,</strong></span> <span class='ocrx_word' id='word_1_222' title='bbox 2065 1791 2154 1846; x_wconf 87' lang='lat' dir='ltr'><strong>ubi</strong></span> <span class='ocrx_word' id='word_1_223' title='bbox 2204 1801 2259 1847; x_wconf 91' lang='lat' dir='ltr'><strong>et</strong></span> <span class='ocrx_word' id='word_1_224' title='bbox 2301 1795 2596 1853; x_wconf 81' lang='lat' dir='ltr'><strong>monachos</strong></span> <span class='ocrx_word' id='word_1_225' title='bbox 2641 1808 2761 1848; x_wconf 77' lang='lat' dir='ltr'><strong>esse</strong></span> <span class='ocrx_word' id='word_1_226' title='bbox 2799 1794 3101 1861; x_wconf 89' lang='lat' dir='ltr'><strong>constituit,</strong></span> <span class='ocrx_word' id='word_1_227' title='bbox 3129 1809 3349 1851; x_wconf 78' lang='lat' dir='ltr'><strong>corrun-</strong></span> 
     </span>
    </p>
   </div>
   <div class='ocr_carea' id='block_1_34' title="bbox 121 1876 3349 1954">
    <p class='ocr_par' dir='ltr' id='par_1_34' title="bbox 121 1876 3349 1954">
     <span class='ocr_line' id='line_1_34' title="bbox 121 1876 3349 1954; baseline 0.002 -22"><span class='ocrx_word' id='word_1_228' title='bbox 121 1878 241 1932; x_wconf 88' lang='lat' dir='ltr'><strong>turba</strong></span> <span class='ocrx_word' id='word_1_229' title='bbox 264 1876 582 1933; x_wconf 88' lang='lat' dir='ltr'><strong>clericorum</strong></span> <span class='ocrx_word' id='word_1_230' title='bbox 636 1885 799 1949; x_wconf 90' lang='lat' dir='ltr'><strong>atque</strong></span> <span class='ocrx_word' id='word_1_231' title='bbox 839 1877 1100 1932; x_wconf 89' lang='lat' dir='ltr'><strong>nobilium</strong></span> <span class='ocrx_word' id='word_1_232' title='bbox 1149 1878 1410 1945; x_wconf 88' lang='lat' dir='ltr'><strong>virorum,</strong></span> <span class='ocrx_word' id='word_1_233' title='bbox 1465 1892 1660 1933; x_wconf 90' lang='lat' dir='ltr'><strong>manus</strong></span> <span class='ocrx_word' id='word_1_234' title='bbox 1691 1893 1735 1954; x_wconf 74' lang='grc' dir='ltr'><strong>Β</strong></span> <span class='ocrx_word' id='word_1_235' title='bbox 1764 1894 1869 1950; x_wconf 87' lang='lat' dir='ltr'><strong>que</strong></span> <span class='ocrx_word' id='word_1_236' title='bbox 1891 1880 2173 1950; x_wconf 88' lang='lat' dir='ltr'><strong>stipendiis</strong></span> <span class='ocrx_word' id='word_1_237' title='bbox 2217 1882 2330 1937; x_wconf 74' lang='lat' dir='ltr'><strong>haec</strong></span> <span class='ocrx_word' id='word_1_238' title='bbox 2355 1882 2554 1952; x_wconf 79' lang='lat' dir='ltr'><strong>praedia</strong></span> <span class='ocrx_word' id='word_1_239' title='bbox 2601 1882 2886 1953; x_wconf 79' lang='lat' dir='ltr'><strong>delegavit,</strong></span> <span class='ocrx_word' id='word_1_240' title='bbox 2930 1884 2989 1950; x_wconf 80' lang='lat' dir='ltr'><strong>id</strong></span> <span class='ocrx_word' id='word_1_241' title='bbox 3038 1893 3123 1939; x_wconf 89' lang='lat' dir='ltr'><strong>est</strong></span> <span class='ocrx_word' id='word_1_242' title='bbox 3168 1884 3349 1939; x_wconf 80' lang='lat' dir='ltr'><strong>villam</strong></span> 
     </span>
    </p>
   </div>
   <div class='ocr_carea' id='block_1_35' title="bbox 120 1969 1659 2041">
    <p class='ocr_par' dir='ltr' id='par_1_35' title="bbox 120 1969 1659 2041">
     <span class='ocr_line' id='line_1_35' title="bbox 120 1969 1659 2041; baseline 0.003 -18"><span class='ocrx_word' id='word_1_243' title='bbox 120 1970 323 2040; x_wconf 87' lang='lat' dir='ltr'><strong>injiciens</strong></span> <span class='ocrx_word' id='word_1_244' title='bbox 348 1969 682 2026; x_wconf 85' lang='lat' dir='ltr'><strong>Germanum</strong></span> <span class='ocrx_word' id='word_1_245' title='bbox 732 1971 1114 2041; x_wconf 85' lang='lat' dir='ltr'><strong>apprehendit,</strong></span> <span class='ocrx_word' id='word_1_246' title='bbox 1166 1978 1223 2026; x_wconf 91' lang='lat' dir='ltr'><strong>et</strong></span> <span class='ocrx_word' id='word_1_247' title='bbox 1260 1971 1507 2027; x_wconf 84' lang='lat' dir='ltr'><strong>invocato</strong></span> <span class='ocrx_word' id='word_1_248' title='bbox 1561 1986 1659 2027; x_wconf 91' lang='lat' dir='ltr'><strong>no-</strong></span> 
     </span>
    </p>
   </div>
   <div class='ocr_carea' id='block_1_36' title="bbox 118 2059 1656 2140">
    <p class='ocr_par' dir='ltr' id='par_1_36' title="bbox 118 2059 1656 2140">
     <span class='ocr_line' id='line_1_36' title="bbox 118 2059 1656 2140; baseline 0.003 -26"><span class='ocrx_word' id='word_1_249' title='bbox 118 2060 230 2115; x_wconf 86' lang='lat' dir='ltr'><strong>mine</strong></span> <span class='ocrx_word' id='word_1_250' title='bbox 252 2059 451 2115; x_wconf 89' lang='lat' dir='ltr'><strong>Domini</strong></span> <span class='ocrx_word' id='word_1_251' title='bbox 482 2061 768 2116; x_wconf 70' lang='lat' dir='ltr'><strong>cresariem</strong></span> <span class='ocrx_word' id='word_1_252' title='bbox 795 2062 911 2132; x_wconf 84' lang='lat' dir='ltr'><strong>ejus</strong></span> <span class='ocrx_word' id='word_1_253' title='bbox 935 2062 1129 2131; x_wconf 85' lang='lat' dir='ltr'><strong>capitis</strong></span> <span class='ocrx_word' id='word_1_254' title='bbox 1165 2061 1426 2140; x_wconf 78' lang='lat' dir='ltr'><strong>detraxit,</strong></span> <span class='ocrx_word' id='word_1_255' title='bbox 1453 2064 1656 2119; x_wconf 87' lang='lat' dir='ltr'><strong>talibus</strong></span> 
     </span>
    </p>
   </div>
   <div class='ocr_carea' id='block_1_37' title="bbox 119 2151 1658 2226">
    <p class='ocr_par' dir='ltr' id='par_1_37' title="bbox 119 2151 1658 2226">
     <span class='ocr_line' id='line_1_37' title="bbox 119 2151 1658 2226; baseline 0.005 -23"><span class='ocrx_word' id='word_1_256' title='bbox 119 2163 213 2204; x_wconf 88' lang='lat' dir='ltr'><strong>eum</strong></span> <span class='ocrx_word' id='word_1_257' title='bbox 239 2151 518 2209; x_wconf 81' lang='lat' dir='ltr'><strong>exhortans</strong></span> <span class='ocrx_word' id='word_1_258' title='bbox 554 2152 737 2208; x_wconf 88' lang='lat' dir='ltr'><strong>verbis</strong></span> <span class='ocrx_word' id='word_1_259' title='bbox 783 2162 946 2223; x_wconf 90' lang='lat' dir='ltr'><strong>atque</strong></span> <span class='ocrx_word' id='word_1_260' title='bbox 986 2153 1315 2209; x_wconf 81' lang='lat' dir='ltr'><strong>confirmans</strong></span> <span class='ocrx_word' id='word_1_261' title='bbox 1346 2171 1360 2208; x_wconf 91' lang='lat'><strong>:</strong></span> <span class='ocrx_word' id='word_1_262' title='bbox 1395 2154 1658 2226; x_wconf 85' lang='lat' dir='ltr'><strong>Satagere</strong></span> 
     </span>
    </p>
   </div>
   <div class='ocr_carea' id='block_1_38' title="bbox 122 2242 1656 2315">
    <p class='ocr_par' dir='ltr' id='par_1_38' title="bbox 122 2242 1656 2315">
     <span class='ocr_line' id='line_1_38' title="bbox 122 2242 1656 2315; baseline 0.006 -22"><span class='ocrx_word' id='word_1_263' title='bbox 122 2248 160 2295; x_wconf 84' lang='lat' dir='ltr'><strong>te</strong></span> <span class='ocrx_word' id='word_1_264' title='bbox 188 2252 396 2312; x_wconf 86' lang='lat' dir='ltr'><strong>oportet,</strong></span> <span class='ocrx_word' id='word_1_265' title='bbox 433 2242 765 2299; x_wconf 79' lang='lat' dir='ltr'><strong>venerabilis</strong></span> <span class='ocrx_word' id='word_1_266' title='bbox 804 2244 999 2309; x_wconf 83' lang='lat' dir='ltr'><strong>frater,</strong></span> <span class='ocrx_word' id='word_1_267' title='bbox 1033 2260 1140 2315; x_wconf 90' lang='lat' dir='ltr'><strong>quo</strong></span> <span class='ocrx_word' id='word_1_268' title='bbox 1171 2245 1656 2302; x_wconf 87' lang='lat' dir='ltr'><strong>incontaminatum</strong></span> 
     </span>
    </p>
   </div>
   <div class='ocr_carea' id='block_1_39' title="bbox 120 2331 1650 2399">
    <p class='ocr_par' dir='ltr' id='par_1_39' title="bbox 120 2331 1650 2399">
     <span class='ocr_line' id='line_1_39' title="bbox 120 2331 1650 2399; baseline 0.008 -18"><span class='ocrx_word' id='word_1_269' title='bbox 120 2339 246 2399; x_wconf 87' lang='lat' dir='ltr'><strong>atque</strong></span> <span class='ocrx_word' id='word_1_270' title='bbox 286 2331 689 2387; x_wconf 87' lang='lat' dir='ltr'><strong>immaculatum</strong></span> <span class='ocrx_word' id='word_1_271' title='bbox 726 2333 1001 2387; x_wconf 89' lang='lat' dir='ltr'><strong>custodias</strong></span> <span class='ocrx_word' id='word_1_272' title='bbox 1052 2333 1315 2389; x_wconf 90' lang='lat' dir='ltr'><strong>honorem</strong></span> <span class='ocrx_word' id='word_1_273' title='bbox 1363 2350 1393 2389; x_wconf 90' lang='lat' dir='ltr'><strong>a</strong></span> <span class='ocrx_word' id='word_1_274' title='bbox 1420 2336 1650 2393; x_wconf 85' lang='lat' dir='ltr'><strong>Domino</strong></span> 
     </span>
    </p>
   </div>
   <div class='ocr_carea' id='block_1_40' title="bbox 122 2422 1657 2496">
    <p class='ocr_par' dir='ltr' id='par_1_40' title="bbox 122 2422 1657 2496">
     <span class='ocr_line' id='line_1_40' title="bbox 122 2422 1657 2496; baseline 0.007 -20"><span class='ocrx_word' id='word_1_275' title='bbox 122 2422 191 2477; x_wconf 87' lang='lat' dir='ltr'><strong>tibi</strong></span> <span class='ocrx_word' id='word_1_276' title='bbox 221 2425 554 2479; x_wconf 78' lang='lat' dir='ltr'><strong>commissum</strong></span> <span class='ocrx_word' id='word_1_277' title='bbox 591 2442 604 2477; x_wconf 90' lang='lat'><strong>:</strong></span> <span class='ocrx_word' id='word_1_278' title='bbox 636 2426 775 2479; x_wconf 91' lang='lat' dir='ltr'><strong>scito</strong></span> <span class='ocrx_word' id='word_1_279' title='bbox 809 2440 1043 2492; x_wconf 84' lang='lat' dir='ltr'><strong>namque</strong></span> <span class='ocrx_word' id='word_1_280' title='bbox 1084 2428 1213 2496; x_wconf 89' lang='lat' dir='ltr'><strong>quia</strong></span> <span class='ocrx_word' id='word_1_281' title='bbox 1243 2443 1329 2483; x_wconf 91' lang='lat' dir='ltr'><strong>me</strong></span> <span class='ocrx_word' id='word_1_282' title='bbox 1367 2429 1657 2486; x_wconf 88' lang='lat' dir='ltr'><strong>decedente</strong></span> 
     </span>
    </p>
   </div>
   <div class='ocr_carea' id='block_1_41' title="bbox 121 2513 1651 2584">
    <p class='ocr_par' dir='ltr' id='par_1_41' title="bbox 121 2513 1651 2584">
     <span class='ocr_line' id='line_1_41' title="bbox 121 2513 1651 2584; baseline 0.007 -19"><span class='ocrx_word' id='word_1_283' title='bbox 121 2513 405 2583; x_wconf 87' lang='lat' dir='ltr'><strong>omnipotens</strong></span> <span class='ocrx_word' id='word_1_284' title='bbox 431 2514 579 2569; x_wconf 90' lang='lat' dir='ltr'><strong>Deus</strong></span> <span class='ocrx_word' id='word_1_285' title='bbox 623 2514 718 2569; x_wconf 89' lang='lat' dir='ltr'><strong>tibi</strong></span> <span class='ocrx_word' id='word_1_286' title='bbox 754 2515 1027 2584; x_wconf 87' lang='lat' dir='ltr'><strong>pastorale</strong></span> <span class='ocrx_word' id='word_1_287' title='bbox 1075 2518 1351 2573; x_wconf 88' lang='lat' dir='ltr'><strong>commisit</strong></span> <span class='ocrx_word' id='word_1_288' title='bbox 1396 2520 1651 2576; x_wconf 84' lang='lat' dir='ltr'><strong>oﬂicium.</strong></span> 
     </span>
    </p>
   </div>
   <div class='ocr_carea' id='block_1_42' title="bbox 122 2600 1657 2679">
    <p class='ocr_par' dir='ltr' id='par_1_42' title="bbox 122 2600 1657 2679">
     <span class='ocr_line' id='line_1_42' title="bbox 122 2600 1657 2679; baseline 0.005 -22"><span class='ocrx_word' id='word_1_289' title='bbox 122 2600 238 2667; x_wconf 81' lang='lat' dir='ltr'><strong>Quod</strong></span> <span class='ocrx_word' id='word_1_290' title='bbox 261 2610 312 2658; x_wconf 86' lang='lat' dir='ltr'><strong>et</strong></span> <span class='ocrx_word' id='word_1_291' title='bbox 341 2602 544 2658; x_wconf 84' lang='lat' dir='ltr'><strong>factum</strong></span> <span class='ocrx_word' id='word_1_292' title='bbox 569 2611 669 2658; x_wconf 90' lang='lat' dir='ltr'><strong>est.</strong></span> <span class='ocrx_word' id='word_1_293' title='bbox 702 2602 898 2659; x_wconf 88' lang='lat' dir='ltr'><strong>Paucis</strong></span> <span class='ocrx_word' id='word_1_294' title='bbox 944 2604 1130 2675; x_wconf 88' lang='lat' dir='ltr'><strong>itaque</strong></span> <span class='ocrx_word' id='word_1_295' title='bbox 1156 2600 1346 2663; x_wconf 81' lang='lat' dir='ltr'><strong>diebus</strong></span> <span class='ocrx_word' id='word_1_296' title='bbox 1373 2608 1657 2679; x_wconf 91' lang='lat' dir='ltr'><strong>interposi-</strong></span> 
     </span>
    </p>
   </div>
   <div class='ocr_carea' id='block_1_43' title="bbox 122 2693 1655 2770">
    <p class='ocr_par' dir='ltr' id='par_1_43' title="bbox 122 2693 1655 2770">
     <span class='ocr_line' id='line_1_43' title="bbox 122 2693 1655 2770; baseline 0.007 -24"><span class='ocrx_word' id='word_1_297' title='bbox 122 2693 190 2759; x_wconf 87' lang='lat' dir='ltr'><strong>tis,</strong></span> <span class='ocrx_word' id='word_1_298' title='bbox 214 2703 413 2750; x_wconf 88' lang='lat' dir='ltr'><strong>sanctus</strong></span> <span class='ocrx_word' id='word_1_299' title='bbox 434 2694 666 2750; x_wconf 88' lang='lat' dir='ltr'><strong>Amator</strong></span> <span class='ocrx_word' id='word_1_300' title='bbox 692 2710 721 2749; x_wconf 93' lang='lat' dir='ltr'><strong>a</strong></span> <span class='ocrx_word' id='word_1_301' title='bbox 760 2694 978 2752; x_wconf 87' lang='lat' dir='ltr'><strong>Christo</strong></span> <span class='ocrx_word' id='word_1_302' title='bbox 1018 2707 1241 2753; x_wconf 83' lang='lat' dir='ltr'><strong>vocatus</strong></span> <span class='ocrx_word' id='word_1_303' title='bbox 1263 2699 1509 2754; x_wconf 90' lang='lat' dir='ltr'><strong>ultimum</strong></span> <span class='ocrx_word' id='word_1_304' title='bbox 1547 2701 1655 2770; x_wconf 89' lang='lat' dir='ltr'><strong>spi-</strong></span> 
     </span>
    </p>
   </div>
   <div class='ocr_carea' id='block_1_44' title="bbox 122 2785 1654 2862">
    <p class='ocr_par' dir='ltr' id='par_1_44' title="bbox 122 2785 1654 2862">
     <span class='ocr_line' id='line_1_44' title="bbox 122 2785 1654 2862; baseline 0.007 -24"><span class='ocrx_word' id='word_1_305' title='bbox 122 2785 252 2840; x_wconf 86' lang='lat' dir='ltr'><strong>ritum</strong></span> <span class='ocrx_word' id='word_1_306' title='bbox 288 2787 561 2843; x_wconf 78' lang='lat' dir='ltr'><strong>exhalavit</strong></span> <span class='ocrx_word' id='word_1_307' title='bbox 592 2805 606 2843; x_wconf 87' lang='lat'><strong><em>:</em></strong></span> <span class='ocrx_word' id='word_1_308' title='bbox 641 2803 763 2843; x_wconf 91' lang='lat' dir='ltr'><strong>cum</strong></span> <span class='ocrx_word' id='word_1_309' title='bbox 796 2788 975 2844; x_wconf 88' lang='lat' dir='ltr'><strong>subito</strong></span> <span class='ocrx_word' id='word_1_310' title='bbox 1018 2790 1255 2846; x_wconf 90' lang='lat' dir='ltr'><strong>universi</strong></span> <span class='ocrx_word' id='word_1_311' title='bbox 1297 2792 1478 2862; x_wconf 90' lang='lat' dir='ltr'><strong>populi</strong></span> <span class='ocrx_word' id='word_1_312' title='bbox 1524 2791 1654 2848; x_wconf 86' lang='lat' dir='ltr'><strong>Ger-</strong></span> 
     </span>
    </p>
   </div>
   <div class='ocr_carea' id='block_1_45' title="bbox 120 2878 1651 2949">
    <p class='ocr_par' dir='ltr' id='par_1_45' title="bbox 120 2878 1651 2949">
     <span class='ocr_line' id='line_1_45' title="bbox 120 2878 1651 2949; baseline 0.006 -20"><span class='ocrx_word' id='word_1_313' title='bbox 120 2890 294 2932; x_wconf 87' lang='lat' dir='ltr'><strong>manum</strong></span> <span class='ocrx_word' id='word_1_314' title='bbox 320 2893 422 2933; x_wconf 90' lang='lat' dir='ltr'><strong>uno</strong></span> <span class='ocrx_word' id='word_1_315' title='bbox 442 2893 544 2933; x_wconf 91' lang='lat' dir='ltr'><strong>ore</strong></span> <span class='ocrx_word' id='word_1_316' title='bbox 570 2878 913 2949; x_wconf 83' lang='lat' dir='ltr'><strong>proclamant</strong></span> <span class='ocrx_word' id='word_1_317' title='bbox 932 2879 1252 2935; x_wconf 90' lang='lat' dir='ltr'><strong>antistitem.</strong></span> <span class='ocrx_word' id='word_1_318' title='bbox 1292 2879 1532 2947; x_wconf 85' lang='lat' dir='ltr'><strong>Quorum</strong></span> <span class='ocrx_word' id='word_1_319' title='bbox 1557 2898 1651 2938; x_wconf 82' lang='lat' dir='ltr'><strong>vo-</strong></span> 
     </span>
    </p>
   </div>
   <div class='ocr_carea' id='block_1_46' title="bbox 120 2964 1648 3040">
    <p class='ocr_par' dir='ltr' id='par_1_46' title="bbox 120 2964 1648 3040">
     <span class='ocr_line' id='line_1_46' title="bbox 120 2964 1648 3040; baseline 0.006 -22"><span class='ocrx_word' id='word_1_320' title='bbox 120 2964 172 3021; x_wconf 86' lang='lat' dir='ltr'><strong>tis</strong></span> <span class='ocrx_word' id='word_1_321' title='bbox 209 2981 302 3022; x_wconf 90' lang='lat' dir='ltr'><strong>non</strong></span> <span class='ocrx_word' id='word_1_322' title='bbox 357 2967 550 3024; x_wconf 89' lang='lat' dir='ltr'><strong>valens</strong></span> <span class='ocrx_word' id='word_1_323' title='bbox 594 2968 871 3035; x_wconf 81' lang='lat' dir='ltr'><strong>resistere,</strong></span> <span class='ocrx_word' id='word_1_324' title='bbox 948 2969 1187 3040; x_wconf 88' lang='lat' dir='ltr'><strong>suscepit</strong></span> <span class='ocrx_word' id='word_1_325' title='bbox 1263 2971 1648 3039; x_wconf 83' lang='lat' dir='ltr'><strong>sacerdotium,</strong></span> 
     </span>
    </p>
   </div>
   <div class='ocr_carea' id='block_1_47' title="bbox 118 3058 1646 3131">
    <p class='ocr_par' dir='ltr' id='par_1_47' title="bbox 118 3058 1646 3131">
     <span class='ocr_line' id='line_1_47' title="bbox 118 3058 1646 3131; baseline 0.004 -19"><span class='ocrx_word' id='word_1_326' title='bbox 118 3059 343 3115; x_wconf 60' lang='lat' dir='ltr'><strong>tricesima</strong></span> <span class='ocrx_word' id='word_1_327' title='bbox 384 3060 470 3115; x_wconf 91' lang='lat' dir='ltr'><strong>die</strong></span> <span class='ocrx_word' id='word_1_328' title='bbox 506 3068 633 3131; x_wconf 87' lang='lat' dir='ltr'><strong>post</strong></span> <span class='ocrx_word' id='word_1_329' title='bbox 671 3058 878 3114; x_wconf 90' lang='lat' dir='ltr'><strong>obitum</strong></span> <span class='ocrx_word' id='word_1_330' title='bbox 908 3061 1083 3115; x_wconf 88' lang='lat' dir='ltr'><strong>sancti</strong></span> <span class='ocrx_word' id='word_1_331' title='bbox 1119 3059 1395 3117; x_wconf 88' lang='lat' dir='ltr'><strong>Amatoris</strong></span> <span class='ocrx_word' id='word_1_332' title='bbox 1423 3061 1646 3131; x_wconf 88' lang='lat' dir='ltr'><strong>invitus,</strong></span> 
     </span>
    </p>
   </div>
   <div class='ocr_carea' id='block_1_48' title="bbox 119 3150 1645 3222">
    <p class='ocr_par' dir='ltr' id='par_1_48' title="bbox 119 3150 1645 3222">
     <span class='ocr_line' id='line_1_48' title="bbox 119 3150 1645 3222; baseline 0.003 -19"><span class='ocrx_word' id='word_1_333' title='bbox 119 3158 310 3216; x_wconf 70' lang='lat' dir='ltr'><strong>coactus,</strong></span> <span class='ocrx_word' id='word_1_334' title='bbox 332 3150 613 3217; x_wconf 88' lang='lat' dir='ltr'><strong>addictus;</strong></span> <span class='ocrx_word' id='word_1_335' title='bbox 641 3150 735 3205; x_wconf 88' lang='lat' dir='ltr'><strong>sed</strong></span> <span class='ocrx_word' id='word_1_336' title='bbox 757 3158 980 3220; x_wconf 86' lang='lat' dir='ltr'><strong>repente</strong></span> <span class='ocrx_word' id='word_1_337' title='bbox 1010 3157 1250 3206; x_wconf 88' lang='lat' dir='ltr'><strong>mutatur</strong></span> <span class='ocrx_word' id='word_1_338' title='bbox 1277 3166 1344 3206; x_wconf 80' lang='lat' dir='ltr'><strong>ex</strong></span> <span class='ocrx_word' id='word_1_339' title='bbox 1367 3153 1645 3222; x_wconf 90' lang='lat' dir='ltr'><strong>omnibus,</strong></span> 
     </span>
    </p>
   </div>
   <div class='ocr_carea' id='block_1_49' title="bbox 1762 1972 3347 2047">
    <p class='ocr_par' dir='ltr' id='par_1_49' title="bbox 1762 1972 3347 2047">
     <span class='ocr_line' id='line_1_49' title="bbox 1762 1972 3347 2047; baseline 0.001 -20"><span class='ocrx_word' id='word_1_340' title='bbox 1762 1973 1867 2039; x_wconf 89' lang='lat' dir='ltr'><strong>(cui</strong></span> <span class='ocrx_word' id='word_1_341' title='bbox 1891 1972 2229 2029; x_wconf 82' lang='lat' dir='ltr'><strong>Monticcllus</strong></span> <span class='ocrx_word' id='word_1_342' title='bbox 2255 1988 2451 2030; x_wconf 91' lang='lat' dir='ltr'><strong>nomen</strong></span> <span class='ocrx_word' id='word_1_343' title='bbox 2500 1972 2606 2047; x_wconf 88' lang='lat' dir='ltr'><strong>est)</strong></span> <span class='ocrx_word' id='word_1_344' title='bbox 2652 1974 2720 2029; x_wconf 89' lang='lat' dir='ltr'><strong>ad</strong></span> <span class='ocrx_word' id='word_1_345' title='bbox 2749 1974 2933 2030; x_wconf 89' lang='lat' dir='ltr'><strong>vinum</strong></span> <span class='ocrx_word' id='word_1_346' title='bbox 2964 1975 3347 2047; x_wconf 63' lang='lat' dir='ltr'><strong>colligendum,</strong></span> 
     </span>
    </p>
   </div>
   <div class='ocr_carea' id='block_1_50' title="bbox 1758 2060 3348 2136">
    <p class='ocr_par' dir='ltr' id='par_1_50' title="bbox 1758 2060 3348 2136">
     <span class='ocr_line' id='line_1_50' title="bbox 1758 2060 3348 2136; baseline 0.002 -21"><span class='ocrx_word' id='word_1_347' title='bbox 1758 2060 2120 2117; x_wconf 88' lang='lat' dir='ltr'><strong>Fontanetum</strong></span> <span class='ocrx_word' id='word_1_348' title='bbox 2147 2079 2278 2119; x_wconf 88' lang='lat' dir='ltr'><strong>vero</strong></span> <span class='ocrx_word' id='word_1_349' title='bbox 2307 2065 2374 2119; x_wconf 89' lang='lat' dir='ltr'><strong>ad</strong></span> <span class='ocrx_word' id='word_1_350' title='bbox 2415 2063 2688 2118; x_wconf 87' lang='lat' dir='ltr'><strong>frumenta</strong></span> <span class='ocrx_word' id='word_1_351' title='bbox 2732 2065 2985 2131; x_wconf 89' lang='lat' dir='ltr'><strong>serenda,</strong></span> <span class='ocrx_word' id='word_1_352' title='bbox 3029 2080 3216 2136; x_wconf 82' lang='lat' dir='ltr'><strong>agrum</strong></span> <span class='ocrx_word' id='word_1_353' title='bbox 3247 2080 3348 2119; x_wconf 86' lang='lat' dir='ltr'><strong>au-</strong></span> 
     </span>
    </p>
   </div>
   <div class='ocr_carea' id='block_1_51' title="bbox 1759 2152 3346 2225">
    <p class='ocr_par' dir='ltr' id='par_1_51' title="bbox 1759 2152 3346 2225">
     <span class='ocr_line' id='line_1_51' title="bbox 1759 2152 3346 2225; baseline 0.003 -19"><span class='ocrx_word' id='word_1_354' title='bbox 1759 2159 1891 2218; x_wconf 89' lang='lat' dir='ltr'><strong>tem,</strong></span> <span class='ocrx_word' id='word_1_355' title='bbox 1915 2153 1999 2207; x_wconf 91' lang='lat' dir='ltr'><strong>cui</strong></span> <span class='ocrx_word' id='word_1_356' title='bbox 2022 2152 2246 2225; x_wconf 83' lang='lat' dir='ltr'><strong>Miciglis</strong></span> <span class='ocrx_word' id='word_1_357' title='bbox 2264 2154 2585 2210; x_wconf 86' lang='lat' dir='ltr'><strong>vocabulum</strong></span> <span class='ocrx_word' id='word_1_358' title='bbox 2622 2165 2726 2219; x_wconf 86' lang='lat' dir='ltr'><strong>est,</strong></span> <span class='ocrx_word' id='word_1_359' title='bbox 2772 2156 2837 2208; x_wconf 90' lang='lat' dir='ltr'><strong>ad</strong></span> <span class='ocrx_word' id='word_1_360' title='bbox 2881 2154 3198 2210; x_wconf 87' lang='lat' dir='ltr'><strong>bucularum</strong></span> <span class='ocrx_word' id='word_1_361' title='bbox 3238 2170 3346 2210; x_wconf 80' lang='lat' dir='ltr'><strong>cae-</strong></span> 
     </span>
    </p>
   </div>
   <div class='ocr_carea' id='block_1_52' title="bbox 1760 2243 3350 2315">
    <p class='ocr_par' dir='ltr' id='par_1_52' title="bbox 1760 2243 3350 2315">
     <span class='ocr_line' id='line_1_52' title="bbox 1760 2243 3350 2315; baseline 0.003 -20"><span class='ocrx_word' id='word_1_362' title='bbox 1760 2250 2106 2313; x_wconf 86' lang='lat' dir='ltr'><strong>terarumque</strong></span> <span class='ocrx_word' id='word_1_363' title='bbox 2129 2243 2391 2313; x_wconf 84' lang='lat' dir='ltr'><strong>pecudum</strong></span> <span class='ocrx_word' id='word_1_364' title='bbox 2414 2245 2742 2299; x_wconf 88' lang='lat' dir='ltr'><strong>nutrimenta</strong></span> <span class='ocrx_word' id='word_1_365' title='bbox 2770 2246 3056 2310; x_wconf 82' lang='lat' dir='ltr'><strong>servanda,</strong></span> <span class='ocrx_word' id='word_1_366' title='bbox 3078 2246 3167 2301; x_wconf 88' lang='lat' dir='ltr'><strong>ubi</strong></span> <span class='ocrx_word' id='word_1_367' title='bbox 3196 2255 3350 2315; x_wconf 78' lang='lat' dir='ltr'><strong>post-</strong></span> 
     </span>
    </p>
   </div>
   <div class='ocr_carea' id='block_1_53' title="bbox 1758 2335 3346 2408">
    <p class='ocr_par' dir='ltr' id='par_1_53' title="bbox 1758 2335 3346 2408">
     <span class='ocr_line' id='line_1_53' title="bbox 1758 2335 3346 2408; baseline 0.002 -19"><span class='ocrx_word' id='word_1_368' title='bbox 1758 2335 1974 2389; x_wconf 86' lang='lat' dir='ltr'><strong>modum</strong></span> <span class='ocrx_word' id='word_1_369' title='bbox 2004 2345 2225 2392; x_wconf 86' lang='lat' dir='ltr'><strong>sanctus</strong></span> <span class='ocrx_word' id='word_1_370' title='bbox 2249 2335 2524 2392; x_wconf 78' lang='lat' dir='ltr'><strong>Marianas</strong></span> <span class='ocrx_word' id='word_1_371' title='bbox 2560 2351 2591 2390; x_wconf 90' lang='lat' dir='ltr'><strong>a</strong></span> <span class='ocrx_word' id='word_1_372' title='bbox 2638 2336 2901 2391; x_wconf 82' lang='lat' dir='ltr'><strong>fratribus</strong></span> <span class='ocrx_word' id='word_1_373' title='bbox 2944 2337 3184 2408; x_wconf 83' lang='lat' dir='ltr'><strong>ejusdem</strong></span> <span class='ocrx_word' id='word_1_374' title='bbox 3230 2352 3346 2392; x_wconf 83' lang='lat' dir='ltr'><strong>mo-</strong></span> 
     </span>
    </p>
   </div>
   <div class='ocr_carea' id='block_1_54' title="bbox 1755 2426 3341 2496">
    <p class='ocr_par' dir='ltr' id='par_1_54' title="bbox 1755 2426 3341 2496">
     <span class='ocr_line' id='line_1_54' title="bbox 1755 2426 3341 2496; baseline 0 -15"><span class='ocrx_word' id='word_1_375' title='bbox 1755 2426 1981 2481; x_wconf 85' lang='lat' dir='ltr'><strong>nasterii</strong></span> <span class='ocrx_word' id='word_1_376' title='bbox 2012 2426 2211 2482; x_wconf 87' lang='lat' dir='ltr'><strong>missus</strong></span> <span class='ocrx_word' id='word_1_377' title='bbox 2250 2435 2335 2482; x_wconf 90' lang='lat' dir='ltr'><strong>est</strong></span> <span class='ocrx_word' id='word_1_378' title='bbox 2380 2427 2448 2481; x_wconf 91' lang='lat' dir='ltr'><strong>ad</strong></span> <span class='ocrx_word' id='word_1_379' title='bbox 2488 2428 2676 2482; x_wconf 89' lang='lat' dir='ltr'><strong>eadem</strong></span> <span class='ocrx_word' id='word_1_380' title='bbox 2730 2442 2928 2496; x_wconf 87' lang='lat' dir='ltr'><strong>pecora</strong></span> <span class='ocrx_word' id='word_1_381' title='bbox 2973 2426 3341 2484; x_wconf 83' lang='lat' dir='ltr'><strong>custodienda.</strong></span> 
     </span>
    </p>
   </div>
   <div class='ocr_carea' id='block_1_55' title="bbox 1756 2516 3345 2588">
    <p class='ocr_par' dir='ltr' id='par_1_55' title="bbox 1756 2516 3345 2588">
     <span class='ocr_line' id='line_1_55' title="bbox 1756 2516 3345 2588; baseline -0.001 -17"><span class='ocrx_word' id='word_1_382' title='bbox 1756 2517 2090 2573; x_wconf 79' lang='lat' dir='ltr'><strong>Monstratur</strong></span> <span class='ocrx_word' id='word_1_383' title='bbox 2115 2517 2381 2588; x_wconf 90' lang='lat' dir='ltr'><strong>hodieque</strong></span> <span class='ocrx_word' id='word_1_384' title='bbox 2403 2518 2456 2573; x_wconf 92' lang='lat' dir='ltr'><strong>in</strong></span> <span class='ocrx_word' id='word_1_385' title='bbox 2479 2519 2669 2573; x_wconf 90' lang='lat' dir='ltr'><strong>eodem</strong></span> <span class='ocrx_word' id='word_1_386' title='bbox 2697 2517 3028 2572; x_wconf 88' lang='lat' dir='ltr'><strong>monasterio</strong></span> <span class='ocrx_word' id='word_1_387' title='bbox 3046 2516 3345 2572; x_wconf 82' lang='lat' dir='ltr'><strong>oratorium</strong></span> 
     </span>
    </p>
   </div>
   <div class='ocr_carea' id='block_1_56' title="bbox 1755 2602 3345 2678">
    <p class='ocr_par' dir='ltr' id='par_1_56' title="bbox 1755 2602 3345 2678">
     <span class='ocr_line' id='line_1_56' title="bbox 1755 2602 3345 2678; baseline 0.001 -18"><span class='ocrx_word' id='word_1_388' title='bbox 1755 2608 1995 2678; x_wconf 87' lang='lat' dir='ltr'><strong>ejusdem</strong></span> <span class='ocrx_word' id='word_1_389' title='bbox 2028 2607 2086 2662; x_wconf 85' lang='lat' dir='ltr'><strong>S.</strong></span> <span class='ocrx_word' id='word_1_390' title='bbox 2115 2606 2372 2664; x_wconf 89' lang='lat' dir='ltr'><strong>Germani</strong></span> <span class='ocrx_word' id='word_1_391' title='bbox 2419 2608 2636 2664; x_wconf 89' lang='lat' dir='ltr'><strong>nomine</strong></span> <span class='ocrx_word' id='word_1_392' title='bbox 2661 2619 3066 2674; x_wconf 87' lang='lat' dir='ltr'><strong>consecratum,</strong></span> <span class='ocrx_word' id='word_1_393' title='bbox 3114 2608 3204 2663; x_wconf 87' lang='lat' dir='ltr'><strong>ubi</strong></span> <span class='ocrx_word' id='word_1_394' title='bbox 3260 2602 3345 2662; x_wconf 73' lang='lat' dir='ltr'><strong>iit-</strong></span> 
     </span>
    </p>
   </div>
   <div class='ocr_carea' id='block_1_57' title="bbox 1755 2696 3395 2753">
    <p class='ocr_par' dir='ltr' id='par_1_57' title="bbox 1755 2696 3395 2753">
     <span class='ocr_line' id='line_1_57' title="bbox 1755 2696 3395 2753; baseline 0.001 -2"><span class='ocrx_word' id='word_1_395' title='bbox 1755 2705 2074 2753; x_wconf 89' lang='lat' dir='ltr'><strong>cunctanter</strong></span> <span class='ocrx_word' id='word_1_396' title='bbox 2130 2698 2377 2753; x_wconf 85' lang='lat' dir='ltr'><strong>novimus</strong></span> <span class='ocrx_word' id='word_1_397' title='bbox 2428 2697 2594 2752; x_wconf 88' lang='lat' dir='ltr'><strong>fuisse</strong></span> <span class='ocrx_word' id='word_1_398' title='bbox 2662 2696 2914 2752; x_wconf 89' lang='lat' dir='ltr'><strong>cellulam</strong></span> <span class='ocrx_word' id='word_1_399' title='bbox 2987 2696 3345 2752; x_wconf 77' lang='lat' dir='ltr'><strong>afﬂictionum</strong></span> <span class='ocrx_word' id='word_1_400' title='bbox 3392 2720 3395 2724; x_wconf 93' lang='grc'><strong>·</strong></span> 
     </span>
    </p>
   </div>
   <div class='ocr_carea' id='block_1_58' title="bbox 1752 2778 3342 2858">
    <p class='ocr_par' dir='ltr' id='par_1_58' title="bbox 1752 2778 3342 2858">
     <span class='ocr_line' id='line_1_58' title="bbox 1752 2778 3342 2858; baseline 0.001 -16"><span class='ocrx_word' id='word_1_401' title='bbox 1752 2788 1870 2858; x_wconf 87' lang='lat' dir='ltr'><strong>ejus</strong></span> <span class='ocrx_word' id='word_1_402' title='bbox 1898 2795 1952 2843; x_wconf 86' lang='lat' dir='ltr'><strong>et</strong></span> <span class='ocrx_word' id='word_1_403' title='bbox 1975 2788 2313 2844; x_wconf 87' lang='lat' dir='ltr'><strong>cruciatuum</strong></span> <span class='ocrx_word' id='word_1_404' title='bbox 2364 2778 2662 2855; x_wconf 84' lang='lat' dir='ltr'><strong>consciam,</strong></span> <span class='ocrx_word' id='word_1_405' title='bbox 2714 2789 2803 2844; x_wconf 89' lang='lat' dir='ltr'><strong>cui</strong></span> <span class='ocrx_word' id='word_1_406' title='bbox 2858 2789 3043 2844; x_wconf 89' lang='lat' dir='ltr'><strong>nescio</strong></span> <span class='ocrx_word' id='word_1_407' title='bbox 3088 2788 3342 2844; x_wconf 84' lang='lat' dir='ltr'><strong>ostiolum</strong></span> 
     </span>
    </p>
   </div>
   <div class='ocr_carea' id='block_1_59' title="bbox 1751 2881 3341 2951">
    <p class='ocr_par' dir='ltr' id='par_1_59' title="bbox 1751 2881 3341 2951">
     <span class='ocr_line' id='line_1_59' title="bbox 1751 2881 3341 2951; baseline -0.002 -15"><span class='ocrx_word' id='word_1_408' title='bbox 1751 2898 1819 2936; x_wconf 90' lang='lat' dir='ltr'><strong>an</strong></span> <span class='ocrx_word' id='word_1_409' title='bbox 1867 2881 2158 2937; x_wconf 89' lang='lat' dir='ltr'><strong>fenestram</strong></span> <span class='ocrx_word' id='word_1_410' title='bbox 2189 2883 2419 2937; x_wconf 77' lang='lat' dir='ltr'><strong>dixerim</strong></span> <span class='ocrx_word' id='word_1_411' title='bbox 2451 2890 2598 2936; x_wconf 90' lang='lat' dir='ltr'><strong>tanta</strong></span> <span class='ocrx_word' id='word_1_412' title='bbox 2641 2889 2761 2937; x_wconf 90' lang='lat' dir='ltr'><strong>erat</strong></span> <span class='ocrx_word' id='word_1_413' title='bbox 2794 2881 3098 2936; x_wconf 88' lang='lat' dir='ltr'><strong>humilitate</strong></span> <span class='ocrx_word' id='word_1_414' title='bbox 3124 2882 3341 2951; x_wconf 80' lang='lat' dir='ltr'><strong>perexi-</strong></span> 
     </span>
    </p>
   </div>
   <div class='ocr_carea' id='block_1_60' title="bbox 1750 2963 3343 3043">
    <p class='ocr_par' dir='ltr' id='par_1_60' title="bbox 1750 2963 3343 3043">
     <span class='ocr_line' id='line_1_60' title="bbox 1750 2963 3343 3043; baseline 0.001 -19"><span class='ocrx_word' id='word_1_415' title='bbox 1750 2986 1933 3042; x_wconf 88' lang='lat' dir='ltr'><strong>guum,</strong></span> <span class='ocrx_word' id='word_1_416' title='bbox 1974 2980 2035 3026; x_wconf 88' lang='lat' dir='ltr'><strong>ut</strong></span> <span class='ocrx_word' id='word_1_417' title='bbox 2063 2963 2223 3028; x_wconf 80' lang='lat' dir='ltr'><strong>nemo</strong></span> <span class='ocrx_word' id='word_1_418' title='bbox 2245 2973 2493 3042; x_wconf 86' lang='lat' dir='ltr'><strong>quamvis</strong></span> <span class='ocrx_word' id='word_1_419' title='bbox 2514 2971 2778 3043; x_wconf 86' lang='lat' dir='ltr'><strong>quantclli</strong></span> <span class='ocrx_word' id='word_1_420' title='bbox 2805 2972 3052 3042; x_wconf 84' lang='lat' dir='ltr'><strong>corporis</strong></span> <span class='ocrx_word' id='word_1_421' title='bbox 3082 2971 3185 3025; x_wconf 87' lang='lat' dir='ltr'><strong>nisi</strong></span> <span class='ocrx_word' id='word_1_422' title='bbox 3213 2982 3343 3041; x_wconf 51' lang='lat' dir='ltr'><strong>prata</strong></span> 
     </span>
    </p>
   </div>
   <div class='ocr_carea' id='block_1_61' title="bbox 1748 3061 3342 3134">
    <p class='ocr_par' dir='ltr' id='par_1_61' title="bbox 1748 3061 3342 3134">
     <span class='ocr_line' id='line_1_61' title="bbox 1748 3061 3342 3134; baseline -0.001 -17"><span class='ocrx_word' id='word_1_423' title='bbox 1748 3077 1851 3117; x_wconf 91' lang='lat' dir='ltr'><strong>nus</strong></span> <span class='ocrx_word' id='word_1_424' title='bbox 1908 3063 2132 3132; x_wconf 88' lang='lat' dir='ltr'><strong>perinde</strong></span> <span class='ocrx_word' id='word_1_425' title='bbox 2174 3077 2365 3134; x_wconf 89' lang='lat' dir='ltr'><strong>repere</strong></span> <span class='ocrx_word' id='word_1_426' title='bbox 2400 3063 2655 3134; x_wconf 89' lang='lat' dir='ltr'><strong>potuerit.</strong></span> <span class='ocrx_word' id='word_1_427' title='bbox 2681 3061 2835 3117; x_wconf 86' lang='lat' dir='ltr'><strong>Fecit</strong></span> <span class='ocrx_word' id='word_1_428' title='bbox 2880 3072 2935 3118; x_wconf 92' lang='lat' dir='ltr'><strong>et</strong></span> <span class='ocrx_word' id='word_1_429' title='bbox 2964 3061 3241 3118; x_wconf 80' lang='lat' dir='ltr'><strong>basilicam</strong></span> <span class='ocrx_word' id='word_1_430' title='bbox 3286 3062 3342 3116; x_wconf 86' lang='lat' dir='ltr'><strong>in</strong></span> 
     </span>
    </p>
   </div>
   <div class='ocr_carea' id='block_1_62' title="bbox 1748 3151 3343 3224">
    <p class='ocr_par' dir='ltr' id='par_1_62' title="bbox 1748 3151 3343 3224">
     <span class='ocr_line' id='line_1_62' title="bbox 1748 3151 3343 3224; baseline 0 -19"><span class='ocrx_word' id='word_1_431' title='bbox 1748 3151 1956 3206; x_wconf 88' lang='lat' dir='ltr'><strong>honore</strong></span> <span class='ocrx_word' id='word_1_432' title='bbox 1977 3151 2075 3207; x_wconf 90' lang='lat' dir='ltr'><strong>SS.</strong></span> <span class='ocrx_word' id='word_1_433' title='bbox 2116 3162 2418 3224; x_wconf 87' lang='lat' dir='ltr'><strong>martyrum</strong></span> <span class='ocrx_word' id='word_1_434' title='bbox 2459 3153 2889 3224; x_wconf 85' lang='lat' dir='ltr'><strong>Agaunensium,</strong></span> <span class='ocrx_word' id='word_1_435' title='bbox 2912 3151 3157 3207; x_wconf 83' lang='lat' dir='ltr'><strong>Mauricii</strong></span> <span class='ocrx_word' id='word_1_436' title='bbox 3191 3152 3343 3207; x_wconf 87' lang='lat' dir='ltr'><strong>scili-</strong></span> 
     </span>
    </p>
   </div>
   <div class='ocr_carea' id='block_1_63' title="bbox 119 3236 3337 3314">
    <p class='ocr_par' dir='ltr' id='par_1_63' title="bbox 119 3236 3337 3314">
     <span class='ocr_line' id='line_1_63' title="bbox 119 3236 3337 3314; baseline 0.002 -25"><span class='ocrx_word' id='word_1_437' title='bbox 119 3236 333 3293; x_wconf 83' lang='lat' dir='ltr'><strong>deseritur</strong></span> <span class='ocrx_word' id='word_1_438' title='bbox 362 3238 552 3293; x_wconf 88' lang='lat' dir='ltr'><strong>mundi</strong></span> <span class='ocrx_word' id='word_1_439' title='bbox 587 3238 801 3305; x_wconf 87' lang='lat' dir='ltr'><strong>militia,</strong></span> <span class='ocrx_word' id='word_1_440' title='bbox 838 3238 1081 3295; x_wconf 62' lang='lat' dir='ltr'><strong>caelestis</strong></span> <span class='ocrx_word' id='word_1_441' title='bbox 1110 3241 1424 3307; x_wconf 90' lang='lat' dir='ltr'><strong>assumitur,</strong></span> <span class='ocrx_word' id='word_1_442' title='bbox 1456 3242 1640 3298; x_wconf 57' lang='lat' dir='ltr'><strong>saeculi</strong></span> <span class='ocrx_word' id='word_1_443' title='bbox 1671 3246 1715 3310; x_wconf 70' lang='grc' dir='ltr'>α</span> <span class='ocrx_word' id='word_1_444' title='bbox 1749 3254 1857 3308; x_wconf 88' lang='lat' dir='ltr'><strong>cet,</strong></span> <span class='ocrx_word' id='word_1_445' title='bbox 1888 3244 2266 3313; x_wconf 88' lang='lat' dir='ltr'><strong>sociorumque</strong></span> <span class='ocrx_word' id='word_1_446' title='bbox 2325 3238 2461 3314; x_wconf 85' lang='lat' dir='ltr'><strong>ejus,</strong></span> <span class='ocrx_word' id='word_1_447' title='bbox 2528 3244 2621 3299; x_wconf 89' lang='lat' dir='ltr'><strong>ubi</strong></span> <span class='ocrx_word' id='word_1_448' title='bbox 2657 3253 2713 3299; x_wconf 94' lang='lat' dir='ltr'><strong>et</strong></span> <span class='ocrx_word' id='word_1_449' title='bbox 2760 3244 2876 3300; x_wconf 71' lang='lat' dir='ltr'><strong>haec</strong></span> <span class='ocrx_word' id='word_1_450' title='bbox 2932 3244 3070 3300; x_wconf 89' lang='lat' dir='ltr'><strong>dona</strong></span> <span class='ocrx_word' id='word_1_451' title='bbox 3121 3243 3337 3306; x_wconf 82' lang='lat' dir='ltr'><strong>obtulit,</strong></span> 
     </span>
    </p>
   </div>
   <div class='ocr_carea' id='block_1_64' title="bbox 118 3330 1642 3405">
    <p class='ocr_par' dir='ltr' id='par_1_64' title="bbox 118 3330 1642 3405">
     <span class='ocr_line' id='line_1_64' title="bbox 118 3330 1642 3405; baseline 0.003 -22"><span class='ocrx_word' id='word_1_452' title='bbox 118 3340 267 3400; x_wconf 90' lang='lat' dir='ltr'><strong>pompa</strong></span> <span class='ocrx_word' id='word_1_453' title='bbox 300 3330 562 3397; x_wconf 89' lang='lat' dir='ltr'><strong>calcatur,</strong></span> <span class='ocrx_word' id='word_1_454' title='bbox 606 3331 883 3386; x_wconf 88' lang='lat' dir='ltr'><strong>humilitas</strong></span> <span class='ocrx_word' id='word_1_455' title='bbox 929 3333 1357 3388; x_wconf 90' lang='lat' dir='ltr'><strong>conversationis</strong></span> <span class='ocrx_word' id='word_1_456' title='bbox 1395 3334 1642 3405; x_wconf 81' lang='lat' dir='ltr'><strong>erigitur,</strong></span> 
     </span>
    </p>
   </div>
   <div class='ocr_carea' id='block_1_65' title="bbox 117 3423 1644 3493">
    <p class='ocr_par' dir='ltr' id='par_1_65' title="bbox 117 3423 1644 3493">
     <span class='ocr_line' id='line_1_65' title="bbox 117 3423 1644 3493; baseline 0.005 -21"><span class='ocrx_word' id='word_1_457' title='bbox 117 3423 298 3476; x_wconf 87' lang='lat' dir='ltr'><strong>uxorin</strong></span> <span class='ocrx_word' id='word_1_458' title='bbox 335 3438 581 3479; x_wconf 89' lang='lat' dir='ltr'><strong>sororem</strong></span> <span class='ocrx_word' id='word_1_459' title='bbox 638 3429 880 3477; x_wconf 90' lang='lat' dir='ltr'><strong>mutatur</strong></span> <span class='ocrx_word' id='word_1_460' title='bbox 921 3436 989 3477; x_wconf 85' lang='lat' dir='ltr'><strong>ex</strong></span> <span class='ocrx_word' id='word_1_461' title='bbox 1035 3423 1290 3493; x_wconf 75' lang='lat' dir='ltr'><strong>conjuge,</strong></span> <span class='ocrx_word' id='word_1_462' title='bbox 1342 3425 1644 3481; x_wconf 87' lang='lat' dir='ltr'><strong>substantia</strong></span> 
     </span>
    </p>
   </div>
   <div class='ocr_carea' id='block_1_66' title="bbox 117 3507 1647 3583">
    <p class='ocr_par' dir='ltr' id='par_1_66' title="bbox 117 3507 1647 3583">
     <span class='ocr_line' id='line_1_66' title="bbox 117 3507 1647 3583; baseline 0.007 -23"><span class='ocrx_word' id='word_1_463' title='bbox 117 3507 401 3579; x_wconf 83' lang='lat' dir='ltr'><strong>dispensatur</strong></span> <span class='ocrx_word' id='word_1_464' title='bbox 440 3514 497 3567; x_wconf 91' lang='lat' dir='ltr'><strong>in</strong></span> <span class='ocrx_word' id='word_1_465' title='bbox 554 3527 844 3583; x_wconf 88' lang='lat' dir='ltr'><strong>pauperes,</strong></span> <span class='ocrx_word' id='word_1_466' title='bbox 902 3519 1195 3582; x_wconf 90' lang='lat' dir='ltr'><strong>paupertas</strong></span> <span class='ocrx_word' id='word_1_467' title='bbox 1215 3514 1469 3569; x_wconf 89' lang='lat' dir='ltr'><strong>ambitur.</strong></span> <span class='ocrx_word' id='word_1_468' title='bbox 1497 3514 1542 3571; x_wconf 94' lang='grc' dir='ltr'><strong>Ο</strong></span> <span class='ocrx_word' id='word_1_469' title='bbox 1571 3516 1647 3570; x_wconf 87' lang='lat' dir='ltr'><strong>vi-</strong></span> 
     </span>
    </p>
   </div>
   <div class='ocr_carea' id='block_1_67' title="bbox 114 3606 1646 3677">
    <p class='ocr_par' dir='ltr' id='par_1_67' title="bbox 114 3606 1646 3677">
     <span class='ocr_line' id='line_1_67' title="bbox 114 3606 1646 3677; baseline 0.004 -18"><span class='ocrx_word' id='word_1_470' title='bbox 114 3615 201 3660; x_wconf 80' lang='lat' dir='ltr'><strong>rum</strong></span> <span class='ocrx_word' id='word_1_471' title='bbox 231 3608 305 3663; x_wconf 90' lang='lat' dir='ltr'><strong>cui</strong></span> <span class='ocrx_word' id='word_1_472' title='bbox 349 3623 562 3665; x_wconf 90' lang='lat' dir='ltr'><strong>summa</strong></span> <span class='ocrx_word' id='word_1_473' title='bbox 616 3623 828 3677; x_wconf 89' lang='lat' dir='ltr'><strong>semper</strong></span> <span class='ocrx_word' id='word_1_474' title='bbox 869 3608 1154 3673; x_wconf 87' lang='lat' dir='ltr'><strong>debentur,</strong></span> <span class='ocrx_word' id='word_1_475' title='bbox 1193 3606 1285 3676; x_wconf 92' lang='lat' dir='ltr'><strong>qui</strong></span> <span class='ocrx_word' id='word_1_476' title='bbox 1310 3622 1494 3664; x_wconf 91' lang='lat' dir='ltr'><strong>amore</strong></span> <span class='ocrx_word' id='word_1_477' title='bbox 1524 3609 1646 3665; x_wconf 87' lang='lat' dir='ltr'><strong>vitae</strong></span> 
     </span>
    </p>
   </div>
   <div class='ocr_carea' id='block_1_68' title="bbox 114 3698 1638 3769">
    <p class='ocr_par' dir='ltr' id='par_1_68' title="bbox 114 3698 1638 3769">
     <span class='ocr_line' id='line_1_68' title="bbox 114 3698 1638 3769; baseline 0.004 -20"><span class='ocrx_word' id='word_1_478' title='bbox 114 3705 283 3755; x_wconf 60' lang='lat' dir='ltr'><strong>aeternae</strong></span> <span class='ocrx_word' id='word_1_479' title='bbox 299 3699 659 3756; x_wconf 82' lang='lat' dir='ltr'><strong>voluntariam</strong></span> <span class='ocrx_word' id='word_1_480' title='bbox 686 3698 966 3769; x_wconf 83' lang='lat' dir='ltr'><strong>amplexus</strong></span> <span class='ocrx_word' id='word_1_481' title='bbox 997 3707 1081 3754; x_wconf 90' lang='lat' dir='ltr'><strong>est</strong></span> <span class='ocrx_word' id='word_1_482' title='bbox 1103 3698 1438 3769; x_wconf 90' lang='lat' dir='ltr'><strong>pauperiem,</strong></span> <span class='ocrx_word' id='word_1_483' title='bbox 1467 3705 1638 3755; x_wconf 68' lang='lat' dir='ltr'><strong>totum</strong></span> 
     </span>
    </p>
   </div>
   <div class='ocr_carea' id='block_1_69' title="bbox 113 3783 1641 3857">
    <p class='ocr_par' dir='ltr' id='par_1_69' title="bbox 113 3783 1641 3857">
     <span class='ocr_line' id='line_1_69' title="bbox 113 3783 1641 3857; baseline 0.005 -17"><span class='ocrx_word' id='word_1_484' title='bbox 113 3783 281 3845; x_wconf 84' lang='lat' dir='ltr'><strong>Christo</strong></span> <span class='ocrx_word' id='word_1_485' title='bbox 307 3792 469 3857; x_wconf 89' lang='lat' dir='ltr'><strong>dedit,</strong></span> <span class='ocrx_word' id='word_1_486' title='bbox 502 3790 605 3845; x_wconf 90' lang='lat' dir='ltr'><strong>sibi</strong></span> <span class='ocrx_word' id='word_1_487' title='bbox 630 3790 765 3845; x_wconf 89' lang='lat' dir='ltr'><strong>nihil</strong></span> <span class='ocrx_word' id='word_1_488' title='bbox 791 3790 1048 3846; x_wconf 84' lang='lat' dir='ltr'><strong>retinuit!</strong></span> <span class='ocrx_word' id='word_1_489' title='bbox 1091 3790 1210 3846; x_wconf 87' lang='lat' dir='ltr'><strong>Jam</strong></span> <span class='ocrx_word' id='word_1_490' title='bbox 1234 3804 1364 3847; x_wconf 89' lang='lat' dir='ltr'><strong>vero</strong></span> <span class='ocrx_word' id='word_1_491' title='bbox 1393 3793 1641 3847; x_wconf 89' lang='lat' dir='ltr'><strong>enarrari</strong></span> 
     </span>
    </p>
   </div>
   <div class='ocr_carea' id='block_1_70' title="bbox 115 3881 1646 3953">
    <p class='ocr_par' dir='ltr' id='par_1_70' title="bbox 115 3881 1646 3953">
     <span class='ocr_line' id='line_1_70' title="bbox 115 3881 1646 3953; baseline 0.001 -18"><span class='ocrx_word' id='word_1_492' title='bbox 115 3886 191 3930; x_wconf 69' lang='lat' dir='ltr'><strong>Non</strong></span> <span class='ocrx_word' id='word_1_493' title='bbox 212 3888 369 3948; x_wconf 88' lang='lat' dir='ltr'><strong>potest</strong></span> <span class='ocrx_word' id='word_1_494' title='bbox 419 3896 532 3953; x_wconf 89' lang='lat' dir='ltr'><strong>qua</strong></span> <span class='ocrx_word' id='word_1_495' title='bbox 571 3881 873 3936; x_wconf 89' lang='lat' dir='ltr'><strong>hostilitate</strong></span> <span class='ocrx_word' id='word_1_496' title='bbox 917 3881 1029 3935; x_wconf 84' lang='lat' dir='ltr'><strong>vim</strong></span> <span class='ocrx_word' id='word_1_497' title='bbox 1058 3881 1161 3937; x_wconf 92' lang='lat' dir='ltr'><strong>sibi</strong></span> <span class='ocrx_word' id='word_1_498' title='bbox 1212 3881 1330 3953; x_wconf 86' lang='lat' dir='ltr'><strong>ipse</strong></span> <span class='ocrx_word' id='word_1_499' title='bbox 1367 3883 1646 3937; x_wconf 86' lang='lat' dir='ltr'><strong>conscive-</strong></span> 
     </span>
    </p>
   </div>
   <div class='ocr_carea' id='block_1_71' title="bbox 114 3965 1643 4042">
    <p class='ocr_par' dir='ltr' id='par_1_71' title="bbox 114 3965 1643 4042">
     <span class='ocr_line' id='line_1_71' title="bbox 114 3965 1643 4042; baseline 0.005 -23"><span class='ocrx_word' id='word_1_500' title='bbox 114 3965 181 4031; x_wconf 84' lang='lat' dir='ltr'><strong>rit,</strong></span> <span class='ocrx_word' id='word_1_501' title='bbox 210 3984 328 4039; x_wconf 90' lang='lat' dir='ltr'><strong>quas</strong></span> <span class='ocrx_word' id='word_1_502' title='bbox 344 3987 540 4028; x_wconf 89' lang='lat' dir='ltr'><strong>cruces</strong></span> <span class='ocrx_word' id='word_1_503' title='bbox 568 3986 756 4042; x_wconf 86' lang='lat' dir='ltr'><strong>quaeve</strong></span> <span class='ocrx_word' id='word_1_504' title='bbox 778 3970 1041 4041; x_wconf 87' lang='lat' dir='ltr'><strong>supplicia</strong></span> <span class='ocrx_word' id='word_1_505' title='bbox 1078 3972 1324 4041; x_wconf 90' lang='lat' dir='ltr'><strong>corporis</strong></span> <span class='ocrx_word' id='word_1_506' title='bbox 1353 3972 1434 4026; x_wconf 91' lang='lat' dir='ltr'><strong>sui</strong></span> <span class='ocrx_word' id='word_1_507' title='bbox 1460 3986 1643 4042; x_wconf 87' lang='lat' dir='ltr'><strong>perse-</strong></span> 
     </span>
    </p>
   </div>
   <div class='ocr_carea' id='block_1_72' title="bbox 112 4056 1642 4131">
    <p class='ocr_par' dir='ltr' id='par_1_72' title="bbox 112 4056 1642 4131">
     <span class='ocr_line' id='line_1_72' title="bbox 112 4056 1642 4131; baseline 0.004 -22"><span class='ocrx_word' id='word_1_508' title='bbox 112 4066 229 4112; x_wconf 86' lang='lat' dir='ltr'><strong>cutor</strong></span> <span class='ocrx_word' id='word_1_509' title='bbox 246 4059 499 4127; x_wconf 88' lang='lat' dir='ltr'><strong>induerit;</strong></span> <span class='ocrx_word' id='word_1_510' title='bbox 554 4075 680 4115; x_wconf 89' lang='lat' dir='ltr'><strong>nam</strong></span> <span class='ocrx_word' id='word_1_511' title='bbox 714 4056 929 4131; x_wconf 79' lang='lat' dir='ltr'><strong>qualem</strong></span> <span class='ocrx_word' id='word_1_512' title='bbox 969 4069 1338 4130; x_wconf 91' lang='lat' dir='ltr'><strong>quantumque</strong></span> <span class='ocrx_word' id='word_1_513' title='bbox 1382 4075 1443 4115; x_wconf 90' lang='lat' dir='ltr'><strong>se</strong></span> <span class='ocrx_word' id='word_1_514' title='bbox 1489 4060 1642 4115; x_wconf 84' lang='lat' dir='ltr'><strong>exhi-</strong></span> 
     </span>
    </p>
   </div>
   <div class='ocr_carea' id='block_1_73' title="bbox 112 4135 1633 4223">
    <p class='ocr_par' dir='ltr' id='par_1_73' title="bbox 112 4135 1633 4223">
     <span class='ocr_line' id='line_1_73' title="bbox 112 4135 1633 4223; baseline 0.004 -23"><span class='ocrx_word' id='word_1_515' title='bbox 112 4142 264 4216; x_wconf 89' lang='lat' dir='ltr'><strong>buerit,</strong></span> <span class='ocrx_word' id='word_1_516' title='bbox 284 4151 398 4208; x_wconf 90' lang='lat' dir='ltr'><strong>ideo</strong></span> <span class='ocrx_word' id='word_1_517' title='bbox 442 4151 631 4223; x_wconf 86' lang='lat' dir='ltr'><strong>lingua</strong></span> <span class='ocrx_word' id='word_1_518' title='bbox 660 4151 907 4207; x_wconf 86' lang='lat' dir='ltr'><strong>mortalis</strong></span> <span class='ocrx_word' id='word_1_519' title='bbox 949 4151 1206 4221; x_wconf 84' lang='lat' dir='ltr'><strong>expedire</strong></span> <span class='ocrx_word' id='word_1_520' title='bbox 1252 4135 1379 4205; x_wconf 33' lang='lat' dir='ltr'><strong>non.</strong></span> <span class='ocrx_word' id='word_1_521' title='bbox 1407 4151 1633 4217; x_wconf 86' lang='lat' dir='ltr'><strong>sufﬁcit,</strong></span> 
     </span>
    </p>
   </div>
   <div class='ocr_carea' id='block_1_74' title="bbox 112 4240 1639 4312">
    <p class='ocr_par' dir='ltr' id='par_1_74' title="bbox 112 4240 1639 4312">
     <span class='ocr_line' id='line_1_74' title="bbox 112 4240 1639 4312; baseline 0.002 -18"><span class='ocrx_word' id='word_1_522' title='bbox 112 4240 206 4306; x_wconf 62' lang='lat' dir='ltr'><strong>Quia</strong></span> <span class='ocrx_word' id='word_1_523' title='bbox 228 4256 373 4312; x_wconf 88' lang='lat' dir='ltr'><strong>supra</strong></span> <span class='ocrx_word' id='word_1_524' title='bbox 411 4243 690 4300; x_wconf 87' lang='lat' dir='ltr'><strong>hominem</strong></span> <span class='ocrx_word' id='word_1_525' title='bbox 725 4241 830 4296; x_wconf 89' lang='lat' dir='ltr'><strong>fuit</strong></span> <span class='ocrx_word' id='word_1_526' title='bbox 861 4257 1027 4298; x_wconf 86' lang='lat' dir='ltr'><strong>omne</strong></span> <span class='ocrx_word' id='word_1_527' title='bbox 1048 4240 1194 4311; x_wconf 90' lang='lat' dir='ltr'><strong>quod</strong></span> <span class='ocrx_word' id='word_1_528' title='bbox 1218 4242 1400 4312; x_wconf 88' lang='lat' dir='ltr'><strong>gessit.</strong></span> <span class='ocrx_word' id='word_1_529' title='bbox 1434 4240 1639 4309; x_wconf 84' lang='lat' dir='ltr'><strong>Quibus</strong></span> 
     </span>
    </p>
   </div>
   <div class='ocr_carea' id='block_1_75' title="bbox 112 4326 1638 4402">
    <p class='ocr_par' dir='ltr' id='par_1_75' title="bbox 112 4326 1638 4402">
     <span class='ocr_line' id='line_1_75' title="bbox 112 4326 1638 4402; baseline 0.003 -19"><span class='ocrx_word' id='word_1_530' title='bbox 112 4326 254 4400; x_wconf 86' lang='lat' dir='ltr'><strong>itaque</strong></span> <span class='ocrx_word' id='word_1_531' title='bbox 297 4333 572 4390; x_wconf 87' lang='lat' dir='ltr'><strong>miraculis</strong></span> <span class='ocrx_word' id='word_1_532' title='bbox 627 4333 889 4390; x_wconf 86' lang='lat' dir='ltr'><strong>claruerit</strong></span> <span class='ocrx_word' id='word_1_533' title='bbox 935 4332 1440 4402; x_wconf 76' lang='lat' dir='ltr'><strong>praetermittimus,</strong></span> <span class='ocrx_word' id='word_1_534' title='bbox 1512 4332 1638 4401; x_wconf 88' lang='lat' dir='ltr'><strong>quia</strong></span> 
     </span>
    </p>
   </div>
   <div class='ocr_carea' id='block_1_76' title="bbox 112 4424 1638 4485">
    <p class='ocr_par' dir='ltr' id='par_1_76' title="bbox 112 4424 1638 4485">
     <span class='ocr_line' id='line_1_76' title="bbox 112 4424 1638 4485; baseline 0.001 -7"><span class='ocrx_word' id='word_1_535' title='bbox 112 4433 277 4481; x_wconf 81' lang='lat' dir='ltr'><strong>exstant</strong></span> <span class='ocrx_word' id='word_1_536' title='bbox 300 4426 417 4485; x_wconf 89' lang='lat' dir='ltr'><strong>libri</strong></span> <span class='ocrx_word' id='word_1_537' title='bbox 471 4427 540 4483; x_wconf 88' lang='lat' dir='ltr'><strong>ad</strong></span> <span class='ocrx_word' id='word_1_538' title='bbox 599 4426 893 4483; x_wconf 86' lang='lat' dir='ltr'><strong>multorum</strong></span> <span class='ocrx_word' id='word_1_539' title='bbox 924 4424 1212 4480; x_wconf 88' lang='lat' dir='ltr'><strong>utilitatem</strong></span> <span class='ocrx_word' id='word_1_540' title='bbox 1252 4425 1447 4479; x_wconf 82' lang='lat' dir='ltr'><strong>exinde</strong></span> <span class='ocrx_word' id='word_1_541' title='bbox 1490 4438 1638 4479; x_wconf 78' lang='lat' dir='ltr'><strong>com-</strong></span> 
     </span>
    </p>
   </div>
   <div class='ocr_carea' id='block_1_77' title="bbox 110 4513 1635 4587">
    <p class='ocr_par' dir='ltr' id='par_1_77' title="bbox 110 4513 1635 4587">
     <span class='ocr_line' id='line_1_77' title="bbox 110 4513 1635 4587; baseline 0 -18"><span class='ocrx_word' id='word_1_542' title='bbox 110 4515 251 4580; x_wconf 86' lang='lat' dir='ltr'><strong>positi.</strong></span> <span class='ocrx_word' id='word_1_543' title='bbox 274 4517 583 4584; x_wconf 78' lang='lat' dir='ltr'><strong>Ecclesium,</strong></span> <span class='ocrx_word' id='word_1_544' title='bbox 631 4517 715 4573; x_wconf 91' lang='lat' dir='ltr'><strong>cui</strong></span> <span class='ocrx_word' id='word_1_545' title='bbox 764 4515 1000 4587; x_wconf 86' lang='lat' dir='ltr'><strong>praefuit,</strong></span> <span class='ocrx_word' id='word_1_546' title='bbox 1030 4530 1137 4570; x_wconf 94' lang='lat' dir='ltr'><strong>non</strong></span> <span class='ocrx_word' id='word_1_547' title='bbox 1182 4513 1515 4585; x_wconf 82' lang='lat' dir='ltr'><strong>spiritalibus</strong></span> <span class='ocrx_word' id='word_1_548' title='bbox 1548 4529 1635 4569; x_wconf 85' lang='lat' dir='ltr'><strong>so—</strong></span> 
     </span>
    </p>
   </div>
   <div class='ocr_carea' id='block_1_78' title="bbox 1755 3332 3339 3406">
    <p class='ocr_par' dir='ltr' id='par_1_78' title="bbox 1755 3332 3339 3406">
     <span class='ocr_line' id='line_1_78' title="bbox 1755 3332 3339 3406; baseline -0.001 -18"><span class='ocrx_word' id='word_1_549' title='bbox 1755 3332 2148 3390; x_wconf 87' lang='lat' dir='ltr'><strong>Vuarchiacum</strong></span> <span class='ocrx_word' id='word_1_550' title='bbox 2189 3335 2244 3389; x_wconf 93' lang='lat' dir='ltr'><strong>in</strong></span> <span class='ocrx_word' id='word_1_551' title='bbox 2287 3350 2426 3406; x_wconf 87' lang='lat' dir='ltr'><strong>pago</strong></span> <span class='ocrx_word' id='word_1_552' title='bbox 2471 3334 2741 3391; x_wconf 90' lang='lat' dir='ltr'><strong>Senonico</strong></span> <span class='ocrx_word' id='word_1_553' title='bbox 2768 3349 2891 3390; x_wconf 91' lang='lat' dir='ltr'><strong>cum</strong></span> <span class='ocrx_word' id='word_1_554' title='bbox 2926 3334 3195 3389; x_wconf 88' lang='lat' dir='ltr'><strong>universis</strong></span> <span class='ocrx_word' id='word_1_555' title='bbox 3246 3349 3339 3404; x_wconf 88' lang='lat' dir='ltr'><strong>ap-</strong></span> 
     </span>
    </p>
   </div>
   <div class='ocr_carea' id='block_1_79' title="bbox 1748 3423 3340 3499">
    <p class='ocr_par' dir='ltr' id='par_1_79' title="bbox 1748 3423 3340 3499">
     <span class='ocr_line' id='line_1_79' title="bbox 1748 3423 3340 3499; baseline -0.001 -19"><span class='ocrx_word' id='word_1_556' title='bbox 1748 3426 2011 3497; x_wconf 87' lang='lat' dir='ltr'><strong>pendiciis</strong></span> <span class='ocrx_word' id='word_1_557' title='bbox 2042 3426 2174 3493; x_wconf 90' lang='lat' dir='ltr'><strong>suis,</strong></span> <span class='ocrx_word' id='word_1_558' title='bbox 2227 3426 2283 3481; x_wconf 92' lang='lat' dir='ltr'><strong>in</strong></span> <span class='ocrx_word' id='word_1_559' title='bbox 2328 3442 2466 3499; x_wconf 89' lang='lat' dir='ltr'><strong>pago</strong></span> <span class='ocrx_word' id='word_1_560' title='bbox 2499 3442 2714 3498; x_wconf 89' lang='lat' dir='ltr'><strong>quoque</strong></span> <span class='ocrx_word' id='word_1_561' title='bbox 2733 3425 3189 3482; x_wconf 83' lang='lat' dir='ltr'><strong>Autissiodurensi</strong></span> <span class='ocrx_word' id='word_1_562' title='bbox 3213 3423 3340 3480; x_wconf 82' lang='lat' dir='ltr'><strong>Gor-</strong></span> 
     </span>
    </p>
   </div>
   <div class='ocr_carea' id='block_1_80' title="bbox 1747 3513 3337 3586">
    <p class='ocr_par' dir='ltr' id='par_1_80' title="bbox 1747 3513 3337 3586">
     <span class='ocr_line' id='line_1_80' title="bbox 1747 3513 3337 3586; baseline 0 -18"><span class='ocrx_word' id='word_1_563' title='bbox 1747 3514 1940 3571; x_wconf 87' lang='lat' dir='ltr'><strong>vallem</strong></span> <span class='ocrx_word' id='word_1_564' title='bbox 1962 3529 2083 3571; x_wconf 91' lang='lat' dir='ltr'><strong>cum</strong></span> <span class='ocrx_word' id='word_1_565' title='bbox 2111 3517 2446 3586; x_wconf 84' lang='lat' dir='ltr'><strong>appendiciis</strong></span> <span class='ocrx_word' id='word_1_566' title='bbox 2485 3517 2619 3582; x_wconf 91' lang='lat' dir='ltr'><strong>suis,</strong></span> <span class='ocrx_word' id='word_1_567' title='bbox 2659 3531 2760 3571; x_wconf 92' lang='lat' dir='ltr'><strong>nec</strong></span> <span class='ocrx_word' id='word_1_568' title='bbox 2788 3531 2896 3571; x_wconf 90' lang='lat' dir='ltr'><strong>non</strong></span> <span class='ocrx_word' id='word_1_569' title='bbox 2939 3523 2993 3571; x_wconf 89' lang='lat' dir='ltr'><strong>et</strong></span> <span class='ocrx_word' id='word_1_570' title='bbox 3015 3515 3231 3572; x_wconf 91' lang='lat' dir='ltr'><strong>moliuis</strong></span> <span class='ocrx_word' id='word_1_571' title='bbox 3259 3513 3337 3569; x_wconf 83' lang='lat' dir='ltr'><strong>si-</strong></span> 
     </span>
    </p>
   </div>
   <div class='ocr_carea' id='block_1_81' title="bbox 1747 3604 3336 3676">
    <p class='ocr_par' dir='ltr' id='par_1_81' title="bbox 1747 3604 3336 3676">
     <span class='ocr_line' id='line_1_81' title="bbox 1747 3604 3336 3676; baseline -0.001 -17"><span class='ocrx_word' id='word_1_572' title='bbox 1747 3604 1950 3660; x_wconf 88' lang='lat' dir='ltr'><strong>militer</strong></span> <span class='ocrx_word' id='word_1_573' title='bbox 1971 3620 2095 3660; x_wconf 80' lang='lat' dir='ltr'><strong>cum</strong></span> <span class='ocrx_word' id='word_1_574' title='bbox 2120 3605 2457 3675; x_wconf 90' lang='lat' dir='ltr'><strong>appendiciis</strong></span> <span class='ocrx_word' id='word_1_575' title='bbox 2485 3605 2617 3660; x_wconf 91' lang='lat' dir='ltr'><strong>suis.</strong></span> <span class='ocrx_word' id='word_1_576' title='bbox 2649 3605 2705 3659; x_wconf 87' lang='grc' dir='ltr'><strong>ιη</strong></span> <span class='ocrx_word' id='word_1_577' title='bbox 2736 3620 2844 3676; x_wconf 92' lang='lat' dir='ltr'><strong>quo</strong></span> <span class='ocrx_word' id='word_1_578' title='bbox 2889 3606 3053 3660; x_wconf 91' lang='lat' dir='ltr'><strong>etiam</strong></span> <span class='ocrx_word' id='word_1_579' title='bbox 3093 3604 3336 3660; x_wconf 83' lang='lat' dir='ltr'><strong>oratorio</strong></span> 
     </span>
    </p>
   </div>
   <div class='ocr_carea' id='block_1_82' title="bbox 1747 3694 3337 3765">
    <p class='ocr_par' dir='ltr' id='par_1_82' title="bbox 1747 3694 3337 3765">
     <span class='ocr_line' id='line_1_82' title="bbox 1747 3694 3337 3765; baseline -0.002 -14"><span class='ocrx_word' id='word_1_580' title='bbox 1747 3704 1993 3751; x_wconf 87' lang='lat' dir='ltr'><strong>sanctum</strong></span> <span class='ocrx_word' id='word_1_581' title='bbox 2044 3694 2403 3751; x_wconf 88' lang='lat' dir='ltr'><strong>Saturninum</strong></span> <span class='ocrx_word' id='word_1_582' title='bbox 2447 3696 2570 3751; x_wconf 71' lang='lat' dir='ltr'><strong>vita:</strong></span> <span class='ocrx_word' id='word_1_583' title='bbox 2598 3696 3041 3765; x_wconf 89' lang='lat' dir='ltr'><strong>probatissimum</strong></span> <span class='ocrx_word' id='word_1_584' title='bbox 3071 3710 3337 3765; x_wconf 89' lang='lat' dir='ltr'><strong>suumque</strong></span> 
     </span>
    </p>
   </div>
   <div class='ocr_carea' id='block_1_83' title="bbox 1745 3785 3336 3856">
    <p class='ocr_par' dir='ltr' id='par_1_83' title="bbox 1745 3785 3336 3856">
     <span class='ocr_line' id='line_1_83' title="bbox 1745 3785 3336 3856; baseline 0.001 -16"><span class='ocrx_word' id='word_1_585' title='bbox 1745 3785 2066 3855; x_wconf 88' lang='lat' dir='ltr'><strong>discipulum</strong></span> <span class='ocrx_word' id='word_1_586' title='bbox 2109 3786 2381 3840; x_wconf 87' lang='lat' dir='ltr'><strong>ordinavit</strong></span> <span class='ocrx_word' id='word_1_587' title='bbox 2418 3787 2814 3856; x_wconf 81' lang='lat' dir='ltr'><strong>presbyterum,</strong></span> <span class='ocrx_word' id='word_1_588' title='bbox 2871 3795 2932 3842; x_wconf 90' lang='lat' dir='ltr'><strong>ut</strong></span> <span class='ocrx_word' id='word_1_589' title='bbox 2983 3788 3085 3843; x_wconf 90' lang='lat' dir='ltr'><strong>sub</strong></span> <span class='ocrx_word' id='word_1_590' title='bbox 3121 3787 3336 3856; x_wconf 86' lang='lat' dir='ltr'><strong>profes-</strong></span> 
     </span>
    </p>
   </div>
   <div class='ocr_carea' id='block_1_84' title="bbox 1745 3875 3332 3945">
    <p class='ocr_par' dir='ltr' id='par_1_84' title="bbox 1745 3875 3332 3945">
     <span class='ocr_line' id='line_1_84' title="bbox 1745 3875 3332 3945; baseline 0.003 -13"><span class='ocrx_word' id='word_1_591' title='bbox 1745 3877 1898 3933; x_wconf 89' lang='lat' dir='ltr'><strong>sione</strong></span> <span class='ocrx_word' id='word_1_592' title='bbox 1925 3876 2278 3932; x_wconf 88' lang='lat' dir='ltr'><strong>sacerdotalis</strong></span> <span class='ocrx_word' id='word_1_593' title='bbox 2321 3876 2460 3930; x_wconf 89' lang='lat' dir='ltr'><strong>tituli</strong></span> <span class='ocrx_word' id='word_1_594' title='bbox 2512 3885 2814 3945; x_wconf 82' lang='lat' dir='ltr'><strong>martyrum</strong></span> <span class='ocrx_word' id='word_1_595' title='bbox 2862 3875 2996 3931; x_wconf 91' lang='lat' dir='ltr'><strong>inibi</strong></span> <span class='ocrx_word' id='word_1_596' title='bbox 3050 3877 3332 3936; x_wconf 85' lang='lat' dir='ltr'><strong>memoriis</strong></span> 
     </span>
    </p>
   </div>
   <div class='ocr_carea' id='block_1_85' title="bbox 1743 3966 3331 4043">
    <p class='ocr_par' dir='ltr' id='par_1_85' title="bbox 1743 3966 3331 4043">
     <span class='ocr_line' id='line_1_85' title="bbox 1743 3966 3331 4043; baseline 0.001 -19"><span class='ocrx_word' id='word_1_597' title='bbox 1743 3969 2063 4024; x_wconf 88' lang='lat' dir='ltr'><strong>deserviret.</strong></span> <span class='ocrx_word' id='word_1_598' title='bbox 2091 3967 2244 4024; x_wconf 87' lang='lat' dir='ltr'><strong>Fecit</strong></span> <span class='ocrx_word' id='word_1_599' title='bbox 2280 3977 2336 4023; x_wconf 92' lang='lat' dir='ltr'><strong>et</strong></span> <span class='ocrx_word' id='word_1_600' title='bbox 2368 3966 2651 4023; x_wconf 86' lang='lat' dir='ltr'><strong>basilicam</strong></span> <span class='ocrx_word' id='word_1_601' title='bbox 2690 3967 2864 4022; x_wconf 85' lang='lat' dir='ltr'><strong>sancti</strong></span> <span class='ocrx_word' id='word_1_602' title='bbox 2898 3966 3095 4023; x_wconf 86' lang='lat' dir='ltr'><strong>Albani</strong></span> <span class='ocrx_word' id='word_1_603' title='bbox 3126 3982 3331 4043; x_wconf 79' lang='lat' dir='ltr'><strong>marty-</strong></span> 
     </span>
    </p>
   </div>
   <div class='ocr_carea' id='block_1_86' title="bbox 1743 4058 3330 4132">
    <p class='ocr_par' dir='ltr' id='par_1_86' title="bbox 1743 4058 3330 4132">
     <span class='ocr_line' id='line_1_86' title="bbox 1743 4058 3330 4132; baseline 0.002 -17"><span class='ocrx_word' id='word_1_604' title='bbox 1743 4060 1818 4115; x_wconf 89' lang='lat' dir='ltr'><strong>ris</strong></span> <span class='ocrx_word' id='word_1_605' title='bbox 1843 4059 1983 4114; x_wconf 88' lang='lat' dir='ltr'><strong>infra</strong></span> <span class='ocrx_word' id='word_1_606' title='bbox 2012 4075 2198 4115; x_wconf 91' lang='lat' dir='ltr'><strong>muros</strong></span> <span class='ocrx_word' id='word_1_607' title='bbox 2232 4060 2402 4129; x_wconf 89' lang='lat' dir='ltr'><strong>ipsius</strong></span> <span class='ocrx_word' id='word_1_608' title='bbox 2440 4058 2611 4122; x_wconf 89' lang='lat' dir='ltr'><strong>urbis,</strong></span> <span class='ocrx_word' id='word_1_609' title='bbox 2650 4073 2815 4128; x_wconf 91' lang='lat' dir='ltr'><strong>quam</strong></span> <span class='ocrx_word' id='word_1_610' title='bbox 2857 4059 2914 4113; x_wconf 92' lang='lat' dir='ltr'><strong>in</strong></span> <span class='ocrx_word' id='word_1_611' title='bbox 2943 4059 3152 4117; x_wconf 89' lang='lat' dir='ltr'><strong>honore</strong></span> <span class='ocrx_word' id='word_1_612' title='bbox 3182 4061 3330 4132; x_wconf 88' lang='lat' dir='ltr'><strong>ejus-</strong></span> 
     </span>
    </p>
   </div>
   <div class='ocr_carea' id='block_1_87' title="bbox 1742 4148 3330 4221">
    <p class='ocr_par' dir='ltr' id='par_1_87' title="bbox 1742 4148 3330 4221">
     <span class='ocr_line' id='line_1_87' title="bbox 1742 4148 3330 4221; baseline 0.001 -15"><span class='ocrx_word' id='word_1_613' title='bbox 1742 4150 1865 4206; x_wconf 89' lang='lat' dir='ltr'><strong>dem</strong></span> <span class='ocrx_word' id='word_1_614' title='bbox 1896 4150 2155 4220; x_wconf 87' lang='lat' dir='ltr'><strong>martyris</strong></span> <span class='ocrx_word' id='word_1_615' title='bbox 2204 4149 2492 4214; x_wconf 86' lang='lat' dir='ltr'><strong>dedicavit,</strong></span> <span class='ocrx_word' id='word_1_616' title='bbox 2553 4148 2920 4218; x_wconf 88' lang='lat' dir='ltr'><strong>reliquiasque</strong></span> <span class='ocrx_word' id='word_1_617' title='bbox 2970 4149 3141 4220; x_wconf 90' lang='lat' dir='ltr'><strong>ipsius</strong></span> <span class='ocrx_word' id='word_1_618' title='bbox 3194 4167 3330 4221; x_wconf 85' lang='lat' dir='ltr'><strong>quas</strong></span> 
     </span>
    </p>
   </div>
   <div class='ocr_carea' id='block_1_88' title="bbox 1741 4238 3329 4305">
    <p class='ocr_par' dir='ltr' id='par_1_88' title="bbox 1741 4238 3329 4305">
     <span class='ocr_line' id='line_1_88' title="bbox 1741 4238 3329 4305; baseline 0 -10"><span class='ocrx_word' id='word_1_619' title='bbox 1741 4255 1923 4295; x_wconf 90' lang='lat' dir='ltr'><strong>secum</strong></span> <span class='ocrx_word' id='word_1_620' title='bbox 1952 4255 1981 4295; x_wconf 92' lang='lat' dir='ltr'><strong>a</strong></span> <span class='ocrx_word' id='word_1_621' title='bbox 2005 4239 2299 4294; x_wconf 91' lang='lat' dir='ltr'><strong>Britanniis</strong></span> <span class='ocrx_word' id='word_1_622' title='bbox 2325 4238 2607 4305; x_wconf 87' lang='lat' dir='ltr'><strong>detulerat,</strong></span> <span class='ocrx_word' id='word_1_623' title='bbox 2636 4238 2833 4293; x_wconf 89' lang='lat' dir='ltr'><strong>ibidem</strong></span> <span class='ocrx_word' id='word_1_624' title='bbox 2858 4238 3153 4296; x_wconf 79' lang='lat' dir='ltr'><strong>honoriﬁce</strong></span> <span class='ocrx_word' id='word_1_625' title='bbox 3178 4254 3329 4297; x_wconf 86' lang='lat' dir='ltr'><strong>com-</strong></span> 
     </span>
    </p>
   </div>
   <div class='ocr_carea' id='block_1_89' title="bbox 1738 4329 3327 4401">
    <p class='ocr_par' dir='ltr' id='par_1_89' title="bbox 1738 4329 3327 4401">
     <span class='ocr_line' id='line_1_89' title="bbox 1738 4329 3327 4401; baseline 0.001 -16"><span class='ocrx_word' id='word_1_626' title='bbox 1738 4331 1937 4401; x_wconf 91' lang='lat' dir='ltr'><strong>posuit.</strong></span> <span class='ocrx_word' id='word_1_627' title='bbox 1999 4330 2142 4397; x_wconf 85' lang='lat' dir='ltr'><strong>Quot</strong></span> <span class='ocrx_word' id='word_1_628' title='bbox 2195 4344 2329 4385; x_wconf 88' lang='lat' dir='ltr'><strong>sane</strong></span> <span class='ocrx_word' id='word_1_629' title='bbox 2378 4329 2767 4386; x_wconf 86' lang='lat' dir='ltr'><strong>venerabilium</strong></span> <span class='ocrx_word' id='word_1_630' title='bbox 2817 4339 3119 4401; x_wconf 83' lang='lat' dir='ltr'><strong>martyrum</strong></span> <span class='ocrx_word' id='word_1_631' title='bbox 3169 4331 3327 4387; x_wconf 86' lang='lat' dir='ltr'><strong>busta</strong></span> 
     </span>
    </p>
   </div>
   <div class='ocr_carea' id='block_1_90' title="bbox 1737 4421 3327 4494">
    <p class='ocr_par' dir='ltr' id='par_1_90' title="bbox 1737 4421 3327 4494">
     <span class='ocr_line' id='line_1_90' title="bbox 1737 4421 3327 4494; baseline -0.001 -15"><span class='ocrx_word' id='word_1_632' title='bbox 1737 4422 2087 4493; x_wconf 75' lang='lat' dir='ltr'><strong>pontificatus</strong></span> <span class='ocrx_word' id='word_1_633' title='bbox 2111 4424 2230 4494; x_wconf 89' lang='lat' dir='ltr'><strong>ejus</strong></span> <span class='ocrx_word' id='word_1_634' title='bbox 2262 4423 2603 4492; x_wconf 53' lang='lat' dir='ltr'><strong>tempore&#39;ab</strong></span> <span class='ocrx_word' id='word_1_635' title='bbox 2637 4421 2827 4477; x_wconf 89' lang='lat' dir='ltr'><strong>eodem</strong></span> <span class='ocrx_word' id='word_1_636' title='bbox 2855 4422 3170 4480; x_wconf 89' lang='lat' dir='ltr'><strong>beatissimo</strong></span> <span class='ocrx_word' id='word_1_637' title='bbox 3193 4439 3327 4492; x_wconf 86' lang='lat' dir='ltr'><strong>pon-</strong></span> 
     </span>
    </p>
   </div>
   <div class='ocr_carea' id='block_1_91' title="bbox 1741 4503 3323 4582">
    <p class='ocr_par' dir='ltr' id='par_1_91' title="bbox 1741 4503 3323 4582">
     <span class='ocr_line' id='line_1_91' title="bbox 1741 4503 3323 4582; baseline -0.001 -15"><span class='ocrx_word' id='word_1_638' title='bbox 1741 4515 1884 4568; x_wconf 81' lang='lat' dir='ltr'><strong>tifice</strong></span> <span class='ocrx_word' id='word_1_639' title='bbox 1909 4503 2188 4582; x_wconf 77' lang='lat' dir='ltr'><strong>comperta</strong></span> <span class='ocrx_word' id='word_1_640' title='bbox 2225 4512 2574 4567; x_wconf 88' lang='lat' dir='ltr'><strong>claruerunt?</strong></span> <span class='ocrx_word' id='word_1_641' title='bbox 2615 4511 2748 4578; x_wconf 81' lang='lat' dir='ltr'><strong>Quis</strong></span> <span class='ocrx_word' id='word_1_642' title='bbox 2769 4511 2892 4581; x_wconf 92' lang='lat' dir='ltr'><strong>jure</strong></span> <span class='ocrx_word' id='word_1_643' title='bbox 2943 4511 3323 4581; x_wconf 84' lang='lat' dir='ltr'><strong>excipiendum</strong></span> 
     </span>
    </p>
   </div>
   <div class='ocr_carea' id='block_1_92' title="bbox 110 4595 3322 4676">
    <p class='ocr_par' dir='ltr' id='par_1_92' title="bbox 110 4595 3322 4676">
     <span class='ocr_line' id='line_1_92' title="bbox 110 4595 3322 4676; baseline 0 -20"><span class='ocrx_word' id='word_1_644' title='bbox 110 4597 559 4674; x_wconf 26' lang='lat' dir='ltr'><strong>lummodo,‘verum</strong></span> <span class='ocrx_word' id='word_1_645' title='bbox 581 4613 635 4662; x_wconf 88' lang='lat' dir='ltr'><strong>et</strong></span> <span class='ocrx_word' id='word_1_646' title='bbox 670 4603 1057 4676; x_wconf 87' lang='lat' dir='ltr'><strong>temporalibus</strong></span> <span class='ocrx_word' id='word_1_647' title='bbox 1080 4604 1455 4673; x_wconf 89' lang='lat' dir='ltr'><strong>copiosissime</strong></span> <span class='ocrx_word' id='word_1_648' title='bbox 1479 4612 1632 4658; x_wconf 82' lang='lat' dir='ltr'><strong>extn—</strong></span> <span class='ocrx_word' id='word_1_649' title='bbox 1660 4595 1712 4656; x_wconf 90' lang='lat' dir='ltr'><strong>D</strong></span> <span class='ocrx_word' id='word_1_650' title='bbox 1729 4603 1980 4673; x_wconf 83' lang='lat' dir='ltr'><strong>judicat?</strong></span> <span class='ocrx_word' id='word_1_651' title='bbox 2010 4602 2227 4659; x_wconf 84' lang='lat' dir='ltr'><strong>Sanctae</strong></span> <span class='ocrx_word' id='word_1_652' title='bbox 2253 4604 2419 4674; x_wconf 91' lang='lat' dir='ltr'><strong>igitur</strong></span> <span class='ocrx_word' id='word_1_653' title='bbox 2445 4603 2587 4658; x_wconf 90' lang='lat' dir='ltr'><strong>illius</strong></span> <span class='ocrx_word' id='word_1_654' title='bbox 2608 4602 3169 4673; x_wconf 84' lang='lat' dir='ltr'><strong>multitudinis,quam</strong></span> <span class='ocrx_word' id='word_1_655' title='bbox 3198 4617 3322 4658; x_wconf 90' lang='lat' dir='ltr'><strong>cum</strong></span> 
     </span>
    </p>
   </div>
   <div class='ocr_carea' id='block_1_93' title="bbox 109 4687 1636 4767">
    <p class='ocr_par' dir='ltr' id='par_1_93' title="bbox 109 4687 1636 4767">
     <span class='ocr_line' id='line_1_93' title="bbox 109 4687 1636 4767; baseline 0.005 -25"><span class='ocrx_word' id='word_1_656' title='bbox 109 4687 154 4744; x_wconf 92' lang='lat' dir='ltr'><strong>lit</strong></span> <span class='ocrx_word' id='word_1_657' title='bbox 173 4693 511 4765; x_wconf 87' lang='lat' dir='ltr'><strong>incrementis,</strong></span> <span class='ocrx_word' id='word_1_658' title='bbox 535 4696 691 4767; x_wconf 91' lang='lat' dir='ltr'><strong>cujus</strong></span> <span class='ocrx_word' id='word_1_659' title='bbox 720 4697 773 4751; x_wconf 93' lang='lat' dir='ltr'><strong>in</strong></span> <span class='ocrx_word' id='word_1_660' title='bbox 797 4694 1202 4767; x_wconf 88' lang='lat' dir='ltr'><strong>possesionibus</strong></span> <span class='ocrx_word' id='word_1_661' title='bbox 1252 4693 1484 4750; x_wconf 86' lang='lat' dir='ltr'><strong>facultas</strong></span> <span class='ocrx_word' id='word_1_662' title='bbox 1509 4702 1636 4750; x_wconf 81' lang='lat' dir='ltr'><strong>ante</strong></span> 
     </span>
    </p>
   </div>
   <div class='ocr_carea' id='block_1_94' title="bbox 110 4778 1635 4857">
    <p class='ocr_par' dir='ltr' id='par_1_94' title="bbox 110 4778 1635 4857">
     <span class='ocr_line' id='line_1_94' title="bbox 110 4778 1635 4857; baseline 0.001 -20"><span class='ocrx_word' id='word_1_663' title='bbox 110 4778 243 4848; x_wconf 73' lang='lat' dir='ltr'><strong>ipsum</strong></span> <span class='ocrx_word' id='word_1_664' title='bbox 262 4802 416 4857; x_wconf 88' lang='lat' dir='ltr'><strong>quam</strong></span> <span class='ocrx_word' id='word_1_665' title='bbox 446 4787 614 4843; x_wconf 81' lang='lat' dir='ltr'><strong>fuerit</strong></span> <span class='ocrx_word' id='word_1_666' title='bbox 640 4786 895 4857; x_wconf 80' lang='lat' dir='ltr'><strong>perexilis</strong></span> <span class='ocrx_word' id='word_1_667' title='bbox 940 4783 1101 4841; x_wconf 86' lang='lat' dir='ltr'><strong>facile</strong></span> <span class='ocrx_word' id='word_1_668' title='bbox 1133 4783 1314 4856; x_wconf 89' lang='lat' dir='ltr'><strong>colligi</strong></span> <span class='ocrx_word' id='word_1_669' title='bbox 1361 4791 1558 4854; x_wconf 88' lang='lat' dir='ltr'><strong>potest,</strong></span> <span class='ocrx_word' id='word_1_670' title='bbox 1586 4783 1635 4839; x_wconf 94' lang='lat' dir='ltr'><strong>si</strong></span> 
     </span>
    </p>
   </div>
   <div class='ocr_carea' id='block_1_95' title="bbox 110 4874 1638 4951">
    <p class='ocr_par' dir='ltr' id='par_1_95' title="bbox 110 4874 1638 4951">
     <span class='ocr_line' id='line_1_95' title="bbox 110 4874 1638 4951; baseline 0.005 -27"><span class='ocrx_word' id='word_1_671' title='bbox 110 4874 311 4939; x_wconf 76' lang='lat' dir='ltr'><strong>qualibus</strong></span> <span class='ocrx_word' id='word_1_672' title='bbox 344 4895 464 4936; x_wconf 90' lang='lat' dir='ltr'><strong>eam</strong></span> <span class='ocrx_word' id='word_1_673' title='bbox 494 4878 665 4951; x_wconf 91' lang='lat' dir='ltr'><strong>copiis</strong></span> <span class='ocrx_word' id='word_1_674' title='bbox 692 4885 909 4934; x_wconf 89' lang='lat' dir='ltr'><strong>auctam</strong></span> <span class='ocrx_word' id='word_1_675' title='bbox 956 4877 1177 4948; x_wconf 88' lang='lat' dir='ltr'><strong>reliquit</strong></span> <span class='ocrx_word' id='word_1_676' title='bbox 1212 4885 1267 4931; x_wconf 92' lang='lat' dir='ltr'><strong>et</strong></span> <span class='ocrx_word' id='word_1_677' title='bbox 1288 4877 1443 4946; x_wconf 88' lang='lat' dir='ltr'><strong>queis</strong></span> <span class='ocrx_word' id='word_1_678' title='bbox 1472 4876 1638 4931; x_wconf 91' lang='lat' dir='ltr'><strong>ratio-</strong></span> 
     </span>
    </p>
   </div>
   <div class='ocr_carea' id='block_1_96' title="bbox 109 4963 1670 5042">
    <p class='ocr_par' dir='ltr' id='par_1_96' title="bbox 109 4963 1670 5042">
     <span class='ocr_line' id='line_1_96' title="bbox 109 4963 1670 5042; baseline 0.001 -21"><span class='ocrx_word' id='word_1_679' title='bbox 109 4963 232 5023; x_wconf 82' lang='lat' dir='ltr'><strong>nibus</strong></span> <span class='ocrx_word' id='word_1_680' title='bbox 252 4969 591 5042; x_wconf 88' lang='lat' dir='ltr'><strong>inspectetur.</strong></span> <span class='ocrx_word' id='word_1_681' title='bbox 627 4970 764 5027; x_wconf 86' lang='lat' dir='ltr'><strong>Nam</strong></span> <span class='ocrx_word' id='word_1_682' title='bbox 813 4978 1073 5042; x_wconf 90' lang='lat' dir='ltr'><strong>quantum</strong></span> <span class='ocrx_word' id='word_1_683' title='bbox 1105 4969 1172 5024; x_wconf 81' lang='lat' dir='ltr'><strong>ad</strong></span> <span class='ocrx_word' id='word_1_684' title='bbox 1200 4968 1427 5036; x_wconf 87' lang='lat' dir='ltr'><strong>natales,</strong></span> <span class='ocrx_word' id='word_1_685' title='bbox 1476 4969 1632 5025; x_wconf 87' lang='lat' dir='ltr'><strong>nobi-</strong></span> <span class='ocrx_word' id='word_1_686' title='bbox 1662 5024 1670 5032; x_wconf 78' lang='grc'><strong>,</strong></span> 
     </span>
    </p>
   </div>
   <div class='ocr_carea' id='block_1_97' title="bbox 113 5050 1629 5131">
    <p class='ocr_par' dir='ltr' id='par_1_97' title="bbox 113 5050 1629 5131">
     <span class='ocr_line' id='line_1_97' title="bbox 113 5050 1629 5131; baseline 0.001 -19"><span class='ocrx_word' id='word_1_687' title='bbox 113 5050 298 5115; x_wconf 82' lang='lat' dir='ltr'><strong>lissimus</strong></span> <span class='ocrx_word' id='word_1_688' title='bbox 335 5060 436 5117; x_wconf 92' lang='lat' dir='ltr'><strong>fuit</strong></span> <span class='ocrx_word' id='word_1_689' title='bbox 482 5061 785 5127; x_wconf 87' lang='lat' dir='ltr'><strong>nobilium;</strong></span> <span class='ocrx_word' id='word_1_690' title='bbox 818 5069 1080 5131; x_wconf 87' lang='lat' dir='ltr'><strong>quantum</strong></span> <span class='ocrx_word' id='word_1_691' title='bbox 1131 5060 1198 5114; x_wconf 90' lang='lat' dir='ltr'><strong>ad</strong></span> <span class='ocrx_word' id='word_1_692' title='bbox 1239 5059 1539 5124; x_wconf 89' lang='lat' dir='ltr'><strong>fortunam,</strong></span> <span class='ocrx_word' id='word_1_693' title='bbox 1569 5058 1629 5114; x_wconf 91' lang='lat' dir='ltr'><strong>in</strong></span> 
     </span>
    </p>
   </div>
   <div class='ocr_carea' id='block_1_98' title="bbox 112 5150 1625 5224">
    <p class='ocr_par' dir='ltr' id='par_1_98' title="bbox 112 5150 1625 5224">
     <span class='ocr_line' id='line_1_98' title="bbox 112 5150 1625 5224; baseline -0.006 -12"><span class='ocrx_word' id='word_1_694' title='bbox 112 5151 485 5212; x_wconf 73' lang='lat' dir='ltr'><strong>Possessionibus</strong></span> <span class='ocrx_word' id='word_1_695' title='bbox 505 5160 562 5209; x_wconf 90' lang='lat' dir='ltr'><strong>et</strong></span> <span class='ocrx_word' id='word_1_696' title='bbox 601 5154 821 5224; x_wconf 72' lang='lat' dir='ltr'><strong>praediis</strong></span> <span class='ocrx_word' id='word_1_697' title='bbox 848 5152 1237 5209; x_wconf 89' lang='lat' dir='ltr'><strong>ditissimorum</strong></span> <span class='ocrx_word' id='word_1_698' title='bbox 1277 5150 1580 5207; x_wconf 91' lang='lat' dir='ltr'><strong>ditissimus</strong></span> <span class='ocrx_word' id='word_1_699' title='bbox 1611 5167 1625 5203; x_wconf 86' lang='lat'><strong>:</strong></span> 
     </span>
    </p>
   </div>
   <div class='ocr_carea' id='block_1_99' title="bbox 113 5239 1627 5315">
    <p class='ocr_par' dir='ltr' id='par_1_99' title="bbox 113 5239 1627 5315">
     <span class='ocr_line' id='line_1_99' title="bbox 113 5239 1627 5315; baseline 0.001 -23"><span class='ocrx_word' id='word_1_700' title='bbox 113 5239 305 5296; x_wconf 83' lang='lat' dir='ltr'><strong>omnium</strong></span> <span class='ocrx_word' id='word_1_701' title='bbox 325 5258 439 5313; x_wconf 66' lang='lat' dir='ltr'><strong>quae</strong></span> <span class='ocrx_word' id='word_1_702' title='bbox 456 5245 506 5299; x_wconf 90' lang='lat' dir='ltr'><strong>ei</strong></span> <span class='ocrx_word' id='word_1_703' title='bbox 534 5258 602 5300; x_wconf 87' lang='lat' dir='ltr'><strong>ex</strong></span> <span class='ocrx_word' id='word_1_704' title='bbox 636 5243 759 5315; x_wconf 88' lang='lat' dir='ltr'><strong>jure</strong></span> <span class='ocrx_word' id='word_1_705' title='bbox 799 5252 1027 5314; x_wconf 88' lang='lat' dir='ltr'><strong>paterno</strong></span> <span class='ocrx_word' id='word_1_706' title='bbox 1061 5249 1362 5307; x_wconf 88' lang='lat' dir='ltr'><strong>cesserunt,</strong></span> <span class='ocrx_word' id='word_1_707' title='bbox 1413 5240 1468 5295; x_wconf 91' lang='lat' dir='ltr'><strong>in</strong></span> <span class='ocrx_word' id='word_1_708' title='bbox 1516 5240 1627 5294; x_wconf 85' lang='lat' dir='ltr'><strong>vita</strong></span> 
     </span>
    </p>
   </div>
   <div class='ocr_carea' id='block_1_100' title="bbox 114 5331 1631 5404">
    <p class='ocr_par' dir='ltr' id='par_1_100' title="bbox 114 5331 1631 5404">
     <span class='ocr_line' id='line_1_100' title="bbox 114 5331 1631 5404; baseline -0.002 -15"><span class='ocrx_word' id='word_1_709' title='bbox 114 5339 185 5383; x_wconf 65' lang='lat' dir='ltr'><strong>illa</strong></span> <span class='ocrx_word' id='word_1_710' title='bbox 223 5331 473 5392; x_wconf 66' lang='lat' dir='ltr'><strong>hatredem</strong></span> <span class='ocrx_word' id='word_1_711' title='bbox 512 5335 643 5393; x_wconf 89' lang='lat' dir='ltr'><strong>fecit</strong></span> <span class='ocrx_word' id='word_1_712' title='bbox 685 5335 1007 5401; x_wconf 85' lang='lat' dir='ltr'><strong>Ecclesiam,</strong></span> <span class='ocrx_word' id='word_1_713' title='bbox 1045 5349 1209 5404; x_wconf 89' lang='lat' dir='ltr'><strong>quam</strong></span> <span class='ocrx_word' id='word_1_714' title='bbox 1234 5348 1299 5388; x_wconf 86' lang='lat' dir='ltr'><strong>ex</strong></span> <span class='ocrx_word' id='word_1_715' title='bbox 1331 5340 1486 5404; x_wconf 90' lang='lat' dir='ltr'><strong>parte</strong></span> <span class='ocrx_word' id='word_1_716' title='bbox 1513 5346 1631 5386; x_wconf 83' lang='lat' dir='ltr'><strong>ma-</strong></span> 
     </span>
    </p>
   </div>
   <div class='ocr_carea' id='block_1_101' title="bbox 113 5419 1629 5496">
    <p class='ocr_par' dir='ltr' id='par_1_101' title="bbox 113 5419 1629 5496">
     <span class='ocr_line' id='line_1_101' title="bbox 113 5419 1629 5496; baseline 0.005 -26"><span class='ocrx_word' id='word_1_717' title='bbox 113 5419 224 5476; x_wconf 72' lang='lat' dir='ltr'><strong>rima</strong></span> <span class='ocrx_word' id='word_1_718' title='bbox 238 5428 562 5495; x_wconf 86' lang='lat' dir='ltr'><strong>patrimoniis</strong></span> <span class='ocrx_word' id='word_1_719' title='bbox 588 5439 839 5483; x_wconf 89' lang='lat' dir='ltr'><strong>constare</strong></span> <span class='ocrx_word' id='word_1_720' title='bbox 874 5426 1033 5482; x_wconf 91' lang='lat' dir='ltr'><strong>hodie</strong></span> <span class='ocrx_word' id='word_1_721' title='bbox 1057 5425 1451 5496; x_wconf 88' lang='lat' dir='ltr'><strong>cognoscimus.</strong></span> <span class='ocrx_word' id='word_1_722' title='bbox 1490 5422 1629 5478; x_wconf 92' lang='lat' dir='ltr'><strong>Sunt</strong></span> 
     </span>
    </p>
   </div>
   <div class='ocr_carea' id='block_1_102' title="bbox 113 5512 1629 5588">
    <p class='ocr_par' dir='ltr' id='par_1_102' title="bbox 113 5512 1629 5588">
     <span class='ocr_line' id='line_1_102' title="bbox 113 5512 1629 5588; baseline 0.004 -27"><span class='ocrx_word' id='word_1_723' title='bbox 113 5517 252 5566; x_wconf 76' lang='lat' dir='ltr'><strong>autem</strong></span> <span class='ocrx_word' id='word_1_724' title='bbox 289 5518 479 5586; x_wconf 68' lang='lat' dir='ltr'><strong>praedia</strong></span> <span class='ocrx_word' id='word_1_725' title='bbox 534 5518 649 5573; x_wconf 66' lang='lat' dir='ltr'><strong>haec</strong></span> <span class='ocrx_word' id='word_1_726' title='bbox 704 5530 933 5573; x_wconf 87' lang='lat' dir='ltr'><strong>numero</strong></span> <span class='ocrx_word' id='word_1_727' title='bbox 984 5514 1270 5588; x_wconf 87' lang='lat' dir='ltr'><strong>perplura,</strong></span> <span class='ocrx_word' id='word_1_728' title='bbox 1326 5512 1629 5584; x_wconf 90' lang='lat' dir='ltr'><strong>quantitate</strong></span> 
     </span>
    </p>
   </div>
   <div class='ocr_carea' id='block_1_103' title="bbox 114 5600 1632 5681">
    <p class='ocr_par' dir='ltr' id='par_1_103' title="bbox 114 5600 1632 5681">
     <span class='ocr_line' id='line_1_103' title="bbox 114 5600 1632 5681; baseline -0.002 -22"><span class='ocrx_word' id='word_1_729' title='bbox 114 5603 528 5673; x_wconf 73' lang='lat' dir='ltr'><strong>maxima,ﬁnibus</strong></span> <span class='ocrx_word' id='word_1_730' title='bbox 552 5609 811 5681; x_wconf 87' lang='lat' dir='ltr'><strong>spatiosa,</strong></span> <span class='ocrx_word' id='word_1_731' title='bbox 844 5600 1054 5677; x_wconf 78' lang='lat' dir='ltr'><strong>sibique</strong></span> <span class='ocrx_word' id='word_1_732' title='bbox 1103 5606 1462 5670; x_wconf 81' lang='lat' dir='ltr'><strong>contermina,</strong></span> <span class='ocrx_word' id='word_1_733' title='bbox 1492 5603 1632 5657; x_wconf 82' lang='lat' dir='ltr'><strong>situs</strong></span> 
     </span>
    </p>
   </div>
   <div class='ocr_carea' id='block_1_104' title="bbox 115 5688 1627 5769">
    <p class='ocr_par' dir='ltr' id='par_1_104' title="bbox 115 5688 1627 5769">
     <span class='ocr_line' id='line_1_104' title="bbox 115 5688 1627 5769; baseline 0.005 -29"><span class='ocrx_word' id='word_1_734' title='bbox 115 5688 324 5752; x_wconf 83' lang='lat' dir='ltr'><strong>qualitate</strong></span> <span class='ocrx_word' id='word_1_735' title='bbox 331 5700 737 5769; x_wconf 80' lang='lat' dir='ltr'><strong>iucundissima,</strong></span> <span class='ocrx_word' id='word_1_736' title='bbox 764 5700 1032 5756; x_wconf 88' lang='lat' dir='ltr'><strong>redditum</strong></span> <span class='ocrx_word' id='word_1_737' title='bbox 1056 5698 1306 5754; x_wconf 88' lang='lat' dir='ltr'><strong>ubertate</strong></span> <span class='ocrx_word' id='word_1_738' title='bbox 1333 5696 1627 5768; x_wconf 62' lang='lat' dir='ltr'><strong>praeclara:</strong></span> 
     </span>
    </p>
   </div>
   <div class='ocr_carea' id='block_1_105' title="bbox 110 5775 1630 5869">
    <p class='ocr_par' dir='ltr' id='par_1_105' title="bbox 110 5775 1630 5869">
     <span class='ocr_line' id='line_1_105' title="bbox 110 5775 1630 5869; baseline 0.001 -30"><span class='ocrx_word' id='word_1_739' title='bbox 110 5775 333 5845; x_wconf 65' lang='lat' dir='ltr'><strong>horumjn</strong></span> <span class='ocrx_word' id='word_1_740' title='bbox 353 5807 452 5851; x_wconf 91' lang='lat' dir='ltr'><strong>uno</strong></span> <span class='ocrx_word' id='word_1_741' title='bbox 477 5775 584 5865; x_wconf 80' lang='lat' dir='ltr'><strong>(cui</strong></span> <span class='ocrx_word' id='word_1_742' title='bbox 617 5792 955 5869; x_wconf 85' lang='lat' dir='ltr'><strong>Epponiacus</strong></span> <span class='ocrx_word' id='word_1_743' title='bbox 983 5805 1052 5847; x_wconf 88' lang='lat' dir='ltr'><strong>ex</strong></span> <span class='ocrx_word' id='word_1_744' title='bbox 1076 5797 1290 5847; x_wconf 87' lang='lat' dir='ltr'><strong>vetusto</strong></span> <span class='ocrx_word' id='word_1_745' title='bbox 1308 5802 1501 5847; x_wconf 87' lang='lat' dir='ltr'><strong>nomen</strong></span> <span class='ocrx_word' id='word_1_746' title='bbox 1527 5787 1630 5859; x_wconf 87' lang='lat' dir='ltr'><strong>est)</strong></span> 
     </span>
    </p>
   </div>
   <div class='ocr_carea' id='block_1_106' title="bbox 1737 4691 3321 4763">
    <p class='ocr_par' dir='ltr' id='par_1_106' title="bbox 1737 4691 3321 4763">
     <span class='ocr_line' id='line_1_106' title="bbox 1737 4691 3321 4763; baseline -0.003 -14"><span class='ocrx_word' id='word_1_747' title='bbox 1737 4692 1899 4749; x_wconf 90' lang='lat' dir='ltr'><strong>beato</strong></span> <span class='ocrx_word' id='word_1_748' title='bbox 1918 4692 2105 4748; x_wconf 88' lang='lat' dir='ltr'><strong>Prisco</strong></span> <span class='ocrx_word' id='word_1_749' title='bbox 2129 4693 2271 4762; x_wconf 90' lang='lat' dir='ltr'><strong>apud</strong></span> <span class='ocrx_word' id='word_1_750' title='bbox 2302 4692 2480 4749; x_wconf 90' lang='lat' dir='ltr'><strong>locum</strong></span> <span class='ocrx_word' id='word_1_751' title='bbox 2507 4691 2829 4758; x_wconf 83' lang='lat' dir='ltr'><strong>Quotiacum</strong></span> <span class='ocrx_word' id='word_1_752' title='bbox 2859 4691 3165 4747; x_wconf 67' lang='lat' dir='ltr'><strong>Aurelian-.2</strong></span> <span class='ocrx_word' id='word_1_753' title='bbox 3197 4706 3321 4763; x_wconf 89' lang='lat' dir='ltr'><strong>per-</strong></span> 
     </span>
    </p>
   </div>
   <div class='ocr_carea' id='block_1_107' title="bbox 1736 4784 3326 4848">
    <p class='ocr_par' dir='ltr' id='par_1_107' title="bbox 1736 4784 3326 4848">
     <span class='ocr_line' id='line_1_107' title="bbox 1736 4784 3326 4848; baseline -0.003 -6"><span class='ocrx_word' id='word_1_754' title='bbox 1736 4785 2034 4843; x_wconf 85' lang='lat' dir='ltr'><strong>secutionis</strong></span> <span class='ocrx_word' id='word_1_755' title='bbox 2079 4785 2373 4841; x_wconf 84' lang='lat' dir='ltr'><strong>trucidavit</strong></span> <span class='ocrx_word' id='word_1_756' title='bbox 2417 4784 2747 4848; x_wconf 87' lang='lat' dir='ltr'><strong>immanitas,</strong></span> <span class='ocrx_word' id='word_1_757' title='bbox 2795 4784 3164 4838; x_wconf 87' lang='lat' dir='ltr'><strong>sacratissima</strong></span> <span class='ocrx_word' id='word_1_758' title='bbox 3199 4797 3326 4840; x_wconf 89' lang='lat' dir='ltr'><strong>cor-</strong></span> 
     </span>
    </p>
   </div>
   <div class='ocr_carea' id='block_1_108' title="bbox 1736 4873 3321 4953">
    <p class='ocr_par' dir='ltr' id='par_1_108' title="bbox 1736 4873 3321 4953">
     <span class='ocr_line' id='line_1_108' title="bbox 1736 4873 3321 4953; baseline -0.003 -20"><span class='ocrx_word' id='word_1_759' title='bbox 1736 4894 1868 4950; x_wconf 90' lang='lat' dir='ltr'><strong>pora</strong></span> <span class='ocrx_word' id='word_1_760' title='bbox 1916 4885 2138 4948; x_wconf 89' lang='lat' dir='ltr'><strong>propter</strong></span> <span class='ocrx_word' id='word_1_761' title='bbox 2175 4875 2486 4953; x_wconf 63' lang='lat' dir='ltr'><strong>saevientem</strong></span> <span class='ocrx_word' id='word_1_762' title='bbox 2529 4873 2735 4928; x_wconf 88' lang='lat' dir='ltr'><strong>rabiem</strong></span> <span class='ocrx_word' id='word_1_763' title='bbox 2795 4873 2935 4928; x_wconf 92' lang='lat' dir='ltr'><strong>clam</strong></span> <span class='ocrx_word' id='word_1_764' title='bbox 2978 4873 3240 4929; x_wconf 85' lang='lat' dir='ltr'><strong>subducta</strong></span> <span class='ocrx_word' id='word_1_765' title='bbox 3263 4873 3321 4928; x_wconf 90' lang='lat' dir='ltr'><strong>in</strong></span> 
     </span>
    </p>
   </div>
   <div class='ocr_carea' id='block_1_109' title="bbox 1738 4961 3319 5036">
    <p class='ocr_par' dir='ltr' id='par_1_109' title="bbox 1738 4961 3319 5036">
     <span class='ocr_line' id='line_1_109' title="bbox 1738 4961 3319 5036; baseline -0.003 -13"><span class='ocrx_word' id='word_1_766' title='bbox 1738 4968 1974 5024; x_wconf 89' lang='lat' dir='ltr'><strong>cisterna</strong></span> <span class='ocrx_word' id='word_1_767' title='bbox 2021 4967 2255 5036; x_wconf 88' lang='lat' dir='ltr'><strong>quadam</strong></span> <span class='ocrx_word' id='word_1_768' title='bbox 2322 4963 2689 5019; x_wconf 86' lang='lat' dir='ltr'><strong>vetustissima</strong></span> <span class='ocrx_word' id='word_1_769' title='bbox 2748 4977 2778 5016; x_wconf 93' lang='lat' dir='ltr'><strong>a</strong></span> <span class='ocrx_word' id='word_1_770' title='bbox 2824 4961 3154 5018; x_wconf 85' lang='lat' dir='ltr'><strong>Christianis</strong></span> <span class='ocrx_word' id='word_1_771' title='bbox 3205 4962 3319 5033; x_wconf 89' lang='lat' dir='ltr'><strong>(qui</strong></span> 
     </span>
    </p>
   </div>
   <div class='ocr_carea' id='block_1_110' title="bbox 1706 5052 3315 5123">
    <p class='ocr_par' dir='ltr' id='par_1_110' title="bbox 1706 5052 3315 5123">
     <span class='ocr_line' id='line_1_110' title="bbox 1706 5052 3315 5123; baseline -0.006 -11"><span class='ocrx_word' id='word_1_772' title='bbox 1706 5062 1867 5112; x_wconf 79' lang='lat' dir='ltr'><strong>&#39;tunc</strong></span> <span class='ocrx_word' id='word_1_773' title='bbox 1911 5055 2217 5111; x_wconf 82' lang='lat' dir='ltr'><strong>existebant</strong></span> <span class='ocrx_word' id='word_1_774' title='bbox 2264 5052 2571 5123; x_wconf 89' lang='lat' dir='ltr'><strong>rarissimi)</strong></span> <span class='ocrx_word' id='word_1_775' title='bbox 2617 5052 2820 5121; x_wconf 90' lang='lat' dir='ltr'><strong>passim</strong></span> <span class='ocrx_word' id='word_1_776' title='bbox 2866 5060 3121 5122; x_wconf 87' lang='lat' dir='ltr'><strong>congesta</strong></span> <span class='ocrx_word' id='word_1_777' title='bbox 3168 5058 3315 5106; x_wconf 90' lang='lat' dir='ltr'><strong>sunt.</strong></span> 
     </span>
    </p>
   </div>
   <div class='ocr_carea' id='block_1_111' title="bbox 1736 5140 3315 5215">
    <p class='ocr_par' dir='ltr' id='par_1_111' title="bbox 1736 5140 3315 5215">
     <span class='ocr_line' id='line_1_111' title="bbox 1736 5140 3315 5215; baseline -0.006 -12"><span class='ocrx_word' id='word_1_778' title='bbox 1736 5146 1940 5203; x_wconf 82' lang='lat' dir='ltr'><strong>Horum</strong></span> <span class='ocrx_word' id='word_1_779' title='bbox 1971 5146 2231 5202; x_wconf 90' lang='lat' dir='ltr'><strong>memoria</strong></span> <span class='ocrx_word' id='word_1_780' title='bbox 2262 5145 2423 5215; x_wconf 91' lang='lat' dir='ltr'><strong>longo</strong></span> <span class='ocrx_word' id='word_1_781' title='bbox 2448 5142 2741 5198; x_wconf 90' lang='lat' dir='ltr'><strong>labentium</strong></span> <span class='ocrx_word' id='word_1_782' title='bbox 2790 5150 3088 5211; x_wconf 88' lang='lat' dir='ltr'><strong>temporum</strong></span> <span class='ocrx_word' id='word_1_783' title='bbox 3117 5140 3315 5197; x_wconf 83' lang='lat' dir='ltr'><strong>obscu-</strong></span> 
     </span>
    </p>
   </div>
   <div class='ocr_carea' id='block_1_112' title="bbox 1736 5231 3316 5307">
    <p class='ocr_par' dir='ltr' id='par_1_112' title="bbox 1736 5231 3316 5307">
     <span class='ocr_line' id='line_1_112' title="bbox 1736 5231 3316 5307; baseline -0.006 -12"><span class='ocrx_word' id='word_1_784' title='bbox 1736 5248 1857 5295; x_wconf 82' lang='lat' dir='ltr'><strong>rata</strong></span> <span class='ocrx_word' id='word_1_785' title='bbox 1886 5237 2119 5302; x_wconf 83' lang='lat' dir='ltr'><strong>deﬂuxu,</strong></span> <span class='ocrx_word' id='word_1_786' title='bbox 2157 5238 2225 5292; x_wconf 89' lang='lat' dir='ltr'><strong>ad</strong></span> <span class='ocrx_word' id='word_1_787' title='bbox 2252 5249 2462 5307; x_wconf 87' lang='lat' dir='ltr'><strong>tempus</strong></span> <span class='ocrx_word' id='word_1_788' title='bbox 2489 5250 2661 5305; x_wconf 89' lang='lat' dir='ltr'><strong>usque</strong></span> <span class='ocrx_word' id='word_1_789' title='bbox 2694 5234 2953 5289; x_wconf 86' lang='lat' dir='ltr'><strong>Germani</strong></span> <span class='ocrx_word' id='word_1_790' title='bbox 2984 5231 3316 5287; x_wconf 87' lang='lat' dir='ltr'><strong>sanctissimi</strong></span> 
     </span>
    </p>
   </div>
   <div class='ocr_carea' id='block_1_113' title="bbox 1735 5321 3316 5401">
    <p class='ocr_par' dir='ltr' id='par_1_113' title="bbox 1735 5321 3316 5401">
     <span class='ocr_line' id='line_1_113' title="bbox 1735 5321 3316 5401; baseline -0.006 -15"><span class='ocrx_word' id='word_1_791' title='bbox 1735 5330 1949 5387; x_wconf 91' lang='lat' dir='ltr'><strong>cunctis</strong></span> <span class='ocrx_word' id='word_1_792' title='bbox 1971 5330 2149 5401; x_wconf 87' lang='lat' dir='ltr'><strong>ignota</strong></span> <span class='ocrx_word' id='word_1_793' title='bbox 2199 5327 2430 5384; x_wconf 87' lang='lat' dir='ltr'><strong>delituit.</strong></span> <span class='ocrx_word' id='word_1_794' title='bbox 2479 5327 2597 5395; x_wconf 88' lang='lat' dir='ltr'><strong>Quo</strong></span> <span class='ocrx_word' id='word_1_795' title='bbox 2652 5324 2882 5396; x_wconf 62' lang='lat' dir='ltr'><strong>praesule</strong></span> <span class='ocrx_word' id='word_1_796' title='bbox 2913 5323 3056 5378; x_wconf 87' lang='lat' dir='ltr'><strong>Deus</strong></span> <span class='ocrx_word' id='word_1_797' title='bbox 3085 5323 3138 5377; x_wconf 90' lang='lat' dir='ltr'><strong>in</strong></span> <span class='ocrx_word' id='word_1_798' title='bbox 3160 5321 3316 5392; x_wconf 89' lang='lat' dir='ltr'><strong>cujus</strong></span> 
     </span>
    </p>
   </div>
   <div class='ocr_carea' id='block_1_114' title="bbox 1734 5414 3316 5492">
    <p class='ocr_par' dir='ltr' id='par_1_114' title="bbox 1734 5414 3316 5492">
     <span class='ocr_line' id='line_1_114' title="bbox 1734 5414 3316 5492; baseline -0.006 -14"><span class='ocrx_word' id='word_1_799' title='bbox 1734 5429 2027 5492; x_wconf 87' lang='lat' dir='ltr'><strong>conspectu</strong></span> <span class='ocrx_word' id='word_1_800' title='bbox 2083 5434 2304 5475; x_wconf 88' lang='lat' dir='ltr'><strong>suorum</strong></span> <span class='ocrx_word' id='word_1_801' title='bbox 2340 5433 2556 5488; x_wconf 83' lang='lat' dir='ltr'><strong>semper</strong></span> <span class='ocrx_word' id='word_1_802' title='bbox 2588 5425 2673 5473; x_wconf 86' lang='lat' dir='ltr'><strong>est</strong></span> <span class='ocrx_word' id='word_1_803' title='bbox 2717 5430 2866 5471; x_wconf 88' lang='lat' dir='ltr'><strong>mors</strong></span> <span class='ocrx_word' id='word_1_804' title='bbox 2909 5414 3150 5483; x_wconf 87' lang='lat' dir='ltr'><strong>pretiosa</strong></span> <span class='ocrx_word' id='word_1_805' title='bbox 3189 5427 3316 5468; x_wconf 69' lang='lat' dir='ltr'><strong>Sall-</strong></span> 
     </span>
    </p>
   </div>
   <div class='ocr_carea' id='block_1_115' title="bbox 1730 5505 3316 5583">
    <p class='ocr_par' dir='ltr' id='par_1_115' title="bbox 1730 5505 3316 5583">
     <span class='ocr_line' id='line_1_115' title="bbox 1730 5505 3316 5583; baseline -0.007 -11"><span class='ocrx_word' id='word_1_806' title='bbox 1730 5524 1968 5580; x_wconf 86' lang='lat' dir='ltr'><strong>ctorum,</strong></span> <span class='ocrx_word' id='word_1_807' title='bbox 2001 5514 2290 5583; x_wconf 89' lang='lat' dir='ltr'><strong>disponens</strong></span> <span class='ocrx_word' id='word_1_808' title='bbox 2318 5511 2532 5567; x_wconf 90' lang='lat' dir='ltr'><strong>illorum</strong></span> <span class='ocrx_word' id='word_1_809' title='bbox 2553 5508 2856 5581; x_wconf 86' lang='lat' dir='ltr'><strong>patrocinio</strong></span> <span class='ocrx_word' id='word_1_810' title='bbox 2889 5505 3102 5576; x_wconf 90' lang='lat' dir='ltr'><strong>populis</strong></span> <span class='ocrx_word' id='word_1_811' title='bbox 3124 5505 3316 5562; x_wconf 86' lang='lat' dir='ltr'><strong>subve-</strong></span> 
     </span>
    </p>
   </div>
   <div class='ocr_carea' id='block_1_116' title="bbox 1732 5596 3314 5670">
    <p class='ocr_par' dir='ltr' id='par_1_116' title="bbox 1732 5596 3314 5670">
     <span class='ocr_line' id='line_1_116' title="bbox 1732 5596 3314 5670; baseline -0.006 -9"><span class='ocrx_word' id='word_1_812' title='bbox 1732 5606 1871 5670; x_wconf 86' lang='lat' dir='ltr'><strong>nire,</strong></span> <span class='ocrx_word' id='word_1_813' title='bbox 1905 5603 2209 5661; x_wconf 78' lang='lat' dir='ltr'><strong>veneranda</strong></span> <span class='ocrx_word' id='word_1_814' title='bbox 2244 5618 2431 5660; x_wconf 91' lang='lat' dir='ltr'><strong>eorum</strong></span> <span class='ocrx_word' id='word_1_815' title='bbox 2477 5614 2704 5670; x_wconf 90' lang='lat' dir='ltr'><strong>corpora</strong></span> <span class='ocrx_word' id='word_1_816' title='bbox 2751 5596 3066 5663; x_wconf 86' lang='lat' dir='ltr'><strong>declaravit,</strong></span> <span class='ocrx_word' id='word_1_817' title='bbox 3097 5597 3186 5653; x_wconf 89' lang='lat' dir='ltr'><strong>ubi</strong></span> <span class='ocrx_word' id='word_1_818' title='bbox 3220 5612 3314 5653; x_wconf 72' lang='lat' dir='ltr'><strong>ec-</strong></span> 
     </span>
    </p>
   </div>
   <div class='ocr_carea' id='block_1_117' title="bbox 1732 5687 3313 5751">
    <p class='ocr_par' dir='ltr' id='par_1_117' title="bbox 1732 5687 3313 5751">
     <span class='ocr_line' id='line_1_117' title="bbox 1732 5687 3313 5751; baseline -0.006 0"><span class='ocrx_word' id='word_1_819' title='bbox 1732 5695 1954 5751; x_wconf 88' lang='lat' dir='ltr'><strong>clesiam</strong></span> <span class='ocrx_word' id='word_1_820' title='bbox 2005 5694 2293 5750; x_wconf 77' lang='lat' dir='ltr'><strong>aedificavit</strong></span> <span class='ocrx_word' id='word_1_821' title='bbox 2352 5707 2416 5748; x_wconf 90' lang='lat' dir='ltr'><strong>ac</strong></span> <span class='ocrx_word' id='word_1_822' title='bbox 2468 5689 2853 5746; x_wconf 88' lang='lat' dir='ltr'><strong>monasterium</strong></span> <span class='ocrx_word' id='word_1_823' title='bbox 2925 5687 3313 5743; x_wconf 86' lang='lat' dir='ltr'><strong>monachorum</strong></span> 
     </span>
    </p>
   </div>
   <div class='ocr_carea' id='block_1_118' title="bbox 1734 5780 3314 5852">
    <p class='ocr_par' dir='ltr' id='par_1_118' title="bbox 1734 5780 3314 5852">
     <span class='ocr_line' id='line_1_118' title="bbox 1734 5780 3314 5852; baseline -0.005 -10"><span class='ocrx_word' id='word_1_824' title='bbox 1734 5801 1856 5843; x_wconf 89' lang='lat' dir='ltr'><strong>esse</strong></span> <span class='ocrx_word' id='word_1_825' title='bbox 1899 5786 2199 5844; x_wconf 87' lang='lat' dir='ltr'><strong>constituit.</strong></span> <span class='ocrx_word' id='word_1_826' title='bbox 2250 5784 2363 5843; x_wconf 80' lang='lat' dir='ltr'><strong>Hoc</strong></span> <span class='ocrx_word' id='word_1_827' title='bbox 2419 5798 2549 5840; x_wconf 89' lang='lat' dir='ltr'><strong>vero</strong></span> <span class='ocrx_word' id='word_1_828' title='bbox 2590 5780 2983 5838; x_wconf 88' lang='lat' dir='ltr'><strong>monasterium</strong></span> <span class='ocrx_word' id='word_1_829' title='bbox 3014 5781 3314 5852; x_wconf 85' lang='lat' dir='ltr'><strong>permansit</strong></span> 
     </span>
    </p>
   </div>
  </div>
