3918 6316
559 352 663 408 227

1432 345 1722 410 APPEND.
1763 348 1855 409 AD
1894 352 2067 410 SAEC.
2107 353 2173 408 Χ.
2202 386 2269 396 -
2309 345 2533 412 OPERA
2570 358 2961 415 Asexno‘rtu.
3677 363 3760 420 ω

558 482 731 537 usque
760 466 828 522 ad
857 475 1094 537 tempora
1131 465 1330 536 quibus
1368 464 1547 520 Ilunni
1583 480 1800 520 onmem
1849 480 1986 535 pene
2015 464 2137 520 Gal-
2165 465 2216 522 A
2243 475 2448 520 storum
2499 465 2615 534 ejus
2664 467 2824 521 latius
2873 465 3138 537 explicat,
3189 465 3470 523 honoriﬁce
3509 481 3762 540 susceptus,

559 559 687 614 liam
711 559 1083 615 devastarum.
1115 557 1354 623 Quorum
1387 555 1760 626 persecutione
1789 555 1927 609 idem
1955 568 2138 609 cneno-

555 653 704 706 hium
735 652 1092 712 destructum,
1123 657 1179 704 et
1231 648 1297 702 ad
1339 647 1682 702 solitudinem
1730 646 1924 700 iterum
1954 645 2141 700 redac-

557 752 672 799 tum
703 751 804 798 est.
827 741 1004 811 Caput
1033 753 1246 810 quoque
1276 736 1578 807 praescripti
1624 734 1920 791 beatissimi
1968 732 2141 789 Prisci

556 834 846 907 martyris,
879 833 1034 889 miris
1071 831 1244 886 modis
1272 829 1450 883 eidem
1498 825 1950 897 sancto'poutiﬁci
1989 838 2142 880 reve-

555 929 686 984 lavit
713 928 1053 998 omnipotens
1081 925 1242 989 Deus,
1294 923 1382 977 cui
1430 921 1773 976 recondendo
1813 928 2047 989 quatuor
2074 919 2142 974 ab

555 1019 690 1074 urbe
715 1018 950 1072 millibus
981 1014 1266 1070 basilicam
1293 1019 1618 1067 construens
1645 1010 2004 1074 consecravit,
2038 1007 2144 1062 sic-

555 1123 662 1178 que
691 1106 901 1178 populis
938 1103 1220 1160 colendam
1245 1099 1484 1155 tradidit.

623 1199 826 1253 Eodem
851 1206 1091 1264 tempore
1123 1209 1190 1248 ex
1211 1191 1506 1246 Britanniis
1530 1190 1736 1245 directa
1759 1187 1958 1258 legatio
1980 1185 2147 1241 Galli-

555 1287 708 1342 canis
739 1285 1010 1355 episcopis
1038 1281 1310 1338 nuntiavit
1349 1280 1697 1350 Pelagianam
1727 1277 2142 1348 perversitatem

554 1378 608 1433 in
643 1377 776 1432 locis
801 1376 916 1431 suis
944 1376 1050 1430 late
1069 1371 1294 1443 populos
1309 1384 1625 1440 occupasse,
1661 1377 1716 1424 et
1741 1368 2138 1437 quamprimum

554 1469 679 1524 ﬁdei
723 1467 1002 1522 catholicae
1051 1462 1255 1534 debere
1292 1460 1535 1522 succurri
1569 1461 1680 1514 :ob
1726 1473 1888 1528 quam
1928 1471 2148 1512 causam

2242 551 2474 612 Domino
2525 557 2742 612 Christo
2794 557 2895 611 sibi
2945 565 3236 627 apparente
3283 557 3452 618 obitus
3484 559 3558 613 sui
3594 575 3764 628 praeno-

2244 659 2402 700 scens
2446 645 2608 710 diem,
2655 645 2824 700 multa
2865 645 2992 701 licet
3032 660 3157 700 cum
3205 643 3502 701 dilhcultate
3543 647 3764 716 obtinuit,

2244 744 2302 788 ut
2346 735 2498 806 gleba
2547 735 2631 790 sui
2676 737 2919 805 corporis
2965 736 3198 806 propriae
3250 736 3548 792 redderetur
3581 739 3766 795 civitati.

2243 824 2378 880 Tum
2449 827 2502 880 in
2566 835 2826 897 apparatu
2880 827 3122 882 defuncti
3176 842 3271 883 sua
3327 829 3563 902 certatim
3626 832 3771 886 studia

2242 932 2434 972 omnes
2500 918 2866 972 contulerunt.
2938 917 3158 972 Acolius
3229 917 3418 988 regalis
3497 919 3772 988 przepositus

2245 1008 2479 1064 cubiculi
2535 1007 2711 1078 (cujus
2757 1009 2956 1064 dudum
3000 1024 3228 1079 puerum
3267 1009 3333 1062 ab
3356 1009 3653 1064 atrocissimi
3689 1009 3773 1062 dar-

2246 1099 2424 1153 monis
2450 1108 2604 1168 peste
2628 1100 2934 1168 curaverat)
2963 1098 3274 1154 venerabile
3298 1113 3486 1167 corpus
3507 1096 3775 1154 multiformi

2247 1199 2552 1244 aromatum
2603 1189 2996 1258 compositione
3036 1186 3290 1242 confecit.
3323 1186 3559 1257 Augusta
3595 1195 3646 1238 ut
3679 1187 3776 1240 vivo

2247 1279 2504 1334 obsecuta
2534 1279 2730 1344 fuerat,
2764 1288 2979 1332 mortuo
3003 1292 3219 1348 quoque
3248 1293 3314 1332 ex
3350 1277 3523 1332 animo
3550 1278 3778 1332 decrvire

2250 1369 2584 1435 desiderans,
2615 1369 2756 1424 sacri
2784 1369 2994 1438 glebam
3019 1369 3303 1424 cadaveris
3327 1369 3558 1437 operosis
3579 1383 3636 1424 ac
3657 1369 3782 1425 valde

2252 1461 2541 1516 subtilibus
2575 1460 2858 1514 tumulavit
2892 1460 3252 1524 indumentis,
3283 1460 3349 1513 ad
3381 1459 3433 1513 id
3460 1459 3782 1515 devehendum

554 1557 792 1629 synodus
826 1560 1116 1610 numerosa
1147 1551 1369 1606 collecta
1416 1559 1520 1616 est,
1550 1547 1904 1615 omniumque
1944 1544 2145 1613 iudicio

2251 1555 2792 1623 conservandumque
2833 1568 2900 1608 ex
2939 1567 3198 1624 cypresso
3254 1552 3596 1606 mundissima
3642 1551 3782 1606 loculo

555 1649 663 1703 duo
693 1645 954 1717 praeclara
1005 1641 1284 1713 religionis
1319 1639 1525 1695 lumina
1552 1639 1934 1694 universorum
1974 1637 2152 1707 preci-

554 1740 658 1795 bus
731 1738 1064 1792 ambiuntur.
1128 1734 1430 1788 Germanus
1499 1745 1564 1786 ac
1623 1731 1807 1801 Lupus
1859 1728 2150 1784 Trecensis

2253 1652 2534 1712 coaptato.
2581 1642 2788 1708 Quibus
2833 1642 2908 1696 ita
2953 1640 3303 1720 compositis,
3343 1655 3412 1695 ne
3453 1640 3577 1710 quid
3612 1638 3787 1694 deesset

2253 1737 2460 1791 sanctis
2499 1734 2696 1790 ofﬁciis
2736 1734 2896 1788 anxie
2938 1733 3196 1802 prmcavit
3243 1732 3564 1802 imperator,
3595 1731 3684 1785 iter
3724 1731 3787 1784 in-

553 1826 834 1899 aposlolici
866 1823 1196 1887 sacerdmes.
1222 1830 1424 1876 terram
1447 1820 1788 1890 corporibus.
1815 1817 2010 1874 οωιιιιη
2037 1832 2150 1872 ιηε-
2178 1854 2223 1914 Β
2252 1829 2482 1891 struxit,
2522 1826 2835 1882 evectioues
2873 1824 3210 1882 necessarias
3251 1823 3510 1893 praebuit,
3553 1821 3789 1877 ministros

555 1921 677 1975 ritis
700 1917 1058 1990 possidentes,
1081 1923 1138 1968 et
1160 1911 1701 1983 quantolaboriosior
1722 1910 2018 1965 necessitas
2047 1924 2146 1979 ap-

557 2010 803 2080 parebat,
861 2015 1015 2061 tanto
1076 2019 1196 2060 eam
1223 2004 1524 2074 promptius
1580 2003 1770 2058 heroes
1814 1999 2149 2056 devotissimi

557 2109 936 2171 susceperunt,
965 2097 1300 2154 celeritatem
1324 2095 1528 2167 negotii
1559 2093 1685 2149 ﬁdei
1709 2093 1943 2154 stimulis
1969 2101 2148 2146 matu-

555 2201 762 2248 rantes.
797 2191 864 2246 lli
913 2191 1098 2259 itaque
1144 2186 1420 2243 Oceanum
1469 2200 1660 2251 mare,
1709 2183 1928 2240 Christo
1973 2187 2147 2250 duce,

558 2283 986 2340 conscendentes
1039 2281 1093 2335 in
1141 2279 1476 2334 Britanniam
1531 2286 1919 2349 pervenerunt,
1985 2292 2149 2346 quam

556 2375 789 2431 insulam
827 2373 972 2430 beati
1001 2371 1282 2443 pontiﬁces
1315 2370 1431 2424 suis
1462 2368 1937 2438 praedicationibus
1987 2376 2150 2436 atque

559 2467 851 2521 virtutibus
888 2457 1247 2532 impleverunt
1287 2477 1300 2514 :
1341 2462 1558 2514 tandem
1613 2468 1836 2528 peracto
1896 2457 2149 2514 conﬂictu

554 2571 676 2612 cum
721 2556 1048 2626 Pelagianis,
1076 2553 1404 2608 conﬁrmant
1450 2552 1727 2606 antistites
1777 2551 1939 2605 ﬁdem
1983 2551 2149 2604 verbo

555 2645 802 2701 veritatis
827 2644 986 2700 simul
1010 2653 1065 2698 et
1103 2641 1487 2697 miraculorum
1509 2641 1711 2711 signis;
1747 2641 1840 2696 sed
1865 2649 1923 2695 et
1945 2639 2146 2694 bellum

555 2735 833 2792 Saxonum
883 2735 1271 2803 Pictorumque
1320 2731 1582 2786 adversus
1641 2731 1893 2786 Britones
1919 2743 1984 2786 eo
2013 2739 2149 2784 tem-

553 2837 686 2898 pore
729 2825 933 2896 junctis
974 2825 1184 2880 viribus
1244 2832 1574 2893 susceptum,
1617 2823 1800 2878 divina
1831 2823 2030 2877 virtute
2058 2834 2147 2878 re-

554 2917 808 2982 tundunt,
856 2929 982 2970 cum
1023 2912 1328 2969 Germanus
1386 2913 1502 2983 ipse
1536 2914 1642 2967 dux
1665 2913 1790 2968 belli
1818 2913 2013 2976 factus,
2039 2927 2147 2966 non

555 3006 701 3060 tubae
725 3004 1001 3075 clangore,
1043 3003 1139 3058 sed
1185 3001 1424 3057 clamore
1469 2991 1706 3067 alleluia,
1741 3003 1906 3058 totius
1931 3001 2146 3058 exerci-

555 3105 644 3151 tus
666 3109 798 3150 voce
855 3095 922 3150 ad
952 3093 1132 3149 sidera
1181 3090 1382 3159 levata,
1421 3092 1607 3148 hostes
1641 3092 1697 3146 in
1754 3091 1936 3163 fugam
1983 3091 2148 3148 vertit

2251 1918 2584 1988 comitesque
2606 1916 2922 1972 deducendo
2946 1915 3122 1971 funeri
3145 1916 3456 1980 destinavit,
3473 1914 3607 1985 quod
3627 1928 3788 1983 expen-

2251 2021 2435 2063 sarum
2469 2016 2526 2061 et
2565 2007 2728 2061 totius
2760 2005 3113 2060 humanitatis
3140 2004 3429 2075 impendiis
3455 2005 3656 2074 c0piose
3691 2018 3790 2072 pro-

2251 2107 2473 2153 secutus
2493 2105 2607 2161 est;
2631 2097 2896 2167 episc0pis
2921 2110 2986 2149 ea
3012 2097 3114 2151 fuit
3138 2113 3271 2151 cura
3295 2097 3636 2166 permaxima,
3655 2107 3711 2149 ne
3727 2109 3792 2148 sa-

2251 2188 2360 2243 cris
2389 2187 2662 2256 exsequiis
2691 2186 2775 2240 vel
2804 2186 2871 2240 ad
2901 2186 3092 2242 horam
3127 2186 3385 2241 deessent
3410 2185 3581 2240 olﬁcia
3609 2185 3792 2255 religio-

2251 2279 2356 2344 nis,
2380 2293 2499 2348 qua:
2523 2279 2625 2348 ipsi
2649 2288 2705 2332 et
2733 2277 2784 2331 in
2815 2279 3067 2346 praesenti
3090 2278 3390 2342 instruunt,
3410 2286 3466 2332 et
3486 2292 3550 2332 ne
3576 2292 3794 2346 processu

2252 2368 2464 2422 itineris
2495 2367 2749 2422 deﬁciant
2769 2397 2784 2431 ,
2808 2367 3152 2422 ordinatione
3178 2367 3537 2438 prmmittunt.
3573 2367 3644 2420 Ita
3669 2366 3796 2420 funus

2250 2459 2386 2514 satis
2430 2457 2720 2512 ambitiose
2774 2457 3101 2511 instructum
3153 2471 3354 2529 magno
3402 2457 3797 2528 prosequentium

2249 2550 2465 2619 agmine
2511 2553 2861 2620 promovetur
2899 2549 2968 2604 ad
2996 2548 3222 2604 Gallias.
3269 2549 3540 2604 Saturnus
3567 2557 3676 2604 erat
3696 2549 3798 2603 bea-

2251 2641 2447 2695 tissitni
2480 2640 2738 2696 Germani
2763 2641 3047 2711 presbyter
3075 2651 3129 2695 et
3156 2641 3476 2713 discipulus,
3503 2642 3649 2712 cujus
3673 2654 3799 2710 supe-

2249 2731 2365 2786 rius
2400 2731 2732 2785 mentionem
2763 2729 3014 2806 fecimus,
3047 2731 3173 2786 vitae
3201 2733 3501 2788 sanctitate
3525 2731 3798 2802 praeclarus.

2247 2820 2297 2876 Is
2322 2837 2389 2876 co
2416 2830 2657 2892 protecto
2684 2822 2736 2876 in
2770 2820 2996 2887 Italiam,
3016 2820 3172 2891 jussu
3205 2839 3275 2879 ac
3300 2824 3423 2880 vice
3451 2823 3591 2878 illius
3619 2823 3670 2877 iu
3694 2823 3802 2876 urbe

2253 2921 2611 2968 remanserat.
2649 2914 2764 2980 Qua
2793 2928 2922 2983 ergo
2951 2923 3110 2969 nocte
3137 2913 3418 2984 gloriosus
3459 2913 3664 2969 Domini
3698 2927 3802 2967 con-

2245 3002 2422 3059 fessor
2446 3004 2587 3073 apud
2627 3002 2942 3058 Ravennam
2974 3002 3114 3060 felici
3151 3005 3425 3076 migravit
3457 3020 3702 3070 excessu,
3725 3003 3806 3058 iste

2244 3097 2609 3152 Autissiodori
2653 3097 2863 3167 positus
2907 3110 3124 3153 sacrum
3165 3099 3290 3169 ejus
3327 3100 3613 3156 transitum
3645 3095 3804 3166 angelo

555 3188 842 3242 immanes.
873 3184 1195 3254 Compressa
1223 3183 1406 3253 itaque
1443 3183 1801 3252 perversitate
1824 3182 2142 3248 damnabili,
2171 3201 2216 3262 ρ
2250 3187 2530 3242 nuntiante
2560 3189 2841 3258 cognovit,
2865 3204 2929 3244 ac
2956 3191 3137 3245 divina
3175 3191 3488 3249 instructus
3516 3191 3809 3248 revelatione’

551 3279 778 3350 ejusque
803 3277 1121 3333 auctoribus
1176 3274 1493 3337 confutatis,
1539 3275 1841 3345 animisque
1899 3274 2144 3330 omnium

555 3368 681 3424 ﬁdei
700 3367 940 3440 puritate
983 3365 1319 3436 compositis,
1371 3364 1672 3420 beatissimi
1722 3363 2036 3421 sacerdotes
2080 3371 2144 3420 ea

551 3474 661 3530 qua
704 3466 968 3514 venerant
1022 3457 1384 3527 prosperitate
1465 3456 1765 3512 redierunt.
1823 3455 1993 3524 Igitur
2037 3472 2144 3513 non

551 3549 724 3604 multo
746 3549 1028 3620 interjecto
1048 3557 1288 3619 tempore
1314 3548 1513 3603 iterum
1538 3556 1594 3602 et
1615 3547 1911 3602 Britanniis
1929 3547 2146 3602 nuntias
2168 3588 2172 3594 .

552 3648 642 3693 tur
669 3639 1015 3710 Pelagianam
1056 3639 1471 3710 perversitatem
1513 3639 1708 3694 iterato
1741 3639 1930 3708 paucis
1949 3652 2142 3697 aucto-

551 3729 702 3785 ribus
741 3729 980 3785 dilatari.
1020 3729 1122 3797 Qui
1161 3738 1437 3802 assumpto
1476 3744 1664 3786 secum
1701 3729 1906 3786 Severo
1945 3731 2145 3787 'I‘reves

549 3835 735 3876 rorum
766 3822 1176 3892 archiepiscopo
1219 3822 1384 3876 tutius
1427 3823 1735 3878 sanctitatis
1760 3823 1910 3889 viro,
1943 3823 2145 3880 iterum

549 3911 619 3966 ad
670 3911 1039 3982 supradictam
1083 3910 1432 3982 Pelagianam
1475 3912 1724 3967 hmresim
1761 3913 2144 3969 destruendam

549 3994 859 4058 Britannias
912 4003 1097 4073 petiit;
1149 4003 1464 4072 praedicatio
1501 4003 1700 4059 deinde
1737 4005 1806 4059 ad
1844 4004 2056 4076 plebem
2091 4010 2143 4062 ei

547 4094 1011 4163 praevaricationis
1023 4093 1404 4149 emendatione
1423 4096 1782 4162 convertitur,
1795 4097 2145 4168 omniumque

543 4184 752 4255 judicio
777 4184 1065 4255 pravitatis
1095 4193 1348 4240 auctores
1383 4185 1691 4256 capiuntur,
1725 4188 1910 4258 sicque
1956 4203 2143 4245 sacer-'-

549 4275 770 4331 dotibus
815 4275 1102 4331 traduntur
1129 4275 1197 4330 ad
1224 4274 1618 4332 Mediterranea
1647 4278 1971 4345 deducendi,
2000 4282 2144 4349 quod

547 4369 606 4424 in
645 4376 852 4422 tantum
902 4366 1195 4423 salubriter
1241 4366 1469 4440 factum]
1492 4377 1598 4434 est,
1635 4377 1696 4423 ut
1740 4368 1797 4424 in
1847 4369 1955 4425 illis
2009 4370 2144 4428 locis

547 4472 691 4514 nunc
715 4456 848 4516 ﬁdes
876 4457 1198 4512 intemerata
1226 4458 1506 4529 perduret.
1538 4457 1726 4529 Itaque
1759 4457 2012 4516 omnibus
2037 4461 2143 4517 rite

2247 3278 2459 3348 populis
2500 3279 2867 3345 denuntiavit,
2908 3297 3140 3352 quorum
3187 3283 3404 3356 ingenti
3441 3299 3619 3348 secum
3651 3291 3808 3338 coacta

2247 3369 2593 3424 multitudine
2615 3371 2683 3426 ad
2716 3369 2934 3442 Alpium
2961 3373 3090 3444 juga
3117 3385 3412 3446 properat,
3453 3375 3546 3432 ubi
3574 3374 3813 3445 excipiunt

2245 3457 2432 3515 Calliae
2469 3469 2756 3530 patronum
2784 3462 3062 3532 proprium
3091 3474 3244 3520 tanto
3267 3466 3392 3532 ejus
3415 3467 3592 3523 funeri
3612 3478 3811 3537 propen-

2245 3550 2359 3605 sius
2389 3552 2686 3618 serviturze,
2711 3560 2916 3622 quanto
2945 3553 3212 3622 potiorem
3231 3553 3560 3613 famulatum
3591 3565 3813 3612 reveren-

2245 3643 2334 3698 tia:
2354 3643 2546 3698 mistus
2573 3644 2774 3700 amoris
2795 3647 3154 3715 extorquebat
3169 3647 3428 3705 aﬂ'ectus.
3454 3649 3535 3704 Ex
3557 3646 3718 3718 pridie
3735 3643 3812 3714 igi~

2247 3742 2336 3789 tur
2365 3733 2728 3790 Kalendarum
2752 3734 3117 3806 Augustarum
3145 3736 3253 3802 die,-
3279 3754 3392 3808 qua
3422 3737 3695 3796 confessor
3717 3733 3814 3790 exi-

2245 3826 2387 3883 mius
2415 3825 2632 3881 sarcina
2660 3825 2870 3882 levatus
2900 3827 3113 3892 carnis,
3144 3828 3474 3886 coelestibus
3493 3838 3590 3900 est
3608 3827 3815 3884 insinuas

2246 3927 2334 3973 tus
2385 3917 2667 3982 sacrariis,
2705 3916 2899 3972 tertius
2926 3925 2982 3971 et
3016 3917 3514 3990 quinquagesimus
3535 3917 3816 3976 volvebatur

2244 4009 2394 4074 dies,
2427 4023 2549 4064 cum
2579 4008 2720 4063 sacri
2749 4009 3039 4064 thesaurus
3075 4009 3330 4079 corporis
3369 4010 3608 4082 proprias
3635 4007 3819 4064 refusus

2243 4099 2366 4154 urbi
2411 4097 2640 4156 solemni
2679 4098 2940 4168 obsequio
2979 4098 3304 4170 populorum
3353 4100 3650 4172 excipitur,
3683 4106 3820 4168 atque

2247 4189 2388 4244 intra
2411 4188 2748 4260 principalis,
2777 4189 2865 4244 cui
2894 4190 3130 4258 sederat,
3168 4191 3426 4249 ecclesias
3455 4193 3712 4250 ambitum
3732 4187 3821 4245 col-

2244 4279 2487 4346 locatur;
2518 4280 2592 4336 ibi
2615 4293 2713 4350 per
2741 4278 2927 4335 decem
2951 4281 3239 4338 continuos
3270 4284 3395 4340 dies
3421 4284 3730 4358 ingentibus
3751 4275 3820 4336 οἷς·

2245 4373 2490 4428 ﬁciorum
2524 4372 2782 4442 impensis
2811 4373 3100 4441 excolitur,
3138 4375 3316 4431 donec
3345 4378 3609 4436 omnibus
3634 4391 3746 4448 quae
3768 4373 3824 4429 ad

2237 4463 2329 4534 jus
2358 4463 2592 4534 sepulcri
2623 4463 2898 4534 pertinent
2932 4461 3331 4522 ofﬁciosissime
3362 4470 3646 4538 apparatis
3685 4475 3740 4522 ut
3761 4464 3823 4519 vi-

548 4551 886 4621 compositis,
928 4551 1231 4606 beatissimi
1265 4552 1577 4608 sacerdotes
1609 4568 1731 4608 cum
1759 4553 2033 4622 triumpho
2068 4554 2136 4609 ad
2166 4549 2214 4611 D
2241 4573 2360 4611 rum
2389 4557 2616 4612 decebat
2638 4557 3017 4626 apostolicum,
3043 4558 3342 4628 sepulturae
3373 4563 3705 4618 traderetur.
3726 4558 3828 4613 llite

548 4642 767 4712 propria
815 4651 942 4696 sunt
981 4643 1203 4697 reversi.
1244 4642 1536 4698 Testantur
1569 4643 1836 4713 hodieque
1861 4643 2144 4716 quamplué

548 4733 670 4788 rimi
707 4732 963 4788 didicisse
1003 4732 1290 4802 praedictos
1319 4732 1604 4790 haereticos
1641 4749 1673 4788 a
1715 4734 1986 4790 Germano
2023 4751 2146 4790 san-

547 4821 812 4888 ctissimo,
837 4822 1130 4879 Caelestino
1151 4837 1305 4893 papa:
1331 4823 1498 4879 fuisse
1526 4826 1894 4880 transmissos.
1923 4824 2022 4881 llic
2043 4826 2147 4880 ita-

548 4931 654 4987 que
679 4917 1048 4972 divinissimus
1077 4918 1340 4986 pontifex,
1363 4918 1589 4988 orbique
1618 4919 1671 4973 in
1700 4920 1938 4974 tenebris
1965 4921 2144 4990 agenti

549 4991 731 5063 lumen
758 5008 1194 5080 inexstinguihile
1219 5013 1378 5064 datus
1406 5011 1666 5066 Dominus
1695 5009 1997 5067 Germanus
2024 5014 2140 5082 epi-

548 5118 766 5174 scopus,
800 5110 924 5172 post
948 5103 1249 5157 mirabilem
1285 5102 1338 5157 in
1369 5103 1564 5158 saeculo
1585 5105 1771 5170 vitam,
1794 5113 1917 5174 post
1941 5103 2144 5159 Gallias

547 5193 987 5265 Britanniasque,
1011 5196 1180 5265 ipsam
1203 5196 1438 5267 denique
1460 5195 1670 5251 Italiam
1693 5197 1940 5252 doctrina
1963 5206 2018 5252 et
2047 5199 2143 5252 mi-

549 5285 747 5342 raculis
762 5302 1056 5357 respersas,
1075 5302 1105 5339 a
1119 5286 1334 5342 Christo
1348 5297 1590 5351 vocatus,
1609 5288 1993 5359 salutiferoque
2007 5304 2140 5344 con-

549 5379 781 5435 fortatus
803 5380 1021 5446 viatico,
1051 5380 1190 5450 apud
1210 5379 1520 5434 Ravennam
1538 5381 1701 5437 Italiae
1729 5382 2002 5437 civitatem
2025 5382 2142 5454 Spis

550 5474 657 5527 ritu
672 5483 861 5529 sancto
878 5474 1069 5545 plenus
1082 5474 1236 5540 obiit,
1256 5472 1633 5529 Valentiniano
1653 5475 1868 5543 juniorc
1885 5475 2144 5531 Constans

552 5565 611 5618 tii
636 5563 744 5619 ﬁlio
769 5580 890 5619 cum
924 5575 1096 5621 matre
1123 5565 1363 5620 Placidia
1393 5565 1540 5621 orbis
1571 5575 1836 5621 terrarum
1867 5568 2144 5624 obtinente

549 5655 942 5722 monarchiam,
967 5671 996 5709 a
1023 5657 1220 5725 quibus
1248 5654 1444 5710 ibidem
1487 5671 1585 5726 pro
1633 5657 1987 5713 admiratione
2014 5673 2140 5714 san-

549 5741 754 5800 ctitatis
791 5753 952 5816 atque
981 5745 1299 5802 assiduitate
1338 5745 1739 5814 miraculorum,
1776 5757 1836 5802 ut
1875 5747 2012 5804 liber
2035 5748 2142 5805 Ge-

2243 4653 2497 4709 emnibus
2517 4653 2855 4724 praeparatis,
2879 4665 3003 4709 cum
3032 4665 3087 4709 et
3113 4653 3520 4712 confluentium
3541 4655 3684 4712 nulla
3705 4659 3829 4708 esset

2246 4743 2484 4813 requies,
2517 4750 2574 4797 et
2605 4742 2699 4812 qui
2723 4753 3092 4798 convenerant
3121 4743 3208 4797 vix
3231 4742 3356 4812 jam
3391 4746 3639 4818 regionis
3665 4741 3831 4814 ampli-

2247 4835 2433 4890 tudine
2470 4843 2813 4905 caperentur,
2843 4834 2930 4889 die
2960 4834 3330 4891 Kalendarum
3358 4836 3686 4894 Octobrium
3709 4836 3832 4889 intra

2248 4925 2483 4995 sepulcri
2504 4925 2686 4979 abdita
2718 4925 3008 4982 thesaurus
3042 4927 3288 4984 caelestis
3333 4931 3662 5001 deponitur,
3703 4935 3834 4982 tanto

2247 5017 2395 5070 orbis
2420 5025 2686 5070 terrarum
2719 5014 2918 5081 ofﬁcio,
2945 5025 3095 5073 tanta
3119 5019 3348 5074 humani
3371 5021 3600 5091 generis
3632 5019 3828 5090 pietate.

2246 5114 2305 5159 ut
2335 5105 2455 5160 luce
2498 5105 2700 5160 clarius
2737 5114 3015 5161 constaret
3053 5108 3335 5176 omnibus,
3379 5111 3592 5168 summi
3633 5111 3688 5167 in
3715 5107 3833 5162 coelo

2244 5209 2363 5253 esse
2395 5197 2609 5264 meriti,
2638 5196 2793 5267 cujus
2829 5199 2880 5252 in
2915 5200 3074 5253 terris
3107 5208 3254 5254 tanta
3284 5203 3726 5270 providebantur
3753 5198 3834 5250 bo-

2243 5289 2385 5343 nori.
2433 5289 2557 5344 Fuit
2599 5299 2781 5344 autem
2822 5289 3015 5345 civitas
3039 5290 3156 5346 sine
3197 5289 3473 5363 episcopo
3519 5290 3680 5349 annis
3722 5302 3838 5357 qua-

2244 5388 2390 5436 tuor.-

2652 5472 2784 5529 CAP.
2829 5471 2958 5528 Vlll.
3000 5499 3070 5516 -αι
3110 5474 3186 5529 De
3217 5473 3447 5531 Alodio.

2313 5567 2540 5625 Alodius
2580 5567 2721 5622 sedit
2759 5581 2930 5621 annos
2959 5565 3058 5633 50,
3091 5582 3347 5623 mensem
3382 5571 3409 5624 1
3437 5610 3453 5636 ,
3487 5569 3609 5625 dies
3638 5564 3727 5621 22.
3756 5560 3838 5616 llic

2243 5661 2470 5717 Alodius
2522 5659 2676 5730 cujus
2719 5659 2902 5714 meriti
2937 5659 3021 5714 vel
3054 5659 3346 5731 dignitatis
3398 5661 3704 5725 exstiterit,
3733 5655 3840 5709 hinc

2243 5751 2420 5820 colligi
2445 5749 2607 5818 valet,
2629 5749 2774 5820 quod
2802 5751 2962 5807 beato
3001 5748 3277 5809 Germano
3323 5738 3521 5812 adhuc
3570 5743 3842 5823 supersti“
