3918 6316
137 384 220 441 229

984 360 1075 428 DE
1112 364 1357 428 GESTIS
1396 367 1609 425 EPlSC.
1651 366 2039 425 ANTISSIOD.
2079 400 2146 410 —
2181 368 2360 426 rans
2399 370 2441 426 t.

3223 372 3332 431 250

135 480 414 556 monasterio
458 478 598 545 illius
642 484 1070 542 archimandrita
1098 482 1332 555 praefuit.
1372 481 1493 552 Ipso
1520 495 1656 550 quc“-
1683 462 1727 523 Α
1757 479 1898 534 enim
1922 481 2253 551 temporibus
2276 481 2497 536 Joannis
2523 496 2674 553 papae
2704 490 2863 551 atque
2882 481 3094 539 Felicis.
3132 482 3230 540 llic
3248 495 3334 542 est

135 602 217 659 que
237 591 341 656 post
363 580 426 635 ad
445 578 678 634 ctelestia
706 591 871 647 regna
893 575 1204 639 sublimato,
1233 573 1287 627 in
1312 572 1655 642 pontiﬁcatus

133 685 295 731 sortem
316 671 360 726 ei
382 669 660 725 succedere
688 666 905 720 meruit.
932 664 982 720 Is
1003 664 1241 718 imitator
1266 671 1320 717 et
1342 663 1515 717 haeres
1540 675 1657 715 ma-

135 765 278 836 gistri,
300 750 655 816 multis'verbo
679 766 736 812 et
752 766 807 812 et
832 755 1079 824 exemplo
1104 753 1326 825 profuit,
1346 752 1505 823 hujus
1526 765 1656 821 prae-

133 855 299 911 sulatus
317 861 546 920 tempore
570 855 793 902 sanctus
822 845 1095 900 Marianus
1129 842 1434 913 a'partibus
1463 839 1658 895 Bituri-

132 945 327 1001 censium
368 939 685 1005 adveniens,
717 937 1048 992 monasterio
1091 935 1264 991 sancti
1303 933 1556 989 Germani
1594 945 1656 987 se

131 1033 286 1091 sociari
313 1028 642 1103 postulabat,
682 1028 807 1098 quia
835 1027 976 1082 idem
1006 1023 1392 1081 monasterium
1420 1024 1656 1092 antiqua:

130 1120 427 1178 beatitudinis
464 1119 704 1174 retinens
740 1125 940 1172 statum
966 1116 1132 1170 odore
1157 1114 1475 1169 suavissimo
1504 1113 1659 1166 redoo

130 1213 255 1276 lebat,
268 1210 350 1282 qui
373 1208 664 1264 beatus-vir
682 1222 844 1278 quam
872 1205 1340 1262 excellentissiman
1361 1205 1652 1268 memoriae,

129 1311 398 1372 quantaeque
457 1298 763 1354 sanctitatis
820 1297 1125 1362 exstiterit,
1179 1294 1389 1350 libellus
1435 1295 1503 1349 de
1546 1294 1656 1350 vita

130 1394 261 1463 ipsius
286 1393 452 1448 editus
470 1391 683 1462 plenius
705 1389 1031 1445 manifestat.
1065 1388 1297 1443 Sanctus
1321 1389 1501 1457 itaque
1526 1387 1655 1442 Alo-

131 1488 221 1543 dius
256 1487 565 1557 optimorum
613 1483 851 1553 locuples
900 1482 1184 1553 stipendiis
1235 1481 1553 1535 meritorum
1601 1479 1654 1534 in

129 1588 232 1646 pace
262 1575 480 1631 decessit
520 1589 576 1630 tv
611 1573 978 1629 Kalendarum
1027 1571 1338 1628 Octobrium
1362 1610 1377 1636 ,
1411 1579 1574 1641 atque
1601 1571 1655 1626 in

130 1665 241 1721 beati
264 1664 506 1722 Germani
553 1665 779 1720 basilica
824 1664 1082 1719 decenter
1126 1663 1368 1733 sepultus
1394 1671 1495 1717 est.
1526 1662 1656 1717 Post

128 1757 248 1827 cujus
268 1758 561 1813 descessum
591 1758 791 1812 mansit
815 1756 1007 1812 civitas
1031 1756 1234 1824 absque
1259 1755 1510 1824 episcopo
1556 1770 1654 1808 an-

129 1850 193 1904 nis
214 1848 298 1914 10,
322 1849 388 1904 ob
406 1848 672 1904 saevitiam
701 1849 911 1904 scilicet
940 1849 1266 1903 vastantium
1295 1846 1498 1903 Gallias
1533 1848 1656 1901 bar-

129 1939 356 1994 barorum.
406 1938 534 1995 Fuit
564 1948 746 1994 autem
778 1939 1111 2009 temporibus
1138 1937 1336 1995 Leonis
1371 1937 1549 2008 magni
1578 1940 1660 1991 ale

129 2046 208 2100 que
239 2029 410 2087 Hilarii
459 2026 829 2086 Romanorum
879 2028 1225 2099 pontiﬁcum,
1268 2027 1660 2096 imperantibus

128 2120 269 2178 Leone
287 2130 439 2194 atque
460 2121 702 2177 Zenone.

532 2212 667 2268 (3η.
689 2210 857 2266 1Χ.-
888 2211 967 2266 De
988 2208 1271 2266 Fraterno.

179 2304 439 2362 Fraternus
477 2304 624 2361 sedit
655 2305 745 2360 die
782 2305 835 2358 1.
872 2303 923 2358 ls
950 2318 1059 2374 qua
1087 2302 1174 2357 die
1199 2317 1229 2357 a
1272 2300 1519 2357 ﬁdelibus
1547 2302 1661 2370 epi-

128 2412 282 2469 scopus
301 2407 379 2454 est
405 2398 721 2463 ordinatus,
765 2411 796 2450 a
821 2390 1071 2452 barbaris
1097 2402 1183 2449 est
1209 2394 1476 2464 martyrio
1507 2408 1661 2449 coro-

128 2500 252 2545 natus
274 2490 354 2546 die
388 2491 423 2546 3
462 2488 834 2545 Kalendarum
867 2485 1202 2550 Octobrium,
1227 2493 1283 2539 et
1309 2484 1549 2554 sepultus
1577 2491 1662 2539 est

126 2579 167 2636 in
194 2580 393 2638 ecclesia
439 2578 744 2637 beatissimi
792 2574 1070 2633 Germani.
1101 2574 1229 2631 Fuit
1255 2583 1435 2630 autem
1471 2573 1662 2630 civitas

134 2670 224 2726 sine
241 2672 479 2743 episeopo
495 2671 616 2727 dies
638 2670 692 2725 6.

487 2762 622 2818 Cap.
650 2758 718 2814 Χ.
758 2788 831 2803 -
875 2757 953 2814 De
981 2756 1256 2813 Centurio.

175 2854 438 2912 Censorius
482 2854 630 2910 sedit
678 2866 850 2909 annos
883 2851 982 2917 58,
1014 2864 1227 2906 menses
1254 2849 1310 2914 3,
1339 2849 1425 2905 die
1465 2847 1517 2904 6.
1562 2846 1663 2905 Hic

126 2952 188 2999 est
216 2945 351 3016 cujus
380 2954 627 3016 tempore
659 2942 1012 3000 Constantius
1031 2951 1218 2997 orator
1239 2940 1461 2996 obtentu
1486 2939 1661 2996 sancti

125 3032 341 3091 Patientis
370 3033 751 3108 Lugdunensis
774 3031 1012 3102 episcopi
1038 3033 1204 3087 vitam
1227 3031 1371 3087 beati
1403 3030 1661 3087 Germani

125 3125 313 3194 mirabili
344 3127 483 3200 stylo
511 3125 682 3182 edidit
722 3126 979 3196 omnique
1023 3123 1300 3195 diligentia
1329 3123 1659 3180 elaboratam

126 3215 262 3273 eidem
286 3215 625 3289 postmodum
670 3215 925 3286 episcopo
970 3215 1224 3271 censurio
1252 3214 1551 3270 habendam
1579 3214 1662 3270 die

127 3309 373 3380 rexit.ipse
390 3323 525 3365 vero
555 3307 794 3379 pontifex
820 3307 1032 3372 beatus,
1050 3306 1291 3362 imitator
1306 3304 1664 3377 praedecesso-

126 3412 217 3454 rum
257 3400 479 3456 ﬁdeliter
518 3400 762 3455 existens
784 3440 799 3464 ,
829 3397 901 3454 28
923 3398 1100 3453 astatis
1123 3412 1234 3453 sua!
1262 3413 1404 3452 anno
1429 3399 1536 3452 vita
1566 3399 1662 3453 de-

127 3488 321 3562 functus,
349 3509 403 3550 tv
428 3493 560 3549 ldus
579 3491 724 3548 Junii
757 3493 895 3549 obiit
924 3491 1231 3548 sanctitatis
1263 3491 1451 3562 plenus
1478 3493 1663 3549 bonis-

124 3596 204 3652 qne
247 3588 486 3643 omnibus
528 3584 812 3656 copiosus;
861 3583 1101 3655 sepultus
1149 3592 1235 3638 est
1265 3593 1441 3638 autem
1487 3584 1540 3638 in
1574 3600 1666 3640 ec—

125 3670 252 3727 elesia
276 3676 440 3730 sancti
463 3673 726 3732 Germani
751 3673 1010 3745 episcopi.
1041 3671 1168 3727 Fuit
1195 3680 1378 3727 autem
1404 3673 1660 3744 tempori-

122 3762 200 3820 bus
236 3765 446 3831 Felicis,
489 3765 693 3823 Gelasii
719 3806 735 3834 ,
773 3764 1084 3830 Anastasii,
1122 3763 1472 3836 Symmachi,
1502 3774 1664 3836 atque

123 3851 379 3913 Hormisdte
435 3857 812 3914 Romanorum
870 3855 1181 3928 pontiﬁcum
1210 3894 1224 3918 ,
1270 3854 1664 3925 imperantibus

122 3942 367 4007 Anastasio
412 3960 469 4006 et
516 3950 734 4007 Justino
759 3951 990 4007 seniore.
1023 3947 1150 4006 Fuit
1187 3947 1378 4005 civitas
1405 3949 1522 4005 siue
1549 3949 1663 4021 epi-

123 4050 252 4110 seopo
270 4057 407 4100 anno
440 4043 500 4111 1,
528 4043 806 4098 mensibus
829 4042 886 4097 2.

544 4133 676 4190 Cn.
706 4133 884 4189 XL—
908 4134 988 4190 De
1014 4133 1168 4191 Ursa.

172 4218 325 4280 Ursus
361 4225 509 4282 sedit
536 4238 707 4281 annos
745 4224 798 4290 6,
836 4240 1052 4282 menses
1076 4225 1130 4281 4.
1159 4226 1237 4281 Ex
1264 4225 1367 4282 hoc
1398 4225 1515 4281 viro
1541 4240 1664 4298 sane

121 4313 323 4373 ctissime
349 4318 494 4375 ﬁdeli
541 4317 803 4374 relatione
832 4319 1097 4391 vulgatur,
1123 4320 1265 4389 quod
1300 4317 1455 4387 juxta
1488 4318 1663 4375 sancti

121 4406 353 4469 Amatoris
376 4399 661 4469 basilicam
708 4412 952 4468 reclusus
983 4413 1418 4471 anachOreticam
1447 4415 1665 4470 duxerit

1756 569 2011 635 Joannes,
2051 587 2210 642 quem
2250 572 2619 629 Theudoricus
2667 588 2760 628 rex
2807 573 3094 630 haereticus
3122 576 3337 630 Raven-

1755 679 1840 718 nae
1884 663 1937 718 in
1968 664 2209 719 cusmdia
2240 663 2525 735 afﬁigendo
2560 665 2862 731 interfecit,
2908 666 3207 735 imperante
3239 665 3333 722 Ju-

1756 756 1918 821 stino,
1961 755 2254 828 Lampadio
2282 767 2339 813 et
2367 757 2557 814 Oreste
2604 760 2934 815 consulibus.
2976 760 3101 817 Fuit
3148 769 3333 816 autem

1756 847 1950 903 civitas
1976 847 2092 903 sine
2113 849 2367 918 episcopo
2393 864 2535 903 anno
2563 865 2691 917 uno,
2718 866 2930 906 menses
2956 849 3009 905 6.

2141 938 2269 994 Car.
2308 938 2594 995 Xll.—De
2628 940 2937 996 Theodosio.

1828 1026 2162 1084 Theodosius
2206 1029 2344 1084 sedit
2392 1044 2561 1084 annos
2585 1029 2639 1095 8,
2673 1031 2787 1085 dies
2837 1031 2938 1097 23;
2981 1046 3069 1085 xvr
3102 1029 3329 1088 Kalend.

1756 1116 2123 1188 Augustarum
2154 1119 2296 1172 diem
2327 1120 2549 1189 excepit.
2561 1110 3050 1190 ultimum’peraao
3075 1122 3199 1177 vita:
3220 1137 3334 1177 sua:

1759 1217 2002 1278 tempore
2047 1208 2115 1262 75
2159 1208 2339 1274 annis,
2364 1225 2570 1279 proque
2616 1226 2728 1265 suae
2778 1210 2972 1265 merito
3028 1211 3332 1267 sanctitatis

1758 1299 1991 1356 nobilem
2024 1301 2076 1353 in
2099 1299 2325 1354 ecclesia
2351 1300 2495 1370 beati
2523 1297 2780 1355 Germani
2805 1300 3026 1355 sortitus
3048 1309 3131 1355 est
3154 1300 3336 1371 sepul-

1758 1400 1957 1445 turam.
1980 1388 2306 1445 Fuit‘autem
2342 1390 2672 1460 temporibus
2693 1389 2956 1445 Bonifacii
2984 1399 3038 1445 et
3061 1390 3331 1457 Mercurii,

1758 1483 1850 1552 qui
1877 1491 1933 1537 et
1958 1481 2195 1538 Joannes
2216 1491 2438 1537 vocatus
2466 1493 2567 1548 est,
2604 1497 2773 1552 usque
2813 1481 2879 1536 ad
2900 1482 3207 1552 Agapitum,
3236 1483 3337 1538 im—

1759 1585 1980 1645 peraute
2003 1574 2311 1630 Justiniano
2348 1574 2615 1645 Augusto,
2643 1574 2938 1645 Lampadio
2982 1574 3225 1630 consule.
3254 1574 3336 1630 ln-

1758 1667 2006 1723 venimus
2032 1676 2086 1723 et
2109 1668 2252 1722 hunc
2275 1677 2523 1723 sanctum
2550 1667 2722 1722 virum
2748 1666 3060 1722 interfuisse
3102 1665 3336 1721 concilio

1760 1759 2156 1828 episcOporum,
2180 1757 2323 1827 quod
2352 1767 2531 1811 actum
2562 1765 2646 1812 est
2691 1770 2757 1809 ex
2782 1755 2935 1825 jussu
2961 1753 3336 1826 gloriosissimi

1758 1846 2011 1902 Clodovei
2033 1846 2211 1917 magni
2226 1844 2556 1901 Francorum
2578 1843 2721 1916 regis
2732 1844 2871 1914 apud
2891 1842 3336 1898 Aurelianensem

1760 1937 1947 1994 Gallia:
1968 1936 2264 1993 civitatem.
2281 1936 2404 1990 Fuit
2419 1936 2616 1991 civitas
2637 1936 2753 1991 sine
2774 1935 3029 2006 episcopo
3048 1948 3191 1989 anno
3206 1948 3333 1990 uno.

2176 2028 2307 2084 ΟΑΡ.
2340 2029 2477 2084 Xlll.
2500 2058 2569 2071 ~—
2598 2028 2674 2082 De
2704 2027 2974 2109 Gregorio.

1829 2122 2129 2193 Gregorius
2175 2122 2315 2178 sedit
2357 2136 2529 2176 annos
2568 2121 2668 2187 12,
2705 2135 2917 2176 menses
2955 2117 3013 2186 6,
3041 2126 3340 2190 exactaque

1759 2229 1871 2271 suae
1916 2215 2049 2285 vicis
2076 2212 2253 2269 ofiicio
2276 2229 2366 2268 xiv
2395 2212 2513 2267 Kal.
2544 2212 2671 2267 Jun.
2716 2213 2955 2267 humana
2983 2212 3257 2281 deponens
3282 2212 3340 2267 in

1759 2304 1987 2360 ecclesia
2010 2305 2154 2360 beati
2186 2303 2440 2360 Germani
2468 2318 2779 2373 supremum
2803 2302 3102 2372 promeruit
3122 2317 3341 2369 munus,

1759 2411 1921 2453 omne
1951 2398 2074 2451 vita:
2099 2414 2209 2453 sua:
2238 2406 2446 2467 tempus
2473 2396 2547 2452 8-1
2576 2396 2735 2451 annis
2763 2394 2963 2467 exegit.
3008 2393 3136 2450 Fuit
3160 2403 3339 2450 autem

1762 2488 2091 2558 temporibus
2142 2487 2357 2543 Silverii
2409 2496 2464 2542 et
2500 2486 2680 2558 Vigilii
2730 2484 2960 2540 Roman.
3001 2484 3339 2556 pontificum,

1760 2580 2063 2648 imperante
2089 2578 2265 2634 adhuc
2292 2579 2549 2647 praedicto
2587 2575 2892 2631 Iustiniano
2914 2573 3177 2645 Augusto.
3218 2570 3343 2626 Fuit

1761 2679 1942 2724 autem
1978 2668 2174 2724 civitas
2206 2669 2324 2723 sine
2350 2668 2607 2739 episcopo
2635 2680 2850 2721 menses
2872 2664 2928 2731 7,
2957 2670 3222 2735 regnante
3241 2664 3334 2717 ad-

1760 2763 1866 2818 huc
1893 2761 2164 2818 Clodoveo
2189 2760 2579 2831 gloriosissimo
2617 2772 2763 2832 rege.
2979 2748 2991 2757 ’

2167 2853 2300 2909 CAP.
2327 2852 2467 2907 XIV.
2496 2880 2568 2892 —
2608 2850 2682 2906 De
2711 2850 2922 2921 Optato.

1830 2944 2057 3015 Optatus
2076 2942 2215 2999 sedit
2234 2958 2433 2997 annum
2464 2942 2516 3008 1,
2540 2955 2757 2997 menses
2784 2941 2837 3005 8,
2861 2940 2977 2996 dies
3004 2939 3059 2997 5.
3089 2938 3191 2996 Hic
3213 2952 3341 2995 con:

1762 3035 1961 3091 struxit
1984 3033 2260 3090 basilicam
2291 3033 2345 3088 in
2369 3033 2575 3088 honore
2602 3030 2776 3087 sancti
2798 3029 3174 3102 Christopbori
3202 3044 3345 3085 mare

1765 3127 1899 3200 tyris
1931 3125 2088 3195 juxta
2128 3123 2408 3180 basilicam
2444 3122 2620 3178 sancti
2663 3121 2921 3179 Germani
2967 3122 3036 3178 ab
3080 3118 3345 3178 Orientall

1765 3232 1944 3294 parte.
1970 3220 2386 3293 cooperantibus
2431 3219 2638 3275 duobus
2687 3214 3021 3289 presbyteris
3056 3216 3171 3272 suis
3204 3214 3346 3272 San-

1765 3316 1915 3370 ctino‘
1934 3321 2095 3384 atque
2121 3311 2399 3367 Memorio.
2423 3309 2523 3365 llic
2545 3308 2921 3365 sanctissimus
2946 3305 3211 3378 pontifex,
3242 3320 3346 3362 ex--l

1765 3421 1927 3462 curso
1953 3405 2079 3459 vitae
2105 3418 2217 3459 suae
2247 3412 2488 3473 tempore
2507 3443 2523 3469 ,
2548 3401 2723 3471 pridie
2759 3398 2876 3455 Kal.
2921 3396 3342 3471 Septembrium,

1764 3513 1887 3554 cum
1925 3496 2130 3552 eisdem
2183 3494 2389 3551 sanctis
2429 3492 2760 3564 presbyteris
2805 3492 2920 3546 suis
2956 3489 3123 3544 vitam
3173 3486 3347 3545 finivit

1766 3585 2139 3657 temporalem,
2169 3592 2226 3639 et
2247 3584 2473 3654 adeptus
2514 3590 2598 3638 est
2634 3580 3041 3651 sempiternam,
3071 3593 3193 3636 cum
3219 3577 3345 3649 quia

1763 3676 1864 3732 bus
1892 3678 2095 3748 pariter
2122 3685 2177 3731 et
2205 3676 2446 3746 sepultus
2480 3684 2566 3730 est
2590 3676 2643 3730 in
2664 3675 2853 3729 eadem
2902 3687 3065 3745 quam
3093 3680 3344 3728 construe

1765 3778 1924 3824 xerat
1967 3769 2210 3824 basilica.
2240 3768 2369 3825 Post
2399 3767 2618 3821 modum
2660 3780 2787 3821 vero
2814 3764 3121 3821 labentibus
3164 3764 3343 3832 annis,

1763 3860 1990 3917 consilio
2012 3859 2269 3915 nobilium
2308 3874 2372 3914 ac
2401 3858 2702 3930 sapientum
2725 3854 2987 3911 translata
3010 3865 3137 3911 sunt
3153 3869 3343 3910 eorum

1762 3964 1919 4007 sacra
1948 3965 2175 4020 corpora
2211 3950 2264 4004 in
2292 3948 2576 4004 ecclesiam
2604 3947 2744 4003 beati
2777 3942 3053 4011 Germani,
3087 3953 3192 3998 tam
3224 3941 3343 3998 offla

1762 4043 1932 4111 ciose,
1958 4053 2067 4100 tam
2105 4041 2438 4107 solemniter,
2469 4048 2528 4095 ut
2562 4038 2614 4093 in
2651 4035 2902 4093 omnibus
2925 4032 3342 4106 Martyrologiis,

1760 4147 1819 4195 et
1839 4136 2074 4195 maxime
2089 4133 2318 4191 vetustis
2346 4130 2463 4186 dies
2492 4127 2865 4195 translationis
2890 4141 3077 4185 eorum
3106 4125 3347 4180 insertus

1764 4231 2031 4287 habeatur
2054 4243 2107 4284 vt
2145 4225 2282 4283 Non.
2327 4224 2530 4281 mensis
2558 4222 2701 4277 Maii.
2735 4220 3019 4278 Transitus
3046 4231 3225 4275 autem
3263 4216 3347 4273 vel

1765 4319 2031 4392 depositio
2051 4331 2235 4372 eorum
2267 4308 2439 4386 pridie
2459 4312 2580 4368 Kal.
2615 4311 2765 4380 Sept.
2792 4318 2851 4365 ut
2879 4308 3225 4380 praediximus
3251 4305 3348 4361 add

1765 4422 2031 4469 notatur:
2066 4424 2174 4465 uno
2211 4407 2510 4479 eodemque
2551 4419 2681 4460 sane
2730 4402 3105 4472 sarehophago
3157 4414 3350 4456 omnes

122 4499 273 4571 vitam,
292 4504 382 4560 ubi
430 4503 732 4560 oratorium
780 4519 953 4574 usque
981 4504 1142 4559 hodie
1168 4513 1253 4560 est
1273 4504 1389 4573 ejus
1427 4506 1663 4561 nominis
1694 4522 1742 4582 υ
1770 4505 1977 4576 pariter
1999 4501 2363 4572 requiescunt.
2394 4497 2521 4552 Fuit
2548 4496 2739 4551 civitas
2776 4495 2895 4550 Sine
2921 4494 3175 4564 episeopo
3204 4505 3350 4546 anno

119 4597 357 4653 memoriae
407 4612 646 4653 sacrum.
686 4596 924 4670 Contigit
968 4613 1036 4653 eo
1081 4605 1321 4669 tempore
1357 4598 1546 4653 urbem
1576 4612 1665 4654 re-

120 4685 305 4750 pentino
333 4687 566 4743 amatam
586 4687 837 4743 incendio
864 4687 1246 4760 conﬂagrasse,
1274 4689 1367 4744 sed
1399 4691 1464 4744 ad
1488 4690 1663 4746 virum

120 4771 194 4830 Dei
212 4793 321 4835 cum
342 4781 589 4837 sublatus
612 4779 665 4835 in
690 4779 857 4835 altum
882 4779 1086 4836 clamor
1105 4781 1287 4851 populi
1308 4783 1662 4851 pervenisset,

122 4872 511 4927 succurrendum
532 4871 773 4941 periculo
801 4880 976 4938 ratus,
1002 4871 1326 4927 familiarem
1354 4873 1479 4929 illuc
1503 4874 1667 4929 bacu-

120 4946 208 5009 lum
232 4958 531 5014 destinavit.
562 4960 682 5031 ipse
708 4960 960 5031 precibus
984 4961 1235 5018 obnixius
1266 4972 1428 5033 atque
1458 4963 1664 5019 instan-

122 5047 189 5097 ter
209 5044 472 5115 incubuit,
499 5065 565 5106 eo
594 5050 738 5106 inter
764 5049 1001 5106 minaces
1035 5050 1279 5108 flammas
1298 5091 1313 5119 ,
1340 5061 1391 5108 et
1426 5070 1545 5124 quae
1571 5055 1665 5109 ad-

122 5129 207 5191 huc
244 5149 581 5210 supererant,
617 5141 931 5207 constituto,
975 5141 1120 5198 dicto
1159 5143 1320 5198 citius
1358 5144 1662 5200 incendium

123 5235 254 5282 omne
286 5227 619 5299 deflagravit.
669 5229 783 5286 Hac
829 5232 1113 5287 occasione
1142 5234 1312 5288 sancti
1338 5234 1442 5289 viri
1472 5236 1667 5290 merito

124 5309 365 5375 declarato
410 5320 560 5376 urbis
612 5320 908 5377 decedente
953 5322 1207 5393 pontifice
1247 5322 1315 5379 Vl
1361 5335 1664 5381 extractum

125 5406 403 5468 prcsulat‘ui
442 5410 731 5479 suffecere;
762 5411 895 5468 cella
926 5413 1043 5483 ejus
1072 5412 1125 5468 in
1156 5415 1438 5470 ecclesiam
1461 5418 1663 5480 cessit;

125 5496 418 5566 exegitvitae
445 5504 555 5557 suae
583 5504 976 5572 tempus'annis
1001 5504 1089 5569 81,
1119 5506 1361 5563 moribus
1382 5516 1436 5563 et
1463 5509 1671 5565 meritis

1773 4598 1824 4653 1.
1858 4595 2079 4651 Exstitit
2102 4602 2280 4647 autem
2314 4590 2648 4661 temporibus
2669 4585 2962 4658 supradicti
2980 4584 3153 4655 Vigilii
3176 4596 3346 4654 papae,

1773 4691 1901 4759 imp.
1934 4688 2128 4753 adhuc,
2157 4683 2462 4741 Iustiniano
2500 4681 2778 4751 Augusto;
2806 4692 2957 4749 regn.
2989 4690 3120 4732 vero
3157 4673 3347 4730 Clodo.

1771 4783 1864 4838 Fr.
1895 4794 2039 4853 rege.

2128 4871 2255 4928 CAP.
2297 4864 2410 4925 XV.
2457 4899 2518 4909 —
2563 4868 2637 4923 De
2687 4863 2993 4921 Droctaldo.

1843 4963 2161 5023 Droctaldus
2189 4962 2472 5032 episcopus
2500 4959 2631 5015 obiit
2660 4973 2712 5012 vr
2754 4956 2879 5011 ldus
2918 4952 3179 5010 Novemb.
3207 4943 3349 5006 Nihil

1771 5056 1915 5112 aliud
1955 5071 2022 5111 ex
2066 5069 2131 5109 co
2182 5050 2531 5108 memorabile
2577 5048 2817 5119 reperire
2846 5044 3148 5118 potuimus,
3205 5040 3348 5113 quod

1771 5146 2024 5219 praesenti
2052 5144 2211 5214 Operi
2238 5143 2477 5197 inserere
2499 5140 2878 5212 quivissemus.

2109 5237 2237 5293 CAP.
2275 5235 2415 5291 XV].
2452 5257 2523 5275 -—
2569 5233 2643 5288 De
2674 5232 2999 5288 Eleutherio.

1844 5330 2183 5387 Eleutherius
2203 5329 2343 5383 sedit
2373 5342 2544 5383 annos
2568 5327 2661 5392 28,
2685 5339 2899 5381 menses
2925 5323 2980 5387 8,
3011 5321 3126 5375 dies
3147 5318 3200 5374 9.
3226 5316 3351 5373 Fuit

1776 5434 1955 5479 autem
1980 5422 2308 5493 temporibus
2336 5421 2535 5492 Pelagii
2572 5420 2730 5490 primi
2762 5431 2931 5486 usque
2968 5415 3036 5468 ad
3064 5411 3348 5475 Joannem,

1776 5517 2074 5586 imperante
2099 5514 2310 5570 Iustino
2342 5513 2538 5568 minori
2568 5511 2751 5581 (Errat
2778 5511 2862 5563 hic
2891 5515 3074 5561 auctor
3103 5507 3200 5586 hoc
3237 5505 3351 5559 loco

126 5587 364 5648 pretiosus
391 5591 695 5664 fragilitatis
723 5595 918 5650 molem
949 5611 1008 5650 tu
1034 5594 1151 5650 Kal.
1177 5596 1448 5667 Augustas
1488 5614 1673 5656 exces-

129 5674 187 5728 sit
207 5717 222 5743 ,
242 5689 398 5753 atque
426 5684 479 5740 in
504 5687 727 5743 basilica
752 5687 925 5743 sancti
954 5686 1248 5756 Germani,
1270 5690 1425 5761 juxta
1456 5691 1667 5763 praede-

128 5776 351 5830 mres
398 5790 519 5836 suos
570 5779 854 5837 honestam
898 5779 1099 5836 meruit
1142 5781 1494 5854 sepulturam.
1546 5781 1673 5839 Fuit

1257 5887 1291 5907 ο

1774 5620 1829 5661 ut
1853 5583 1929 5660 iin
1969 5605 2088 5660 aliis
2126 5604 2482 5678 quibusdam).
2535 5601 2705 5671 Hujus
2746 5600 3067 5671 praesulatus
3106 5583 3354 5666 tempore

1777 5711 1870 5752 rex
1897 5696 2197 5752 Clodovcus
2239 5695 2457 5759 defecit,
2497 5703 2551 5748 et
2583 5692 2675 5746 filii
2722 5690 2840 5761 ejus
2881 5688 3260 5745 Childebertus
3298 5693 3354 5739 et

1777 5785 2044 5842 Clotarius
2075 5787 2126 5841 in
2156 5800 2378 5858 regnum
2409 5783 2731 5850 succedunt;
2776 5783 2824 5838 is
2861 5796 2991 5838 vero
3025 5786 3244 5836 sanctus
3272 5778 3354 5830 vir
