3918 6316
589 358 685 415 231

1481 354 1767 410 APPEND.
1800 353 1889 408 AD
1924 346 2099 409 sam.
2143 351 2206 407 x.
2249 384 2319 393 —-
2353 352 2581 423 OPERA
2618 362 3009 412 aasxno'rtu.

3689 360 3810 418 εδει

588 472 747 529 simul
777 486 900 528 cum
928 471 1088 526 beato
1110 468 1287 523 Leone
1317 467 1723 537 archiepiscopo
1739 467 2154 534 suoﬁenonensi
2188 450 2234 507 Α
2265 464 2461 519 divinae
2488 465 2723 519 fidelium
2753 468 2916 522 corda
2944 463 3259 530 condiebat,
3304 464 3533 535 miraque
3560 469 3775 528 aviditate

588 564 838 619 videlicet
861 552 1133 633 pontifice,
1162 575 1227 614 ex
1251 560 1561 614 evocatione
1587 558 1792 613 domini
1826 557 2156 614 Childeberti

584 636 732 726 regis
755 654 987 711 secundo
1013 650 1239 708 concilio
1282 650 1658 705 Aurelianensi
1699 650 1765 704 de
1803 650 2033 703 utilitate
2058 650 2159 705 Ec-

588 749 873 805 clesiarum
902 746 994 800 Dei
1027 746 1077 799 in
1102 759 1265 814 regno
1288 758 1383 798 suo
1406 741 1813 797 consistentium
1841 734 1905 795 ac
1925 740 2160 797 diverso-

590 853 708 892 rum
737 835 1075 905 negotiorum
1114 840 1441 887 tractaturus
1481 829 1741 885 interfuit.
1785 829 1932 885 Obiit
1977 840 2158 887 autem

587 927 777 995 plenus
818 924 1024 977 dierum
1070 922 1124 976 in
1170 921 1457 975 sanctitate
1502 933 1827 989 permanens
1883 934 1969 973 xv:
2030 918 2153 973 Kal.

590 1018 864 1087 Septemb.
892 1024 944 1070 et
963 1013 1285 1083 coniunctus
1313 1022 1399 1067 est
1428 1010 1703 1080 sepultura
1731 1011 1930 1081 sanctis
1950 1010 2159 1079 praede-

589 1106 894 1161 cessoribus
933 1103 1046 1158 suis
1073 1102 1128 1157 in
1158 1100 1380 1157 basilica
1406 1101 1578 1155 sancti
1614 1098 1867 1155 Germani
1900 1098 2158 1168 episcopi.

587 1199 710 1252 Fuit
760 1196 952 1252 civitas
997 1196 1115 1250 sine
1154 1194 1406 1265 episcopo
1433 1209 1575 1249 anno
1617 1208 1744 1260 uno,
1790 1192 2061 1247 mensibus
2102 1190 2159 1257 2,

586 1289 775 1345 diebus
804 1287 889 1344 10.

937 1371 1067 1433 CAP.
1108 1375 1268 1431 XVII.
1307 1406 1376 1417 -—-
1411 1376 1485 1431 De
1525 1374 1783 1431 Romano.

660 1474 933 1528 Romanus
955 1470 1096 1525 sedit
1118 1485 1288 1525 annos
1310 1471 1363 1534 '5,
1389 1470 1505 1524 dies
1529 1470 1581 1523 4.
1607 1468 1706 1523 llic
1728 1469 1881 1524 bonis
1911 1468 2164 1537 operibus

589 1563 890 1634 gloriosus,
931 1568 993 1614 ut
1034 1558 1236 1624 fertur,
1287 1559 1563 1616 decisione
1611 1560 1805 1628 capitis
1846 1560 2161 1630 martyrium

591 1652 1003 1714 consummavit,
1036 1649 1208 1719 pridie
1239 1649 1511 1704 Nonarum
1528 1650 1719 1706 Octob.
1744 1661 1798 1706 et
1823 1650 2062 1719 sepultus
2083 1658 2165 1704 est

587 1744 739 1813 juxta
764 1742 1194 1811 prtedeeessores
1218 1755 1343 1794 suos
1368 1740 1419 1794 in
1449 1738 1672 1795 basilica
1706 1740 1877 1794 sancti
1906 1738 2160 1793 Germani

590 1832 861 1904 episcopi;
897 1830 1202 1886 fuitautem
1240 1828 1573 1900 temporibus
1612 1830 1904 1901 supradicti
1944 1829 2166 1885 Joannis

591 1943 742 1999 papae
765 1941 936 1995 usque
964 1926 1030 1979 ad
1056 1925 1428 1989 Benedictum,
1468 1926 1766 1995 imperante
1804 1923 2018 1979 Iustino
2061 1924 2163 1977 tui-

592 2032 748 2072 nore.
781 2015 905 2070 Fuit
926 2014 1117 2070 civitas
1140 2013 1259 2068 sine
1289 2013 1544 2084 episcopo
1568 2014 1846 2068 mensibus
1884 2026 1998 2075 sex,
2046 2011 2164 2067 die-

593 2109 694 2164 bus
726 2121 840 2163 sex.

936 2182 1066 2249 CAP.
1106 2193 1291 2248 XVIII.
1328 2224 1396 2234 —
1444 2193 1520 2248 De
1557 2193 1822 2249 ᾹΞΙΙιει-ἱο.

664 2280 943 2343 Etherius
968 2286 1111 2341 sedit
1138 2302 1309 2341 annos
1337 2302 1551 2351 novem,
1578 2301 1795 2342 menses
1839 2285 1905 2351 6;
1938 2276 2073 2340 obiit
2115 2300 2167 2339 vr

592 2376 710 2436 Kal.
739 2380 1030 2451 Augustas,
1056 2389 1112 2445 et
1134 2378 1375 2448 sepultus
1394 2387 1479 2433 est
1509 2379 1564 2432 in
1611 2378 1834 2433 basilica
1858 2378 2002 2432 beati
2039 2366 2168 2431 Ger-

593 2472 761 2528 mani.
791 2472 917 2526 Fuit
938 2471 1081 2526 enim
1116 2472 1447 2539 temporibus
1473 2470 1750 2525 Benedicti
1793 2486 1966 2539 papm,
1993 2472 2167 2539 impe-

591 2571 747 2618 tante
794 2561 1010 2618 Tiberio
1042 2560 1415 2616 Constantino.
1460 2557 1585 2614 Fuit
1631 2560 1824 2615 civitas
1855 2562 1972 2615 sine
1997 2561 2165 2629 cpisc.

590 2654 706 2709 dies
727 2652 781 2707 4.

928 2736 1092 2801 ν-ΕΑΡ.
1132 2740 1274 2797 XIX.
1310 2772 1382 2783 —
1424 2741 1499 2797 De
1536 2741 1794 2795 Aunario.

663 2833 954 2899 Aunarius,
983 2832 1201 2887 natione
1224 2831 1649 2897 Aurelianensis,
1666 2848 1731 2887 ex
1757 2841 1910 2902 patre
1922 2823 2165 2898 Pastore,

594 2933 769 2979 matre
791 2922 1096 2995 Ragnoara,
1121 2923 1258 2977 sedit
1285 2938 1457 2977 annos
1484 2922 1576 2988 45,
1599 2938 1809 2978 menses
1840 2923 2056 2986 lO,‘dies
2075 2923 2164 2979 20.

595 3000 899 3086 lmperante
932 3014 1188 3069 Mauricio
1231 3015 1318 3069 hic
1365 3014 1711 3069 beatissimus
1751 3014 1994 3082 pontifex
2045 3029 2168 3068 cum

597 3113 901 3160 moraretur
943 3103 1254 3161 adolescens
1303 3104 1354 3158 in
1386 3104 1587 3173 palatio
1624 3104 1825 3158 domini
1868 3103 2166 3159 Gontranni

596 3196 760 3265 regis,
790 3203 907 3249 erat
924 3195 1066 3247 enim
1098 3209 1295 3263 genere
1322 3194 1709 3260 nobilissimus,
1738 3195 1968 3264 Spiritus
1998 3198 2165 3252 sancti

596 3285 768 3356 gratia
798 3284 1008 3339 alllalus
1030 3284 1247 3354 reliquit
1272 3300 1493 3356 regnum
1516 3294 1818 3352 terrenum,
1848 3297 1906 3339 ut
1930 3288 1983 3341 in
2008 3303 2170 3359 regno

597 3373 803 3429 ctriesti
826 3390 947 3429 cum
962 3384 1165 3430 :eterno
1192 3390 1317 3445 rege
1345 3386 1587 3430 maneret
1612 3394 1623 3429 :
1655 3385 1782 3431 tunc
1811 3378 2172 3434 nescientibus

596 3463 912 3534 parentibus
944 3464 1057 3518 suis
1086 3462 1412 3519 Turonicam
1463 3464 1737 3520 civitatem
1789 3467 1923 3521 adiit
1963 3469 2171 3525 duobus

598 3560 781 3609 Secum
834 3548 1015 3623 pueris
1061 3554 1481 3620 comitantibus,
1526 3556 1706 3625 ibique
1753 3556 1820 3611 ad
1865 3557 2171 3627 sepulcrum

598 3644 773 3699 sancti
806 3640 1025 3699 Martini
1053 3645 1245 3698 ductus
1270 3660 1456 3700 amore
1503 3645 1596 3701 Dei
1626 3664 1834 3703 comam
1863 3652 2057 3719 capitis
2082 3652 2174 3706 de-

595 3735 778 3804 posuit
806 3753 819 3788 :
843 3735 1037 3791 exinde
1051 3744 1297 3790 sanctum
1322 3737 1604 3809 Syagrium
1633 3741 2171 3811 Augustoduneusem

596 3828 906 3898 episc0pum
932 3828 1116 3897 petiit,
1148 3829 1237 3897 qui
1272 3837 1399 3885 tunc
1447 3832 1496 3884 in
1531 3831 1625 3886 Dei
1673 3834 1833 3888 rebus
1873 3836 2174 3905 przecipuus

597 3918 934 3985 habebatur,
968 3934 1129 3989 quem
1158 3920 1271 3989 ipse
1302 3923 1470 3976 ιιὶιιιίο
1513 3939 1636 3978 cum
1667 3940 1853 3980 amore
1877 3926 2176 3995 suscipiens

600 4019 752 4065 tanta
782 4024 906 4064 eum
936 4010 1239 4065 eruditione
1281 4021 1334 4065 et
1372 4012 1653 4081 disciplina
1703 4013 1961 4068 instruxit
2009 4025 2069 4068 ut
2099 4015 2177 4070 vi-

599 4110 719 4156 tum
774 4101 999 4156 decebat
1041 4102 1415 4170 apostolicum.
1467 4104 1656 4159 Divina
1701 4106 1863 4176 igitur
1897 4108 2070 4179 gratia
2100 4109 2177 4164 fa-

600 4199 791 4253 vente,
822 4191 1197 4244 crescentibus
1226 4193 1454 4257 meritis,
1483 4191 1687 4263 Spiritu
1720 4206 1912 4250 sancto
1941 4193 2179 4266 repletus

602 4278 855 4334 Ecclesiae
880 4278 1337 4336 Autissiodol‘ensi
1380 4284 1729 4337 constituitur
1757 4285 2029 4355 pontifex;
2080 4290 2181 4344 ibi-

602 4385 707 4440 que
751 4370 866 4440 ipsa
896 4370 983 4425 die
1023 4368 1331 4427 festivitatis
1379 4373 1676 4428 beatissimi
1716 4376 1971 4431 Germani
2001 4377 2177 4447 pridie

2267 554 2495 624 populus
2521 570 2647 625 erga
2670 556 2873 610 cultum
2904 556 2997 610 Dei
3029 554 3270 617 ardebat,
3297 554 3399 607 Deo
3424 569 3515 623 per
3541 553 3694 625 ipsum
3716 560 3776 614 fa-

2261 645 2439 700 ciente
2467 646 2749 712 miracula,
2787 661 2948 717 quem
2973 647 3138 701 tantis
3166 662 3229 700 ac
3265 645 3453 699 talibus
3478 646 3712 702 ditaverat
3734 659 3777 703 et

2262 735 2626 792 illustraverat
2651 738 2721 792 vit
2736 739 2960 793 tutibus.
3010 737 3217 804 Quibus
3242 737 3401 805 igitur
3419 737 3671 793 miraculis
3691 740 3778 796 cla-

2263 832 2453 896 ruerit,
2481 832 2743 901 cujusque
2765 832 2948 903 gloriae
2988 832 3042 886 iu
3065 830 3283 886 Christo
3306 829 3489 894 fuerit,
3514 829 3701 885 libellus
3726 832 3778 888 de

2261 923 2373 977 vita
2403 924 2570 993 ipsius
2599 925 2778 979 editus
2824 925 2965 981 scire
3019 920 3358 991 cupientibus
3396 920 3595 988 plenius
3641 921 3780 975 maui-

2263 1012 2446 1067 festat.
2476 1012 2729 1083 Legimus
2756 1028 2990 1083 namque
3022 1012 3076 1066 in
3108 1010 3346 1079 antiquis
3371 1010 3649 1065 canonibus
3666 1010 3781 1064 hunc

2260 1101 2634 1157 beatissimum
2654 1102 2938 1172 prmsulem
2961 1099 3272 1157 interfuisse
3284 1098 3576 1154 Matiscensi
3595 1098 3780 1168 synodo,

2263 1208 2382 1261 qua:
2429 1193 2608 1248 habita
2646 1201 2732 1248 est
2774 1208 2918 1248 anno
2965 1191 3035 1246 24
3074 1190 3224 1261 regni
3277 1189 3475 1246 domini
3520 1188 3781 1245 Guutraaui

2264 1288 2635 1359 gloriosissimi
2683 1288 2848 1359 regis,
2882 1285 3244 1341 residentibus
3290 1284 3343 1337 in
3366 1282 3549 1338 eodem
3589 1281 3781 1337 concilio

2270 1379 2674 1434 venerabilibus
2718 1376 3142 1447 archiepiscopis
3170 1415 3186 1439 ,
3229 1373 3414 1428 Prisco
3450 1368 3782 1441 Lugdunensi,

2270 1470 2494 1525 Evantio
2529 1469 2836 1533 Viennensi,
2870 1469 3194 1522 Praetextato
3216 1462 3615 1533 Rutomagensi,
3637 1461 3786 1516 Berte-

2267 1562 2925 1632 chrannoBurdegalensi,
2949 1560 3192 1615 Artemio
3216 1555 3577 1618 Senonicensi,
3600 1552 3786 1622 Sulpitio

2268 1654 2623 1716 Bituriccnsi,
2682 1644 2910 1722 Syagrio
2962 1644 3476 1719 Augustodunensi,
3525 1658 3638 1698 cum
3693 1639 3787 1694 aliis

2271 1745 2715 1815 quampluribus:
2747 1744 2800 1798 in
2847 1758 2954 1812 qua
3002 1740 3240 1810 synodo,
3269 1737 3430 1792 multa
3473 1750 3587 1804 qua:
3611 1730 3786 1786 utilitati

2270 1845 2469 1892 sanctae
2526 1836 2718 1889 matris
2764 1833 3018 1888 Ecclesiae
3044 1829 3404 1891 conveniunt,
3433 1832 3606 1894 utpote
3648 1830 3789 1876 tantos

2266 1943 2332 1982 ac
2355 1926 2487 1981 tales
2504 1925 2729 1980 decebat
2752 1924 2894 1977 viros
2912 1927 3310 1991 pertractantes
3331 1916 3588 1985 pnecipua
3606 1922 3789 1982 qumque

2266 2020 2458 2092 viginti
2483 2018 2734 2090 capitulis
2756 2016 3212 2086 perstrinxerunt.
3246 2008 3507 2066 Similiter
3534 2003 3790 2060 invenimus

2267 2110 2581 2166 interfuisse
2613 2109 2864 2163 eumdem
2910 2116 3160 2161 sanctum
3208 2102 3387 2156 virum
3421 2096 3572 2154 alteri
3594 2093 3790 2166 synodo,

2267 2215 2386 2269 qua:
2402 2199 2541 2270 apud
2570 2198 2818 2253 eamdem
2835 2196 3022 2252 urbem
3049 2194 3325 2249 celebrata
3341 2197 3505 2246 estex
3529 2183 3791 2243 evocatione

2268 2290 2506 2361 ejusdem
2543 2289 2835 2359 principis,
2868 2289 2936 2342 ab
2967 2286 3157 2342 iisdem
3190 2279 3586 2364 venerabilibus
3626 2274 3793 2344 episco-

2268 2381 2392 2450 pis,
2452 2379 2543 2435 ubi
2587 2378 2754 2434 etiam
2808 2378 3035 2433 honesta
3085 2387 3318 2443 quaeque
3363 2378 3522 2439 atque
3555 2365 3793 2447 utilissima

2269 2481 2469 2526 sanctae
2498 2470 2591 2525 Dei
2624 2469 2881 2525 Ecclesia:
2910 2474 3347 2538 pertractantes,
3381 2461 3601 2518 maxima
3627 2472 3734 2512 vero
3754 2456 3793 2507 in

2269 2564 2569 2620 octodecim
2601 2560 2853 2631 capitulis
2883 2559 3204 2615 diviserunt.
3239 2555 3469 2610 Exstant
3494 2563 3689 2623 quoque
3708 2546 3794 2623 epi-

2270 2650 2424 2707 stola:
2460 2648 2663 2716 Pelagii
2694 2663 2845 2718 papa:
2871 2647 2939 2701 ad
2974 2646 3226 2700 eumdem
3251 2642 3617 2703 beatissinmm
3654 2633 3794 2717 ponti-

2272 2742 2447 2805 ficem,
2473 2755 2702 2809 quarum
2726 2753 2889 2792 unam
2920 2737 3086 2791 nimia
3122 2742 3392 2791 vetustate
3430 2731 3708 2790 fuseatam,
3742 2724 3794 2777 ab

2276 2831 2604 2887 authenticis
2636 2820 2894 2885 librorum
2921 2840 3267 2897 nequaquam
3299 2823 3527 2895 pleniter
3552 2817 3795 2881 extrahere

2271 2923 2562 2987 valuimus,
2609 2921 2836 2975 alteram
2858 2934 2987 2974 vero
3018 2918 3144 2974 huic
3183 2917 3340 2987 operi
3382 2910 3702 2970 inserendam
3739 2902 3797 2958 ii-

2272 3026 2433 3084 gnum
2461 3010 2731 3066 duximus.

2276 3119 2560 3192 Exemplar
2600 3117 3145 3192 litterarumiPelajqii
3190 3134 3342 3187 papa:
3373 3116 3513 3192 urbis
3539 3113 3697 3168 Romae
3742 3106 3795 3160 ad

2479 3190 2771 3244 Aunarium
2801 3189 3310 3243 Autissiodorensem
3336 3188 3638 3255 episcopum.

2351 3300 2368 3332 ‹
2402 3280 2765 3336 Dilectissimo
2810 3277 2969 3332 fratri
2997 3278 3239 3332 Aunario
3276 3275 3543 3347 Pelagius.
3571 3271 3809 3338 Quantum

2274 3377 2384 3431 Deo
2413 3373 2639 3444 placitos
2661 3370 2805 3426 sedis
2833 3370 3147 3440 apostolicae
3169 3368 3520 3424 veneratione
3547 3379 3635 3419 vos
3660 3359 3800 3429 reddi-

2274 3469 2364 3532 tis,
2394 3476 2542 3521 tanto
2568 3464 2964 3521 commodatior
2983 3462 3081 3528 illi,
3112 3461 3267 3532 cujus
3297 3462 3451 3517 sedes
3471 3468 3570 3524 est,
3590 3456 3642 3509 fit
3660 3461 3799 3508 vestra

2281 3561 2480 3616 ﬁducia
2513 3559 2800 3614 charitatis
2821 3597 2837 3623 ,
2887 3571 2989 3611 nec
3036 3554 3195 3609 aliter
3225 3568 3391 3607 unam
3436 3550 3695 3616 solamque
3728 3539 3800 3594 Dei

2274 3652 2599 3707 confitemur
2622 3649 2951 3710 Ecclesiam,
2995 3646 3101 3700 nisi
3139 3659 3333 3700 omnes
3362 3644 3427 3698 ad
3461 3650 3658 3713 petram
3678 3640 3801 3701 super

2274 3760 2436 3816 quam
2464 3742 2684 3798 fundata
2712 3749 2798 3796 est
2821 3739 2953 3795 fides
2984 3736 3253 3794 catholica
3278 3745 3653 3816 construamur
3676 3745 3687 3781 :
3708 3739 3803 3796 pw-

2275 3815 2395 3909 pter
2418 3836 2561 3906 quod
2592 3832 2896 3890 dilectionis
2916 3840 3020 3887 tua:
3033 3815 3320 3887 desideriis
3332 3826 3591 3899 successit
3603 3821 3802 3878 effectus.

2278 3937 2331 3982 et
2358 3927 2523 3991 celer,
2558 3934 2613 3980 et
2638 3925 2832 3990 facilis,
2862 3924 2987 3995 quia
3019 3938 3211 3980 eorum
3253 3917 3565 3976 sanctuaria
3593 3922 3803 3985 quaerun-

2285 4020 2393 4081 tur,
2425 4032 2456 4070 a
2486 4002 2680 4085 quibus
2710 4014 3044 4085 principibus
3067 4013 3298 4081 sumpsit
3327 4006 3627 4080 praedicatio
3649 3998 3807 4083 verita-

2282 4112 2351 4166 tis
2380 4109 2682 4165 exordium.
2710 4106 2863 4174 Quod
2890 4120 3018 4161 vero
3045 4106 3097 4160 in
3128 4103 3327 4159 vestris
3352 4088 3650 4172 regionibus
3675 4090 3807 4146 abun-

2281 4204 2409 4261 dare
2439 4200 2689 4256 indicatis
2710 4197 2984 4253 Ecclesias
3010 4211 3196 4261 novas,
3228 4193 3586 4265 'gratulanter
3624 4180 3810 4248 suscipi-

2282 4306 2420 4358 ntus,
2441 4302 2619 4346 tamen
2647 4290 2693 4343 si
2721 4289 2960 4344 scienter
2984 4295 3239 4358 expetere
3261 4284 3499 4340 studium
3529 4272 3810 4351 prophetica:

2282 4381 2430 4436 vocis
2483 4377 2867 4449 amplecteris,
2918 4375 3146 4446 quaerite
3206 4372 3400 4428 faciem
3455 4371 3569 4442 ejus
3618 4373 3809 4449 semper.

604 4460 724 4515 Kal.
750 4460 1117 4530 Augustarum
1145 4461 1199 4515 in
1228 4463 1416 4517 eadem
1442 4464 1664 4519 basilica
1687 4446 2028 4536 episc0patus
2054 4481 2168 4524 sus-
2208 4495 2254 4553 ι)
2283 4466 2550 4535 Quantum
2568 4446 2800 4535 namque
2815 4465 3067 4518 humanis
3089 4446 3813 4553 intellectibuslncarnationis

603 4553 811 4623 cipiens
855 4552 1122 4617 ofﬁcium,
1170 4554 1366 4609 merito
1414 4568 1536 4610 cum
1594 4557 1883 4613 sanctitate
1928 4557 2213 4615 ﬂarebat.‘

606 4642 705 4698 Ilic
744 4642 929 4696 habuit
968 4640 1192 4697 fratrem
1235 4658 1552 4713 germanum
1588 4644 1917 4702 Austrenum
1960 4650 2177 4704 nomine

604 4730 1016 4785 Aurelianorum
1036 4730 1365 4799 pontificem,
1392 4743 1639 4802 nepotem
1665 4748 1878 4805 quoque
1901 4753 1966 4791 ex
1992 4753 2178 4793 sorore

605 4822 740 4891 Agia
770 4819 978 4889 Lupum
1024 4821 1201 4875 virum
1250 4812 1650 4880 sanctissimum
1683 4825 1957 4881 Senonum
2001 4830 2178 4884 archi-

607 4912 913 4982 episcopum
944 4912 1221 4967 miraculis
1263 4924 1658 4971 coruscantem.
1713 4917 1810 4971 llic
1836 4918 2017 4987 itaque
2051 4934 2177 4974 san-

610 5012 731 5058 ctus
756 5001 842 5057 vir
877 5005 1146 5058 Aunarius
1181 5003 1293 5072 jam
1342 5006 1514 5062 factus
1547 5006 1833 5079 epiSCOpus
1880 5013 2046 5082 coepit
2078 5014 2186 5066 vir-

611 5092 814 5147 tutibus
835 5091 1044 5159 florere,
1072 5100 1127 5147 et
1148 5094 1421 5151 miraculis
1450 5092 1844 5152 coruscare.Et
1867 5101 1995 5168 quid
2008 5101 2182 5157 dicant

611 5185 678 5240 de
701 5184 842 5239 illius
868 5184 1136 5251 doctrina,
1169 5186 1346 5256 qualis
1372 5203 1526 5243 amor
1556 5190 1608 5242 in
1639 5188 1879 5256 civibus,
1924 5209 2044 5263 qua:
2066 5194 2185 5249 dilia

610 5277 792 5346 gentia
823 5276 875 5330 in
899 5276 1131 5343 clericis,
1164 5279 1216 5331 in
1246 5279 1567 5349 pauperibus
1587 5295 1748 5349 quam
1775 5281 1946 5338 fidelis
1973 5285 2182 5354 dispen-

612 5380 782 5437 sator,
815 5382 975 5439 quam
1027 5385 1217 5441 magna
1239 5387 1369 5427 cura
1419 5371 1580 5427 fuerit
1618 5373 1691 5426 illi
1726 5374 1779 5428 in
1826 5376 2048 5442 sanctis,
2077 5394 2181 5430 non

612 5470 789 5531 potest
821 5462 1063 5516 mortalis
1088 5461 1266 5532 lingua
1293 5478 1643 5533 percurrere;
1669 5466 1948 5520 eratenim
1970 5468 2021 5521 in
2053 5467 2187 5523 facie

614 5552 758 5608 illius
772 5554 1009 5625 angelica
1042 5556 1196 5622 visio,
1232 5556 1283 5610 in
1312 5572 1562 5613 sermone
1584 5559 1792 5614 erudita
1817 5560 2101 5629 expositio,
2135 5562 2185 5615 in

615 5645 1013 5713 dispensatione
1038 5647 1344 5719 largissima
1382 5650 1733 5707 humanitatis
1759 5653 1952 5724 gratia,
1984 5652 2187 5709 reficie-

616 5733 708 5789 bat
734 5736 961 5809 eloquiis
984 5737 1253 5798 melliﬂuis
1272 5755 1479 5812 omnes,
1515 5742 1625 5799 sale
1648 5758 1775 5800 vero
1788 5743 2187 5816 praedicationis

2286 4558 2496 4612 Domini
2522 4558 2695 4611 nostri
2723 4555 2926 4610 veritas
2950 4554 3214 4624 aperitur,
3251 4560 3406 4607 tanto
3429 4548 3650 4619 amplius
3673 4551 3719 4597 et
3739 4540 3814 4593 ho-

2286 4657 2511 4705 noratur
2532 4657 2585 4703 et
2612 4646 2827 4702 colitur.
2872 4645 3027 4700 Sicut
3072 4653 3252 4698 autem
3286 4659 3385 4699 vos
3415 4641 3608 4712 cupitis
3628 4638 3725 4692 Deo
3742 4642 3815 4685 ηο-

2285 4743 2413 4797 stris
2440 4741 2778 4796 orationibus
2805 4736 3197 4800 commendari,
3236 4751 3333 4793 vos
3354 4734 3516 4790 etiam
3540 4728 3725 4787 nostris
3748 4734 3816 4775 ne-

2287 4830 2629 4887 Cessitalibus
2669 4834 2723 4883 et
2753 4824 3046 4897 angustiis,
3088 4826 3287 4897 quibus
3313 4822 3694 4881 incessabiliter
3717 4824 3818 4868 one-

2287 4938 2510 4987 ramur,
2562 4917 2968 4976 intercessionis
3036 4918 3350 4972 continuum
3414 4916 3551 4972 ferte
3607 4904 3818 4966 solatium

2289 5022 2526 5077 orantes,
2557 5020 2612 5065 ct
2640 5009 3047 5079 quibuscunque
3077 5007 3269 5062 valetis
3308 5006 3513 5061 viribus
3543 5002 3594 5058 id
3613 5005 3817 5070 agentes.

2288 5110 2554 5173 quatenus
2578 5099 2716 5154 sicut
2748 5097 3114 5167 prmdicationi
3165 5095 3309 5151 sedis
3340 5094 3637 5167 apostolica?
3661 5096 3819 5175 (ξοπιεοῇ

2289 5192 2449 5257 natis,
2480 5192 2550 5243 ita
2579 5191 2698 5261 ejus
2724 5186 2843 5259 paci
2873 5198 3055 5243 vestra
3096 5187 3406 5258 impetratio
3436 5181 3747 5254 congaudeat
3777 5178 3820 5225 et

2287 5286 2472 5355 quieti.
2506 5283 2645 5337 Deus
2674 5291 2726 5338 te
2767 5276 3075 5337 incolumen
3122 5278 3415 5345 custodiat,
3452 5276 3616 5332 frater
3645 5265 3819 5327 charis-

2290 5377 2443 5431 Sime.
2479 5374 2669 5428 Datum
2710 5372 2882 5443 pridie
2932 5369 3156 5424 Kalend.
3199 5367 3612 5430 Novembrium,
3660 5361 3815 5427 imper.

2290 5469 2433 5523 dom.
2468 5467 2719 5521 Mauritio
2740 5457 2989 5531 Tiberio,
3021 5464 3149 5533 imp.
3177 5462 3424 5534 Augusto
3463 5473 3599 5515 anno
3624 5455 3682 5518 5,
3707 5444 3817 5505 ἰιιόίέ

2289 5564 2467 5618 ctione
2491 5563 2702 5633 quinta.
2735 5580 2754 5613 ι

2358 5653 2625 5709 Caeterum
2655 5652 2795 5707 idem
2824 5649 3173 5707 beatissimus
3197 5648 3442 5722 pontifex
3472 5644 3687 5718 plurima
3709 5645 3816 5729 emt"

2289 5746 2464 5803 stituit
2492 5746 2545 5805 in
2576 5741 2816 5801 Ecclesia
2844 5740 3303 5801 Antissiodorensi
3328 5781 3346 5813 ,
3385 5742 3523 5799 sicut
3547 5737 3598 5793 in
3622 5727 3819 5791 antitttl“
