3918 6316
172 374 268 428 233

1011 407 1015 412 ·
1051 384 1138 441 DE
1177 386 1424 446 CESTlS
1464 391 1676 448 EPISC.
1716 393 2098 455 ANTISSIOD.
2135 430 2208 443 -—-
2235 402 2415 459 PARS
2451 404 2492 460 l.

3302 419 3410 477 2'54

169 487 447 545 canonibus
475 491 762 561 reperitur,
784 510 904 566 quae
931 503 984 551 ut
1012 500 1284 569 praecipuo
1306 503 1731 563 observarentur
1759 493 1810 553 Α
1908 509 2026 566 Hoc
2044 523 2118 567 est
2147 531 2180 567 a
2217 516 2301 570 die
2341 531 2522 574 sancto
2550 520 2774 580 Pascha:
2827 545 2988 600 usque
3036 532 3106 584 ad
3144 532 3416 593 Kalendas

169 579 352 649 vigore,
395 582 618 638 consilio
647 594 704 640 et
737 587 1064 645 auctoritate
1096 590 1732 653 Christianissimi'Gun-

167 670 328 724 tranni
354 672 496 742 regis
524 688 865 747 summopere
891 681 1184 736 roboravit.
1228 682 1362 739 Nam
1395 685 1462 741 ad
1506 688 1730 744 tutelam

166 761 327 832 gregis
352 763 454 818 sibi
480 779 511 818 a
538 764 761 823 Domino
782 772 1082 840 commissi,
1121 777 1404 847 prmeepit,
1444 788 1505 834 ut
1532 788 1640 834 tam
1670 781 1724 836 in

165 849 364 906 civitate
391 852 888 929 Antissiodorensi,
917 877 1080 932 quam
1117 881 1216 934 per
1239 869 1530 937 parochias
1558 870 1727 941 ipsius

163 942 269 1011 pagi
301 943 412 998 haec
441 945 634 1004 debeat
663 949 936 1008 institutio
956 956 1241 1013 custodiri.

162 1051 326 1111 Prima
354 1057 441 1114 die
469 1057 598 1116 Kal.
633 1061 866 1146 Jan-nar.
894 1068 1080 1146 civitas
1105 1087 1246 1146 _cum
1287 1070 1426 1127 clero
1454 1082 1501 1128 et
1536 1075 1727 1146 populo

672 1139 968 1208 rogationes
1007 1141 1196 1210 faciat.

311 1219 345 1273 2
377 1221 489 1289 die,
529 1222 867 1296 Epponiacus
906 1240 954 1286 et
1004 1230 1265 1288 Vendosa.

307 1313 340 1366 ’5
372 1314 482 1381 die,
523 1316 824 1390 Gaugiacus
862 1333 910 1376 et
949 1323 1298 1381 Nautriacus.

309 1402 344 1455 4
381 1404 488 1470 die,
530 1405 810 1466 Corcuicus
848 1430 967 1468 cum
1004 1414 1142 1470 clero
1179 1429 1225 1470 et
1260 1419 1474 1490 populo.

306 1495 340 1549 5
376 1497 485 1564 die,
527 1497 766 1557 Bacerna
805 1515 852 1558 et
891 1508 1201 1563 Accolacus.

302 1587 336 1642 6
371 1590 478 1656 die,
517 1591 812 1652 Matriacus
851 1615 970 1652 cum
1010 1601 1142 1654 suis.

304 1677 334 1730 7
360 1679 477 1746 die,
523 1682 878 1744 Curccdomus
915 1704 1035 1745 cum
1074 1692 1203 1746 suis.

301 1768 334 1824 8
371 1771 482 1837 die,
528 1773 726 1846 Drogia
767 1796 886 1835 cum
923 1783 1054 1836 suis.

301 1859 334 1916 9
371 1863 478 1928 die,
536 1865 823 1930 Varciacus
861 1891 980 1929 cum
1014 1878 1146 1932 suis.

272 1951 334 2006 10
367 1957 481 2023 die,
528 1957 962 2022 Columbariacus
997 1986 1118 2023 cum
1157 1973 1288 2026 suis.

276 2046 331 2100 ll
375 2050 489 2116 die,
532 2052 759 2125 Campus
793 2057 1020 2115 Lametii
1058 2078 1176 2116 cum
1214 2066 1344 2120 suis.

273 2134 337 2191 l2
371 2140 488 2205 die,
527 2140 821 2214 Bargiacus
859 2165 978 2204 cum
1011 2153 1142 2206 suis.

264 2228 328 2283 13
362 2230 474 2296 die,
520 2233 858 2294 Domiciacus
897 2257 1018 2297 cum
1055 2244 1187 2299 suis.

262 2318 326 2373 ﬂ
361 2322 471 2389 die,
507 2323 751 2384 Soliaous
775 2349 892 2386 cum
922 2337 1050 2390 suis.

266 2407 329 2466 13
365 2416 480 2482 die,
513 2417 728 2476 Massua
759 2441 879 2480 cum
898 2431 1030 2483 suis.

262 2502 326 2558 16
361 2507 477 2574 die,
514 2507 753 2567 Candida
781 2533 900 2570 cum
930 2518 1238 2592 Draptiaco.

263 2597 324 2651 17
361 2600 472 2665 die,
511 2600 786 2662 Eliniacus
809 2626 925 2665 cum
959 2614 1094 2668 suis.

260 2689 322 2744 18
360 2692 473 2757 die,
506 2692 690 2750 Novus
729 2697 884 2755 Vicus
919 2719 1037 2758 cum
1071 2707 1201 2761 suis.

260 2781 320 2834 19
353 2785 470 2858 die,
502 2785 791 2845 Brioderus
819 2807 939 2848 cum
971 2796 1103 2852 suis.

255 2873 322 2928 2O
355 2859 474 2941 die,
500 2874 714 2935 Ciemus
753 2900 870 2937 cum
896 2887 1030 2942 suis.

256 2963 312 3019 2i
354 2968 473 3035 die,
510 2968 785 3030 Blanoilus
815 2993 933 3030 cum
963 2980 1095 3034 suis.

255 3058 321 3114 22
358 3063 475 3126 die,
495 3060 834 3122 Cassiniacus
852 3069 1210 3130 Nantiniacus
1239 3095 1354 3134 cunt
1378 3081 1508 3138 cella
1536 3086 1708 3140 Saleii

317 3163 362 3207 et
394 3153 605 3211 Mauri.

248 3241 316 3296 25
351 3244 468 3308 die,
497 3242 765 3328 Laoderus
794 3262 909 3308 cum
945 3256 1076 3310 suis.

248 3333 314 3386 24
351 3337 468 3401 die,
504 3335 769 3397 Vitriacus
789 3355 837 3399 et
860 3345 1137 3404 Arcucius.

245 3424 313 3480 25
345 3428 464 3492 die,
493 3427 778 3501 Balgiacus
803 3429 921 3491 cum
949 3442 1080 3496 suis.

247 3515 314 3572 26
349 3519 467 3584 die,
501 3519 796 3581 Interranis
827 3545 946 3583 cum
975 3533 1107 3586 suis.

245 3607 313 3662 27
350 3611 465 3676 die,
498 3611 792 3672 Tauriacus
819 3636 937 3674 cum
973 3625 1104 3680 suis.

243 3697 310 3752 28
343 3701 460 3766 die,
481 3702 826 3764 Liccadiacus
847 3727 969 3780 cun;
1004 3715 1137 3771 suis.

245 3787 310 3843 29
345 3792 463 3856 die,
497 3791 814 3852 Pulverenus
844 3816 959 3855 cum
991 3804 1122 3859 suis.

243 3881 308 3935 50
341 3883 456 3948 die,
492 3884 681 3942 Odona
705 3905 823 3945 cum
854 3895 985 3949 suis.

183 3969 301 4028 ltetn
343 3978 640 4034 constituit
683 3993 742 4037 ut
771 3997 868 4052 per
901 3988 1182 4047 duodecim
1223 3999 1491 4056 mensium
1519 4007 1695 4075 capita

129 4058 183 4113 ita
214 4067 407 4122 ezedem
438 4068 992 4134 celebrenturlitanite
1015 4098 1030 4135 :

184 4151 430 4212 Kalendis
459 4157 732 4229 Januarii,
757 4165 979 4224 basilica
1010 4171 1212 4230 domini
1239 4175 1522 4249 Germani;

182 4244 429 4305 Kalendis
457 4249 752 4321 Februarii,
781 4257 997 4315 basilica
1020 4262 1220 4320 domini
1242 4244 1540 4339 Amatoris;

183 4337 430 4399 Kalendis
457 4344 660 4414 Martii,
686 4353 1059 4408 monasterium
1083 4355 1282 4413 domini
1307 4360 1572 4430 Mariani;

180 4428 431 4491 Kalendis
454 4437 668 4506 Aprilis,
708 4442 928 4498 basilica
954 4449 1126 4502 sancti
1151 4449 1296 4506 Petri
1323 4428 1582 4524 apostoli;

182 4517 429 4579 Kalendis
456 4525 610 4594 Maii,
634 4529 850 4587 basilica
875 4534 1074 4592 domini
1114 4517 1382 4599 Valeriani
1408 4556 1454 4600 et
1499 4517 1686 4605 mona-

124 4615 313 4670 sterium
359 4616 595 4689 Val/ini;

185 4701 428 4762 Kalendis
446 4707 622 4778 Junii,
646 4713 864 4770 basilica
883 4717 1084 4776 domini
1117 4721 1370 4791 Martini;

185 4791 426 4854 Kalendis
443 4799 600 4868 Julii,
631 4804 848 4860 basilica
875 4808 1072 4865 domini
1102 4811 1344 4879 Iuliani;

180 4880 426 4942 Kalendis
464 4893 710 4962 Augusti,
751 4902 1128 4956 monasterium
1172 4903 1559 4966 Decimiacense
1610 4913 1680 4968 ad

123 4983 334 5030 sanctum
365 4976 597 5036 Ciricum
619 4999 638 5048 ;

180 5060 426 5123 Kalendis
453 5068 792 5142 Septembris,
824 5083 1198 5137 monasterium
1230 5083 1614 5148 Fontanetense
1631 5109 1651 5159 ;

179 5148 422 5214 Kalendis
461 5158 700 5221 Octobris
728 5171 1104 5228 monasterium
1132 5172 1390 5234 Coacense
1433 5183 1504 5235 ad
1545 5181 1682 5239 San-

124 5249 212 5296 clos
231 5262 249 5310 ;
821 5245 825 5249 ’

181 5331 419 5396 Kalendis
452 5341 782 5412 Novembris,
813 5355 1185 5412 monasterium
1213 5357 1568 5432 Saﬁacense:

181 5423 415 5488 Kalendis
443 5434 760 5505 Decembris,
788 5447 1164 5501 monasterium
1193 5449 1565 5514 Manuacense.

180 5513 385 5578 (laeteris
411 5541 544 5580 vero
574 5527 762 5585 diebus
789 5533 1054 5591 mensium
1088 5548 1146 5592 ut
1170 5553 1330 5609 supra
1356 5559 1370 5605 ;
1404 5546 1521 5613 pari
1546 5560 1676 5603 vero

123 5608 400 5670 conditione
458 5617 725 5689 instituit,
756 5631 818 5679 ut
874 5628 1126 5686 omnibus
1151 5631 1446 5704 Dominicis
1484 5639 1675 5698 diebus

124 5695 179 5748 ab
219 5703 472 5766 universis
516 5714 1002 5789 archipresbyteris
1042 5723 1127 5777 vel
1162 5702 1450 5795 abbatibus
1499 5732 1676 5793 taliter

125 5785 293 5858 vigilia
326 5798 373 5855 in
401 5807 634 5876 propriis
658 5808 791 5865 locis
821 5785 970 5868 fiant.

486 5901 759 5964 ΡΑΠιοι.
805 5907 1215 5975 CXXXVII}.

1833 599 2092 671 Octobris,
2123 623 2155 660 a
2185 608 2353 677 primo
2398 629 2514 667 sero
2541 632 2701 686 usque
2743 620 2812 672 ad
2846 599 3228 681 illucescentem
3254 627 3412 696 diem,

1830 708 1862 745 α
1898 693 2150 753 Kalendis
2180 715 2296 755 vero
2341 701 2580 761 Octobris
2608 725 2769 780 usque
2794 712 2865 765 ad
2908 713 3156 770 Natalem
3203 693 3418 776 Domini

1831 799 1862 836 a
1884 785 2144 852 gallorum
2173 802 2364 855 cantu;
2391 806 2437 849 et
2473 814 2504 850 α
2537 796 2733 855 Natale
2769 802 2982 860 Domini
3025 823 3186 878 usque
3216 810 3270 864 in
3303 811 3412 867 Pa-

1830 877 1954 930 scha
1984 895 2016 931 a
2058 881 2228 936 media
2273 897 2436 941 nocte.
2471 887 2606 943 Item
2640 896 2908 949 constituit
2939 914 2970 950 a
2997 877 3187 968 quibus
3225 902 3415 972 rigilitc

1829 963 1883 1018 in
1923 967 2142 1023 basilica
2165 976 2335 1027 sancti
2367 973 2619 1047 Stephani
2658 981 2711 1034 in
2743 983 2947 1040 civitate
2974 963 3092 1041 cum
3140 963 3412 1048 abbalibus

1830 1063 2168 1123 celebrentur.

1902 1156 2180 1214 Dominica
2212 1173 2376 1229 nocte,
2406 1165 2622 1224 basilica
2645 1171 2849 1229 domini
2877 1173 3208 1233 Germaniad
3232 1197 3414 1237 mona-

1829 1250 2042 1303 sterium
2072 1251 2483 1313 Decimiacense.

1902 1341 2150 1398 Secunda
2175 1346 2326 1415 feria,
2369 1350 2587 1407 basilica
2611 1355 2810 1415 domini
2839 1360 3102 1418 Amatoris
3142 1376 3189 1421 et
3230 1387 3413 1424 ntona-
3441 1374 3444 1375 ⁷

1826 1435 2044 1487 sterium
2073 1433 2425 1500 Fontanense.

1903 1523 2076 1582 'I'ertia
2113 1529 2270 1599 feria,
2301 1541 2676 1595 monasterium
2714 1547 2855 1613 quod
2903 1547 3146 1605 dominus
3189 1551 3412 1609 Germa-

1821 1632 1925 1668 nus
1963 1624 2278 1690 construxit,
2317 1627 2404 1680 ubi
2441 1643 2653 1688 sanctus
2703 1635 2979 1696 Marianas
3025 1647 3314 1715 requiescit,
3341 1651 3416 1703 si-

1826 1711 2034 1780 mulque
2059 1711 2351 1773 Sessiacus.

1898 1801 2100 1866 Quarta
2125 1804 2276 1875 (cria,
2295 1808 2523 1868 basilica
2550 1822 2719 1874 sancti
2767 1819 2912 1877 Petri
2953 1837 3004 1880 et
3035 1833 3412 1887 monasterium

1745 1855 1792 1914 Β
1823 1884 2198 1948 Manuacense.

1892 1978 2092 2045 Quinta
2127 1985 2283 2054 feria,
2331 1989 2547 2050 basilica
2585 1998 2784 2055 domini
2814 2002 3035 2060 Martini
3069 2018 3117 2063 et
3145 2021 3411 2066 monaste-

1817 2069 1956 2126 rium
1996 2071 2211 2145 Val/ini.

1892 2162 2054 2222 Sex-ta
2082 2169 2243 2238 feria,
2267 2173 2488 2233 basilica
2517 2180 2715 2239 domini
2757 2183 3026 2248 Valeriani
3064 2201 3118 2246 et
3142 2205 3384 2252 monaste

1817 2255 1956 2308 rium
1991 2260 2132 2328 quod
2159 2262 2354 2318 dicitur
2396 2265 2675 2327 Varrenas.

1889 2347 2131 2420 Denique
2182 2361 2535 2428 congregavit
2585 2367 2950 2423 venerabilem
3013 2373 3281 2442 synodum
3352 2376 3406 2432 in

1817 2437 1952 2494 urbe
2005 2441 2489 2516 Antissiodorensi,
2539 2454 2630 2508 ubi
2682 2455 2911 2524 plurima
2946 2437 3292 2529 pertractans
3341 2465 3409 2521 de

1815 2527 1988 2584 salute
2034 2533 2213 2603 populi
2263 2539 2367 2593 sibi
2411 2545 2709 2614 commissi,
2736 2551 3040 2605 necessaria
3079 2567 3307 2624 quaque
3353 2567 3409 2610 et

1814 2621 1971 2679 valde
1997 2625 2146 2680 utilia
2181 2628 2233 2683 in
2261 2633 2617 2705 quadraginta
2649 2648 2703 2694 et
2731 2650 2964 2710 quatuor
3003 2621 3253 2714 capitulis
3279 2663 3404 2718 per-

1815 2711 2054 2779 strinxit,
2095 2715 2211 2773 haec
2230 2731 2357 2776 sunt
2383 2726 2599 2780 nomina
2624 2743 2811 2784 eorum
2829 2732 2922 2802 qui
2947 2734 3136 2789 eadem
3167 2739 3404 2806 capitula

1813 2802 2201 2862 confirmantes
2247 2812 2702 2886 subscripserunt,
2750 2821 2876 2892 quia
2921 2825 3111 2880 eadem
3169 2829 3404 2900 capitula

1812 2908 1919 2948 non
1947 2896 2200 2956 duximus
2226 2903 2534 2963 inserenda.

1880 2984 2178 3058 Aunarius,
2206 2992 2260 3047 in
2288 2993 2386 3050 Dei
2410 3001 2624 3056 nomine
2657 3007 2950 3078 episcopus,
2975 3013 3400 3069 constitutionem

1810 3080 1945 3130 lianc
1968 3081 2278 3149 confirmavi
2299 3096 2346 3140 et
2373 3089 2676 3162 subscripsi.
2713 3095 3076 3156 Winebaudus
3105 3104 3237 3157 abba
3280 3108 3403 3158 sub-

1810 3168 2015 3238 scripsi.
2045 3169 2388 3231 Desideratus
2417 3180 2572 3236 abba.
2624 3183 2959 3260 Frannulfus
3005 3193 3160 3247 abba.
3205 3193 3404 3266 Grego-

1813 3263 1922 3317 rius
1953 3264 2107 3321 abba.
2135 3267 2408 3328 Amandus
2436 3275 2592 3331 abba.
2608 3276 2878 3336 Caesarius
2903 3284 3056 3339 abba.
3077 3263 3397 3344 Baudoueus

1809 3353 1963 3410 abba.
2019 3355 2270 3428 Tegridus
2315 3363 2470 3431 abba,
2507 3368 2790 3426 Audoueus
2837 3377 3124 3447 presbyter.
3161 3373 3398 3438 Ananias

1801 3445 2090 3515 presbyter.
2120 3449 2327 3523 Aliique
2349 3458 2746 3529 quantplurimi,
2778 3465 2866 3535 qui
2896 3445 3176 3534 prensantes
3211 3473 3400 3543 adfue-

1807 3544 1948 3599 runt,
1972 3537 2414 3610 subscripserunt.

1875 3626 1978 3692 Qui
2011 3630 2175 3684 etiam
2199 3643 2423 3692 sanctus
2449 3641 2694 3708 pontifex
2738 3645 2791 3700 in
2821 3651 3034 3706 cunctis
3071 3653 3397 3712 utilitatibus

1801 3729 1964 3785 quam
1989 3718 2151 3777 fuerit
2176 3727 2470 3796 studiosus,
2495 3731 2828 3794 demonstrat
2857 3746 3136 3816 exemplar
3154 3750 3396 3820 epistolas

1801 3809 1868 3863 ad
1900 3808 2234 3881 Stephanum
2264 3818 2580 3879 Africanum
2596 3831 2973 3902 presbyterum
2989 3808 3058 3893 ab
3069 3853 3136 3894 eo
3159 3808 3389 3909 directa,

1799 3908 1861 3954 ut
1890 3901 2056 3957 vitam
2100 3907 2273 3963 sancti
2321 3909 2575 3971 Germani
2621 3901 2866 3990 metrice,
2917 3929 3201 4000 sanctique
3227 3933 3394 3991 Ama-

1801 3989 1932 4046 toris
1961 3993 2128 4050 nobili
2170 3998 2312 4084 ston
2337 4000 2668 4063 describeret
2701 3989 2969 4084 prosaice,
3003 3989 3147 4078 hunc
3182 4023 3390 4081 habens

1795 4083 2034 4140 modum.
2295 4077 2312 4086 ”

1873 4192 1892 4225 ι
1939 4174 2342 4250 Dilectissimo,
2397 4197 2562 4259 atque
2624 4199 3001 4256 amantissimo
3044 4213 3100 4261 et
3161 4206 3388 4264 interna:

1795 4265 1928 4321 mihi
1977 4268 2192 4328 vinculo
2240 4277 2529 4336 charitatis
2561 4269 2826 4343 conuexo
2880 4289 3035 4348 fratri
3100 4296 3386 4355 S-rerntxo
3466 4370 3468 4372 ν

1793 4357 2132 4429 presbytero,
2161 4363 2458 4436 Aunarius,
2510 4375 2681 4443 gratia
2733 4377 2826 4435 Dei
2857 4384 3163 4456 episcopus,
3195 4388 3248 4443 in
3282 4387 3389 4445 Do-

1793 4447 1942 4504 mino
1962 4461 2217 4510 aeternam
2248 4458 2499 4518 salutem.
2537 4465 2664 4520 Tua:
2707 4471 2864 4527 nobis
2889 4475 3149 4534 doctrina:
3199 4482 3384 4538 multis

1786 4534 1899 4603 jam
1957 4544 2347 4613 experimentis
2397 4557 2747 4624 comprobata
2793 4564 3077 4630 prudentia
3123 4573 3384 4641 compulit

1795 4643 1893 4683 nos
1914 4634 2202 4698 quamdam
2229 4640 2336 4694 tuis
2372 4641 2614 4702 humeris
2644 4649 2993 4719 imperiosam
3015 4671 3382 4732 superponere

1791 4721 2146 4790 sarcinulam,
2184 4727 2278 4784 sed
2327 4746 2447 4788 eam
2475 4751 2596 4807 quae
2639 4740 2736 4796 tibi
2789 4761 2895 4800 non
2945 4749 3014 4803 sit
3051 4759 3256 4820 oneris,
3287 4759 3382 4812 sed

1791 4812 2036 4881 honoris.
2079 4834 2178 4876 nec
2207 4838 2326 4891 qum
2351 4825 2603 4884 deorsum
2645 4832 2832 4906 iniquo
2859 4842 3099 4908 pondere
3144 4857 3376 4916 premat.

1787 4905 1884 4960 sed
1921 4922 2041 4976 quae
2078 4913 2258 4980 potius
2303 4918 2498 4974 cmlum
2542 4938 2711 4994 usque
2744 4905 3033 4990 sustollat.
3088 4905 3379 5013 Cognitum

1788 4996 1883 5052 tibi
1907 5009 2008 5067 est,
2042 5002 2361 5065 charissime
2405 5009 2606 5082 frater,
2650 5026 2703 5072 et
2732 5034 2852 5091 qua:
2896 5024 2967 5079 sit
3013 4996 3375 5089 humabarnm

1786 5091 2051 5148 mentium
2097 5095 2406 5165 diversitas,
2467 5113 2522 5159 et
2575 5112 3030 5178 quemadmodum
3086 5121 3139 5175 in
3194 5125 3375 5179 studia

1787 5184 2055 5237 contraria
2087 5201 2193 5242 non
2221 5190 2393 5245 solum
2422 5193 2583 5251 inane
2611 5200 2815 5272 vulgus,
2848 5221 3033 5262 verum
3062 5212 3230 5266 etiam
3256 5215 3377 5267 uni-

1781 5287 1940 5330 versa
1967 5277 2250 5336 scindatur
2271 5283 2544 5355 nobilitas,
2565 5293 2854 5361 etquidam
2878 5300 3092 5367 quidem
3125 5304 3374 5372 prosaico

1781 5366 2123 5426 oblectantur
2157 5375 2320 5445 stylo,
2351 5379 2570 5448 quidam
2595 5395 2790 5442 autem»
2813 5366 3054 5447 numeris
3176 5395 3372 5469 rhyth-

1780 5458 1949 5514 misve
1973 5475 2038 5517 ac
2063 5465 2314 5523 cantibus
2343 5485 2596 5528 versuum
2627 5475 2885 5535 delectari
2920 5480 3189 5550 fatentur;
3240 5502 3372 5557 ergo

1778 5559 1840 5606 ut
1862 5555 2099 5612 omnium
2133 5561 2272 5616 votis
2298 5577 2646 5624 occurrerem
2678 5579 2733 5624 et
2758 5571 2936 5629 nullus
2977 5589 3076 5631 suo
3103 5577 3370 5637 desiderio

1782 5643 2149 5716 fraudaretur,
2199 5651 2403 5723 placuit
2453 5659 2585 5714 mihi
2635 5669 2695 5715 ut
2745 5661 2886 5719 vitas
2931 5666 3369 5728 beatissimorum

1779 5737 2149 5797 confessorum
2209 5748 2470 5814 quasdam
2527 5754 2664 5820 pede
2732 5753 2904 5812 libero
2955 5757 3320 5818 describerem
3348 5803 3366 5829 .

1779 5833 2037 5900 quasdam
2071 5851 2199 5891 vero
2234 5837 2349 5910 lege
2393 5844 2615 5913 metrica
2673 5847 2962 5920 impeditus
3004 5855 3265 5924 digerere,
3298 5861 3367 5912 ob

3050 5950 3089 6009 8
