3910 5336
576 386 681 444 935

1355 383 1644 440 APPEND.
1690 385 1782 439 AD
1820 383 1995 440 SJEC.
2033 383 2100 438 Χ.
2143 418 2209 426 -
2253 385 2479 442 OPERA
2518 395 2905 445 AAESIIOTIKA.
3713 399 3792 456 956

577 513 738 568 quam
790 513 904 554 rem
959 499 1185 554 obsecro
1235 497 1441 552 unitam
1496 496 1626 552 mihi
1695 505 1800 552 tute
1865 496 2168 554 dilectionis
2197 487 2241 542 Α
2273 497 2519 553 mandari
2551 499 2883 571 decreverat)
2921 514 3106 570 agrum
3145 502 3430 572 quemdam
3459 503 3794 567 nobilissimum

575 591 895 656 amicitiam,
945 600 1002 646 ut
1054 591 1354 648 beatissimi
1403 591 1667 647 Germani
1709 592 1948 662 episcopi
1999 592 2164 646 vitam

574 683 629 736 in
671 698 919 738 versuum
975 683 1288 754 qualitatem
1343 694 1682 740 commutare
1735 699 1843 740 non
1895 685 2161 751 desistas;

568 773 745 828 sancti
777 788 905 829 vero
932 774 1206 829 Amatoris
1228 775 1477 844 prosaica
1505 774 1872 830 modulatione
1889 775 2164 831 describas

570 875 632 920 ut
654 873 950 920 sectatores
976 865 1282 935 apostolica:
1305 867 1708 935 praedicationis
1749 865 1951 933 eﬂ‘ecti,
1995 868 2164 924 omni-

573 957 672 1013 bus
699 957 879 1012 omnia
909 956 1223 1021 elﬁeiamur,
1257 966 1314 1014 et
1343 957 1471 1012 nulli
1510 959 1804 1029 quidquam
1843 958 2162 1027 debeamus,

571 1050 675 1105 nisi
705 1059 762 1104 ut
785 1049 1016 1105 invicem
1044 1049 1362 1120 diligamus;
1396 1049 1728 1105 individuam
1759 1050 1891 1106 mihi
1921 1051 2162 1106 cltarita—

570 1151 677 1197 tem
728 1152 967 1199 vestram
1018 1142 1200 1199 divina
1250 1144 1520 1199 custodiat
1572 1144 1781 1215 pietas,
1837 1145 2161 1201 venerabilis

566 1233 757 1290 frater.
803 1254 821 1287 ο

889 1328 1223 1401 Rescripmm
1265 1328 1487 1399 anlefati
1530 1328 1836 1400 presbyteri.

643 1440 662 1473 ι
709 1420 940 1475 Domino
967 1420 1280 1476 beatissimo
1327 1429 1384 1476 et
1413 1420 1724 1490 apostolicis
1770 1421 1956 1478 infulis
2001 1422 2158 1479 deco-

568 1524 711 1578 rato,
762 1509 910 1566 Patri
959 1510 1226 1582 spirituali
1253 1506 1502 1568 Αυιωυο
1543 1512 1795 1584 episcopo
1822 1511 2158 1585 Stephanus,

565 1603 808 1659 omnium
848 1619 1127 1660 servorum
1156 1603 1356 1660 Christi
1383 1602 1636 1660 famulus.
1683 1604 1936 1662 Decursis
1967 1606 2161 1663 litteris

565 1696 896 1767 apostolatus
920 1696 1111 1762 vestri,
1135 1710 1241 1766 quo
1267 1696 1442 1752 sancti
1479 1695 1732 1753 desiderii
1760 1697 1922 1752 ardor
1944 1701 2158 1755 summa

565 1787 849 1842 alacritate
872 1787 1171 1857 praatendat
1195 1786 1314 1843 luce
1341 1786 1539 1843 clarius
1569 1786 1896 1858 approbavi;
1926 1797 2010 1845 est
2027 1804 2157 1862 ergo

2268 587 2319 642 in
2349 603 2486 660 pago
2509 588 2880 655 Wastaucnsi,
2911 591 3002 660 qui
3031 591 3296 649 Corbilias
3322 594 3536 662 dicitur,
3575 612 3681 653 cum
3709 617 3797 657 om-

2266 672 2425 728 nibus
2451 674 2782 744 appendiciis
2807 675 2938 741 suis,
2970 687 3030 731 ut
3053 676 3105 732 in
3137 693 3273 749 pago
3298 679 3541 736 Avalensi
3580 682 3798 741 Decimia-

2266 780 2388 821 cum
2412 780 2535 821 cum
2551 764 2817 822 Vidiliaco
2843 776 2900 823 et
2924 766 3279 836 Calminiaco,
3309 773 3614 845 caeterisque
3639 790 3800 846 appen-

2265 854 2420 911 diciis
2447 869 2664 923 eorum,
2699 872 2910 912 necnon
2947 866 3002 913 et
3026 860 3097 914 ~in
3130 875 3268 931 pago
3303 861 3566 918 Senonico
3591 863 3799 922 Baldilia-

2263 960 2387 1001 eum
2454 960 2580 1001 cum
2643 948 2978 1018 appendiciis
3031 949 3182 1013 suis;
3246 951 3433 1021 sicque
3491 961 3694 1010 sanctus
3736 959 3801 1012 vir

2263 1036 2515 1092 omnibus
2560 1037 2666 1095 rite
2694 1039 2992 1108 dispositis,
3037 1042 3229 1112 plenus
3278 1043 3508 1112 dierum,
3563 1049 3802 1106 sanctitate

2261 1141 2478 1197 quoque
2499 1138 2550 1183 et
2580 1129 2957 1186 miraculorum
2973 1131 3139 1202 gloria
3168 1133 3521 1201 clarissimus,
3539 1137 3620 1193 die
3634 1154 3698 1193 vu
3713 1139 3798 1194 Ka-

2261 1214 2406 1271 lend.
2433 1215 2748 1274 Octobrium
2789 1220 3043 1292 migravit
3084 1224 3153 1279 ad
3201 1223 3500 1292 Christum,
3547 1227 3671 1284 caelo
3698 1246 3800 1301 gau-

2263 1308 2446 1376 dente,
2475 1319 2618 1365 t-erra
2642 1311 2912 1381 plorante,
2943 1315 3186 1385 sepultus
3213 1325 3297 1373 est
3327 1318 3507 1388 itaque
3526 1319 3666 1387 juxta
3692 1337 3804 1392 pra:-

2260 1401 2576 1458 decessores
2620 1418 2746 1459 suos
2778 1404 2832 1458 in
2862 1405 3085 1462 basilica
3114 1410 3288 1465 sancti
3324 1407 3598 1477 Germani,
3637 1420 3686 1467 et
3713 1427 3804 1469 ces-

2261 1492 2402 1548 savit
2427 1493 2772 1566 episcopatus
2799 1495 2992 1551 diebus
3018 1498 3074 1552 7.

2620 1583 2750 1640 Car.
2780 1585 2899 1639 XX.
2931 1617 3002 1628 —-
3029 1587 3103 1643 De
3134 1587 3429 1646 Desiderio.

2330 1671 2664 1742 Desiderius,
2689 1674 2909 1731 natione
2935 1677 3236 1747 Aquitanus
3265 1695 3332 1734 ex
3370 1689 3546 1739 matre
3572 1681 3803 1750 Necteria,

2259 1761 2400 1818 sedit
2423 1777 2594 1819 annos
2622 1763 2710 1831 l8,
2740 1764 2855 1821 dies
2883 1765 2975 1832 25,
3008 1768 3091 1822 vir
3133 1770 3503 1828 nobilissimus
3543 1782 3690 1844 atque
3729 1775 3806 1828 mi.

563 1852 888 1934 devotionis
915 1885 1114 1933 vestrae
1169 1879 1506 1948 propositum
1550 1852 1790 1936 virorum
1849 1852 2157 1952 opinatissi-
2186 1867 2232 1930 Β
2259 1852 2529 1952 ἓξδξίηωθ
2551 1864 2760 1911 amator
2782 1856 2912 1952 cui”
2941 1867 3102 1952 3‘qu
3129 1860 3296 1918 ίοίίυδ
3315 1870 3522 1920 sane“
3545 1865 3800 1938 re'igioni5~

563 1985 776 2025 morum
808 1967 1064 2024 Germani
1093 1977 1150 2038 et
1174 1969 1471 2036 Amatoris,
1520 1967 1726 2027 ﬂoridae
1749 1972 1874 2027 vita:
1925 1972 2154 2039 nobiles,

562 2069 716 2116 actus
741 2059 1070 2126 describere,
1107 2060 1201 2117 sed
1232 2060 1299 2115 ad
1342 2075 1438 2116 eos
1475 2059 1791 2132 lepidissimi
1816 2061 1968 2119 callis
1989 2064 2155 2119 vestri

561 2153 826 2224 dirigatur
878 2151 1143 2216 intentio,
1203 2151 1297 2222 qui
1355 2159 1584 2222 possunt
1629 2151 1896 2208 virtutum
1950 2151 2154 2209 lumina

557 2244 850 2316 :equiparis
872 2243 1140 2299 afilatibus
1162 2243 1450 2314 inspicere.
1465 2241 1666 2299 Verum
1693 2259 1814 2316 ego,
1837 2244 1988 2315 cujus
2009 2246 2156 2303 iners

560 2336 834 2408 ingenium
857 2335 1074 2408 gemino
1104 2334 1284 2406 rigore
1311 2335 1591 2405 torpescit,
1635 2343 1692 2390 et
1738 2335 1916 2409 lingua
1964 2337 2154 2393 balbu-

559 2427 702 2481 tiens
729 2424 964 2480 faucium
994 2425 1136 2481 inter
1160 2425 1471 2482 rancidulos
1506 2440 1720 2492 cursus,
1755 2426 2001 2496 squalido
2036 2427 2155 2484 sitis

560 2516 818 2587 impedita
872 2517 1052 2588 rigore
1098 2531 1205 2572 non
1256 2517 1518 2587 loquitur,
1573 2517 1672 2573 sed
1714 2517 1894 2588 potius
1941 2517 2152 2584 stridet,

559 2607 832 2678 quomodo
865 2617 1058 2678 potero
1085 2607 1348 2664 divinitus
1368 2609 1632 2679 inspirata
1656 2609 1900 2665 virorum
1928 2609 2156 2665 sanctis-

558 2698 822 2754 simorum
871 2713 1099 2754 munera
1143 2697 1312 2770 polito
1349 2698 1603 2769 expedire
1629 2714 1900 2765 sermone,
1935 2699 2023 2770 qui
2055 2714 2156 2756 nec

557 2789 769 2858 privata
800 2777 1020 2858 possum
1043 2789 1280 2844 humano
1308 2804 1438 2845 casu
1461 2797 1718 2860 congesta
1741 2790 1955 2862 negotia
1985 2791 2155 2860 expli-

558 2892 715 2943 care;
755 2877 1001 2942 ridiculo,
1047 2877 1100 2933 ni
1153 2877 1329 2944 fallor,
1385 2878 1768 2950 inexplicabili,
1808 2894 1870 2936 ac
1919 2879 2153 2936 ludibrio

557 2975 730 3023 semet
758 2967 1038 3036 impendit,
1071 2969 1316 3039 quisquis
1345 2968 1486 3024 ultra
1512 2971 1711 3025 virium
1733 2986 1953 3026 suarum
1983 2973 2156 3042 possi-

557 3057 820 3112 bilitatem
853 3072 991 3112 onus
1031 3059 1279 3112 assumit.
1305 3057 1491 3114 Nonne
1544 3059 1782 3115 ferarum
1833 3070 2150 3130 sectatores,

557 3148 607 3202 si
631 3147 809 3202 minus
837 3148 1080 3218 captiosa
1112 3148 1378 3204 industria
1405 3148 1740 3215 formaverit,
1779 3151 1952 3206 audax
1983 3161 2152 3209 teme-

557 3238 692 3293 ritas
711 3239 1094 3308 pessundabit?
1123 3237 1406 3310 Nunquam
1432 3240 1537 3295 tiro
1559 3241 1798 3297 victoria:
1819 3244 2149 3300 monimenta

550 3344 749 3399 parma
776 3344 895 3398 quae
915 3337 998 3385 est.
1043 3330 1185 3400 picta
1213 3331 1462 3402 gestavit,
1490 3332 1534 3388 si
1557 3347 1679 3387 eum
1717 3332 1874 3389 docta
1910 3335 2150 3390 veterani

559 3421 791 3496 exempli
816 3437 1006 3476 manus
1043 3439 1148 3478 non
1186 3423 1457 3478 instruxit.
1489 3423 1774 3494 Nunquam
1802 3426 1969 3481 etiam
2009 3427 2151 3482 aeris

558 3513 663 3568 sibi
702 3528 1019 3570 concessum
1066 3515 1308 3584 patulum
1349 3516 1450 3572 iter
1478 3516 1590 3572 ales
1643 3517 1809 3572 tutius
1865 3520 2148 3582 reseeavit,

558 3603 644 3660 cui
677 3605 872 3673 praevia
904 3605 1010 3659 dux
1046 3605 1308 3677 penniger
1338 3614 1511 3661 mater
1560 3621 1666 3660 non
1709 3605 1899 3673 fuerit;
1949 3607 2153 3678 jacebit

559 3696 803 3766 profecto
837 3695 1096 3753 fluctuum
1132 3697 1359 3754 elisione
1412 3706 1692 3753 truncatus
1743 3698 1990 3769 quisquis
2042 3715 2151 3756 sua:
2233 3743 2236 3746 .

557 3790 906 3860 procacitatis
935 3789 1067 3846 fisus
1096 3799 1471 3848 autoramento
1499 3789 1786 3846 indocilem
1840 3792 1973 3846 ratis
2014 3791 2148 3847 dex-

555 3891 732 3936 teram
772 3882 971 3954 inge-rit
1016 3882 1190 3948 clavo,
1243 3882 1323 3938 sic
1367 3881 1740 3952 unusquisque
1775 3882 1829 3936 in
1874 3883 2150 3940 diversum

553 3972 847 4042 imperitia:
891 3974 1051 4028 hamo
1091 3972 1434 4037 inscinditur,
1461 3972 1506 4026 si
1553 3971 1835 4052 dogtorum
1867 3971 2144 4028 favoribus

560 4063 784 4117 minime
818 4063 1115 4132 adjuvetur.
1173 4062 1332 4133 Ergo,
1374 4061 1686 4117 beatissime
1715 4063 1818 4128 vir,
1866 4077 2049 4132 quasso
2091 4073 2150 4119 ut

557 4156 650 4208 illa
680 4155 808 4208 mihi
836 4154 1047 4210 culmen
1084 4155 1256 4224 apicis
1286 4155 1360 4208 ttti
1407 4154 1669 4224 imponat,
1702 4169 1824 4223 quae
1873 4155 2030 4211 facile
2065 4171 2151 4211 me

560 4258 719 4313 posse
745 4242 1005 4312 perficere
1043 4258 1146 4298 non
1161 4243 1452 4308 dubitat,si
1481 4252 1661 4298 tamen
1693 4252 1747 4299 et
1775 4243 1828 4298 in
1857 4244 1960 4300 hoc
1987 4260 2150 4316 opere

561 4333 820 4403 quidquid
851 4333 1064 4403 illepide
1111 4341 1203 4388 aut
1241 4332 1486 4389 infacete.
1513 4334 1715 4390 rustica
1741 4335 2030 4405 garrulitas
2072 4337 2150 4393 di-

561 4426 814 4497 gesserit,
858 4424 1234 4495 mquanimiter
1278 4424 1443 4490 feras,
1491 4425 1794 4497 aggrediar,
1847 4436 1902 4482 et
1954 4428 2150 4484 iaciam

560 4535 681 4590 quae
710 4529 932 4589 paterna
964 4517 1127 4574 infert
1153 4534 1217 4575 ac
1247 4517 1401 4587 jubet
1423 4519 1758 4576 auctoritas?
1785 4520 1916 4576 Vale
1945 4521 1996 4576 in
2029 4521 2148 4578 lon-

561 4629 685 4683 gum
719 4622 947 4681 tempus,
987 4611 1206 4666 domine
1242 4626 1398 4681 papa.
1450 4631 1468 4664 ι

633 4703 683 4756 ls
739 4716 952 4771 quoque
1010 4701 1091 4755 vir
1138 4701 1414 4771 angelicas
1462 4701 1651 4760 beatus
1691 4703 1982 4770 Aunarius,
2023 4718 2148 4758 cum

562 4804 706 4850 esset
731 4809 928 4863 genere
964 4793 1298 4850 nobilissimo
1344 4795 1577 4850 maxima
1633 4798 1770 4850 dona
1824 4795 2148 4866 praediorum

562 4903 783 4942 suorum
813 4888 923 4943 Deo
944 4887 1301 4958 omnipotenti
1330 4888 1546 4953 obtulit,
1583 4889 1777 4958 quibus
1802 4899 1856 4942 et
1882 4889 2149 4944 lueredem

562 4987 805 5034 sanetam
829 4977 956 5034 fecit
977 4978 1295 5033 Ecclesiam.
1324 4977 1480 5034 Dedit
1509 4978 1690 5047 itaque
1713 4977 1948 5033 basilicae
1977 4976 2151 5032 sancti

565 5071 827 5141 Stephani
855 5084 1014 5139 agros
1035 5069 1317 5138 villasque,
1347 5083 1469 5138 quae
1499 5069 1547 5124 ei
1577 5077 1802 5138 paterno
1826 5067 1948 5136 jure
1973 5083 2148 5124 cesse-

560 5175 711 5229 rant,
760 5163 864 5217 hoc
909 5173 993 5216 est
1035 5160 1351 5215 Brioderum
1379 5174 1501 5214 cum
1533 5159 1776 5222 Venolio,
1832 5169 1886 5214 et
1938 5160 2149 5215 caeteris

561 5253 899 5304 appendiciis
926 5252 1037 5304 suis
1079 5249 1365 5304 Noluetutn
1392 5265 1608 5304 uuoatte
1636 5260 1688 5304 et
1717 5250 2044 5306 Gaionnum.
2076 5253 2149 5305 si-

2174 4565 2228 4626 D

2257 1943 2384 2000 Fuit
2413 1955 2593 2002 autem
2629 1947 2965 2018 temporibus
3003 1951 3226 2009 Clotarii
3259 1955 3482 2025 gloriosi
3532 1959 3683 2030 regis,
3731 1962 3807 2014 sub

2259 2035 2514 2093 Romanis
2541 2037 2885 2109 pontificibus
2931 2040 3215 2114 Gregorio,
3268 2045 3588 2115 Sabiniano,
3631 2048 3808 2104 Bonifa-

2257 2125 2363 2194 cio,
2388 2126 2629 2200 itemque
2664 2128 2967 2199 Bonifacio,
3021 2135 3414 2205 imperantibus
3462 2139 3636 2195 Phoca
3681 2148 3808 2210 atque

2261 2215 2531 2273 Heraclio.
2571 2217 2736 2289 Cujus
2773 2223 3046 2280 saecularis
3092 2227 3328 2297 dignitas
3357 2237 3509 2284 tanta
3537 2231 3743 2296 ex5titit,
3767 2241 3810 2284 ut

2256 2307 2305 2363 ei
2328 2321 2486 2364 nemo
2511 2325 2610 2366 suo
2638 2319 2879 2383 tempore
2899 2318 3152 2385 quamvis
3174 2321 3581 2389 potentissimus
3604 2337 3664 2378 ex
3685 2337 3807 2393 aequo

2256 2415 2316 2456 se
2345 2401 2594 2459 conferre
2627 2407 2881 2474 potuerit.
2919 2409 3058 2463 Fuit
3103 2412 3246 2466 enim
3277 2415 3614 2486 propinquus
3641 2416 3809 2470 Brunc-

2256 2488 2418 2546 childi
2468 2492 2691 2563 reginae,
2723 2503 2780 2549 et
2816 2495 2939 2552 filiis
2973 2499 3090 2568 ejus
3145 2509 3250 2554 tam
3299 2502 3632 2559 Francorum
3678 2520 3808 2575 quain

2256 2579 2670 2652 Burgundorum
2701 2585 2938 2656 regibus.
2971 2587 3211 2656 Quorum
3251 2593 3620 2652 munificentia
3645 2597 3805 2666 princi-

2257 2671 2362 2742 pali
2399 2673 2671 2745 ingentem
2697 2679 3020 2746 praediorum
3071 2684 3482 2753 amplitudinem
3530 2700 3810 2745 consecutus

2257 2772 2371 2832 est;
2420 2765 2580 2838 hujus
2617 2770 2874 2838 genitrix,
2905 2770 3018 2842 jam
3065 2773 3210 2829 dicta
3258 2776 3531 2846 Necteria,
3583 2781 3633 2836 in
3660 2796 3811 2836 mona-

2257 2859 2422 2915 sterio
2449 2860 2623 2916 sancti
2651 2863 2908 2930 Amantii,
2939 2867 3080 2934 quod
3127 2878 3211 2925 est
3260 2870 3421 2926 situm
3457 2872 3515 2927 in
3565 2889 3694 2945 pago
3735 2875 3814 2929 Ca-
3880 2905 3881 2912 η

2257 2951 2503 3018 durcino,
2559 2953 2766 3024 sepulta
2797 2957 3108 3027 requiescit.
3162 2959 3319 3028 Quod
3371 2963 3516 3019 idem
3570 2978 3738 3035 postea
3771 2967 3812 3019 in

2260 3043 2450 3098 matris
2508 3047 2868 3114 memoriam,
2924 3058 2975 3104 et
3033 3054 3436 3110 venerationem
3501 3058 3813 3130 reliquiarum

2257 3144 2573 3191 sanctorum
2602 3141 3065 3208 prmdeecssorum
3105 3159 3326 3201 suorum
3380 3147 3634 3205 Germani
3684 3161 3816 3219 atque

2179 3221 2224 3282 C
2255 3226 2548 3293 Amatoris,
2595 3243 2732 3298 quas
2774 3231 2888 3301 ipse
2932 3233 3128 3290 ibidem
3161 3237 3566 3308 deportaverat,
3613 3242 3818 3297 honestis

2258 3317 2517 3386 donariis,
2545 3328 2601 3374 et
2627 3322 2862 3376 maxima
2894 3322 3180 3381 fundorum
3227 3329 3353 3385 dote
3405 3334 3730 3400 per-ornavit,
3774 3341 3818 3384 ut

2256 3422 2491 3478 sequens
2513 3409 2678 3467 lectio
2705 3411 3032 3470 declarabit:
3053 3433 3177 3471 nam
3213 3429 3266 3474 et
3293 3420 3518 3490 pallium
3543 3423 3818 3494 pontiﬁcale

2256 3511 2285 3550 a
2317 3498 2474 3554 beato
2503 3498 2764 3572 Gregorio
2793 3505 3037 3573 expetiit,
3082 3521 3112 3561 a
3145 3523 3250 3578 quo
3298 3511 3455 3566 talem
3490 3529 3588 3584 pro
3625 3515 3719 3568 hac
3746 3529 3820 3583 pc-

2256 3588 2446 3645 titione
2468 3592 2674 3662 accepit
2703 3593 3007 3663 epistolam.

2332 3699 2349 3730 ι
2383 3681 2680 3753 Gregorius
2737 3684 3014 3742 Desiderio
3073 3689 3328 3761 episcopo
3367 3692 3819 3756 Antissiodorensi.

2255 3773 2613 3844 fraternitatis
2657 3786 2850 3833 vestrm
2899 3779 3224 3838 desiderium
3264 3777 3506 3843 'Joaunis
3560 3770 3820 3860 regionarii

2254 3867 2518 3924 relatione
2555 3871 2924 3940 cognovimus,
2956 3874 3100 3943 quod
3143 3877 3358 3946 quidem
3402 3877 3636 3936 libenter
3672 3878 3820 3950 parati

2253 3972 2444 4014 sumus
2484 3959 2732 4028 implere,
2780 3961 2826 4015 si
2869 3961 3157 4034 diligenter
3202 3965 3464 4023 fuerimus
3500 3967 3569 4023 de
3619 3970 3698 4024 his
3724 3982 3822 4037 qua:

2254 4051 2440 4106 retulit
2476 4051 2771 4107 informati.
2808 4053 2982 4124 lnquit
3011 4065 3193 4113 autem
3220 4073 3250 4112 a
3275 4069 3454 4115 vestra
3490 4061 3594 4117 sibi
3621 4063 3821 4117 relatum

2256 4141 2546 4197 dilectione
2571 4144 2715 4213 quod
2745 4144 2988 4200 ecclesim
3010 4155 3202 4204 vestrae
3230 4151 3476 4220 quaedam
3521 4152 3648 4207 olim
3681 4153 3824 4222 privi-

2253 4235 2393 4305 legia
2417 4234 2486 4290 ab
2514 4236 2808 4306 apostolica
2852 4240 2980 4294 sede
3027 4255 3284 4297 concessa
3326 4240 3478 4309 sint,'
3501 4254 3668 4314 atque
3694 4260 3824 4299 usum

2254 4325 2403 4395 pallii
2423 4325 2540 4396 ejus
2563 4326 2873 4385 sacerdotes
2896 4331 3198 4401 antiquitus
3232 4333 3518 4403 habuisse;
3551 4337 3693 4407 quod
3720 4335 3826 4405 quia

2252 4417 2406 4473 vobis
2467 4432 2792 4489 magnopere
2841 4421 3063 4492 poscitis
3113 4421 3439 4492 reformari,
3489 4429 3547 4482 in
3608 4429 3828 4484 ecclesia:

2254 4523 2455 4572 nostrae
2506 4516 2708 4573 scrinio
2739 4518 2940 4589 requiri
2971 4518 3220 4586 fecimus,
3250 4531 3305 4578 et
3349 4523 3598 4579 invenire
3635 4524 3706 4579 nil
3750 4540 3829 4594 pos

2257 4607 2458 4664 tuimus
2482 4625 2496 4660 :
2525 4608 2620 4664 sed
2650 4625 2810 4679 quam
2838 4621 3040 4679 quanto
3067 4613 3361 4670 studiosius
3407 4617 3480 4671 ita
3510 4617 3706 4688 cupitis
3733 4617 3827 4670 adi-

2255 4698 2409 4767 pisci,
2447 4707 2597 4755 tanto
2624 4713 2723 4756 vos
2751 4701 3083 4758 arbitramur
3121 4704 3382 4762 sollicitos
3429 4723 3550 4762 esse
3581 4710 3637 4764 in
3675 4709 3830 4778 inqui-

2256 4789 2441 4846 rendis
2471 4789 2677 4847 chartis
2715 4792 2958 4848 ecclesiae
2988 4804 3182 4852 vestra:
3213 4812 3490 4854 monemus
3535 4789 3829 4871 vigilantem

2254 4897 2441 4938 curam
2472 4882 2804 4954 impendere,
2835 4894 2889 4942 et
2914 4887 2959 4940 si
2992 4902 3096 4956 qua
3135 4889 3332 4944 exinde
3375 4891 3578 4960 scripta
3617 4890 3832 4945 inveniri

2253 4973 2552 5041 potuerint,
2581 4989 2702 5044 qua:
2747 4990 2846 5030 nos
2880 4976 3094 5032 valeant
3116 4979 3426 5042 informare.
3460 4982 3569 5039 huc
3603 4998 3744 5039 cura:
3772 4980 3832 5036 sit

2255 5075 2448 5122 vestra:
2479 5068 2866 5124 transmittere.
2898 5067 3030 5125 Nam
3057 5073 3149 5142 qui
3180 5088 3316 5128 nova
3341 5091 3442 5129 non
3469 5076 3832 5133 concedimus.

2254 5156 2830 5215 veteravlibentissime
2865 5175 3200 5230 reparamus.
3238 5182 3256 5214 ι

2326 5252 2512 5304 ltauue
2569 5259 2790 5304 sanctus
2842 5253 3127 5304 episcopus
3182 5256 3317 5304 adeo
3361 5256 3649 5304 feminrum
3698 5258 3833 5304 dives
