3918 6316
164 396 258 450 257

1070 391 1158 446 DE
1193 390 1441 447 GESTIS
1483 389 1698 446 EPISC.
1736 385 2126 445 ANTISSIOD.
2161 421 2228 430 —
2261 389 2439 446 PARS
2479 390 2518 444 I.

3304 390 3410 446 258

164 507 402 579 Syagrius
423 503 699 576 episcopus
727 500 1100 573 Augustoduni
1134 500 1328 556 fecisse
1350 501 1712 571 cognoscitur.
1745 482 1791 533 Α
1820 516 1901 564 s.;
1933 501 2096 557 habet
2146 505 2197 557 in
2245 503 2424 558 medio
2476 501 2747 558 hominem
2790 502 3220 567 caballicantem,
3248 512 3304 558 et
3345 504 3416 559 ad

163 603 329 655 Altare
355 611 566 668 quoque
589 597 870 666 antiquum
896 609 962 649 eo
987 603 1342 664 transponens
1380 593 1481 648 sub
1508 594 1595 649 die
1621 609 1715 647 xm

161 691 364 746 Ilalend.
391 689 643 744 Maiarum
676 687 990 743 solemniter
1035 686 1335 751 dedicavit;
1368 687 1457 740 ubi
1500 695 1558 740 et
1605 687 1718 740 haec

159 784 281 837 dona
307 781 496 836 obtulit
521 799 534 833 :
566 779 874 834 missorium
911 787 1195 833 anacteum
1223 779 1562 844 deauratum,
1591 794 1720 848 pcn-

159 884 344 928 santem
393 872 558 926 libras
597 887 653 935 ι,
687 872 990 925 habentem
1025 870 1076 924 in
1125 885 1182 925 se
1211 879 1415 940 septem
1460 883 1720 941 personas

161 964 414 1018 hominum
469 977 597 1016 cum
645 969 802 1016 tauro
852 968 910 1014 et
948 960 1145 1015 litteris
1189 961 1415 1016 Graecis.
1465 959 1624 1015 Dedit
1667 969 1722 1014 et

157 1054 302 1107 alium
348 1052 675 1116 missorium,
727 1049 976 1105 similiter
1015 1057 1299 1103 anacteum
1343 1048 1719 1117 gravcllatum,

157 1150 452 1211 pensantem
477 1141 644 1196 libras
667 1155 734 1194 ιι
763 1135 819 1194 ét
841 1140 1138 1203 dimidium,
1163 1139 1255 1209 qui
1284 1140 1447 1193 habet
1469 1140 1521 1192 in
1546 1138 1722 1193 medio

159 1243 308 1288 rotam
329 1249 458 1288 cum
479 1232 797 1303 Stephatlio,
827 1242 882 1285 et
913 1231 967 1284 in
1004 1246 1136 1302 gyro
1173 1229 1421 1285 homines
1460 1241 1516 1284 et
1557 1229 1716 1284 t'eras.

156 1322 268 1377 Item
289 1322 602 1378 missorium
630 1321 844 1376 tertium
874 1331 1179 1384 anaeteum,
1211 1330 1527 1392 pensantem
1557 1319 1721 1376 libras

157 1429 320 1478 uxr;
352 1429 542 1470 susum
561 1413 725 1468 habet
751 1413 806 1466 in
828 1426 889 1467 se
905 1413 1187 1468 historiam
1215 1413 1345 1468 salis
1373 1427 1496 1467 cum
1523 1412 1721 1467 arbore

153 1514 199 1558 et
221 1505 578 1575 serpentibus.
615 1504 752 1560 Item
793 1505 1100 1559 missorium
1129 1513 1384 1574 quartum
1414 1513 1716 1569 anacteam,

153 1608 450 1665 pensantem
494 1596 662 1653 libras
711 1613 852 1663 xu;
907 1597 1068 1652 habet
1123 1597 1176 1650 in
1225 1611 1284 1652 se
1321 1595 1630 1666 Ethiopem
1669 1605 1726 1652 et

152 1688 268 1742 alias
309 1689 578 1760 imagines
611 1690 908 1744 hominum.
953 1689 1086 1744 Item
1134 1687 1518 1744 bacchonicam
1559 1703 1720 1744 aura-

152 1789 266 1842 tam,
305 1791 627 1850 pensantem
673 1779 838 1835 libras
887 1795 985 1843 xu,
1020 1780 1207 1835 uncias
1251 1795 1320 1844 tt;
1366 1779 1526 1834 habet
1569 1781 1623 1833 in
1667 1795 1724 1835 se

1819 593 1983 659 pedes
2026 608 2153 648 suos
2191 609 2450 664 viperam.
2503 595 2633 649 Item
2678 594 2837 648 aliam
2888 594 3233 650 baceonicam
3272 609 3409 651 ana-

1818 695 1992 739 cteam
2023 685 2365 750 circulatam,
2412 694 2662 756 pensant.
2710 685 2802 740 lib.
2841 702 2914 740 vtt
2955 697 3010 740 et
3042 702 3123 752 s.;
3169 686 3331 742 habet
3361 687 3417 742 in

1820 789 1878 829 se
1906 783 2017 829 tres
2042 775 2288 830 homines
2317 777 2572 847 grandes,
2610 785 2665 832 et
2696 777 2748 830 in
2786 791 2917 847 gyro
2949 777 3340 833 homunciones
3361 787 3418 832 ct

1819 866 1982 923 feras.
2027 867 2184 922 Dedit
2211 869 2336 922 item
2375 869 2596 940 gabatas
2626 878 2878 924 anacteas
2927 869 3237 936 deauratas,
3282 884 3417 940 pen-

1821 967 1964 1013 sant.
1997 958 2089 1013 lib.
2119 975 2278 1023 xuii,
2311 959 2472 1013 habet
2506 959 2558 1013 in
2583 976 2640 1014 se
2672 961 3077 1015 homunciones
3113 975 3234 1015 cum
3258 959 3419 1030 pisci-

1819 1051 1988 1115 culis,
2039 1052 2289 1121 gabatam
2343 1051 2668 1116 mediatam,
2719 1061 3030 1120 anacteam,
3080 1051 3417 1114 deauratam,

1821 1157 1973 1212 peus.
2015 1142 2105 1197 lih.
2138 1157 2265 1206 vui;
2303 1143 2465 1197 habet
2511 1143 2564 1196 in
2607 1142 2792 1197 medio
2820 1143 3064 1198 homines
3101 1153 3158 1197 et
3183 1143 3420 1213 pisculds

1823 1235 2143 1291 maritimos.
2186 1235 2314 1289 Item
2342 1233 2568 1306 gabatas
2596 1234 2796 1289 Iiliatas
2820 1235 2870 1297 5,
2895 1236 3095 1305 pariles
3121 1243 3419 1306 pensantes

1821 1325 1915 1380 lib.
1959 1341 2013 1380 ιιι
2049 1335 2102 1380 et
2150 1341 2194 1380 s.
2245 1325 2373 1378 Item
2425 1327 2676 1396 gabatam
2729 1323 3051 1388 medianam,
3099 1334 3406 1386 anacteam,

1818 1431 1975 1485 pens.
2004 1415 2098 1472 lib.
2149 1431 2239 1482 III;
2277 1416 2438 1470 habet
2488 1416 2539 1469 in
2584 1416 2762 1469 medio
2807 1424 2969 1484 caput
3010 1416 3246 1470 hominis
3289 1430 3414 1468 cum

1823 1506 2010 1560 barba.
2057 1505 2188 1560 Item
2238 1505 2488 1574 gabatam
2533 1505 2836 1559 medianam
2865 1520 3078 1575 puram,
3123 1520 3274 1574 pens.
3319 1504 3414 1557 lib.

1827 1597 1895 1650 I2
1919 1603 1972 1650 et
2002 1611 2126 1651 uno.
2160 1611 2251 1660 tu;
2278 1595 2437 1651 habet
2464 1596 2517 1649 in
2545 1596 2722 1652 medio
2744 1595 2962 1666 gallum.
2984 1596 3113 1650 Item
3135 1595 3408 1667 gabatam,

1825 1695 2130 1751 anacteam,
2163 1687 2544 1752 colincllatam,
2571 1704 2720 1757 pens.
2753 1688 2846 1742 lib.
2876 1704 2969 1752 tu;
3015 1687 3176 1743 habet
3207 1689 3257 1742 in
3282 1703 3414 1758 gyro

1829 1780 2075 1835 homines
2103 1788 2156 1835 et
2187 1779 2352 1835 feras.
2378 1780 2508 1835 l-lem
2533 1779 2810 1835 scutellam
2848 1789 3151 1846 anacteam,
3181 1793 3415 1850 pensan-

153 1871 464 1939 piscatorem
495 1886 617 1926 cum
664 1870 895 1937 fuscina,
927 1881 984 1925 et
1029 1881 1346 1927 centaurum
1395 1887 1518 1926 cum
1560 1885 1723 1942 opere
1758 1844 1800 1901 Β
1830 1883 1938 1926 tem
1970 1871 2061 1926 lib.
2089 1887 2162 1937 ιι;
2194 1871 2356 1926 habet
2384 1873 2436 1926 in
2469 1872 2644 1927 medio
2683 1871 3094 1927 homuncionem
3114 1882 3172 1926 ct
3195 1887 3414 1942 campo-

151 1965 430 2019 maritimo.
453 1963 592 2020 Item
618 1963 1002 2019 bacchonicam
1029 1963 1190 2017 aliam
1218 1971 1517 2024 anacteam,
1543 1963 1723 2018 circu-

149 2054 292 2109 latam
305 2066 362 2110 et
379 2055 712 2125 nigellatam,
731 2053 1235 2124 pensantomlibras
1247 2069 1339 2108 xw
1367 2063 1424 2109 et
1439 2054 1720 2108 uncias‘tx.

148 2144 260 2200 Item
286 2145 452 2202 aliam
479 2146 864 2202 bacchonicam
893 2146 1144 2202 similiter
1167 2155 1471 2213 anacteam,
1495 2161 1726 2217 pensan-

149 2246 241 2292 tem
267 2237 442 2294 libras
468 2253 596 2303 nu;
629 2238 792 2294 habet
819 2239 871 2292 in
900 2252 959 2294 se
991 2238 1215 2294 Iusores.
1245 2239 1376 2293 Item
1405 2239 1565 2294 aliam
1595 2241 1726 2295 bac-

147 2329 417 2387 chonicam
442 2340 747 2398 anacteam,
776 2342 1091 2402 pensantem
1115 2332 1282 2388 libras
1310 2348 1364 2398 ι,
1397 2344 1452 2388 et
1480 2333 1642 2388 habet
1670 2333 1723 2387 in

147 2435 196 2476 se
219 2422 494 2478 hominem
523 2431 809 2478 cornutum
836 2434 893 2478 et
929 2424 1200 2490 arborem,
1227 2433 1283 2479 et
1321 2427 1452 2480 duos
1489 2426 1722 2480 homun-

146 2515 334 2580 ciones,
371 2514 609 2572 infantes
638 2516 691 2570 in
734 2515 983 2571 manibus
1034 2526 1310 2583 tenentes;
1350 2533 1549 2574 caucos
1595 2534 1724 2573 ana-

147 2617 277 2663 cteos
306 2607 365 2672 ι,
399 2616 691 2677 pensantes
732 2608 898 2662 libras
929 2624 982 2663 ιι
1017 2618 1074 2664 et
1102 2611 1290 2665 uncias
1319 2625 1390 2675 ιι;
1428 2608 1627 2664 habent
1669 2610 1722 2662 in

148 2711 198 2750 se
219 2697 606 2751 homunciones
633 2705 689 2750 et
734 2697 876 2752 feras
905 2715 918 2750 :
952 2713 1091 2754 unus
1135 2714 1202 2753 ex
1244 2699 1375 2768 ipsis
1407 2700 1719 2755 deauratus.

150 2786 289 2842 Dedit
332 2787 592 2843 scutellas
639 2796 911 2851 anacteas,
962 2804 1029 2844 ex
1079 2791 1274 2859 quibus
1318 2806 1420 2844 una
1469 2790 1722 2860 nigellata

148 2887 319 2947 pensat
351 2879 446 2935 lib.
480 2895 562 2943 tv;
599 2879 760 2934 habet
796 2881 847 2933 in
891 2895 950 2936 se
995 2896 1180 2936 ursum
1225 2881 1492 2937 caballum
1536 2891 1724 2938 tenen-

151 2977 262 3021 tem.
283 2969 422 3024 Item
450 2968 611 3023 aliam
638 2969 916 3024 scutellam
942 2979 1246 3037 anacteam,
1279 2981 1593 3041 pensantem
1623 2973 1717 3027 lib.

148 3075 228 3125 tu;
251 3062 416 3117 habet
439 3063 492 3117 in
513 3077 572 3117 se
587 3061 797 3118 leonem
823 3070 1036 3118 taurum
1058 3073 1348 3120 tenentem.
1375 3066 1502 3121 Item
1530 3066 1712 3134 aliam,

149 3165 448 3219 pensantem
476 3155 643 3211 libras
667 3172 705 3210 ιι
733 3166 788 3211 et
811 3157 1000 3212 uncias
1030 3173 1118 3222 ix;
1149 3159 1312 3214 habet
1336 3159 1388 3214 in
1421 3176 1478 3216 se
1505 3160 1714 3215 leonem
1747 3196 1793 3258 ρ

148 3257 350 3315 capram
403 3255 696 3304 tenentem.
747 3248 882 3304 Item
926 3250 1085 3305 aliam
1137 3251 1417 3305 scutellam
1471 3252 1720 3307 similiter

150 3347 436 3403 anacteam,
477 3349 793 3409 pensantem
839 3341 930 3397 lib.
963 3357 1038 3406 ιι;
1091 3343 1250 3397 habet
1302 3343 1352 3396 in
1401 3357 1460 3398 se
1506 3343 1718 3398 hircum

149 3440 256 3482 cum
281 3429 560 3484 cornibus.
598 3431 727 3485 Item
752 3432 913 3486 aliam
938 3444 1256 3502 pensantem
1284 3434 1375 3489 lib.
1407 3449 1422 3488 ι
1451 3442 1504 3488 et
1533 3435 1722 3489 uncias

151 3533 246 3587 vn;
280 3522 442 3577 habet
469 3523 521 3577 in
545 3537 603 3578 se
631 3538 848 3580 cervum
871 3536 1205 3596 pascentem.
1239 3528 1370 3582 Item
1401 3527 1558 3582 aliam
1589 3544 1722 3599 pen-

151 3620 342 3666 santem
371 3612 466 3668 lib.
510 3629 528 3667 ι
574 3623 630 3669 et
671 3617 856 3671 uncias
883 3633 968 3683 ιι;
1013 3619 1178 3674 habet
1222 3619 1273 3672 in
1319 3634 1376 3673 se
1407 3620 1719 3690 Ieopardum

153 3706 408 3756 tenentem
436 3717 679 3772 capram.
709 3705 864 3761 Dedit
902 3706 1030 3761 item
1071 3707 1350 3764 salariolas
1384 3709 1418 3762 ι
1445 3719 1718 3773 anacteas,

151 3805 260 3858 qua:
279 3805 506 3861 pensant
529 3796 624 3850 lib.
650 3812 736 3861 tv;
764 3799 911 3855 dedit
934 3810 988 3854 et
1011 3802 1234 3872 gabatas
1256 3818 1332 3867 vi,
1355 3818 1474 3873 quae
1494 3813 1724 3872 pensant

151 3879 233 3934 lib.
281 3900 387 3940 im.
422 3885 554 3941 Item
582 3888 833 3957 gabatam
872 3906 1035 3945 unam
1068 3893 1371 3947 medianam
1417 3903 1720 3959 anacteam,

153 3989 453 4042 pensantem
502 3979 598 4035 lib.
627 3995 721 4047 III;
777 3989 835 4035 et
863 3983 1023 4038 habet
1055 3984 1110 4038 in
1152 3983 1316 4039 fundo
1351 3985 1556 4056 sigi!los
1585 3986 1638 4040 4.
1670 3995 1724 4040 et

153 4068 201 4124 in
226 4085 350 4140 gyro
384 4071 678 4140 prnnellas,
706 4073 974 4130 cancellos
1003 4075 1283 4132 decoratos
1307 4091 1430 4131 cum
1461 4077 1724 4146 capitellis

151 4173 426 4228 pensantes
449 4163 542 4217 lib.
573 4178 626 4217 vt
669 4172 723 4218 et
761 4166 1064 4220 semissem.
1093 4166 1252 4222 Dedit
1280 4176 1333 4222 ct
1362 4169 1654 4224 hicinarios
1687 4169 1723 4223 2

155 4262 412 4316 anacteos,
441 4263 730 4322 pensantes
757 4254 847 4309 lib.
878 4271 931 4308 ιν
953 4265 1006 4310 et
1040 4257 1226 4311 uncias
1251 4273 1328 4311 ιιι.
1355 4257 1484 4312 Item
1517 4258 1724 4314 hicina-

156 4343 254 4397 rios
265 4343 316 4408 5,
329 4355 602 4410 anacteos,
621 4355 910 4414 pensantes
928 4347 1016 4402 lib.
1034 4363 1086 4401 v.
1102 4348 1231 4402 Item
1257 4350 1402 4404 dedit
1415 4350 1724 4405 cochleares

155 4433 184 4486 9
208 4446 483 4503 pensantes
509 4437 601 4492 lib.
635 4453 671 4491 ιι
701 4446 825 4493 ets.
868 4439 998 4494 Item
1022 4440 1356 4496 cochlearem
1381 4458 1562 4508 unam,
1593 4458 1723 4512 pen-

1827 1961 1938 2015 lum
1978 1977 2099 2016 cum
2144 1962 2360 2016 arbore.
2403 1961 2536 2016 Item
2584 1960 2864 2016 scutellam
2911 1974 3212 2028 anacteam,
3256 1976 3411 2032 pens.
3473 1968 3477 1972 '

1819 2053 1919 2106 lib.
1943 2068 1979 2108 ιι
2012 2070 2025 2118 ;
2058 2052 2218 2107 habet
2247 2055 2299 2106 in
2331 2052 2507 2107 medio
2545 2052 2680 2107 duos
2726 2053 3111 2107 homunciones
3137 2067 3261 2108 cum
3295 2051 3412 2107 lan-

1825 2151 1955 2205 eeis.
1989 2148 2123 2204 Item
2159 2148 2442 2204 scutellam
2477 2164 2700 2218 parvam
2743 2163 2895 2219 pens.
2933 2147 3025 2202 lib.
3052 2163 3102 2214 ις
3151 2147 3312 2203 habet
3363 2148 3416 2202 in

1826 2242 2008 2296 medio
2038 2240 2468 2296 rotelliunculam
2496 2239 2549 2294 in
2577 2255 2710 2310 gyro
2743 2237 3068 2309 nigellatam.
3112 2239 3244 2294 Itctn
3273 2239 3408 2294 sala-

1829 2335 2018 2389 riolam
2054 2343 2356 2396 anacteam,
2396 2342 2712 2403 pensantem
2747 2331 2838 2386 lib.
2873 2348 2924 2396 t;
2962 2327 3124 2387 habet
3161 2332 3213 2385 in
3242 2330 3420 2385 medio

1827 2426 2104 2481 hominem
2136 2440 2256 2478 cum
2294 2438 2446 2478 cane.
2493 2422 2626 2476 Item
2654 2423 2919 2477 concham
2949 2429 3256 2484 anacteam,
3287 2435 3416 2489 peu-

1826 2527 1970 2572 sant.
2000 2517 2092 2572 lib.
2125 2533 2212 2582 ix;
2245 2517 2408 2571 habet
2433 2516 2483 2570 in
2521 2515 2700 2569 medio
2727 2513 2996 2568 hominem
3027 2522 3081 2568 et
3109 2512 3413 2576 mulierem,

1825 2618 1880 2665 et
1903 2609 1970 2663 ad
1993 2609 2158 2680 pedes
2183 2624 2370 2663 eorum
2400 2605 2769 2662 crocodillum.
2801 2605 2932 2659 Item
2955 2602 3260 2658 salariolam
3289 2617 3416 2672 par-

1824 2715 1945 2756 vam
1995 2701 2323 2756 cruciculam
2368 2701 2679 2765 habentem,
2721 2712 2874 2766 pens.
2923 2695 3115 2751 uncias
3158 2712 3232 2749 Ix.
3284 2694 3416 2748 Item

1825 2793 2226 2863 suppostorium
2256 2801 2563 2852 anaeteum,
2589 2797 2904 2860 pensantem
2952 2787 3044 2842 lib.
3071 2802 3087 2841 I
3124 2795 3177 2842 ct
3203 2801 3247 2841 s.
3267 2827 3282 2850 ,
3317 2800 3412 2840 co-

1826 2884 2072 2938 dileares
2104 2883 2190 2947 I2,
2215 2898 2364 2953 pens.
2391 2880 2482 2935 lib.
2513 2896 2574 2934 ιιι
2598 2889 2652 2934 et
2693 2895 2818 2934 unc.
2846 2895 2905 2934 ιι.
2934 2877 3066 2934 Item
3100 2877 3414 2934 coclheares

1826 2974 1914 3041 I2,
1945 2987 2096 3044 pens.
2141 2972 2234 3028 lib.
2268 2988 2304 3026 ιι
2344 2980 2397 3025 et
2439 2970 2628 3024 uncias
2674 2985 2750 3023 ix.
2795 2968 2924 3024 Item
2971 2967 3284 3023 cochleares
3322 2967 3412 3030 I2,

1823 3081 1974 3137 pens.
2004 3065 2214 3131 lib.nt;
2250 3062 2450 3118 habent
2487 3062 2692 3116 caudas
2727 3059 2978 3128 scriptas.
3023 3058 3151 3112 Item
3201 3057 3412 3112 ichina—

1824 3159 1936 3214 rios
1997 3155 2367 3212 columellatos
2423 3153 2495 3218 ὃς
2566 3157 2758 3223 pensat
2826 3150 3191 3220 unusquisque
3240 3149 3331 3203 lib.
3377 3164 3418 3202 I.

1830 3250 1962 3305 Item
1995 3246 2319 3304 ichinarium
2353 3261 2516 3300 unum
2559 3258 2713 3314 pens.
2763 3242 2855 3296 lib.
2905 3259 2922 3296 I
2973 3250 3029 3296 et
3053 3256 3175 3296 unc.
3207 3257 3246 3294 ι.
3287 3239 3419 3294 Item

1826 3341 2124 3397 cancellum
2157 3354 2312 3409 pcns.
2342 3336 2433 3392 lib.
2467 3353 2483 3389 I
2515 3345 2568 3391 et
2611 3349 2736 3390 unc.
2791 3351 2828 3387 I.
2879 3333 3008 3388 Item
3037 3348 3260 3388 urceum
3289 3347 3420 3384 ana-

1826 3442 2026 3497 cteum,
2055 3446 2206 3501 pens.
2260 3430 2353 3484 lib.
2386 3445 2482 3494 III;
2533 3437 2588 3482 et
2633 3425 2793 3482 habet
2823 3440 3010 3480 ansam
3039 3424 3416 3495 prunellatam,

1825 3532 1880 3577 et
1912 3524 1964 3578 in
1993 3522 2171 3577 medio
2208 3529 2370 3590 caput
2393 3517 2646 3574 hominis.
2691 3517 2995 3588 Agmanilia
3023 3532 3176 3586 pens.
3229 3516 3326 3570 lib.
3375 3529 3418 3568 ιι

1825 3626 1880 3671 et
1904 3629 2028 3670 unc.
2055 3631 2120 3680 x;
2147 3615 2308 3670 habet
2336 3614 2386 3668 in
2420 3611 2597 3667 medio
2617 3619 2790 3665 rotam
2813 3608 3058 3674 liliatam,
3083 3620 3136 3664 et
3161 3609 3215 3662 in
3239 3608 3414 3663 cauda

1825 3715 1986 3778 caput
2018 3706 2271 3762 hominis.
2322 3704 2452 3760 Item
2488 3702 2848 3758 recentarium
2890 3702 3228 3766 deauratum,
3257 3715 3413 3770 pens.

1825 3799 1920 3855 lib.
1951 3816 1990 3854 ιι
2021 3808 2074 3852 ct
2102 3813 2181 3863 8.;
2213 3796 2374 3850 habet
2407 3793 2610 3848 deforis
2636 3799 2943 3848 cavaturas.
2971 3791 3102 3846 Item
3133 3791 3297 3845 alium
3327 3805 3416 3845 re-

1826 3893 2150 3959 centarium,
2183 3905 2334 3962 pens.
2373 3888 2468 3944 lib.
2507 3903 2523 3942 I
2571 3893 2626 3941 et
2663 3899 2787 3940 unc.
2818 3900 2905 3947 ix;
2953 3884 3114 3939 habet
3157 3885 3208 3938 in
3237 3883 3417 3937 medio

1825 3984 2074 4040 listellam
2117 3991 2172 4037 et
2217 3980 2384 4035 feras.
2435 3979 2566 4033 Item
2614 3977 2970 4041 schinonem,
3016 3973 3325 4046 pens..lib.
3363 3989 3414 4039 ις

1825 4079 1990 4135 habet
2033 4077 2258 4132 caudam
2308 4072 2637 4144 nigellatam.
2684 4071 2814 4125 Item
2856 4067 3174 4125 colatorium
3200 4109 3215 4135 ,
3259 4082 3414 4138 pens.

1825 4185 1949 4226 unc.
1983 4187 2041 4224 ιι.
2075 4168 2214 4223 Sunt
2245 4168 2294 4220 in
2333 4167 2386 4220 in
2413 4179 2623 4219 summa
2650 4164 2743 4218 lib.
2775 4176 2998 4226 ccccxx,
3022 4174 3148 4215 unc.
3179 4176 3274 4214 vnt.

1895 4263 2027 4317 Item
2063 4274 2280 4332 quoque
2326 4266 2545 4314 sanctus
2590 4257 2874 4326 episcopus
2921 4253 3151 4324 qualiter
3188 4267 3411 4307 suorum

1826 4354 2094 4410 heredem
2131 4353 2396 4407 bonorum
2462 4349 2735 4404 Christum
2764 4387 2779 4414 ,
2817 4355 2872 4401 et
2911 4345 3193 4402 ecclesiam
3239 4343 3338 4398 sibi
3387 4358 3414 4396 a

1827 4447 1938 4501 Deo
1967 4444 2314 4500 commissam
2340 4439 2654 4502 instituerit,
2689 4451 2923 4507 sequens
2956 4435 3147 4505 pandit
3175 4432 3412 4488 auctori-

156 4536 343 4582 santem
375 4527 469 4583 lib.
504 4545 519 4583 I
558 4536 612 4584 et
655 4529 842 4584 uncias
868 4546 935 4593 ιι;
978 4531 1139 4586 habet
1177 4533 1228 4586 in
1271 4534 1448 4588 medio
1479 4535 1720 4590 rotellam
1751 4550 1800 4612 ι)
1831 4550 1948 4605 tas;
1979 4537 2123 4593 dedit
2151 4547 2384 4605 namque
2425 4530 2660 4587 basilicze
2708 4529 2878 4583 sancti
2911 4526 3173 4597 Stephani
3223 4540 3411 4596 agrum

158 4616 465 4687 nigellatam,
512 4627 568 4674 et
618 4620 671 4674 in
725 4635 857 4692 gyro
915 4621 1144 4676 listram.
1192 4623 1349 4678 Dedit
1401 4634 1455 4680 et
1501 4625 1718 4681 anafum

159 4721 327 4776 unum,
374 4721 690 4781 pensantem
723 4712 814 4766 lib.
856 4729 923 4779 ιι;
961 4714 1120 4768 habet
1153 4715 1360 4771 leonem
1408 4726 1462 4770 et
1505 4726 1716 4773 taurum

160 4797 446 4858 deauratos.
481 4803 612 4858 Item
640 4803 902 4861 fuscinam
931 4821 1092 4860 unam
1123 4809 1528 4878 praescriptam;
1559 4811 1722 4866 habet

160 4893 514 4960 caputlconis,
547 4907 737 4966 pensat
787 4897 878 4951 lib.
924 4913 1004 4952 ιιι.
1051 4899 1207 4954 Dedit
1243 4909 1295 4955 et
1326 4917 1547 4956 urceum
1591 4919 1721 4957 ana-

162 4989 340 5051 clcum,
368 4989 458 5056 qui
495 4997 687 5057 pensat
715 4989 805 5043 lib.
835 5005 887 5043 tv
915 4999 970 5044 et
1012 5005 1056 5045 s.
1089 4999 1144 5045 et
1182 4994 1495 5062 agemanilis
1532 5005 1723 5064 pensat

165 5069 306 5132 libras
348 5095 409 5133 ιιι
457 5089 514 5135 et
558 5096 604 5136 s.
656 5079 786 5135 Item
834 5096 1038 5136 cannas
1086 5081 1121 5135 2
1169 5084 1367 5151 pariles
1407 5084 1716 5145 deauratas,

164 5174 425 5228 pensantes
459 5171 552 5226 lib.
593 5185 644 5235 v,
687 5171 812 5227 huic
856 5172 908 5226 in
951 5187 1084 5243 gyro
1112 5173 1315 5245 etligies
1339 5183 1394 5230 ct
1424 5175 1722 5231 ferusculas

167 5252 304 5311 dedit.
343 5259 472 5316 Item
516 5262 822 5317 missorium
861 5263 1100 5333 planum,
1141 5275 1453 5336 pensantem
1496 5266 1588 5320 lib.
1622 5281 1720 5322 vttt

167 5356 211 5401 et
229 5365 300 5418 s.;
322 5355 480 5411 habet
502 5357 554 5410 in
577 5357 756 5412 medio
776 5367 1037 5424 rotam,et
1065 5360 1118 5414 in
1145 5370 1260 5414 rota
1289 5375 1716 5429 monogramma.

167 5435 276 5498 Item
310 5448 468 5504 alium
517 5451 846 5516 missorium,
887 5461 1204 5520 pensantem
1255 5453 1347 5506 lib.
1380 5469 1507 5518 vui;
1557 5453 1720 5508 habet

170 5529 213 5587 in
241 5541 401 5598 medio
426 5557 644 5599 crucem
674 5558 796 5599 cum
827 5545 1034 5598 duobus
1069 5544 1400 5600 hominibus.
1433 5543 1561 5599 Item
1595 5545 1720 5599 bac-

170 5631 382 5692 eonicam
415 5641 718 5704 anacteam,
744 5649 971 5708 pensant
1007 5638 1096 5695 lib.
1129 5656 1196 5705 x;
1242 5641 1404 5695 habet
1437 5641 1486 5694 in
1524 5655 1582 5694 se
1618 5640 1717 5694 ho-

171 5728 453 5787 munciones
505 5747 624 5786 cum
671 5730 880 5787 duabus
930 5732 1212 5788 Ierusculis
1263 5732 1528 5804 pennatis.
1588 5731 1716 5788 Item

169 5809 678 5902 Iliam‘hacconicam
723 5831 1024 5889 anacteam,
1069 5831 1380 5892 pensantem
1411 5821 1501 5876 lib.
1539 5837 1636 5876 VIII
1666 5831 1719 5876 et

1825 4631 2160 4702 Magniacum
2183 4627 2344 4682 situm
2367 4626 2418 4680 in
2441 4639 2576 4694 pago
2598 4621 3082 4684 Antissiodorensi,
3104 4634 3263 4690 quem
3286 4633 3408 4674 cum

1824 4723 2038 4778 domina
2086 4717 2440 4773 Brunechilde
2479 4713 2854 4778 commutavit,
2901 4726 3026 4766 cum
3071 4710 3320 4766 domibus
3359 4718 3415 4763 et

1825 4813 2138 4885 adjacentiis
2176 4811 2261 4866 vel
2291 4809 2542 4864 omnibus
2590 4805 2869 4860 instructis
2905 4805 2972 4858 ad
3008 4818 3065 4858 se
3093 4801 3416 4874 pertinenti-

1825 4908 1946 4961 bus.
1992 4906 2194 4976 Agrum
2247 4913 2462 4972 quoque
2514 4897 2826 4952 Matriacum
2871 4897 2924 4950 in
2981 4894 3187 4948 honore
3226 4891 3415 4948 .sancti

1824 4998 2059 5055 Memmii
2101 4993 2404 5050 construxit
2433 5005 2556 5046 cum
2595 4989 2768 5061 agello
2793 4986 2875 5042 vel
2917 5001 3040 5042 cum
3082 4985 3294 5040 caeteris
3320 5000 3416 5053 ap-

1826 5088 2089 5161 pendiciis
2127 5088 2262 5150 suis,
2285 5099 2406 5139 cum
2433 5080 2737 5152 mancipiis,
2763 5080 2962 5144 vineis,
2993 5077 3159 5140 silvis,
3200 5076 3416 5146 pascuis

1828 5191 1882 5238 et
1923 5195 2045 5235 cum
2091 5177 2235 5233 omni
2283 5174 2407 5245 jure
2449 5180 2506 5229 et
2552 5171 2784 5228 termino
2813 5185 2932 5235 suo,
2970 5181 3161 5239 greges
3195 5177 3414 5234 quoque

1827 5274 2014 5333 boum,
2043 5284 2330 5340 equorum,
2371 5249 2576 5331 ovium,
2622 5249 2989 5319 armentorum
3038 5269 3093 5314 et
3123 5271 3412 5328 parcorum

1827 5365 2000 5420 eidem
2024 5361 2260 5417 basilica:
2290 5357 2602 5414 solemniter
2625 5355 2911 5426 delegavit.
2943 5349 3205 5406 Similiter
3224 5362 3412 5417 agrum

1829 5453 2163 5512 Ganniacum
2189 5451 2350 5506 situm
2379 5449 2432 5504 in
2477 5461 2615 5519 pago
2638 5444 3048 5501 Tornodorense
3087 5455 3210 5496 eum
3246 5437 3414 5494 aedili.

1829 5545 1954 5610 ciis,
1982 5543 2270 5613 mancipiis
2299 5550 2353 5598 et
2381 5539 2647 5596 universis
2673 5534 3002 5608 appendiciis
3025 5532 3157 5588 suis.
3183 5531 3411 5587 Domum

1829 5639 1994 5693 etiam
2046 5637 2130 5691 vel
2177 5649 2332 5691 areas
2371 5632 2511 5688 infra
2549 5647 2732 5686 muros
2766 5628 3000 5684 civitatis
3025 5623 3413 5681 Cabillonensis

1829 5732 1982 5796 sitas,
2041 5745 2176 5801 quas
2224 5744 2346 5784 cum
2396 5724 2680 5780 Wadelino
2725 5723 2978 5793 episc0po
3039 5715 3409 5777 commutavit,

1829 5822 2074 5879 similiter
2103 5836 2223 5877 cum
2255 5819 2426 5874 vineis
2453 5832 2571 5888 quae
2618 5824 2742 5872 sunt
2785 5815 2902 5871 sitae
2952 5813 3003 5868 in
3046 5811 3318 5866 montanis
3359 5823 3409 5859 ιιι
