3910 5336
555 338 666 390 232)

1360 339 1650 395 ΑΡΡΕΜ).
1683 339 1775 396 AD
1807 338 1981 396 SEC.
2024 337 2092 392 Χ.
2119 367 2186 378 -
2209 337 2434 395 OPERA
2461 347 2850 396 ΔΔΕΣΠΟΤΙΚΔ.

3667 347 3750 401 ιιι)

551 448 740 504 eodem
770 463 908 521 pago
959 448 1008 503 in
1055 462 1186 522 agro
1233 447 1525 506 Miliacensi
1554 466 1674 505 cum
1714 450 2036 508 vinitoribus
2079 459 2135 506 et
2164 431 2210 490 Α
2237 464 2354 504 sam
2385 449 2688 522 nigellatam
2717 460 2773 505 et
2812 450 2864 504 in
2909 447 3088 504 medio
3113 456 3273 519 caput
3313 448 3514 517 leonis;
3553 460 3753 523 agmaui-

512 602 517 606 ι
551 539 772 610 reliquis
798 540 1102 610 mancipiis,
1143 541 1314 607 silvis,
1359 542 1519 597 terris
1548 551 1604 599 et
1631 542 1898 600 universis
1929 558 2132 614 appen-

428 707 434 712 ι
509 683 512 688 ,
549 631 706 686 diciis
745 631 953 687 eorum.
995 631 1150 687 Dedit
1194 640 1248 685 et
1291 647 1477 703 agrum
1525 633 1820 688 Puuiacnm
1871 633 2032 688 situm
2080 632 2132 686 in

546 739 686 796 pago
704 722 990 788 Avalense,
1011 722 1162 792 juxta
1186 733 1421 779 castrum
1448 723 1792 790 Ceusurium,
1823 739 1982 794 quem
2009 739 2133 779 cum

509 877 514 880 _
541 813 746 871 illustri
773 814 888 870 viro
915 814 1134 871 Macone
1171 815 1541 880 commutavit,
1569 831 1690 870 cum
1732 816 1979 871 omnibus
2007 815 2134 871 aedi-

541 905 706 974 liciis,
739 906 1048 976 mancipiis,
1077 906 1273 971 vineis,
1301 906 1451 962 silvis
1476 915 1526 962 et
1555 907 1767 963 ueteris
1804 906 2136 978 appendiciis

508 997 688 1074 _suis;
735 1013 924 1076 agrum
969 1013 1184 1068 quoque
1231 996 1589 1054 Genusiacum
1633 998 1715 1054 vel
1766 998 2132 1054 Taluisiacum

543 1104 666 1145 cum
699 1089 1034 1146 nucleatorio
1085 1090 1218 1145 sitos
1262 1089 1315 1144 in
1366 1091 1640 1146 territorio
1690 1091 1978 1156 Senonico,
2009 1105 2132 1145 cum

542 1180 806 1244 :ediliciis,
835 1179 1136 1251 mancipiis,
1173 1180 1353 1246 terris,
1379 1180 1526 1254 silvis
1554 1197 1618 1236 ac
1643 1181 1908 1238 universis
1931 1196 2134 1253 appen-

521 1271 699 1350 vdiciis
726 1287 933 1328 eorum.
982 1271 1178 1328 Domos
1203 1287 1420 1344 quoque
1467 1274 1551 1330 vel
1586 1289 1744 1330 areas
1786 1274 1925 1330 infra
1948 1289 2134 1330 muros

539 1364 712 1433 ipsius
748 1363 984 1418 civitatis
1027 1361 1300 1419 Senonum
1349 1365 1518 1431 sitas,
1561 1365 1829 1437 simulque
1877 1365 2028 1422 oleas
2077 1366 2131 1420 in

541 1455 851 1511 suburbano
899 1455 1124 1524 positas.
1166 1453 1430 1510 Similiter
1457 1456 1602 1511 dedit
1634 1456 1857 1528 in-pago
1906 1455 2132 1512 Sancto-

542 1545 686 1610 nico,
723 1545 905 1599 villam
946 1544 1266 1600 Siviriacum
1310 1560 1470 1614 quam
1514 1561 1636 1601 cum
1681 1546 1894 1602 domina
1931 1545 2133 1600 Brune-

542 1637 718 1694 ehilde
745 1637 928 1710 regina
969 1639 1344 1705 commutavit,
1375 1655 1496 1694 cum
1537 1639 1800 1708 aediliciis,
1845 1640 2130 1711 mancipiis

543 1737 598 1782 et
624 1729 876 1798 omnibus
897 1728 1231 1800 appendiciis
1271 1729 1421 1797 suis;
1446 1729 1624 1786 villam
1654 1745 1868 1802 quoque
1887 1730 2128 1787 Flaccia-

541 1835 667 1874 nam
694 1820 854 1875 sitam
893 1819 946 1874 in
989 1833 1127 1890 pago
1168 1818 1545 1890 Forojuliensi,
1577 1834 1739 1889 quam
1784 1819 1834 1875 ei
1880 1819 2128 1876 dominus

520 1911 908 1985 .Theodericus
947 1927 1039 1970 rex
1083 1911 1370 1976 concessit,
1411 1920 1467 1966 et
1508 1927 1605 1968 suo
1631 1920 1901 1984 praecepto
1929 1910 2128 1967 confir-

539 2006 730 2072 mavit,
755 2021 875 2060 cum
903 2003 1166 2070 aedificiis,
1190 2003 1498 2073 mancipiis,
1528 2003 1743 2059 olivetis
1779 2018 1844 2058 ac
1864 2003 2131 2057 universis

539 2093 704 2149 rebus
748 2094 815 2149 ad
862 2093 1058 2163 sejure
1100 2093 1518 2164 pertinentibus.
1571 2092 1701 2148 Item
1752 2092 1807 2148 in
1857 2091 2131 2147 territorio

541 2187 871 2242 Sanctonieo
916 2201 1075 2258 agros
1104 2187 1494 2252 nobilissimos,
1524 2170 1658 2256 quos
1696 2200 1818 2240 cum
1851 2184 1968 2241 viro
2001 2199 2132 2256 apo-

540 2277 734 2334 stolico
758 2276 1064 2333 Mammone
1103 2277 1356 2333 Ecclesia:
1392 2277 1711 2334 Cadureinze
1749 2277 2002 2350 episcopo
2047 2276 2130 2331 vel

536 2373 685 2427 clero
735 2373 903 2443 ipsius
943 2370 1185 2427 ecclesia:
1232 2371 1620 2435 commutavit,
1663 2371 1764 2426 hoc
1811 2379 1896 2425 cst
1941 2367 2131 2424 Melro-

539 2466 702 2520 dante
747 2473 804 2519 et
850 2463 1165 2535 Lopiacum,
1220 2459 1538 2534 Noiogalum
1581 2471 1638 2517 et
1668 2459 1962 2516 Vriliacum
2006 2475 2128 2515 cum

534 2556 791 2610 universo
838 2563 1101 2625 apparatu
1151 2562 1205 2608 et
1252 2553 1582 2624 appendiciis
1630 2566 1842 2607 eorum.
1887 2551 2021 2606 Item
2074 2551 2127 2606 in

534 2663 674 2719 pago
701 2646 968 2702 Avaleuse
995 2644 1234 2716 agellum
1259 2645 1367 2718 qui
1405 2645 1706 2715 appellatur
1733 2643 1980 2700 Piciacus
2005 2660 2128 2700 cum

536 2740 806 2795 universis
827 2739 894 2793 ad
925 2753 983 2794 se
1015 2736 1138 2808 jure
1167 2737 1585 2808 pertinentibus.
1615 2736 1880 2792 Similiter
1903 2736 1956 2791 in
1993 2750 2156 2808 pago

532 2831 1012 2904 Augustodunensi
1045 2830 1225 2884 villam
1268 2829 1847 2897 Dementiriacensem,
1877 2845 1999 2884 cum
2031 2845 2125 2883 co-

535 2921 732 2986 lonica,
769 2921 886 2979 tilio
912 2929 965 2977 et
994 2921 1206 2976 caeteris
1239 2920 1573 2992 appendiciis
1608 2920 1742 2986 suis,
1792 2918 1939 2976 dedit
1961 2919 2125 2974 etiam

525 3010 642 3082 jam
683 3011 842 3068 dictae
872 3011 1032 3066 matri
1056 3010 1296 3066 ecclesia:
1333 3025 1522 3081 agrum
1560 3008 1854 3063 Palliacum
1883 3008 2044 3062 sitmn
2071 3007 2126 3060 in

531 3119 672 3175 pago
695 3101 948 3158 Avaleusi
986 3117 1108 3156 cum
1141 3101 1393 3156 universo
1412 3111 1672 3171 apparatu
1703 3108 1758 3155 et
1793 3099 2152 3174 appendiciis.

535 3194 668 3252 suis.
715 3194 775 3248 In
818 3207 957 3266 pago
998 3205 1215 3262 quoque
1255 3189 1524 3246 Senonico
1558 3188 1918 3244 Patriciacum
1962 3203 2122 3256 quem

535 3301 658 3342 cum
683 3284 905 3341 domino
946 3283 1102 3338 Aetio
1149 3281 1404 3352 episcopo
1450 3281 1824 3345 commutavit,
1877 3279 2128 3335 similiter

535 3392 660 3432 cum
685 3376 951 3443 aediﬁciis,
982 3376 1263 3445 mancipiis
1292 3384 1348 3430 et
1373 3375 1587 3431 caeteris
1632 3372 1962 3444 appendiciis
1992 3371 2122 3427 suis.

523 3470 732 3540 Villam
763 3486 981 3543 quoque
1012 3485 1174 3542 super
1214 3461 1440 3523 fluvium
1470 3469 1664 3523 Clrorze
1689 3465 1944 3538 positam,
1969 3465 2127 3520 Cam-

534 3566 772 3636 paniam,
791 3565 1029 3628 nomine,
1059 3571 1116 3618 et
1161 3561 1436 3618 colonicas
1465 3560 1530 3615 ad
1567 3575 1628 3616 se
1652 3559 2005 3630 pertinentes,
2033 3557 2126 3612 Ri-

533 3659 748 3714 viacum
795 3665 852 3713 et
902 3655 1174 3719 Crarium,
1227 3652 1492 3724 simulque
1530 3649 1917 3707 Novamvillam
1965 3650 2123 3704 sitam

533 3767 647 3813 tam
679 3756 734 3811 in
756 3768 896 3827 pago
923 3752 1194 3810 Avalense.
1211 3764 1372 3820 quam
1398 3749 1450 3804 in
1481 3735 1968 3814 Antissiodorense,
2002 3760 2123 3800 cum

529 3849 796 3916 aedificiis,
836 3846 1120 3919 mancipiis
1159 3845 1322 3901 terris
1366 3852 1420 3899 et
1478 3841 1747 3899 universis
1793 3840 2126 3913 appendiciis

533 3960 743 4003 eorum.

605 4037 774 4106 Hujus
824 4034 1146 4107 praesulatus
1178 4040 1420 4102 tempore
1457 4003 1777 4099 praescripta
1800 4024 2121 4081 Brunechil-

536 4127 622 4182 dis
653 4127 836 4196 regina
859 4139 955 4195 per
995 4137 1188 4178 manus
1214 4121 1384 4189 ipsius
1411 4118 1682 4191 pontificis
1706 4116 1905 4173 obtulit
1933 4115 2044 4171 Deo
2069 4124 2126 4170 et

538 4227 728 4274 sancto
775 4215 1054 4284 Stephano
1115 4211 1341 4266 calicem
1400 4211 1550 4264 mira:
1587 4207 2001 4280 pulchritudinis
2055 4222 2123 4262 ex

535 4310 713 4380 lapide
761 4307 1055 4378 onychino,
1091 4318 1226 4364 auro
1279 4301 1574 4372 purissimo
1604 4300 1940 4354 decoratum.
1970 4295 2122 4352 Prae-

543 4414 694 4457 terea
743 4398 977 4454 basilica:
1005 4395 1210 4452 domini
1265 4393 1543 4458 Germani,
1605 4392 1693 4446 ubi
1729 4405 1926 4460 corpus
1965 4404 2122 4445 suum

2209 541 2302 608 lia
2328 557 2479 611 pens.
2522 542 2611 598 lib.
2642 558 2702 598 ιιι
2735 551 2790 597 et
2817 557 2938 597 unc.
2973 557 3026 594 Ix
3069 557 3082 606 ;
3113 541 3275 596 habet
3304 541 3357 595 in
3392 544 3558 599 medio
3590 545 3754 616 Neptn-

2234 651 2360 691 num
2387 651 2509 692 cum
2541 636 2790 692 tridente.

2303 730 2361 786 In
2390 731 2477 786 die
2500 745 2632 785 vero
2662 729 2952 800 sepultura:
2995 742 3105 784 suae
3141 727 3398 800 praecepit
3427 727 3558 785 idem
3599 733 3758 799 praeci-

2233 836 2372 893 puus
2419 819 2662 891 pontifex
2709 835 2830 876 cum
2892 835 3122 889 corpore
3169 835 3269 874 suo
3313 818 3508 874 deferri
3564 821 3759 876 basilica

2236 911 2439 966 domini
2484 909 2740 966 Germani
2786 919 3003 966 centum
3058 908 3259 965 solidos
3283 908 3399 964 auri
3429 910 3680 979 purissimi
3708 913 3761 964 ad

2235 1017 2387 1057 suam
2430 1001 2763 1072 sepulturam
2790 1001 3178 1056 exornandam.
3221 1000 3361 1055 Sunt
3391 1001 3445 1055 in
3477 1015 3668 1055 summa
3685 1001 3760 1056 lib.

2233 1110 2361 1177 cxtx
2412 1103 2469 1150 et
2509 1109 2634 1148 unc.
2667 1109 2721 1148 v.
2777 1092 3046 1148 Caeterum
3101 1092 3243 1148 idem
3308 1099 3525 1148 sanctus
3573 1092 3766 1148 contulit

2234 1185 2407 1242 eidem
2431 1183 2669 1240 basilica:
2688 1183 2889 1239 domini
2921 1182 3176 1238 Germani
3195 1181 3395 1252 prtedia
3417 1182 3501 1237 sui
3521 1181 3666 1252 juris,
3685 1182 3766 1238 hoc

2234 1285 2318 1333 est
2343 1277 2596 1346 Bringam
2628 1275 2680 1329 in
2710 1289 2846 1345 pago
2873 1273 3144 1329 Senonico
3166 1288 3289 1328 cum
3313 1272 3572 1337 aedificiis,
3599 1273 3768 1328 manci-

2234 1366 2359 1437 piis,
2408 1365 2598 1430 vineis,
2648 1364 2830 1430 terris,
2888 1379 2954 1419 ac
3006 1362 3260 1418 omnibus
3310 1362 3630 1433 appendiciis
3662 1364 3768 1418 suis.

2231 1456 2368 1512 Item
2416 1455 2747 1510 Roboretum
2794 1454 2848 1509 in
2891 1453 3081 1510 eodem
3129 1467 3268 1524 pago
3314 1468 3440 1508 cum
3481 1453 3772 1522 appendiciis

2233 1548 2365 1602 suis.
2419 1547 2624 1616 Agrum
2676 1547 2985 1604 Sessiacum
3021 1547 3184 1602 situm
3217 1548 3270 1601 in
3301 1547 3574 1602 territorio
3620 1546 3774 1600 Antis-

2233 1638 2562 1703 siodorensi,
2596 1653 2753 1706 quem
2787 1637 2905 1708 ipso
2924 1648 3268 1708 suggerente,
3301 1637 3521 1691 domina
3558 1635 3774 1706 Ingundis

2234 1729 2419 1798 regina
2444 1729 2684 1784 basilicae
2706 1728 2910 1785 domini
2931 1727 3187 1785 Germani
3211 1728 3502 1797 delegavit,
3520 1737 3672 1790 atque
3696 1741 3775 1780 suo

2233 1831 2500 1894 praecepto
2544 1822 2849 1878 habendum
2895 1821 3254 1877 confirmavit.
3308 1820 3426 1890 Ipse
3456 1829 3662 1875 sanctus
3687 1821 3775 1888 cpio

2232 1931 2430 1986 scopus
2459 1913 2919 1970 usufructuarium
2945 1914 3069 1969 vita:
3089 1927 3199 1968 suae
3219 1922 3485 1980 tempore,
3509 1910 3683 1965 eadem
3707 1925 3775 1963 re-

2211 2009 2354 2079 gina
2373 2006 2621 2078 jubente,
2643 2021 2710 2078 po
2741 2007 2904 2070 sedit,
2923 2014 2974 2060 et
2993 2013 3113 2075 post
3128 2005 3333 2060 obitum
3358 2018 3514 2058 suum
3533 2011 3588 2056 ut
3608 2002 3778 2070 absque

2231 2100 2394 2156 ullius
2439 2098 2846 2168 consignatione
2878 2101 2962 2153 vel
3007 2096 3216 2166 judicio
3238 2094 3353 2164 jam
3400 2095 3545 2151 dicta
3584 2093 3778 2148 basilica

2231 2189 2435 2246 domini
2464 2188 2720 2245 Germani
2747 2187 3030 2258 reciperet,
3078 2186 3333 2256 praecepit
3361 2200 3375 2239 :
3405 2185 3540 2240 Item
3581 2183 3780 2253 agellum

2231 2281 2474 2338 Feriolas
2507 2282 2670 2337 situm
2696 2281 2748 2336 in
2773 2295 2910 2351 pago
2942 2278 3402 2336 Antissiodorensi
3424 2293 3588 2350 super
3613 2277 3776 2331 fluvio-

2209 2374 2340 2429 .lum
2373 2373 2535 2444 Lupa:
2585 2389 2707 2428 cum
2767 2371 3026 2437 aedificiis,
3081 2371 3274 2442 pratis,
3324 2369 3482 2425 silvis
3507 2384 3626 2425 cum
3650 2383 3786 2438 grege

2231 2468 2488 2534 armenti,
2523 2476 2576 2523 et
2603 2480 2765 2538 grege
2787 2480 3096 2536 porcorum,
3129 2464 3304 2520 eidem
3346 2462 3589 2518 basilicae
3623 2461 3684 2514 ad
3710 2474 3785 2513 xe-

2233 2559 2563 2616 nodochium
2603 2571 2901 2627 pauperum
2939 2553 3222 2625 delegavit.
3253 2552 3384 2606 Item
3406 2552 3560 2608 dedit
3592 2551 3642 2605 in
3671 2563 3788 2620 pago

2230 2650 2560 2706 Sanctonico
2586 2647 2741 2703 villas
2765 2647 3108 2702 Saturiacum
3139 2654 3196 2699 et
3219 2643 3509 2701 Ursioncm
3539 2658 3656 2698 cum
3680 2640 3788 2696 tedi-

2230 2742 2386 2808 ficiis,
2431 2739 2737 2810 mancipiis,
2767 2737 2917 2794 silvis
2939 2752 3006 2792 ac
3031 2735 3285 2790 universo
3313 2745 3579 2805 apparatu
3603 2747 3784 2794 eorum,

2231 2848 2440 2889 necnon
2481 2840 2539 2887 et
2586 2844 2742 2886 areas
2777 2843 2904 2885 cum
2947 2827 3196 2882 domibus
3225 2825 3586 2896 suprapositis
3611 2833 3710 2876 tam
3745 2820 3787 2872 iu

2219 2925 2443 2986 .Metulla
2476 2939 2640 2996 quam
2674 2925 2726 2980 in
2763 2923 2897 2979 urbe
2927 2922 3218 2987 Senonica,
3249 2936 3384 2990 quas
3406 2920 3476 2975 de
3517 2917 3792 2989 VEgiligun-

2229 3018 2297 3074 de
2346 3027 2591 3076 matrona
2619 3018 2748 3074 dato
2771 3017 2946 3089 pretio
2982 3013 3341 3085 comparavit.
3371 3013 3536 3069 Dedit
3561 3013 3684 3066 item
3711 3023 3791 3077 per

2231 3124 2426 3164 manus
2470 3108 2694 3163 Palladii
2747 3117 2874 3163 tunc
2914 3105 3214 3178 presbyteri
3245 3112 3300 3158 et
3333 3102 3577 3160 basilica:
3611 3099 3792 3156 domini

2229 3200 2486 3256 Germani
2511 3201 2740 3262 abbatis,
2766 3198 3110 3271 postmodum
3142 3211 3274 3253 vero
3303 3197 3385 3252 sui
3411 3196 3467 3251 in
3500 3196 3794 3266 episcopatu

2230 3291 2562 3346 successoris
2582 3291 2758 3348 eidem
2787 3289 3027 3345 basilicae
3054 3286 3341 3358 Orgiacum
3371 3297 3428 3342 et
3455 3285 3794 3341 Marciacum.

2229 3395 2351 3435 cum
2403 3381 2549 3436 omni
2593 3380 2903 3450 integritate
2953 3379 3021 3434 ad
3063 3392 3123 3435 se
3169 3377 3510 3447 pertinente,
3550 3373 3798 3442 simulque

2229 3473 2525 3528 Nantillam
2577 3482 2631 3530 et
2689 3472 2975 3528 Pociacum
3051 3487 3177 3527 cum
3246 3471 3504 3526 omnibus
3553 3466 3797 3524 aediﬁciis.

2228 3565 2532 3636 mancipiis,
2560 3566 2751 3627 vineis,
2785 3564 2984 3636 plantis
3012 3564 3168 3618 novis
3202 3570 3258 3619 et
3299 3563 3574 3618 universis
3605 3574 3796 3629 appen-

2226 3657 2384 3712 diciis
2429 3671 2638 3712 eorum.
2689 3654 2824 3709 Nam
2865 3663 2922 3709 ct
2967 3652 3216 3710 dominus
3256 3652 3576 3708 Clotharius
3607 3664 3700 3704 rex
3739 3645 3800 3700 si-

2225 3747 2447 3816 mulque
2491 3747 2608 3817 ejus
2645 3745 2984 3800 nobilissima
3019 3741 3218 3813 conjux
3283 3743 3504 3798 domina
3558 3737 3802 3811 Ingundis

2227 3837 2416 3907 regina
2435 3852 2534 3907 per
2558 3851 2750 3891 manus
2768 3834 3006 3906 ejusdem
3031 3832 3235 3890 domini
3259 3831 3526 3888 Desiderii
3551 3825 3804 3900 episcopi.

2225 3928 2474 3984 eamdem
2512 3928 2796 3984 basilicam
2845 3925 3057 3997 magnis
3117 3933 3173 3980 et
3212 3923 3433 3994 optimis
3483 3924 3807 3977 ornaverunt

2234 4021 2506 4087 donariis;
2554 4019 2759 4076 fredam
2812 4033 2941 4074 vero
2966 4058 2983 4082 ,
3025 4031 3146 4088 quae
3191 4015 3568 4072 sacratissimo
3596 4005 3805 4080 corpovi

2226 4120 2309 4167 est
2329 4111 2692 4182 superposita,
2720 4125 2813 4165 rex
2864 4123 2998 4164 auro
3028 4117 3362 4178 argentoque
3389 4103 3629 4160 mirifice
3656 4101 3806 4155 deco-

2227 4203 2388 4269 ravit,
2439 4203 2622 4274 regina
2682 4200 3030 4257 nihilominus
3077 4197 3248 4254 calice
3289 4195 3567 4266 simulque
3621 4201 3808 4264 patena

2227 4309 2294 4349 ex
2336 4309 2470 4350 auro
2513 4294 2805 4365 purissimo
2832 4291 3060 4364 gemmis
3101 4288 3512 4362 pretiosissimis
3547 4292 3810 4342 exornato

2229 4385 2576 4441 devotissime
2602 4383 2907 4440 honoravit.

539 4492 756 4564 sepeliri
807 4493 1144 4553 decreverat,
1196 4487 1312 4542 haec
1371 4486 1510 4540 dona
1559 4483 1778 4548 obtulit,
1810 4482 2120 4537 missorium
2154 4509 2202 4568 η
2301 4477 2567 4532 Caeterum
2612 4473 2848 4530 basilicae
2883 4470 3086 4528 domini
3127 4469 3403 4526 Amatoris
3449 4469 3602 4524 dedit
3635 4465 3812 4568 villam

538 4593 870 4657 argenteum,
898 4581 994 4651 qui
1021 4575 1377 4634 Thorsomodi
1412 4589 1606 4629 nomen
1639 4573 1904 4641 scriptum
1936 4571 2118 4626 habet.

539 4677 740 4731 Peusat
802 4671 893 4727 lib.
939 4684 1157 4735 xxxvtt;
1207 4667 1372 4722 habet
1424 4666 1478 4720 in
1513 4680 1573 4721 se
1623 4663 1904 4720 historiam
1933 4661 2123 4717 Ainea:

536 4781 663 4823 cum
699 4764 851 4820 libris
890 4761 1112 4818 Graecis.
1170 4759 1301 4815 Item
1327 4757 1492 4813 alium
1524 4755 1832 4812 missorium
1879 4753 2118 4824 planum,

537 4871 692 4929 pens.
717 4856 810 4910 lib.
851 4869 980 4908 xxx.
1010 4851 1140 4906 Item
1172 4848 1521 4906 bacconicam
1549 4854 1855 4903 anacteam.
1870 4853 2118 4916 pensant.

535 4949 630 5004 lib.
660 4961 746 5000 xv.
778 4943 949 4999 Habet
979 4942 1034 4997 in
1060 4941 1237 4996 medio
1285 4939 1496 4994 leonem
1530 4953 1653 4994 cum
1689 4951 1818 4993 urso
1847 4945 1901 4992 et
1928 4936 1981 4990 in
2011 4935 2121 4991 cir-

534 5036 683 5093 cuitu
717 5033 1108 5090 bomuneiones
1136 5038 1191 5085 et
1215 5028 1380 5084 feras.
1404 5029 1535 5084 Item
1567 5027 1732 5082 aliam
1762 5027 2117 5082 bacconicam

531 5142 690 5198 petis.
723 5125 816 5180 lib.
843 5139 895 5179 ιχ
922 5118 977 5178 ei
1007 5137 1088 5188 s.;
1130 5119 1294 5176 habet
1331 5118 1605 5176 hominem
1641 5126 1696 5175 et
1733 5117 2035 5184 mulierem,
2067 5127 2123 5174 et

538 5221 608 5276 ad
652 5217 818 5289 pedes
863 5229 1050 5270 eorum
1087 5211 1408 5268 ferusculas.
1469 5209 1602 5265 Item
1659 5208 1942 5265 scutellam
1991 5222 2122 5262 ana-

541 5322 712 5336 -........
739 5322 870 5336 ..Λ-ιη
925 5304 1000 5336 ΗΒ
1043 5320 1076 5336 ιν
1131 5313 1181 5336 nl
1209 5317 1314 5336 “nn
1359 5316 1412 5336 ιη
1435 5319 1448 5331 ο
1483 5301 1642 5336 hnhnl
1671 5301 1723 5336 in
1756 5315 1814 5336 an
1842 5299 2117 5336 hnminnn‘i

2231 4568 2469 4624 nominis
2523 4567 2883 4621 Talonensem
2941 4564 3103 4619 sitam
3156 4562 3210 4616 in
3270 4577 3412 4632 pago
3461 4558 3810 4614 Λιιιίεείοείοο

2230 4673 2408 4724 rense,
2437 4673 2560 4714 cum
2587 4655 2853 4720 aedificiis,
2880 4654 3182 4723 mancipiis.
3225 4654 3413 4718 terris,
3438 4666 3563 4706 cum
3608 4646 3817 4720 pecori-

2227 4752 2329 4806 bus
2353 4759 2410 4806 et
2436 4749 2690 4821 gregibus
2726 4762 2987 4817 equarum
3034 4754 3089 4801 et
3131 4758 3444 4812 porcorum,
3472 4750 3528 4797 et
3561 4739 3822 4796 omnibus

2223 4842 2557 4915 appendiciis
2593 4840 2727 4896 suis.
2782 4838 3028 4894 ’Basilicre
3083 4846 3398 4892 sanctorum
3439 4831 3819 4902 apostolorum

2222 4933 2370 4990 Petri
2397 4943 2453 4988 et
2502 4931 2671 4994 Pauli,
2717 4945 2838 4999 qua:
2871 4937 2955 4984 est
2986 4928 3038 4983 in
3081 4926 3393 4982 suburbano
3441 4922 3691 4979 civitatis
3713 4919 3822 4974 An—

2227 5023 2650 5086 tissiodorensis,
2688 5019 2940 5092 agellum,
2973 5018 3066 5088 qui
3126 5022 3468 5085 nuncupatur
3502 5009 3820 5068 Brittoilus,

2222 5117 2383 5172 situm
2417 5115 2470 5169 in
2501 5127 2640 5184 pago
2666 5108 3150 5173 Antissiodorensi,
3181 5123 3302 5162 cum
3347 5103 3620 5165 aediliciis,
3657 5114 3820 5155 man-

2223 5207 2404 5278 cipiis,
2453 5205 2624 5269 silvis,
2678 5203 2860 5268 terris,
2918 5217 3043 5257 cum
3099 5200 3352 5271 gregibus
3404 5208 3711 5267 porcorum
3771 5199 3826 5245 et

2231 5311 2490 5328 θῆκαι-εππῆ
2532 5304 2582 5328 :2!
2632 5293 2884 5328 Ωττξπξειεεε
2930 5290 3258 5328 ττζῖιετὶἰξξΐῖἓε
3284 5289 3392 5314 ⁸⁵³⁸⁸·
3457 5287 3801 5312 ““"“"""':"
