  <div class='ocr_page' id='page_1' title='image "/cluster/home/n/w/nwhite01/storage/ocr_20150623/138/hvd.32044015471774/126.png"; bbox 0 0 3918 6316; ppageno 0'>
   <div class='ocr_carea' id='block_1_1' title="bbox 126 370 204 425">
    <p class='ocr_par' dir='ltr' id='par_1_1' title="bbox 126 370 204 425">
     <span class='ocr_line' id='line_1_1' title="bbox 126 370 204 425; baseline 0 0"><span class='ocrx_word' id='word_1_1' title='bbox 126 370 204 425; x_wconf 70' lang='grc' dir='ltr'><strong>ὶΗ</strong></span> 
     </span>
    </p>
   </div>
   <div class='ocr_carea' id='block_1_2' title="bbox 1000 366 2525 431">
    <p class='ocr_par' dir='ltr' id='par_1_2' title="bbox 1000 366 2525 431">
     <span class='ocr_line' id='line_1_2' title="bbox 1000 366 2525 431; baseline 0.003 -7"><span class='ocrx_word' id='word_1_2' title='bbox 1000 366 1090 424; x_wconf 84' lang='lat' dir='ltr'><strong>DE</strong></span> <span class='ocrx_word' id='word_1_3' title='bbox 1126 367 1373 426; x_wconf 85' lang='lat' dir='ltr'><strong>GESTIS</strong></span> <span class='ocrx_word' id='word_1_4' title='bbox 1407 369 1623 428; x_wconf 82' lang='lat' dir='ltr'><strong>EPISC.</strong></span> <span class='ocrx_word' id='word_1_5' title='bbox 1666 370 2057 430; x_wconf 80' lang='lat' dir='ltr'><strong>ANTISSIOD.</strong></span> <span class='ocrx_word' id='word_1_6' title='bbox 2090 403 2160 416; x_wconf 90' lang='lat'><strong>-—</strong></span> <span class='ocrx_word' id='word_1_7' title='bbox 2188 372 2372 431; x_wconf 79' lang='lat' dir='ltr'><strong>PARS</strong></span> <span class='ocrx_word' id='word_1_8' title='bbox 2403 374 2443 430; x_wconf 91' lang='lat' dir='ltr'><strong>I.</strong></span> <span class='ocrx_word' id='word_1_9' title='bbox 2522 396 2525 399; x_wconf 93' lang='grc'><strong>·</strong></span> 
     </span>
    </p>
   </div>
   <div class='ocr_carea' id='block_1_3' title="bbox 3228 366 3338 424">
    <p class='ocr_par' dir='ltr' id='par_1_3' title="bbox 3228 366 3338 424">
     <span class='ocr_line' id='line_1_3' title="bbox 3228 366 3338 424; baseline -0.018 0"><span class='ocrx_word' id='word_1_10' title='bbox 3228 366 3338 424; x_wconf 62' lang='grc'><strong>243</strong></span> 
     </span>
    </p>
   </div>
   <div class='ocr_carea' id='block_1_4' title="bbox 125 469 3341 558">
    <p class='ocr_par' dir='ltr' id='par_1_4' title="bbox 125 469 3341 558">
     <span class='ocr_line' id='line_1_4' title="bbox 125 469 3341 558; baseline -0.002 -20"><span class='ocrx_word' id='word_1_11' title='bbox 125 482 342 554; x_wconf 75' lang='lat' dir='ltr'><strong>gregibus</strong></span> <span class='ocrx_word' id='word_1_12' title='bbox 366 492 647 551; x_wconf 86' lang='lat' dir='ltr'><strong>porcorum</strong></span> <span class='ocrx_word' id='word_1_13' title='bbox 670 477 906 536; x_wconf 65' lang='lat' dir='ltr'><strong>basilicae</strong></span> <span class='ocrx_word' id='word_1_14' title='bbox 927 478 1129 535; x_wconf 86' lang='lat' dir='ltr'><strong>domini</strong></span> <span class='ocrx_word' id='word_1_15' title='bbox 1153 477 1353 535; x_wconf 77' lang='lat' dir='ltr'><strong>Iuliani</strong></span> <span class='ocrx_word' id='word_1_16' title='bbox 1376 469 1734 552; x_wconf 50' lang='lat' dir='ltr'><strong>martyris-5</strong></span> <span class='ocrx_word' id='word_1_17' title='bbox 1760 484 1976 558; x_wconf 83' lang='lat' dir='ltr'><strong>gritate.</strong></span> <span class='ocrx_word' id='word_1_18' title='bbox 2025 484 2292 543; x_wconf 63' lang='lat' dir='ltr'><strong>Praeterea</strong></span> <span class='ocrx_word' id='word_1_19' title='bbox 2331 486 2480 543; x_wconf 91' lang='lat' dir='ltr'><strong>dedit</strong></span> <span class='ocrx_word' id='word_1_20' title='bbox 2512 494 2566 542; x_wconf 91' lang='lat' dir='ltr'><strong>et</strong></span> <span class='ocrx_word' id='word_1_21' title='bbox 2596 483 2834 543; x_wconf 72' lang='lat' dir='ltr'><strong>basilica:</strong></span> <span class='ocrx_word' id='word_1_22' title='bbox 2862 481 3040 540; x_wconf 91' lang='lat' dir='ltr'><strong>sancti</strong></span> <span class='ocrx_word' id='word_1_23' title='bbox 3062 480 3341 537; x_wconf 82' lang='lat' dir='ltr'><strong>Saturnini</strong></span> 
     </span>
    </p>
   </div>
   <div class='ocr_carea' id='block_1_5' title="bbox 124 570 1661 645">
    <p class='ocr_par' dir='ltr' id='par_1_5' title="bbox 124 570 1661 645">
     <span class='ocr_line' id='line_1_5' title="bbox 124 570 1661 645; baseline -0.001 -15"><span class='ocrx_word' id='word_1_24' title='bbox 124 575 196 630; x_wconf 80' lang='lat' dir='ltr'><strong>ubi</strong></span> <span class='ocrx_word' id='word_1_25' title='bbox 222 571 520 643; x_wconf 82' lang='lat' dir='ltr'><strong>Niginaldns</strong></span> <span class='ocrx_word' id='word_1_26' title='bbox 553 570 689 627; x_wconf 79' lang='lat' dir='ltr'><strong>Alba</strong></span> <span class='ocrx_word' id='word_1_27' title='bbox 723 580 989 642; x_wconf 63' lang='lat' dir='ltr'><strong>praeerat;</strong></span> <span class='ocrx_word' id='word_1_28' title='bbox 1019 570 1202 628; x_wconf 87' lang='lat' dir='ltr'><strong>villam</strong></span> <span class='ocrx_word' id='word_1_29' title='bbox 1236 572 1290 627; x_wconf 92' lang='lat' dir='ltr'><strong>in</strong></span> <span class='ocrx_word' id='word_1_30' title='bbox 1321 587 1460 645; x_wconf 90' lang='lat' dir='ltr'><strong>pago</strong></span> <span class='ocrx_word' id='word_1_31' title='bbox 1488 572 1661 629; x_wconf 80' lang='lat' dir='ltr'><strong>Wati-</strong></span> 
     </span>
    </p>
   </div>
   <div class='ocr_carea' id='block_1_6' title="bbox 123 660 1662 733">
    <p class='ocr_par' dir='ltr' id='par_1_6' title="bbox 123 660 1662 733">
     <span class='ocr_line' id='line_1_6' title="bbox 123 660 1662 733; baseline -0.001 -14"><span class='ocrx_word' id='word_1_32' title='bbox 123 678 282 729; x_wconf 88' lang='lat' dir='ltr'><strong>neuse,</strong></span> <span class='ocrx_word' id='word_1_33' title='bbox 305 676 423 732; x_wconf 62' lang='lat' dir='ltr'><strong>quae</strong></span> <span class='ocrx_word' id='word_1_34' title='bbox 448 660 749 733; x_wconf 82' lang='lat' dir='ltr'><strong>appellatur</strong></span> <span class='ocrx_word' id='word_1_35' title='bbox 772 661 1078 721; x_wconf 74' lang='lat' dir='ltr'><strong>Hansiones</strong></span> <span class='ocrx_word' id='word_1_36' title='bbox 1104 660 1423 729; x_wconf 89' lang='lat' dir='ltr'><strong>Teudbaldi,</strong></span> <span class='ocrx_word' id='word_1_37' title='bbox 1455 663 1538 718; x_wconf 86' lang='lat' dir='ltr'><strong>sui</strong></span> <span class='ocrx_word' id='word_1_38' title='bbox 1564 662 1662 719; x_wconf 80' lang='lat' dir='ltr'><strong>vil-</strong></span> 
     </span>
    </p>
   </div>
   <div class='ocr_carea' id='block_1_7' title="bbox 124 753 1663 827">
    <p class='ocr_par' dir='ltr' id='par_1_7' title="bbox 124 753 1663 827">
     <span class='ocr_line' id='line_1_7' title="bbox 124 753 1663 827; baseline 0.001 -18"><span class='ocrx_word' id='word_1_39' title='bbox 124 755 231 812; x_wconf 77' lang='lat' dir='ltr'><strong>laris</strong></span> <span class='ocrx_word' id='word_1_40' title='bbox 267 753 468 819; x_wconf 81' lang='lat' dir='ltr'><strong>Auroli,</strong></span> <span class='ocrx_word' id='word_1_41' title='bbox 521 769 644 811; x_wconf 87' lang='lat' dir='ltr'><strong>eum</strong></span> <span class='ocrx_word' id='word_1_42' title='bbox 680 753 944 822; x_wconf 73' lang='lat' dir='ltr'><strong>aediﬁciis,</strong></span> <span class='ocrx_word' id='word_1_43' title='bbox 977 755 1284 825; x_wconf 89' lang='lat' dir='ltr'><strong>mancipiis,</strong></span> <span class='ocrx_word' id='word_1_44' title='bbox 1320 754 1511 827; x_wconf 81' lang='lat' dir='ltr'><strong>pratis,</strong></span> <span class='ocrx_word' id='word_1_45' title='bbox 1536 770 1663 811; x_wconf 89' lang='lat' dir='ltr'><strong>cum</strong></span> 
     </span>
    </p>
   </div>
   <div class='ocr_carea' id='block_1_8' title="bbox 123 846 1661 919">
    <p class='ocr_par' dir='ltr' id='par_1_8' title="bbox 123 846 1661 919">
     <span class='ocr_line' id='line_1_8' title="bbox 123 846 1661 919; baseline -0.001 -16"><span class='ocrx_word' id='word_1_46' title='bbox 123 847 375 919; x_wconf 77' lang='lat' dir='ltr'><strong>pecoribus</strong></span> <span class='ocrx_word' id='word_1_47' title='bbox 417 856 473 903; x_wconf 91' lang='lat' dir='ltr'><strong>et</strong></span> <span class='ocrx_word' id='word_1_48' title='bbox 502 846 761 918; x_wconf 85' lang='lat' dir='ltr'><strong>gregibus</strong></span> <span class='ocrx_word' id='word_1_49' title='bbox 784 861 1095 918; x_wconf 80' lang='lat' dir='ltr'><strong>.porcorum</strong></span> <span class='ocrx_word' id='word_1_50' title='bbox 1133 855 1190 904; x_wconf 91' lang='lat' dir='ltr'><strong>et</strong></span> <span class='ocrx_word' id='word_1_51' title='bbox 1222 847 1432 903; x_wconf 58' lang='lat' dir='ltr'><strong>exteris</strong></span> <span class='ocrx_word' id='word_1_52' title='bbox 1458 861 1661 917; x_wconf 88' lang='lat' dir='ltr'><strong>appen-</strong></span> 
     </span>
    </p>
   </div>
   <div class='ocr_carea' id='block_1_9' title="bbox 123 937 1666 1009">
    <p class='ocr_par' dir='ltr' id='par_1_9' title="bbox 123 937 1666 1009">
     <span class='ocr_line' id='line_1_9' title="bbox 123 937 1666 1009; baseline -0.001 -13"><span class='ocrx_word' id='word_1_53' title='bbox 123 940 253 997; x_wconf 88' lang='lat' dir='ltr'><strong>diciis</strong></span> <span class='ocrx_word' id='word_1_54' title='bbox 298 938 431 995; x_wconf 91' lang='lat' dir='ltr'><strong>suis.</strong></span> <span class='ocrx_word' id='word_1_55' title='bbox 463 937 787 994; x_wconf 80' lang='lat' dir='ltr'><strong>Monasterio</strong></span> <span class='ocrx_word' id='word_1_56' title='bbox 816 937 1151 1005; x_wconf 86' lang='lat' dir='ltr'><strong>Puellarum,</strong></span> <span class='ocrx_word' id='word_1_57' title='bbox 1193 937 1336 1009; x_wconf 90' lang='lat' dir='ltr'><strong>quod</strong></span> <span class='ocrx_word' id='word_1_58' title='bbox 1368 938 1423 994; x_wconf 90' lang='lat' dir='ltr'><strong>in</strong></span> <span class='ocrx_word' id='word_1_59' title='bbox 1459 939 1666 995; x_wconf 91' lang='lat' dir='ltr'><strong>honore</strong></span> 
     </span>
    </p>
   </div>
   <div class='ocr_carea' id='block_1_10' title="bbox 122 1029 1668 1089">
    <p class='ocr_par' dir='ltr' id='par_1_10' title="bbox 122 1029 1668 1089">
     <span class='ocr_line' id='line_1_10' title="bbox 122 1029 1668 1089; baseline -0.001 -3"><span class='ocrx_word' id='word_1_60' title='bbox 122 1032 293 1089; x_wconf 71' lang='lat' dir='ltr'><strong>t&#39;oznini</strong></span> <span class='ocrx_word' id='word_1_61' title='bbox 336 1030 551 1086; x_wconf 73' lang='lat' dir='ltr'><strong>Martini</strong></span> <span class='ocrx_word' id='word_1_62' title='bbox 585 1030 725 1086; x_wconf 88' lang='lat' dir='ltr'><strong>ultra</strong></span> <span class='ocrx_word' id='word_1_63' title='bbox 775 1029 997 1086; x_wconf 80' lang='lat' dir='ltr'><strong>ﬂuvium</strong></span> <span class='ocrx_word' id='word_1_64' title='bbox 1022 1029 1270 1087; x_wconf 71' lang='lat' dir='ltr'><strong>Ichattnae</strong></span> <span class='ocrx_word' id='word_1_65' title='bbox 1298 1038 1386 1086; x_wconf 76' lang='lat' dir='ltr'><strong>est</strong></span> <span class='ocrx_word' id='word_1_66' title='bbox 1418 1040 1668 1087; x_wconf 86' lang='lat' dir='ltr'><strong>constru-</strong></span> 
     </span>
    </p>
   </div>
   <div class='ocr_carea' id='block_1_11' title="bbox 121 1118 1666 1193">
    <p class='ocr_par' dir='ltr' id='par_1_11' title="bbox 121 1118 1666 1193">
     <span class='ocr_line' id='line_1_11' title="bbox 121 1118 1666 1193; baseline -0.001 -15"><span class='ocrx_word' id='word_1_67' title='bbox 121 1132 262 1189; x_wconf 86' lang='lat' dir='ltr'><strong>ctum,</strong></span> <span class='ocrx_word' id='word_1_68' title='bbox 302 1119 554 1193; x_wconf 87' lang='lat' dir='ltr'><strong>agellum,</strong></span> <span class='ocrx_word' id='word_1_69' title='bbox 609 1120 700 1192; x_wconf 92' lang='lat' dir='ltr'><strong>qui</strong></span> <span class='ocrx_word' id='word_1_70' title='bbox 736 1120 1038 1192; x_wconf 72' lang='lat' dir='ltr'><strong>appellatus</strong></span> <span class='ocrx_word' id='word_1_71' title='bbox 1065 1118 1379 1188; x_wconf 82' lang='lat' dir='ltr'><strong>Neeariola,</strong></span> <span class='ocrx_word' id='word_1_72' title='bbox 1412 1135 1572 1191; x_wconf 86' lang='lat' dir='ltr'><strong>quem</strong></span> <span class='ocrx_word' id='word_1_73' title='bbox 1601 1120 1666 1177; x_wconf 88' lang='lat' dir='ltr'><strong>de</strong></span> 
     </span>
    </p>
   </div>
   <div class='ocr_carea' id='block_1_12' title="bbox 121 1212 1665 1286">
    <p class='ocr_par' dir='ltr' id='par_1_12' title="bbox 121 1212 1665 1286">
     <span class='ocr_line' id='line_1_12' title="bbox 121 1212 1665 1286; baseline 0 -18"><span class='ocrx_word' id='word_1_74' title='bbox 121 1212 282 1286; x_wconf 82' lang='lat' dir='ltr'><strong>Bperia</strong></span> <span class='ocrx_word' id='word_1_75' title='bbox 309 1213 708 1269; x_wconf 90' lang='lat' dir='ltr'><strong>sanctimoniali</strong></span> <span class='ocrx_word' id='word_1_76' title='bbox 736 1212 937 1270; x_wconf 87' lang='lat' dir='ltr'><strong>femina</strong></span> <span class='ocrx_word' id='word_1_77' title='bbox 964 1214 1091 1269; x_wconf 89' lang='lat' dir='ltr'><strong>dato</strong></span> <span class='ocrx_word' id='word_1_78' title='bbox 1112 1213 1288 1284; x_wconf 89' lang='lat' dir='ltr'><strong>pretio</strong></span> <span class='ocrx_word' id='word_1_79' title='bbox 1309 1213 1665 1285; x_wconf 81' lang='lat' dir='ltr'><strong>comparavit,</strong></span> 
     </span>
    </p>
   </div>
   <div class='ocr_carea' id='block_1_13' title="bbox 120 1298 1668 1380">
    <p class='ocr_par' dir='ltr' id='par_1_13' title="bbox 120 1298 1668 1380">
     <span class='ocr_line' id='line_1_13' title="bbox 120 1298 1668 1380; baseline -0.001 -16"><span class='ocrx_word' id='word_1_80' title='bbox 120 1324 218 1364; x_wconf 88' lang='lat' dir='ltr'><strong>eum</strong></span> <span class='ocrx_word' id='word_1_81' title='bbox 239 1308 498 1373; x_wconf 64' lang='lat' dir='ltr'><strong>aediﬁciis,</strong></span> <span class='ocrx_word' id='word_1_82' title='bbox 536 1298 840 1380; x_wconf 87' lang='lat' dir='ltr'><strong>mancipiis,</strong></span> <span class='ocrx_word' id='word_1_83' title='bbox 875 1308 1061 1375; x_wconf 89' lang='lat' dir='ltr'><strong>terris,</strong></span> <span class='ocrx_word' id='word_1_84' title='bbox 1086 1308 1283 1378; x_wconf 86' lang='lat' dir='ltr'><strong>pratis,</strong></span> <span class='ocrx_word' id='word_1_85' title='bbox 1312 1307 1463 1363; x_wconf 84' lang='lat' dir='ltr'><strong>silvis</strong></span> <span class='ocrx_word' id='word_1_86' title='bbox 1484 1315 1540 1363; x_wconf 89' lang='lat' dir='ltr'><strong>et</strong></span> <span class='ocrx_word' id='word_1_87' title='bbox 1558 1322 1668 1363; x_wconf 65' lang='lat' dir='ltr'><strong>caa-</strong></span> 
     </span>
    </p>
   </div>
   <div class='ocr_carea' id='block_1_14' title="bbox 120 1399 1668 1471">
    <p class='ocr_par' dir='ltr' id='par_1_14' title="bbox 120 1399 1668 1471">
     <span class='ocr_line' id='line_1_14' title="bbox 120 1399 1668 1471; baseline -0.001 -16"><span class='ocrx_word' id='word_1_88' title='bbox 120 1400 225 1456; x_wconf 82' lang='lat' dir='ltr'><strong>teris</strong></span> <span class='ocrx_word' id='word_1_89' title='bbox 247 1400 573 1471; x_wconf 87' lang='lat' dir='ltr'><strong>appendiciis</strong></span> <span class='ocrx_word' id='word_1_90' title='bbox 599 1400 733 1456; x_wconf 87' lang='lat' dir='ltr'><strong>suis.</strong></span> <span class='ocrx_word' id='word_1_91' title='bbox 762 1401 839 1456; x_wconf 87' lang='lat' dir='ltr'><strong>De</strong></span> <span class='ocrx_word' id='word_1_92' title='bbox 868 1399 1092 1456; x_wconf 88' lang='lat' dir='ltr'><strong>basilica</strong></span> <span class='ocrx_word' id='word_1_93' title='bbox 1111 1415 1328 1470; x_wconf 88' lang='lat' dir='ltr'><strong>quoque</strong></span> <span class='ocrx_word' id='word_1_94' title='bbox 1354 1407 1668 1455; x_wconf 85' lang='lat' dir='ltr'><strong>sanctorum</strong></span> 
     </span>
    </p>
   </div>
   <div class='ocr_carea' id='block_1_15' title="bbox 119 1491 1671 1565">
    <p class='ocr_par' dir='ltr' id='par_1_15' title="bbox 119 1491 1671 1565">
     <span class='ocr_line' id='line_1_15' title="bbox 119 1491 1671 1565; baseline 0.001 -18"><span class='ocrx_word' id='word_1_95' title='bbox 119 1502 385 1565; x_wconf 81' lang='lat' dir='ltr'><strong>martyrum</strong></span> <span class='ocrx_word' id='word_1_96' title='bbox 435 1492 684 1550; x_wconf 89' lang='lat' dir='ltr'><strong>Gervasii</strong></span> <span class='ocrx_word' id='word_1_97' title='bbox 719 1500 775 1549; x_wconf 83' lang='lat' dir='ltr'><strong>et</strong></span> <span class='ocrx_word' id='word_1_98' title='bbox 831 1491 1206 1559; x_wconf 42' lang='lat' dir='ltr'><strong>Protesii,ita‘</strong></span> <span class='ocrx_word' id='word_1_99' title='bbox 1237 1491 1290 1547; x_wconf 92' lang='lat' dir='ltr'><strong>in</strong></span> <span class='ocrx_word' id='word_1_100' title='bbox 1344 1499 1671 1548; x_wconf 76' lang='lat' dir='ltr'><strong>testamento</strong></span> 
     </span>
    </p>
   </div>
   <div class='ocr_carea' id='block_1_16' title="bbox 118 1582 1668 1655">
    <p class='ocr_par' dir='ltr' id='par_1_16' title="bbox 118 1582 1668 1655">
     <span class='ocr_line' id='line_1_16' title="bbox 118 1582 1668 1655; baseline 0 -16"><span class='ocrx_word' id='word_1_101' title='bbox 118 1599 196 1639; x_wconf 80' lang='lat' dir='ltr'><strong>suo</strong></span> <span class='ocrx_word' id='word_1_102' title='bbox 234 1584 411 1655; x_wconf 85' lang='lat' dir='ltr'><strong>posuit</strong></span> <span class='ocrx_word' id='word_1_103' title='bbox 438 1582 734 1640; x_wconf 55' lang='lat' dir='ltr'><strong>:Basilica‘.</strong></span> <span class='ocrx_word' id='word_1_104' title='bbox 778 1583 1121 1639; x_wconf 90' lang='lat' dir='ltr'><strong>dominorum</strong></span> <span class='ocrx_word' id='word_1_105' title='bbox 1170 1591 1485 1639; x_wconf 88' lang='lat' dir='ltr'><strong>sanctorum</strong></span> <span class='ocrx_word' id='word_1_106' title='bbox 1520 1598 1668 1639; x_wconf 77' lang='lat' dir='ltr'><strong>mar—</strong></span> 
     </span>
    </p>
   </div>
   <div class='ocr_carea' id='block_1_17' title="bbox 120 1674 1667 1748">
    <p class='ocr_par' dir='ltr' id='par_1_17' title="bbox 120 1674 1667 1748">
     <span class='ocr_line' id='line_1_17' title="bbox 120 1674 1667 1748; baseline 0.001 -20"><span class='ocrx_word' id='word_1_107' title='bbox 120 1687 266 1746; x_wconf 79' lang='lat' dir='ltr'><strong>tyrum</strong></span> <span class='ocrx_word' id='word_1_108' title='bbox 314 1674 559 1743; x_wconf 83' lang='lat' dir='ltr'><strong>Nazarii,</strong></span> <span class='ocrx_word' id='word_1_109' title='bbox 624 1675 893 1743; x_wconf 88' lang='lat' dir='ltr'><strong>Gervasii,</strong></span> <span class='ocrx_word' id='word_1_110' title='bbox 940 1675 1172 1732; x_wconf 86' lang='lat' dir='ltr'><strong>Protasii</strong></span> <span class='ocrx_word' id='word_1_111' title='bbox 1218 1684 1275 1731; x_wconf 90' lang='lat' dir='ltr'><strong>et</strong></span> <span class='ocrx_word' id='word_1_112' title='bbox 1303 1674 1446 1734; x_wconf 87' lang='lat' dir='ltr'><strong>Celsi</strong></span> <span class='ocrx_word' id='word_1_113' title='bbox 1490 1675 1667 1748; x_wconf 89' lang='lat' dir='ltr'><strong>pueri,</strong></span> 
     </span>
    </p>
   </div>
   <div class='ocr_carea' id='block_1_18' title="bbox 118 1767 1669 1838">
    <p class='ocr_par' dir='ltr' id='par_1_18' title="bbox 118 1767 1669 1838">
     <span class='ocr_line' id='line_1_18' title="bbox 118 1767 1669 1838; baseline 0.001 -17"><span class='ocrx_word' id='word_1_114' title='bbox 118 1783 249 1837; x_wconf 88' lang='lat' dir='ltr'><strong>quam</strong></span> <span class='ocrx_word' id='word_1_115' title='bbox 297 1767 542 1824; x_wconf 79' lang='lat' dir='ltr'><strong>Marinus</strong></span> <span class='ocrx_word' id='word_1_116' title='bbox 591 1767 855 1825; x_wconf 84' lang='lat' dir='ltr'><strong>diaconus</strong></span> <span class='ocrx_word' id='word_1_117' title='bbox 893 1776 1083 1824; x_wconf 83' lang='lat' dir='ltr'><strong>noster</strong></span> <span class='ocrx_word' id='word_1_118' title='bbox 1125 1782 1227 1838; x_wconf 83' lang='lat' dir='ltr'><strong>pro</strong></span> <span class='ocrx_word' id='word_1_119' title='bbox 1255 1776 1452 1825; x_wconf 20' lang='lat' dir='ltr'><strong>nostro.</strong></span> <span class='ocrx_word' id='word_1_120' title='bbox 1474 1767 1669 1825; x_wconf 87' lang='lat' dir='ltr'><strong>solatio</strong></span> 
     </span>
    </p>
   </div>
   <div class='ocr_carea' id='block_1_19' title="bbox 1761 571 3348 650">
    <p class='ocr_par' dir='ltr' id='par_1_19' title="bbox 1761 571 3348 650">
     <span class='ocr_line' id='line_1_19' title="bbox 1761 571 3348 650; baseline -0.004 -17"><span class='ocrx_word' id='word_1_121' title='bbox 1761 577 2037 650; x_wconf 87' lang='lat' dir='ltr'><strong>martyris,</strong></span> <span class='ocrx_word' id='word_1_122' title='bbox 2067 590 2189 648; x_wconf 69' lang='lat' dir='ltr'><strong>quae</strong></span> <span class='ocrx_word' id='word_1_123' title='bbox 2215 585 2299 635; x_wconf 79' lang='lat' dir='ltr'><strong>est</strong></span> <span class='ocrx_word' id='word_1_124' title='bbox 2327 577 2431 634; x_wconf 86' lang='lat' dir='ltr'><strong>sita</strong></span> <span class='ocrx_word' id='word_1_125' title='bbox 2462 577 2517 633; x_wconf 91' lang='lat' dir='ltr'><strong>in</strong></span> <span class='ocrx_word' id='word_1_126' title='bbox 2546 575 2858 633; x_wconf 86' lang='lat' dir='ltr'><strong>suburbano</strong></span> <span class='ocrx_word' id='word_1_127' title='bbox 2886 573 3171 645; x_wconf 70' lang='lat' dir='ltr'><strong>&#39;I‘olqsana:</strong></span> <span class='ocrx_word' id='word_1_128' title='bbox 3211 571 3348 627; x_wconf 83' lang='lat' dir='ltr'><strong>civi-</strong></span> 
     </span>
    </p>
   </div>
   <div class='ocr_carea' id='block_1_20' title="bbox 1762 663 3339 742">
    <p class='ocr_par' dir='ltr' id='par_1_20' title="bbox 1762 663 3339 742">
     <span class='ocr_line' id='line_1_20' title="bbox 1762 663 3339 742; baseline -0.006 -16"><span class='ocrx_word' id='word_1_129' title='bbox 1762 672 1890 728; x_wconf 85' lang='lat' dir='ltr'><strong>tatis</strong></span> <span class='ocrx_word' id='word_1_130' title='bbox 1929 670 2134 738; x_wconf 88' lang='lat' dir='ltr'><strong>villam,</strong></span> <span class='ocrx_word' id='word_1_131' title='bbox 2182 685 2304 742; x_wconf 72' lang='lat' dir='ltr'><strong>qua:</strong></span> <span class='ocrx_word' id='word_1_132' title='bbox 2356 678 2583 727; x_wconf 87' lang='lat' dir='ltr'><strong>vocatur</strong></span> <span class='ocrx_word' id='word_1_133' title='bbox 2655 666 3004 733; x_wconf 86' lang='lat' dir='ltr'><strong>Silviniacus,</strong></span> <span class='ocrx_word' id='word_1_134' title='bbox 3059 664 3224 720; x_wconf 86' lang='lat' dir='ltr'><strong>sitam</strong></span> <span class='ocrx_word' id='word_1_135' title='bbox 3282 663 3339 717; x_wconf 92' lang='lat' dir='ltr'><strong>in</strong></span> 
     </span>
    </p>
   </div>
   <div class='ocr_carea' id='block_1_21' title="bbox 1761 752 3341 835">
    <p class='ocr_par' dir='ltr' id='par_1_21' title="bbox 1761 752 3341 835">
     <span class='ocr_line' id='line_1_21' title="bbox 1761 752 3341 835; baseline -0.009 -12"><span class='ocrx_word' id='word_1_136' title='bbox 1761 764 1951 822; x_wconf 85' lang='lat' dir='ltr'><strong>eodem</strong></span> <span class='ocrx_word' id='word_1_137' title='bbox 1994 777 2134 835; x_wconf 87' lang='lat' dir='ltr'><strong>pago</strong></span> <span class='ocrx_word' id='word_1_138' title='bbox 2177 777 2302 819; x_wconf 89' lang='lat' dir='ltr'><strong>cum</strong></span> <span class='ocrx_word' id='word_1_139' title='bbox 2355 763 2506 820; x_wconf 81' lang='lat' dir='ltr'><strong>omni</strong></span> <span class='ocrx_word' id='word_1_140' title='bbox 2554 760 2865 834; x_wconf 84' lang='lat' dir='ltr'><strong>integritate</strong></span> <span class='ocrx_word' id='word_1_141' title='bbox 2916 766 2971 815; x_wconf 89' lang='lat' dir='ltr'><strong>et</strong></span> <span class='ocrx_word' id='word_1_142' title='bbox 3004 752 3341 828; x_wconf 87' lang='lat' dir='ltr'><strong>appendiciis</strong></span> 
     </span>
    </p>
   </div>
   <div class='ocr_carea' id='block_1_22' title="bbox 1764 848 3371 927">
    <p class='ocr_par' dir='ltr' id='par_1_22' title="bbox 1764 848 3371 927">
     <span class='ocr_line' id='line_1_22' title="bbox 1764 848 3371 927; baseline -0.005 -16"><span class='ocrx_word' id='word_1_143' title='bbox 1764 855 1901 913; x_wconf 86' lang='lat' dir='ltr'><strong>suis.</strong></span> <span class='ocrx_word' id='word_1_144' title='bbox 1935 854 2203 911; x_wconf 86' lang='lat' dir='ltr'><strong>Similiter</strong></span> <span class='ocrx_word' id='word_1_145' title='bbox 2225 864 2284 912; x_wconf 88' lang='lat' dir='ltr'><strong>et</strong></span> <span class='ocrx_word' id='word_1_146' title='bbox 2311 868 2501 927; x_wconf 87' lang='lat' dir='ltr'><strong>agrum</strong></span> <span class='ocrx_word' id='word_1_147' title='bbox 2528 853 2845 926; x_wconf 78' lang='lat' dir='ltr'><strong>Melgiacum</strong></span> <span class='ocrx_word' id='word_1_148' title='bbox 2871 852 3034 909; x_wconf 88' lang='lat' dir='ltr'><strong>situm</strong></span> <span class='ocrx_word' id='word_1_149' title='bbox 3073 851 3129 907; x_wconf 93' lang='lat' dir='ltr'><strong>in</strong></span> <span class='ocrx_word' id='word_1_150' title='bbox 3150 848 3371 905; x_wconf 70' lang='lat' dir='ltr'><strong>eodcm‘</strong></span> 
     </span>
    </p>
   </div>
   <div class='ocr_carea' id='block_1_23' title="bbox 1766 942 3411 1017">
    <p class='ocr_par' dir='ltr' id='par_1_23' title="bbox 1766 942 3411 1017">
     <span class='ocr_line' id='line_1_23' title="bbox 1766 942 3411 1017; baseline -0.006 -13"><span class='ocrx_word' id='word_1_151' title='bbox 1766 947 2064 1013; x_wconf 88' lang='lat' dir='ltr'><strong>territorio,</strong></span> <span class='ocrx_word' id='word_1_152' title='bbox 2096 962 2222 1003; x_wconf 88' lang='lat' dir='ltr'><strong>eum</strong></span> <span class='ocrx_word' id='word_1_153' title='bbox 2249 945 2514 1013; x_wconf 67' lang='lat' dir='ltr'><strong>aediﬁciis,</strong></span> <span class='ocrx_word' id='word_1_154' title='bbox 2567 944 2874 1017; x_wconf 84' lang='lat' dir='ltr'><strong>mancipiis,</strong></span> <span class='ocrx_word' id='word_1_155' title='bbox 2905 942 3069 999; x_wconf 89' lang='lat' dir='ltr'><strong>terris</strong></span> <span class='ocrx_word' id='word_1_156' title='bbox 3103 951 3160 997; x_wconf 91' lang='lat' dir='ltr'><strong>et</strong></span> <span class='ocrx_word' id='word_1_157' title='bbox 3186 948 3347 996; x_wconf 66' lang='lat' dir='ltr'><strong>caete-</strong></span> <span class='ocrx_word' id='word_1_158' title='bbox 3402 960 3411 975; x_wconf 72' lang='grc' dir='ltr'><strong>ι</strong></span> 
     </span>
    </p>
   </div>
   <div class='ocr_carea' id='block_1_24' title="bbox 1766 1030 3350 1111">
    <p class='ocr_par' dir='ltr' id='par_1_24' title="bbox 1766 1030 3350 1111">
     <span class='ocr_line' id='line_1_24' title="bbox 1766 1030 3350 1111; baseline -0.006 -16"><span class='ocrx_word' id='word_1_159' title='bbox 1766 1040 1843 1097; x_wconf 91' lang='lat' dir='ltr'><strong>ris</strong></span> <span class='ocrx_word' id='word_1_160' title='bbox 1872 1037 2210 1111; x_wconf 87' lang='lat' dir='ltr'><strong>appendiciis</strong></span> <span class='ocrx_word' id='word_1_161' title='bbox 2242 1037 2375 1095; x_wconf 86' lang='lat' dir='ltr'><strong>suis.</strong></span> <span class='ocrx_word' id='word_1_162' title='bbox 2407 1036 2566 1094; x_wconf 88' lang='lat' dir='ltr'><strong>Dedit</strong></span> <span class='ocrx_word' id='word_1_163' title='bbox 2593 1038 2722 1093; x_wconf 90' lang='lat' dir='ltr'><strong>item</strong></span> <span class='ocrx_word' id='word_1_164' title='bbox 2746 1034 2945 1093; x_wconf 88' lang='lat' dir='ltr'><strong>seniori</strong></span> <span class='ocrx_word' id='word_1_165' title='bbox 2972 1031 3218 1090; x_wconf 71' lang='lat' dir='ltr'><strong>ecclesia:</strong></span> <span class='ocrx_word' id='word_1_166' title='bbox 3245 1030 3350 1087; x_wconf 79' lang='lat' dir='ltr'><strong>Ca-</strong></span> 
     </span>
    </p>
   </div>
   <div class='ocr_carea' id='block_1_25' title="bbox 1766 1127 3347 1202">
    <p class='ocr_par' dir='ltr' id='par_1_25' title="bbox 1766 1127 3347 1202">
     <span class='ocr_line' id='line_1_25' title="bbox 1766 1127 3347 1202; baseline -0.008 -13"><span class='ocrx_word' id='word_1_167' title='bbox 1766 1132 2014 1189; x_wconf 70' lang='lat' dir='ltr'><strong>durci‘nte</strong></span> <span class='ocrx_word' id='word_1_168' title='bbox 2034 1130 2217 1187; x_wconf 79' lang='lat' dir='ltr'><strong>villam</strong></span> <span class='ocrx_word' id='word_1_169' title='bbox 2254 1145 2419 1202; x_wconf 88' lang='lat' dir='ltr'><strong>quam</strong></span> <span class='ocrx_word' id='word_1_170' title='bbox 2444 1130 2599 1186; x_wconf 88' lang='lat' dir='ltr'><strong>Betto</strong></span> <span class='ocrx_word' id='word_1_171' title='bbox 2626 1129 2819 1195; x_wconf 74' lang='lat' dir='ltr'><strong>tenuit,</strong></span> <span class='ocrx_word' id='word_1_172' title='bbox 2845 1135 2901 1184; x_wconf 82' lang='lat' dir='ltr'><strong>et</strong></span> <span class='ocrx_word' id='word_1_173' title='bbox 2928 1127 3045 1199; x_wconf 86' lang='lat' dir='ltr'><strong>ipse</strong></span> <span class='ocrx_word' id='word_1_174' title='bbox 3066 1140 3132 1182; x_wconf 76' lang='lat' dir='ltr'><strong>ex</strong></span> <span class='ocrx_word' id='word_1_175' title='bbox 3162 1137 3347 1195; x_wconf 88' lang='lat' dir='ltr'><strong>regum</strong></span> 
     </span>
    </p>
   </div>
   <div class='ocr_carea' id='block_1_26' title="bbox 1768 1215 3357 1292">
    <p class='ocr_par' dir='ltr' id='par_1_26' title="bbox 1768 1215 3357 1292">
     <span class='ocr_line' id='line_1_26' title="bbox 1768 1215 3357 1292; baseline -0.007 -14"><span class='ocrx_word' id='word_1_176' title='bbox 1768 1219 2143 1278; x_wconf 85' lang='lat' dir='ltr'><strong>muniﬁcentia</strong></span> <span class='ocrx_word' id='word_1_177' title='bbox 2192 1218 2422 1292; x_wconf 87' lang='lat' dir='ltr'><strong>accepit,</strong></span> <span class='ocrx_word' id='word_1_178' title='bbox 2468 1220 2632 1278; x_wconf 80' lang='lat' dir='ltr'><strong>sitam</strong></span> <span class='ocrx_word' id='word_1_179' title='bbox 2674 1220 2731 1275; x_wconf 81' lang='lat' dir='ltr'><strong>in</strong></span> <span class='ocrx_word' id='word_1_180' title='bbox 2759 1218 3037 1275; x_wconf 82' lang='lat' dir='ltr'><strong>territorio</strong></span> <span class='ocrx_word' id='word_1_181' title='bbox 3086 1215 3357 1285; x_wconf 82' lang='lat' dir='ltr'><strong>Burdiga—</strong></span> 
     </span>
    </p>
   </div>
   <div class='ocr_carea' id='block_1_27' title="bbox 1769 1304 3351 1382">
    <p class='ocr_par' dir='ltr' id='par_1_27' title="bbox 1769 1304 3351 1382">
     <span class='ocr_line' id='line_1_27' title="bbox 1769 1304 3351 1382; baseline -0.004 -14"><span class='ocrx_word' id='word_1_182' title='bbox 1769 1312 1903 1369; x_wconf 89' lang='lat' dir='ltr'><strong>iensi</strong></span> <span class='ocrx_word' id='word_1_183' title='bbox 1945 1327 2070 1369; x_wconf 87' lang='lat' dir='ltr'><strong>cum</strong></span> <span class='ocrx_word' id='word_1_184' title='bbox 2098 1309 2368 1379; x_wconf 61' lang='lat' dir='ltr'><strong>aediﬁciis,</strong></span> <span class='ocrx_word' id='word_1_185' title='bbox 2398 1309 2686 1382; x_wconf 85' lang='lat' dir='ltr'><strong>mancipiis</strong></span> <span class='ocrx_word' id='word_1_186' title='bbox 2707 1317 2763 1366; x_wconf 88' lang='lat' dir='ltr'><strong>et</strong></span> <span class='ocrx_word' id='word_1_187' title='bbox 2790 1308 3059 1366; x_wconf 87' lang='lat' dir='ltr'><strong>universis</strong></span> <span class='ocrx_word' id='word_1_188' title='bbox 3090 1304 3351 1379; x_wconf 89' lang='lat' dir='ltr'><strong>appendi-</strong></span> 
     </span>
    </p>
   </div>
   <div class='ocr_carea' id='block_1_28' title="bbox 1770 1397 3350 1473">
    <p class='ocr_par' dir='ltr' id='par_1_28' title="bbox 1770 1397 3350 1473">
     <span class='ocr_line' id='line_1_28' title="bbox 1770 1397 3350 1473; baseline -0.006 -13"><span class='ocrx_word' id='word_1_189' title='bbox 1770 1402 1870 1460; x_wconf 89' lang='lat' dir='ltr'><strong>ciis</strong></span> <span class='ocrx_word' id='word_1_190' title='bbox 1896 1403 2029 1461; x_wconf 87' lang='lat' dir='ltr'><strong>suis.</strong></span> <span class='ocrx_word' id='word_1_191' title='bbox 2060 1401 2223 1457; x_wconf 78' lang='lat' dir='ltr'><strong>Multa</strong></span> <span class='ocrx_word' id='word_1_192' title='bbox 2247 1401 2468 1473; x_wconf 88' lang='lat' dir='ltr'><strong>quidem</strong></span> <span class='ocrx_word' id='word_1_193' title='bbox 2496 1409 2552 1457; x_wconf 92' lang='lat' dir='ltr'><strong>et</strong></span> <span class='ocrx_word' id='word_1_194' title='bbox 2574 1400 2679 1456; x_wconf 89' lang='lat' dir='ltr'><strong>alia</strong></span> <span class='ocrx_word' id='word_1_195' title='bbox 2708 1399 2973 1473; x_wconf 88' lang='lat' dir='ltr'><strong>possedit,</strong></span> <span class='ocrx_word' id='word_1_196' title='bbox 3001 1397 3143 1455; x_wconf 88' lang='lat' dir='ltr'><strong>sicut</strong></span> <span class='ocrx_word' id='word_1_197' title='bbox 3180 1403 3350 1453; x_wconf 86' lang='lat' dir='ltr'><strong>testa-</strong></span> 
     </span>
    </p>
   </div>
   <div class='ocr_carea' id='block_1_29' title="bbox 1771 1489 3351 1566">
    <p class='ocr_par' dir='ltr' id='par_1_29' title="bbox 1771 1489 3351 1566">
     <span class='ocr_line' id='line_1_29' title="bbox 1771 1489 3351 1566; baseline -0.003 -16"><span class='ocrx_word' id='word_1_198' title='bbox 1771 1493 1939 1550; x_wconf 86' lang='lat' dir='ltr'><strong>menti</strong></span> <span class='ocrx_word' id='word_1_199' title='bbox 1979 1493 2150 1565; x_wconf 85' lang='lat' dir='ltr'><strong>ipsius</strong></span> <span class='ocrx_word' id='word_1_200' title='bbox 2168 1493 2367 1566; x_wconf 80' lang='lat' dir='ltr'><strong>pagina</strong></span> <span class='ocrx_word' id='word_1_201' title='bbox 2395 1492 2729 1559; x_wconf 78' lang='lat' dir='ltr'><strong>manifestat,</strong></span> <span class='ocrx_word' id='word_1_202' title='bbox 2756 1509 2877 1564; x_wconf 75' lang='lat' dir='ltr'><strong>qute</strong></span> <span class='ocrx_word' id='word_1_203' title='bbox 2909 1500 3017 1548; x_wconf 87' lang='lat' dir='ltr'><strong>tam</strong></span> <span class='ocrx_word' id='word_1_204' title='bbox 3042 1489 3351 1561; x_wconf 85' lang='lat' dir='ltr'><strong>nepotibus,</strong></span> 
     </span>
    </p>
   </div>
   <div class='ocr_carea' id='block_1_30' title="bbox 1772 1580 3411 1658">
    <p class='ocr_par' dir='ltr' id='par_1_30' title="bbox 1772 1580 3411 1658">
     <span class='ocr_line' id='line_1_30' title="bbox 1772 1580 3411 1658; baseline -0.005 -15"><span class='ocrx_word' id='word_1_205' title='bbox 1772 1601 1936 1658; x_wconf 89' lang='lat' dir='ltr'><strong>quam</strong></span> <span class='ocrx_word' id='word_1_206' title='bbox 1984 1586 2196 1643; x_wconf 62' lang='lat' dir='ltr'><strong>caeteris</strong></span> <span class='ocrx_word' id='word_1_207' title='bbox 2239 1586 2353 1642; x_wconf 89' lang='lat' dir='ltr'><strong>suis</strong></span> <span class='ocrx_word' id='word_1_208' title='bbox 2394 1584 2714 1656; x_wconf 88' lang='lat' dir='ltr'><strong>propinquis</strong></span> <span class='ocrx_word' id='word_1_209' title='bbox 2765 1583 2995 1658; x_wconf 88' lang='lat' dir='ltr'><strong>largitus</strong></span> <span class='ocrx_word' id='word_1_210' title='bbox 3021 1591 3127 1649; x_wconf 88' lang='lat' dir='ltr'><strong>est,</strong></span> <span class='ocrx_word' id='word_1_211' title='bbox 3175 1580 3271 1638; x_wconf 90' lang='lat' dir='ltr'><strong>sed</strong></span> <span class='ocrx_word' id='word_1_212' title='bbox 3299 1591 3354 1635; x_wconf 88' lang='lat' dir='ltr'><strong>et</strong></span> <span class='ocrx_word' id='word_1_213' title='bbox 3404 1608 3411 1617; x_wconf 67' lang='grc' dir='ltr'><strong>ε</strong></span> 
     </span>
    </p>
   </div>
   <div class='ocr_carea' id='block_1_31' title="bbox 1773 1675 3356 1751">
    <p class='ocr_par' dir='ltr' id='par_1_31' title="bbox 1773 1675 3356 1751">
     <span class='ocr_line' id='line_1_31' title="bbox 1773 1675 3356 1751; baseline -0.006 -15"><span class='ocrx_word' id='word_1_214' title='bbox 1773 1679 2042 1751; x_wconf 89' lang='lat' dir='ltr'><strong>mancipia</strong></span> <span class='ocrx_word' id='word_1_215' title='bbox 2074 1693 2182 1735; x_wconf 89' lang='lat' dir='ltr'><strong>non</strong></span> <span class='ocrx_word' id='word_1_216' title='bbox 2211 1678 2393 1735; x_wconf 91' lang='lat' dir='ltr'><strong>minus</strong></span> <span class='ocrx_word' id='word_1_217' title='bbox 2421 1676 2528 1735; x_wconf 92' lang='lat' dir='ltr'><strong>duo</strong></span> <span class='ocrx_word' id='word_1_218' title='bbox 2578 1677 2746 1733; x_wconf 90' lang='lat' dir='ltr'><strong>millia</strong></span> <span class='ocrx_word' id='word_1_219' title='bbox 2776 1677 3024 1749; x_wconf 82' lang='lat' dir='ltr'><strong>permisit</strong></span> <span class='ocrx_word' id='word_1_220' title='bbox 3052 1690 3176 1731; x_wconf 88' lang='lat' dir='ltr'><strong>esse</strong></span> <span class='ocrx_word' id='word_1_221' title='bbox 3208 1675 3356 1743; x_wconf 84' lang='lat' dir='ltr'><strong>inge-</strong></span> 
     </span>
    </p>
   </div>
   <div class='ocr_carea' id='block_1_32' title="bbox 1773 1764 3413 1840">
    <p class='ocr_par' dir='ltr' id='par_1_32' title="bbox 1773 1764 3413 1840">
     <span class='ocr_line' id='line_1_32' title="bbox 1773 1764 3413 1840; baseline -0.004 -15"><span class='ocrx_word' id='word_1_222' title='bbox 1773 1786 1901 1838; x_wconf 92' lang='lat' dir='ltr'><strong>nua,</strong></span> <span class='ocrx_word' id='word_1_223' title='bbox 1949 1770 2148 1840; x_wconf 86' lang='lat' dir='ltr'><strong>quibus</strong></span> <span class='ocrx_word' id='word_1_224' title='bbox 2174 1778 2232 1825; x_wconf 89' lang='lat' dir='ltr'><strong>et</strong></span> <span class='ocrx_word' id='word_1_225' title='bbox 2259 1784 2325 1825; x_wconf 87' lang='lat' dir='ltr'><strong>ea</strong></span> <span class='ocrx_word' id='word_1_226' title='bbox 2365 1783 2487 1840; x_wconf 72' lang='lat' dir='ltr'><strong>qua:</strong></span> <span class='ocrx_word' id='word_1_227' title='bbox 2514 1768 2582 1825; x_wconf 91' lang='lat' dir='ltr'><strong>ad</strong></span> <span class='ocrx_word' id='word_1_228' title='bbox 2607 1783 2847 1839; x_wconf 76' lang='lat' dir='ltr'><strong>przesens</strong></span> <span class='ocrx_word' id='word_1_229' title='bbox 2899 1768 3178 1840; x_wconf 86' lang='lat' dir='ltr'><strong>possidere</strong></span> <span class='ocrx_word' id='word_1_230' title='bbox 3206 1764 3359 1820; x_wconf 85' lang='lat' dir='ltr'><strong>vide-</strong></span> <span class='ocrx_word' id='word_1_231' title='bbox 3410 1782 3413 1787; x_wconf 48' lang='grc' dir='ltr'>ν</span> 
     </span>
    </p>
   </div>
   <div class='ocr_carea' id='block_1_33' title="bbox 116 1836 3354 1934">
    <p class='ocr_par' dir='ltr' id='par_1_33' title="bbox 116 1836 3354 1934">
     <span class='ocr_line' id='line_1_33' title="bbox 116 1836 3354 1934; baseline -0.003 -17"><span class='ocrx_word' id='word_1_232' title='bbox 116 1836 351 1920; x_wconf 75' lang='lat' dir='ltr'><strong>:cdiﬁeare</strong></span> <span class='ocrx_word' id='word_1_233' title='bbox 383 1864 622 1929; x_wconf 87' lang='lat' dir='ltr'><strong>videtur,</strong></span> <span class='ocrx_word' id='word_1_234' title='bbox 651 1864 740 1920; x_wconf 86' lang='lat' dir='ltr'><strong>ubi</strong></span> <span class='ocrx_word' id='word_1_235' title='bbox 766 1864 931 1920; x_wconf 89' lang='lat' dir='ltr'><strong>etiam</strong></span> <span class='ocrx_word' id='word_1_236' title='bbox 959 1873 1015 1921; x_wconf 92' lang='lat' dir='ltr'><strong>et</strong></span> <span class='ocrx_word' id='word_1_237' title='bbox 1055 1836 1313 1934; x_wconf 79' lang='lat' dir='ltr'><strong>reliquias</strong></span> <span class='ocrx_word' id='word_1_238' title='bbox 1350 1863 1668 1920; x_wconf 89' lang='lat' dir='ltr'><strong>eorumdem</strong></span> <span class='ocrx_word' id='word_1_239' title='bbox 1686 1836 1745 1897; x_wconf 72' lang='grc' dir='ltr'><strong>’Β</strong></span> <span class='ocrx_word' id='word_1_240' title='bbox 1775 1836 1995 1926; x_wconf 61' lang='lat' dir='ltr'><strong>bantur,</strong></span> <span class='ocrx_word' id='word_1_241' title='bbox 2023 1861 2092 1915; x_wconf 91' lang='lat' dir='ltr'><strong>ad</strong></span> <span class='ocrx_word' id='word_1_242' title='bbox 2112 1836 2399 1932; x_wconf 79' lang='lat' dir='ltr'><strong>proprium</strong></span> <span class='ocrx_word' id='word_1_243' title='bbox 2414 1836 2624 1915; x_wconf 74' lang='lat' dir='ltr'><strong>habere</strong></span> <span class='ocrx_word' id='word_1_244' title='bbox 2638 1836 2916 1930; x_wconf 64' lang='lat' dir='ltr'><strong>permisit.</strong></span> <span class='ocrx_word' id='word_1_245' title='bbox 2931 1856 3032 1924; x_wconf 86' lang='lat' dir='ltr'><strong>Qui</strong></span> <span class='ocrx_word' id='word_1_246' title='bbox 3056 1869 3183 1912; x_wconf 86' lang='lat' dir='ltr'><strong>vere</strong></span> <span class='ocrx_word' id='word_1_247' title='bbox 3204 1852 3354 1917; x_wconf 81' lang='lat' dir='ltr'><strong>felix,</strong></span> 
     </span>
    </p>
   </div>
   <div class='ocr_carea' id='block_1_34' title="bbox 119 1951 1672 2024">
    <p class='ocr_par' dir='ltr' id='par_1_34' title="bbox 119 1951 1672 2024">
     <span class='ocr_line' id='line_1_34' title="bbox 119 1951 1672 2024; baseline 0.001 -19"><span class='ocrx_word' id='word_1_248' title='bbox 119 1962 387 2024; x_wconf 82' lang='lat' dir='ltr'><strong>martyrum</strong></span> <span class='ocrx_word' id='word_1_249' title='bbox 434 1951 796 2017; x_wconf 89' lang='lat' dir='ltr'><strong>condidimus,</strong></span> <span class='ocrx_word' id='word_1_250' title='bbox 834 1951 1088 2024; x_wconf 87' lang='lat' dir='ltr'><strong>agellum,</strong></span> <span class='ocrx_word' id='word_1_251' title='bbox 1146 1952 1299 2022; x_wconf 73' lang='lat' dir='ltr'><strong>cuius</strong></span> <span class='ocrx_word' id='word_1_252' title='bbox 1349 1952 1672 2009; x_wconf 87' lang='lat' dir='ltr'><strong>vocabulum</strong></span> 
     </span>
    </p>
   </div>
   <div class='ocr_carea' id='block_1_35' title="bbox 118 2041 1676 2115">
    <p class='ocr_par' dir='ltr' id='par_1_35' title="bbox 118 2041 1676 2115">
     <span class='ocr_line' id='line_1_35' title="bbox 118 2041 1676 2115; baseline 0.001 -19"><span class='ocrx_word' id='word_1_253' title='bbox 118 2052 192 2098; x_wconf 86' lang='lat' dir='ltr'><strong>est</strong></span> <span class='ocrx_word' id='word_1_254' title='bbox 224 2041 539 2109; x_wconf 84' lang='lat' dir='ltr'><strong>Briennieo,</strong></span> <span class='ocrx_word' id='word_1_255' title='bbox 560 2043 716 2114; x_wconf 79' lang='lat' dir='ltr'><strong>juxta</strong></span> <span class='ocrx_word' id='word_1_256' title='bbox 746 2057 937 2115; x_wconf 86' lang='lat' dir='ltr'><strong>agrum</strong></span> <span class='ocrx_word' id='word_1_257' title='bbox 975 2042 1484 2110; x_wconf 81' lang='lat' dir='ltr'><strong>Nanturiaeensem,</strong></span> <span class='ocrx_word' id='word_1_258' title='bbox 1511 2057 1676 2114; x_wconf 88' lang='lat' dir='ltr'><strong>quem</strong></span> 
     </span>
    </p>
   </div>
   <div class='ocr_carea' id='block_1_36' title="bbox 119 2130 1671 2203">
    <p class='ocr_par' dir='ltr' id='par_1_36' title="bbox 119 2130 1671 2203">
     <span class='ocr_line' id='line_1_36' title="bbox 119 2130 1671 2203; baseline 0 -16"><span class='ocrx_word' id='word_1_259' title='bbox 119 2146 199 2187; x_wconf 88' lang='lat' dir='ltr'><strong>nos</strong></span> <span class='ocrx_word' id='word_1_260' title='bbox 227 2145 346 2188; x_wconf 86' lang='lat' dir='ltr'><strong>eum</strong></span> <span class='ocrx_word' id='word_1_261' title='bbox 400 2132 557 2189; x_wconf 70' lang='lat' dir='ltr'><strong>bona:</strong></span> <span class='ocrx_word' id='word_1_262' title='bbox 593 2131 989 2188; x_wconf 88' lang='lat' dir='ltr'><strong>recordationis</strong></span> <span class='ocrx_word' id='word_1_263' title='bbox 1012 2132 1232 2188; x_wconf 90' lang='lat' dir='ltr'><strong>domino</strong></span> <span class='ocrx_word' id='word_1_264' title='bbox 1266 2130 1471 2188; x_wconf 84' lang='lat' dir='ltr'><strong>Evodio</strong></span> <span class='ocrx_word' id='word_1_265' title='bbox 1494 2146 1671 2203; x_wconf 89' lang='lat' dir='ltr'><strong>quou-</strong></span> 
     </span>
    </p>
   </div>
   <div class='ocr_carea' id='block_1_37' title="bbox 116 2222 1676 2302">
    <p class='ocr_par' dir='ltr' id='par_1_37' title="bbox 116 2222 1676 2302">
     <span class='ocr_line' id='line_1_37' title="bbox 116 2222 1676 2302; baseline -0.002 -22"><span class='ocrx_word' id='word_1_266' title='bbox 116 2224 214 2280; x_wconf 86' lang='lat' dir='ltr'><strong>datn</strong></span> <span class='ocrx_word' id='word_1_267' title='bbox 243 2225 506 2296; x_wconf 80' lang='lat' dir='ltr'><strong>episcopo</strong></span> <span class='ocrx_word' id='word_1_268' title='bbox 529 2223 1011 2290; x_wconf 81' lang='lat' dir='ltr'><strong>eommutavimus;</strong></span> <span class='ocrx_word' id='word_1_269' title='bbox 1054 2223 1324 2302; x_wconf 84' lang='lat' dir='ltr'><strong>simulque</strong></span> <span class='ocrx_word' id='word_1_270' title='bbox 1359 2222 1676 2279; x_wconf 81' lang='lat' dir='ltr'><strong>Accolatum</strong></span> 
     </span>
    </p>
   </div>
   <div class='ocr_carea' id='block_1_38' title="bbox 118 2312 1678 2384">
    <p class='ocr_par' dir='ltr' id='par_1_38' title="bbox 118 2312 1678 2384">
     <span class='ocr_line' id='line_1_38' title="bbox 118 2312 1678 2384; baseline 0.001 -15"><span class='ocrx_word' id='word_1_271' title='bbox 118 2329 250 2383; x_wconf 82' lang='lat' dir='ltr'><strong>supra</strong></span> <span class='ocrx_word' id='word_1_272' title='bbox 283 2313 521 2370; x_wconf 75' lang='lat' dir='ltr'><strong>ﬂuvium</strong></span> <span class='ocrx_word' id='word_1_273' title='bbox 562 2312 755 2369; x_wconf 70' lang='lat' dir='ltr'><strong>(litora:</strong></span> <span class='ocrx_word' id='word_1_274' title='bbox 787 2314 1046 2384; x_wconf 89' lang='lat' dir='ltr'><strong>positum,</strong></span> <span class='ocrx_word' id='word_1_275' title='bbox 1103 2314 1243 2369; x_wconf 87' lang='lat' dir='ltr'><strong>sicut</strong></span> <span class='ocrx_word' id='word_1_276' title='bbox 1282 2328 1313 2367; x_wconf 90' lang='lat' dir='ltr'><strong>a</strong></span> <span class='ocrx_word' id='word_1_277' title='bbox 1353 2312 1509 2368; x_wconf 88' lang='lat' dir='ltr'><strong>nobis</strong></span> <span class='ocrx_word' id='word_1_278' title='bbox 1540 2327 1678 2382; x_wconf 79' lang='lat' dir='ltr'><strong>prac-</strong></span> 
     </span>
    </p>
   </div>
   <div class='ocr_carea' id='block_1_39' title="bbox 118 2404 1677 2478">
    <p class='ocr_par' dir='ltr' id='par_1_39' title="bbox 118 2404 1677 2478">
     <span class='ocr_line' id='line_1_39' title="bbox 118 2404 1677 2478; baseline -0.001 -17"><span class='ocrx_word' id='word_1_279' title='bbox 118 2406 235 2462; x_wconf 85' lang='lat' dir='ltr'><strong>senti</strong></span> <span class='ocrx_word' id='word_1_280' title='bbox 259 2414 511 2478; x_wconf 85' lang='lat' dir='ltr'><strong>tempore</strong></span> <span class='ocrx_word' id='word_1_281' title='bbox 534 2404 904 2477; x_wconf 89' lang='lat' dir='ltr'><strong>possidentur,</strong></span> <span class='ocrx_word' id='word_1_282' title='bbox 928 2405 995 2461; x_wconf 88' lang='lat' dir='ltr'><strong>ad</strong></span> <span class='ocrx_word' id='word_1_283' title='bbox 1016 2405 1130 2477; x_wconf 86' lang='lat' dir='ltr'><strong>jam</strong></span> <span class='ocrx_word' id='word_1_284' title='bbox 1157 2405 1358 2461; x_wconf 90' lang='lat' dir='ltr'><strong>dictam</strong></span> <span class='ocrx_word' id='word_1_285' title='bbox 1398 2404 1677 2461; x_wconf 90' lang='lat' dir='ltr'><strong>basilicam</strong></span> 
     </span>
    </p>
   </div>
   <div class='ocr_carea' id='block_1_40' title="bbox 120 2498 1680 2566">
    <p class='ocr_par' dir='ltr' id='par_1_40' title="bbox 120 2498 1680 2566">
     <span class='ocr_line' id='line_1_40' title="bbox 120 2498 1680 2566; baseline 0 -11"><span class='ocrx_word' id='word_1_286' title='bbox 120 2513 206 2566; x_wconf 72' lang='lat' dir='ltr'><strong>pro</strong></span> <span class='ocrx_word' id='word_1_287' title='bbox 224 2499 421 2555; x_wconf 75' lang='lat' dir='ltr'><strong>anima:</strong></span> <span class='ocrx_word' id='word_1_288' title='bbox 435 2508 637 2555; x_wconf 72' lang='lat' dir='ltr'><strong>nostrae</strong></span> <span class='ocrx_word' id='word_1_289' title='bbox 664 2498 903 2555; x_wconf 83' lang='lat' dir='ltr'><strong>remedio</strong></span> <span class='ocrx_word' id='word_1_290' title='bbox 924 2498 1269 2556; x_wconf 84' lang='lat' dir='ltr'><strong>decrevimus</strong></span> <span class='ocrx_word' id='word_1_291' title='bbox 1304 2513 1425 2555; x_wconf 87' lang='lat' dir='ltr'><strong>esse</strong></span> <span class='ocrx_word' id='word_1_292' title='bbox 1451 2498 1680 2555; x_wconf 88' lang='lat' dir='ltr'><strong>donatos</strong></span> 
     </span>
    </p>
   </div>
   <div class='ocr_carea' id='block_1_41' title="bbox 118 2588 1682 2663">
    <p class='ocr_par' dir='ltr' id='par_1_41' title="bbox 118 2588 1682 2663">
     <span class='ocr_line' id='line_1_41' title="bbox 118 2588 1682 2663; baseline 0.001 -20"><span class='ocrx_word' id='word_1_293' title='bbox 118 2592 356 2663; x_wconf 63' lang='lat' dir='ltr'><strong>anlipsam</strong></span> <span class='ocrx_word' id='word_1_294' title='bbox 402 2590 705 2658; x_wconf 87' lang='lat' dir='ltr'><strong>basilicam,</strong></span> <span class='ocrx_word' id='word_1_295' title='bbox 734 2590 819 2647; x_wconf 91' lang='lat' dir='ltr'><strong>vel</strong></span> <span class='ocrx_word' id='word_1_296' title='bbox 848 2590 1051 2647; x_wconf 90' lang='lat' dir='ltr'><strong>ibidem</strong></span> <span class='ocrx_word' id='word_1_297' title='bbox 1091 2588 1523 2648; x_wconf 88' lang='lat' dir='ltr'><strong>deservicntihus</strong></span> <span class='ocrx_word' id='word_1_298' title='bbox 1560 2605 1682 2662; x_wconf 91' lang='lat' dir='ltr'><strong>per-</strong></span> 
     </span>
    </p>
   </div>
   <div class='ocr_carea' id='block_1_42' title="bbox 119 2684 1680 2756">
    <p class='ocr_par' dir='ltr' id='par_1_42' title="bbox 119 2684 1680 2756">
     <span class='ocr_line' id='line_1_42' title="bbox 119 2684 1680 2756; baseline 0.001 -17"><span class='ocrx_word' id='word_1_299' title='bbox 119 2686 389 2752; x_wconf 82' lang='lat' dir='ltr'><strong>petualiter</strong></span> <span class='ocrx_word' id='word_1_300' title='bbox 430 2684 812 2755; x_wconf 89' lang='lat' dir='ltr'><strong>possidendos.</strong></span> <span class='ocrx_word' id='word_1_301' title='bbox 844 2684 979 2739; x_wconf 84' lang='lat' dir='ltr'><strong>Nam</strong></span> <span class='ocrx_word' id='word_1_302' title='bbox 1006 2684 1095 2741; x_wconf 90' lang='lat' dir='ltr'><strong>his</strong></span> <span class='ocrx_word' id='word_1_303' title='bbox 1127 2684 1513 2756; x_wconf 88' lang='lat' dir='ltr'><strong>suprascriptis</strong></span> <span class='ocrx_word' id='word_1_304' title='bbox 1559 2698 1680 2740; x_wconf 89' lang='lat' dir='ltr'><strong>mo-</strong></span> 
     </span>
    </p>
   </div>
   <div class='ocr_carea' id='block_1_43' title="bbox 118 2773 1684 2847">
    <p class='ocr_par' dir='ltr' id='par_1_43' title="bbox 118 2773 1684 2847">
     <span class='ocr_line' id='line_1_43' title="bbox 118 2773 1684 2847; baseline 0.003 -22"><span class='ocrx_word' id='word_1_305' title='bbox 118 2774 346 2830; x_wconf 81' lang='lat' dir='ltr'><strong>nasteriis</strong></span> <span class='ocrx_word' id='word_1_306' title='bbox 402 2774 698 2847; x_wconf 88' lang='lat' dir='ltr'><strong>unicuique</strong></span> <span class='ocrx_word' id='word_1_307' title='bbox 758 2773 997 2831; x_wconf 76' lang='lat' dir='ltr'><strong>basilicae</strong></span> <span class='ocrx_word' id='word_1_308' title='bbox 1053 2784 1254 2832; x_wconf 66' lang='lat' dir='ltr'><strong>sanctae</strong></span> <span class='ocrx_word' id='word_1_309' title='bbox 1303 2774 1578 2832; x_wconf 65' lang='lat' dir='ltr'><strong>Columba</strong></span> <span class='ocrx_word' id='word_1_310' title='bbox 1626 2783 1684 2831; x_wconf 86' lang='lat' dir='ltr'><strong>et</strong></span> 
     </span>
    </p>
   </div>
   <div class='ocr_carea' id='block_1_44' title="bbox 119 2866 1678 2939">
    <p class='ocr_par' dir='ltr' id='par_1_44' title="bbox 119 2866 1678 2939">
     <span class='ocr_line' id='line_1_44' title="bbox 119 2866 1678 2939; baseline 0.003 -21"><span class='ocrx_word' id='word_1_311' title='bbox 119 2867 267 2922; x_wconf 79' lang='lat' dir='ltr'><strong>sancti</strong></span> <span class='ocrx_word' id='word_1_312' title='bbox 288 2866 512 2933; x_wconf 83' lang='lat' dir='ltr'><strong>Leonis,</strong></span> <span class='ocrx_word' id='word_1_313' title='bbox 537 2881 660 2937; x_wconf 68' lang='lat' dir='ltr'><strong>quae</strong></span> <span class='ocrx_word' id='word_1_314' title='bbox 684 2875 809 2924; x_wconf 88' lang='lat' dir='ltr'><strong>sunt</strong></span> <span class='ocrx_word' id='word_1_315' title='bbox 825 2875 1153 2924; x_wconf 62' lang='lat' dir='ltr'><strong>constructae</strong></span> <span class='ocrx_word' id='word_1_316' title='bbox 1174 2866 1327 2939; x_wconf 81' lang='lat' dir='ltr'><strong>juxta</strong></span> <span class='ocrx_word' id='word_1_317' title='bbox 1353 2866 1678 2925; x_wconf 75' lang='lat' dir='ltr'><strong>Senonicum</strong></span> 
     </span>
    </p>
   </div>
   <div class='ocr_carea' id='block_1_45' title="bbox 120 2954 1679 3029">
    <p class='ocr_par' dir='ltr' id='par_1_45' title="bbox 120 2954 1679 3029">
     <span class='ocr_line' id='line_1_45' title="bbox 120 2954 1679 3029; baseline 0.006 -22"><span class='ocrx_word' id='word_1_318' title='bbox 120 2958 305 3027; x_wconf 86' lang='lat' dir='ltr'><strong>urbem,</strong></span> <span class='ocrx_word' id='word_1_319' title='bbox 334 2959 591 3028; x_wconf 85' lang='lat' dir='ltr'><strong>agellum,</strong></span> <span class='ocrx_word' id='word_1_320' title='bbox 619 2960 711 3029; x_wconf 89' lang='lat' dir='ltr'><strong>qui</strong></span> <span class='ocrx_word' id='word_1_321' title='bbox 740 2954 963 3017; x_wconf 88' lang='lat' dir='ltr'><strong>vocatur</strong></span> <span class='ocrx_word' id='word_1_322' title='bbox 989 2959 1191 3029; x_wconf 86' lang='lat' dir='ltr'><strong>Viscla,</strong></span> <span class='ocrx_word' id='word_1_323' title='bbox 1213 2961 1377 3017; x_wconf 89' lang='lat' dir='ltr'><strong>situm</strong></span> <span class='ocrx_word' id='word_1_324' title='bbox 1406 2962 1459 3017; x_wconf 93' lang='lat' dir='ltr'><strong>in</strong></span> <span class='ocrx_word' id='word_1_325' title='bbox 1488 2961 1679 3018; x_wconf 88' lang='lat' dir='ltr'><strong>eodem</strong></span> 
     </span>
    </p>
   </div>
   <div class='ocr_carea' id='block_1_46' title="bbox 120 3049 1684 3124">
    <p class='ocr_par' dir='ltr' id='par_1_46' title="bbox 120 3049 1684 3124">
     <span class='ocr_line' id='line_1_46' title="bbox 120 3049 1684 3124; baseline 0.002 -19"><span class='ocrx_word' id='word_1_326' title='bbox 120 3061 255 3119; x_wconf 73' lang='lat' dir='ltr'><strong>pago,</strong></span> <span class='ocrx_word' id='word_1_327' title='bbox 307 3064 437 3106; x_wconf 88' lang='lat' dir='ltr'><strong>cum</strong></span> <span class='ocrx_word' id='word_1_328' title='bbox 476 3049 740 3117; x_wconf 58' lang='lat' dir='ltr'><strong>aediﬁciis,</strong></span> <span class='ocrx_word' id='word_1_329' title='bbox 792 3051 974 3119; x_wconf 90' lang='lat' dir='ltr'><strong>terris,</strong></span> <span class='ocrx_word' id='word_1_330' title='bbox 1013 3051 1165 3108; x_wconf 87' lang='lat' dir='ltr'><strong>silvis</strong></span> <span class='ocrx_word' id='word_1_331' title='bbox 1200 3060 1257 3109; x_wconf 88' lang='lat' dir='ltr'><strong>et</strong></span> <span class='ocrx_word' id='word_1_332' title='bbox 1292 3053 1561 3109; x_wconf 80' lang='lat' dir='ltr'><strong>universis</strong></span> <span class='ocrx_word' id='word_1_333' title='bbox 1587 3069 1684 3124; x_wconf 85' lang='lat' dir='ltr'><strong>ap-</strong></span> 
     </span>
    </p>
   </div>
   <div class='ocr_carea' id='block_1_47' title="bbox 122 3138 1681 3207">
    <p class='ocr_par' dir='ltr' id='par_1_47' title="bbox 122 3138 1681 3207">
     <span class='ocr_line' id='line_1_47' title="bbox 122 3138 1681 3207; baseline 0.002 -11"><span class='ocrx_word' id='word_1_334' title='bbox 122 3141 362 3207; x_wconf 81' lang='lat' dir='ltr'><strong>pendiciis</strong></span> <span class='ocrx_word' id='word_1_335' title='bbox 390 3138 535 3207; x_wconf 89' lang='lat' dir='ltr'><strong>suis,</strong></span> <span class='ocrx_word' id='word_1_336' title='bbox 575 3156 640 3198; x_wconf 87' lang='lat' dir='ltr'><strong>ea</strong></span> <span class='ocrx_word' id='word_1_337' title='bbox 676 3142 888 3199; x_wconf 87' lang='lat' dir='ltr'><strong>ratione</strong></span> <span class='ocrx_word' id='word_1_338' title='bbox 911 3151 971 3199; x_wconf 92' lang='lat' dir='ltr'><strong>ut</strong></span> <span class='ocrx_word' id='word_1_339' title='bbox 992 3153 1232 3201; x_wconf 89' lang='lat' dir='ltr'><strong>rectores</strong></span> <span class='ocrx_word' id='word_1_340' title='bbox 1260 3145 1454 3201; x_wconf 88' lang='lat' dir='ltr'><strong>harum</strong></span> <span class='ocrx_word' id='word_1_341' title='bbox 1496 3145 1681 3201; x_wconf 88' lang='lat' dir='ltr'><strong>basili-</strong></span> 
     </span>
    </p>
   </div>
   <div class='ocr_carea' id='block_1_48' title="bbox 118 3232 1683 3305">
    <p class='ocr_par' dir='ltr' id='par_1_48' title="bbox 118 3232 1683 3305">
     <span class='ocr_line' id='line_1_48' title="bbox 118 3232 1683 3305; baseline 0.005 -21"><span class='ocrx_word' id='word_1_342' title='bbox 118 3245 283 3287; x_wconf 83' lang='lat' dir='ltr'><strong>carum</strong></span> <span class='ocrx_word' id='word_1_343' title='bbox 315 3233 561 3289; x_wconf 58' lang='lat' dir='ltr'><strong>eamdem</strong></span> <span class='ocrx_word' id='word_1_344' title='bbox 606 3232 792 3289; x_wconf 77' lang='lat' dir='ltr'><strong>villam</strong></span> <span class='ocrx_word' id='word_1_345' title='bbox 825 3250 981 3305; x_wconf 62' lang='lat' dir='ltr'><strong>aequa</strong></span> <span class='ocrx_word' id='word_1_346' title='bbox 1027 3244 1174 3292; x_wconf 89' lang='lat' dir='ltr'><strong>sorte</strong></span> <span class='ocrx_word' id='word_1_347' title='bbox 1215 3236 1357 3292; x_wconf 89' lang='lat' dir='ltr'><strong>inter</strong></span> <span class='ocrx_word' id='word_1_348' title='bbox 1388 3251 1446 3292; x_wconf 91' lang='lat' dir='ltr'><strong>se</strong></span> <span class='ocrx_word' id='word_1_349' title='bbox 1477 3236 1683 3293; x_wconf 85' lang='lat' dir='ltr'><strong>divide-</strong></span> 
     </span>
    </p>
   </div>
   <div class='ocr_carea' id='block_1_49' title="bbox 120 3320 1682 3394">
    <p class='ocr_par' dir='ltr' id='par_1_49' title="bbox 120 3320 1682 3394">
     <span class='ocr_line' id='line_1_49' title="bbox 120 3320 1682 3394; baseline 0.005 -19"><span class='ocrx_word' id='word_1_350' title='bbox 120 3330 238 3376; x_wconf 88' lang='lat' dir='ltr'><strong>rent.</strong></span> <span class='ocrx_word' id='word_1_351' title='bbox 288 3320 532 3378; x_wconf 72' lang='lat' dir='ltr'><strong>Basiliea:</strong></span> <span class='ocrx_word' id='word_1_352' title='bbox 560 3337 777 3394; x_wconf 89' lang='lat' dir='ltr'><strong>quoque</strong></span> <span class='ocrx_word' id='word_1_353' title='bbox 810 3324 1014 3381; x_wconf 90' lang='lat' dir='ltr'><strong>domini</strong></span> <span class='ocrx_word' id='word_1_354' title='bbox 1040 3324 1278 3383; x_wconf 87' lang='lat' dir='ltr'><strong>Ursicini</strong></span> <span class='ocrx_word' id='word_1_355' title='bbox 1317 3326 1682 3383; x_wconf 84' lang='lat' dir='ltr'><strong>Bicicrinsen-</strong></span> 
     </span>
    </p>
   </div>
   <div class='ocr_carea' id='block_1_50' title="bbox 119 3413 1684 3490">
    <p class='ocr_par' dir='ltr' id='par_1_50' title="bbox 119 3413 1684 3490">
     <span class='ocr_line' id='line_1_50' title="bbox 119 3413 1684 3490; baseline 0.006 -26"><span class='ocrx_word' id='word_1_356' title='bbox 119 3413 200 3479; x_wconf 56' lang='grc' dir='ltr'><strong>δὴ,</strong></span> <span class='ocrx_word' id='word_1_357' title='bbox 224 3415 370 3470; x_wconf 80' lang='lat' dir='ltr'><strong>beati</strong></span> <span class='ocrx_word' id='word_1_358' title='bbox 406 3414 665 3472; x_wconf 87' lang='lat' dir='ltr'><strong>Germani</strong></span> <span class='ocrx_word' id='word_1_359' title='bbox 719 3416 990 3487; x_wconf 88' lang='lat' dir='ltr'><strong>quondam</strong></span> <span class='ocrx_word' id='word_1_360' title='bbox 1039 3417 1317 3488; x_wconf 84' lang='lat' dir='ltr'><strong>discipuli,</strong></span> <span class='ocrx_word' id='word_1_361' title='bbox 1359 3418 1591 3490; x_wconf 80' lang='lat' dir='ltr'><strong>agellum</strong></span> <span class='ocrx_word' id='word_1_362' title='bbox 1616 3417 1684 3473; x_wconf 90' lang='lat' dir='ltr'><strong>de</strong></span> 
     </span>
    </p>
   </div>
   <div class='ocr_carea' id='block_1_51' title="bbox 122 3500 1685 3572">
    <p class='ocr_par' dir='ltr' id='par_1_51' title="bbox 122 3500 1685 3572">
     <span class='ocr_line' id='line_1_51' title="bbox 122 3500 1685 3572; baseline 0.008 -19"><span class='ocrx_word' id='word_1_363' title='bbox 122 3500 226 3558; x_wconf 76' lang='lat' dir='ltr'><strong>villa</strong></span> <span class='ocrx_word' id='word_1_364' title='bbox 281 3504 511 3559; x_wconf 86' lang='lat' dir='ltr'><strong>materni</strong></span> <span class='ocrx_word' id='word_1_365' title='bbox 545 3504 697 3572; x_wconf 90' lang='lat' dir='ltr'><strong>boni,</strong></span> <span class='ocrx_word' id='word_1_366' title='bbox 728 3506 890 3562; x_wconf 91' lang='lat' dir='ltr'><strong>situm</strong></span> <span class='ocrx_word' id='word_1_367' title='bbox 936 3506 988 3561; x_wconf 94' lang='lat' dir='ltr'><strong>in</strong></span> <span class='ocrx_word' id='word_1_368' title='bbox 1033 3506 1309 3562; x_wconf 84' lang='lat' dir='ltr'><strong>territorio</strong></span> <span class='ocrx_word' id='word_1_369' title='bbox 1344 3508 1685 3564; x_wconf 83' lang='lat' dir='ltr'><strong>Autissiodu-</strong></span> 
     </span>
    </p>
   </div>
   <div class='ocr_carea' id='block_1_52' title="bbox 120 3594 1688 3668">
    <p class='ocr_par' dir='ltr' id='par_1_52' title="bbox 120 3594 1688 3668">
     <span class='ocr_line' id='line_1_52' title="bbox 120 3594 1688 3668; baseline 0.005 -21"><span class='ocrx_word' id='word_1_370' title='bbox 120 3594 274 3661; x_wconf 81' lang='lat' dir='ltr'><strong>rensi,</strong></span> <span class='ocrx_word' id='word_1_371' title='bbox 319 3608 442 3650; x_wconf 91' lang='lat' dir='ltr'><strong>cum</strong></span> <span class='ocrx_word' id='word_1_372' title='bbox 478 3595 723 3652; x_wconf 76' lang='lat' dir='ltr'><strong>aediﬁciis</strong></span> <span class='ocrx_word' id='word_1_373' title='bbox 744 3605 801 3652; x_wconf 90' lang='lat' dir='ltr'><strong>et</strong></span> <span class='ocrx_word' id='word_1_374' title='bbox 828 3598 1116 3668; x_wconf 85' lang='lat' dir='ltr'><strong>mancipiis</strong></span> <span class='ocrx_word' id='word_1_375' title='bbox 1170 3613 1233 3654; x_wconf 89' lang='lat' dir='ltr'><strong>ac</strong></span> <span class='ocrx_word' id='word_1_376' title='bbox 1261 3598 1421 3653; x_wconf 83' lang='lat' dir='ltr'><strong>terris</strong></span> <span class='ocrx_word' id='word_1_377' title='bbox 1450 3599 1518 3654; x_wconf 88' lang='lat' dir='ltr'><strong>ad</strong></span> <span class='ocrx_word' id='word_1_378' title='bbox 1549 3599 1688 3656; x_wconf 86' lang='lat' dir='ltr'><strong>inte-</strong></span> 
     </span>
    </p>
   </div>
   <div class='ocr_carea' id='block_1_53' title="bbox 122 3683 1688 3760">
    <p class='ocr_par' dir='ltr' id='par_1_53' title="bbox 122 3683 1688 3760">
     <span class='ocr_line' id='line_1_53' title="bbox 122 3683 1688 3760; baseline 0.006 -25"><span class='ocrx_word' id='word_1_379' title='bbox 122 3697 282 3749; x_wconf 84' lang='lat' dir='ltr'><strong>grum.</strong></span> <span class='ocrx_word' id='word_1_380' title='bbox 320 3683 456 3739; x_wconf 90' lang='lat' dir='ltr'><strong>Item</strong></span> <span class='ocrx_word' id='word_1_381' title='bbox 515 3685 663 3741; x_wconf 90' lang='lat' dir='ltr'><strong>dedit</strong></span> <span class='ocrx_word' id='word_1_382' title='bbox 701 3685 938 3742; x_wconf 63' lang='lat' dir='ltr'><strong>basilicae</strong></span> <span class='ocrx_word' id='word_1_383' title='bbox 980 3689 1162 3744; x_wconf 86' lang='lat' dir='ltr'><strong>sancti</strong></span> <span class='ocrx_word' id='word_1_384' title='bbox 1193 3689 1431 3744; x_wconf 82' lang='lat' dir='ltr'><strong>Amantii</strong></span> <span class='ocrx_word' id='word_1_385' title='bbox 1459 3703 1580 3760; x_wconf 64' lang='lat' dir='ltr'><strong>quae</strong></span> <span class='ocrx_word' id='word_1_386' title='bbox 1603 3701 1688 3745; x_wconf 90' lang='lat' dir='ltr'><strong>est</strong></span> 
     </span>
    </p>
   </div>
   <div class='ocr_carea' id='block_1_54' title="bbox 121 3775 1689 3851">
    <p class='ocr_par' dir='ltr' id='par_1_54' title="bbox 121 3775 1689 3851">
     <span class='ocr_line' id='line_1_54' title="bbox 121 3775 1689 3851; baseline 0.009 -28"><span class='ocrx_word' id='word_1_387' title='bbox 121 3782 377 3829; x_wconf 74' lang='lat' dir='ltr'><strong>exstructa</strong></span> <span class='ocrx_word' id='word_1_388' title='bbox 419 3775 474 3829; x_wconf 91' lang='lat' dir='ltr'><strong>in</strong></span> <span class='ocrx_word' id='word_1_389' title='bbox 515 3790 654 3846; x_wconf 86' lang='lat' dir='ltr'><strong>pago</strong></span> <span class='ocrx_word' id='word_1_390' title='bbox 697 3775 1002 3834; x_wconf 87' lang='lat' dir='ltr'><strong>Gadurcino</strong></span> <span class='ocrx_word' id='word_1_391' title='bbox 1036 3779 1103 3833; x_wconf 82' lang='lat' dir='ltr'><strong>ad</strong></span> <span class='ocrx_word' id='word_1_392' title='bbox 1141 3779 1469 3851; x_wconf 83' lang='lat' dir='ltr'><strong>stipendium</strong></span> <span class='ocrx_word' id='word_1_393' title='bbox 1497 3795 1689 3837; x_wconf 88' lang='lat' dir='ltr'><strong>mona-</strong></span> 
     </span>
    </p>
   </div>
   <div class='ocr_carea' id='block_1_55' title="bbox 124 3864 1684 3943">
    <p class='ocr_par' dir='ltr' id='par_1_55' title="bbox 124 3864 1684 3943">
     <span class='ocr_line' id='line_1_55' title="bbox 124 3864 1684 3943; baseline 0.007 -27"><span class='ocrx_word' id='word_1_394' title='bbox 124 3864 332 3920; x_wconf 78' lang='lat' dir='ltr'><strong>chorum</strong></span> <span class='ocrx_word' id='word_1_395' title='bbox 386 3866 588 3923; x_wconf 88' lang='lat' dir='ltr'><strong>ibidem</strong></span> <span class='ocrx_word' id='word_1_396' title='bbox 615 3869 731 3925; x_wconf 87' lang='lat' dir='ltr'><strong>Deo</strong></span> <span class='ocrx_word' id='word_1_397' title='bbox 753 3867 1196 3935; x_wconf 90' lang='lat' dir='ltr'><strong>deservientium,</strong></span> <span class='ocrx_word' id='word_1_398' title='bbox 1244 3871 1336 3926; x_wconf 91' lang='lat' dir='ltr'><strong>ubi</strong></span> <span class='ocrx_word' id='word_1_399' title='bbox 1366 3878 1422 3926; x_wconf 91' lang='lat' dir='ltr'><strong>et</strong></span> <span class='ocrx_word' id='word_1_400' title='bbox 1448 3872 1684 3943; x_wconf 77' lang='lat' dir='ltr'><strong>genitrix</strong></span> 
     </span>
    </p>
   </div>
   <div class='ocr_carea' id='block_1_56' title="bbox 125 3952 1688 4033">
    <p class='ocr_par' dir='ltr' id='par_1_56' title="bbox 125 3952 1688 4033">
     <span class='ocr_line' id='line_1_56' title="bbox 125 3952 1688 4033; baseline 0.01 -28"><span class='ocrx_word' id='word_1_401' title='bbox 125 3952 297 4021; x_wconf 81' lang='lat' dir='ltr'><strong>ipsius,</strong></span> <span class='ocrx_word' id='word_1_402' title='bbox 344 3957 487 4013; x_wconf 91' lang='lat' dir='ltr'><strong>sicut</strong></span> <span class='ocrx_word' id='word_1_403' title='bbox 532 3955 647 4026; x_wconf 86' lang='lat' dir='ltr'><strong>jam</strong></span> <span class='ocrx_word' id='word_1_404' title='bbox 702 3974 867 4029; x_wconf 84' lang='lat' dir='ltr'><strong>supra</strong></span> <span class='ocrx_word' id='word_1_405' title='bbox 913 3960 1280 4026; x_wconf 89' lang='lat' dir='ltr'><strong>meminimus,</strong></span> <span class='ocrx_word' id='word_1_406' title='bbox 1321 3977 1549 4033; x_wconf 87' lang='lat' dir='ltr'><strong>corpore</strong></span> <span class='ocrx_word' id='word_1_407' title='bbox 1603 3979 1688 4019; x_wconf 81' lang='lat' dir='ltr'><strong>re-</strong></span> 
     </span>
    </p>
   </div>
   <div class='ocr_carea' id='block_1_57' title="bbox 126 4045 1688 4122">
    <p class='ocr_par' dir='ltr' id='par_1_57' title="bbox 126 4045 1688 4122">
     <span class='ocr_line' id='line_1_57' title="bbox 126 4045 1688 4122; baseline 0.01 -27"><span class='ocrx_word' id='word_1_408' title='bbox 126 4045 355 4112; x_wconf 72' lang='lat' dir='ltr'><strong>quiescit,</strong></span> <span class='ocrx_word' id='word_1_409' title='bbox 388 4047 549 4104; x_wconf 88' lang='lat' dir='ltr'><strong>villas</strong></span> <span class='ocrx_word' id='word_1_410' title='bbox 574 4048 658 4104; x_wconf 89' lang='lat' dir='ltr'><strong>vel</strong></span> <span class='ocrx_word' id='word_1_411' title='bbox 691 4050 916 4119; x_wconf 64' lang='lat' dir='ltr'><strong>praedia,</strong></span> <span class='ocrx_word' id='word_1_412' title='bbox 949 4053 1322 4122; x_wconf 78' lang='lat' dir='ltr'><strong>quorum-haec</strong></span> <span class='ocrx_word' id='word_1_413' title='bbox 1359 4064 1487 4110; x_wconf 90' lang='lat' dir='ltr'><strong>sunt</strong></span> <span class='ocrx_word' id='word_1_414' title='bbox 1525 4070 1688 4112; x_wconf 86' lang='lat' dir='ltr'><strong>voca-</strong></span> 
     </span>
    </p>
   </div>
   <div class='ocr_carea' id='block_1_58' title="bbox 128 4135 1688 4218">
    <p class='ocr_par' dir='ltr' id='par_1_58' title="bbox 128 4135 1688 4218">
     <span class='ocr_line' id='line_1_58' title="bbox 128 4135 1688 4218; baseline 0.008 -28"><span class='ocrx_word' id='word_1_415' title='bbox 128 4135 234 4193; x_wconf 85' lang='lat' dir='ltr'><strong>bula</strong></span> <span class='ocrx_word' id='word_1_416' title='bbox 260 4139 632 4198; x_wconf 85' lang='lat' dir='ltr'><strong>Marciriaeum</strong></span> <span class='ocrx_word' id='word_1_417' title='bbox 661 4150 715 4196; x_wconf 91' lang='lat' dir='ltr'><strong>et</strong></span> <span class='ocrx_word' id='word_1_418' title='bbox 762 4142 991 4198; x_wconf 86' lang='lat' dir='ltr'><strong>alterum</strong></span> <span class='ocrx_word' id='word_1_419' title='bbox 1039 4142 1413 4201; x_wconf 80' lang='lat' dir='ltr'><strong>Mareiriaeum</strong></span> <span class='ocrx_word' id='word_1_420' title='bbox 1445 4162 1566 4202; x_wconf 90' lang='lat' dir='ltr'><strong>cum</strong></span> <span class='ocrx_word' id='word_1_421' title='bbox 1594 4163 1688 4218; x_wconf 86' lang='lat' dir='ltr'><strong>ap-</strong></span> 
     </span>
    </p>
   </div>
   <div class='ocr_carea' id='block_1_59' title="bbox 126 4228 1684 4303">
    <p class='ocr_par' dir='ltr' id='par_1_59' title="bbox 126 4228 1684 4303">
     <span class='ocr_line' id='line_1_59' title="bbox 126 4228 1684 4303; baseline 0.007 -20"><span class='ocrx_word' id='word_1_422' title='bbox 126 4228 371 4294; x_wconf 87' lang='lat' dir='ltr'><strong>pendiciis</strong></span> <span class='ocrx_word' id='word_1_423' title='bbox 405 4246 621 4299; x_wconf 91' lang='lat' dir='ltr'><strong>eorum,</strong></span> <span class='ocrx_word' id='word_1_424' title='bbox 646 4232 1033 4301; x_wconf 83' lang='lat' dir='ltr'><strong>Lintiniacum,</strong></span> <span class='ocrx_word' id='word_1_425' title='bbox 1063 4236 1411 4303; x_wconf 71' lang='lat' dir='ltr'><strong>Lonelusam,</strong></span> <span class='ocrx_word' id='word_1_426' title='bbox 1447 4237 1684 4294; x_wconf 80' lang='lat' dir='ltr'><strong>Ultrari-</strong></span> 
     </span>
    </p>
   </div>
   <div class='ocr_carea' id='block_1_60' title="bbox 131 4317 1686 4397">
    <p class='ocr_par' dir='ltr' id='par_1_60' title="bbox 131 4317 1686 4397">
     <span class='ocr_line' id='line_1_60' title="bbox 131 4317 1686 4397; baseline 0.009 -26"><span class='ocrx_word' id='word_1_427' title='bbox 131 4317 280 4384; x_wconf 86' lang='lat' dir='ltr'><strong>dam,</strong></span> <span class='ocrx_word' id='word_1_428' title='bbox 332 4321 703 4389; x_wconf 88' lang='lat' dir='ltr'><strong>Siniriacum,</strong></span> <span class='ocrx_word' id='word_1_429' title='bbox 765 4323 1114 4396; x_wconf 80' lang='lat' dir='ltr'><strong>Augiriacum</strong></span> <span class='ocrx_word' id='word_1_430' title='bbox 1148 4366 1165 4392; x_wconf 94' lang='lat'><strong>,</strong></span> <span class='ocrx_word' id='word_1_431' title='bbox 1240 4324 1686 4397; x_wconf 85' lang='lat' dir='ltr'><strong>Teponniaeum,</strong></span> 
     </span>
    </p>
   </div>
   <div class='ocr_carea' id='block_1_61' title="bbox 129 4408 1691 4489">
    <p class='ocr_par' dir='ltr' id='par_1_61' title="bbox 129 4408 1691 4489">
     <span class='ocr_line' id='line_1_61' title="bbox 129 4408 1691 4489; baseline 0.006 -25"><span class='ocrx_word' id='word_1_432' title='bbox 129 4408 412 4481; x_wconf 67' lang='lat' dir='ltr'><strong>Yetrarias,</strong></span> <span class='ocrx_word' id='word_1_433' title='bbox 458 4413 826 4482; x_wconf 84' lang='lat' dir='ltr'><strong>Quintiacum,</strong></span> <span class='ocrx_word' id='word_1_434' title='bbox 878 4423 939 4472; x_wconf 91' lang='lat' dir='ltr'><strong>et</strong></span> <span class='ocrx_word' id='word_1_435' title='bbox 991 4417 1332 4486; x_wconf 82' lang='lat' dir='ltr'><strong>Cremonem,</strong></span> <span class='ocrx_word' id='word_1_436' title='bbox 1386 4434 1507 4489; x_wconf 71' lang='lat' dir='ltr'><strong>quae</strong></span> <span class='ocrx_word' id='word_1_437' title='bbox 1563 4428 1691 4474; x_wconf 91' lang='lat' dir='ltr'><strong>sunt</strong></span> 
     </span>
    </p>
   </div>
   <div class='ocr_carea' id='block_1_62' title="bbox 130 4502 1690 4580">
    <p class='ocr_par' dir='ltr' id='par_1_62' title="bbox 130 4502 1690 4580">
     <span class='ocr_line' id='line_1_62' title="bbox 130 4502 1690 4580; baseline 0.007 -25"><span class='ocrx_word' id='word_1_438' title='bbox 130 4502 233 4558; x_wconf 68' lang='lat' dir='ltr'><strong>sita</strong></span> <span class='ocrx_word' id='word_1_439' title='bbox 252 4504 301 4560; x_wconf 94' lang='lat' dir='ltr'><strong>in</strong></span> <span class='ocrx_word' id='word_1_440' title='bbox 329 4522 469 4578; x_wconf 86' lang='lat' dir='ltr'><strong>pago</strong></span> <span class='ocrx_word' id='word_1_441' title='bbox 506 4507 833 4575; x_wconf 88' lang='lat' dir='ltr'><strong>Cadurcino,</strong></span> <span class='ocrx_word' id='word_1_442' title='bbox 858 4523 984 4564; x_wconf 90' lang='lat' dir='ltr'><strong>cum</strong></span> <span class='ocrx_word' id='word_1_443' title='bbox 1012 4507 1282 4573; x_wconf 61' lang='lat' dir='ltr'><strong>aediﬁciis,</strong></span> <span class='ocrx_word' id='word_1_444' title='bbox 1325 4510 1608 4580; x_wconf 90' lang='lat' dir='ltr'><strong>mancipiis</strong></span> <span class='ocrx_word' id='word_1_445' title='bbox 1632 4520 1690 4565; x_wconf 89' lang='lat' dir='ltr'><strong>et</strong></span> 
     </span>
    </p>
   </div>
   <div class='ocr_carea' id='block_1_63' title="bbox 129 4595 1688 4671">
    <p class='ocr_par' dir='ltr' id='par_1_63' title="bbox 129 4595 1688 4671">
     <span class='ocr_line' id='line_1_63' title="bbox 129 4595 1688 4671; baseline 0.007 -25"><span class='ocrx_word' id='word_1_446' title='bbox 129 4595 358 4653; x_wconf 86' lang='lat' dir='ltr'><strong>omnibus</strong></span> <span class='ocrx_word' id='word_1_447' title='bbox 397 4598 733 4668; x_wconf 86' lang='lat' dir='ltr'><strong>appendiciis</strong></span> <span class='ocrx_word' id='word_1_448' title='bbox 767 4614 979 4654; x_wconf 89' lang='lat' dir='ltr'><strong>eorum.</strong></span> <span class='ocrx_word' id='word_1_449' title='bbox 1003 4598 1136 4655; x_wconf 90' lang='lat' dir='ltr'><strong>Item</strong></span> <span class='ocrx_word' id='word_1_450' title='bbox 1179 4599 1363 4655; x_wconf 87' lang='lat' dir='ltr'><strong>villam</strong></span> <span class='ocrx_word' id='word_1_451' title='bbox 1385 4599 1688 4671; x_wconf 88' lang='lat' dir='ltr'><strong>Crispinia-</strong></span> 
     </span>
    </p>
   </div>
   <div class='ocr_carea' id='block_1_64' title="bbox 129 4687 1694 4766">
    <p class='ocr_par' dir='ltr' id='par_1_64' title="bbox 129 4687 1694 4766">
     <span class='ocr_line' id='line_1_64' title="bbox 129 4687 1694 4766; baseline 0.004 -25"><span class='ocrx_word' id='word_1_452' title='bbox 129 4698 239 4740; x_wconf 78' lang='lat' dir='ltr'><strong>cum</strong></span> <span class='ocrx_word' id='word_1_453' title='bbox 284 4687 444 4743; x_wconf 86' lang='lat' dir='ltr'><strong>sitam</strong></span> <span class='ocrx_word' id='word_1_454' title='bbox 491 4688 547 4743; x_wconf 91' lang='lat' dir='ltr'><strong>in</strong></span> <span class='ocrx_word' id='word_1_455' title='bbox 573 4690 763 4745; x_wconf 89' lang='lat' dir='ltr'><strong>eodem</strong></span> <span class='ocrx_word' id='word_1_456' title='bbox 793 4705 930 4762; x_wconf 81' lang='lat' dir='ltr'><strong>pago</strong></span> <span class='ocrx_word' id='word_1_457' title='bbox 962 4705 1026 4746; x_wconf 89' lang='lat' dir='ltr'><strong>ea</strong></span> <span class='ocrx_word' id='word_1_458' title='bbox 1070 4691 1282 4747; x_wconf 91' lang='lat' dir='ltr'><strong>ratione</strong></span> <span class='ocrx_word' id='word_1_459' title='bbox 1305 4691 1605 4766; x_wconf 46' lang='lat' dir='ltr'><strong>dis-tribuit,</strong></span> <span class='ocrx_word' id='word_1_460' title='bbox 1633 4702 1694 4747; x_wconf 89' lang='lat' dir='ltr'><strong>ut</strong></span> 
     </span>
    </p>
   </div>
   <div class='ocr_carea' id='block_1_65' title="bbox 129 4775 1691 4849">
    <p class='ocr_par' dir='ltr' id='par_1_65' title="bbox 129 4775 1691 4849">
     <span class='ocr_line' id='line_1_65' title="bbox 129 4775 1691 4849; baseline 0.01 -27"><span class='ocrx_word' id='word_1_461' title='bbox 129 4775 250 4829; x_wconf 83' lang='lat' dir='ltr'><strong>duas</strong></span> <span class='ocrx_word' id='word_1_462' title='bbox 294 4785 477 4847; x_wconf 88' lang='lat' dir='ltr'><strong>partes</strong></span> <span class='ocrx_word' id='word_1_463' title='bbox 532 4777 752 4834; x_wconf 88' lang='lat' dir='ltr'><strong>basilica</strong></span> <span class='ocrx_word' id='word_1_464' title='bbox 788 4780 959 4835; x_wconf 90' lang='lat' dir='ltr'><strong>sancti</strong></span> <span class='ocrx_word' id='word_1_465' title='bbox 987 4778 1222 4834; x_wconf 82' lang='lat' dir='ltr'><strong>Amantii</strong></span> <span class='ocrx_word' id='word_1_466' title='bbox 1263 4779 1556 4849; x_wconf 88' lang='lat' dir='ltr'><strong>acciperet,</strong></span> <span class='ocrx_word' id='word_1_467' title='bbox 1581 4791 1691 4836; x_wconf 89' lang='lat' dir='ltr'><strong>ter-</strong></span> 
     </span>
    </p>
   </div>
   <div class='ocr_carea' id='block_1_66' title="bbox 133 4863 1690 4940">
    <p class='ocr_par' dir='ltr' id='par_1_66' title="bbox 133 4863 1690 4940">
     <span class='ocr_line' id='line_1_66' title="bbox 133 4863 1690 4940; baseline 0.01 -28"><span class='ocrx_word' id='word_1_468' title='bbox 133 4863 249 4918; x_wconf 85' lang='lat' dir='ltr'><strong>tiam</strong></span> <span class='ocrx_word' id='word_1_469' title='bbox 288 4881 417 4924; x_wconf 89' lang='lat' dir='ltr'><strong>vero</strong></span> <span class='ocrx_word' id='word_1_470' title='bbox 442 4868 669 4924; x_wconf 88' lang='lat' dir='ltr'><strong>basilica</strong></span> <span class='ocrx_word' id='word_1_471' title='bbox 691 4884 812 4940; x_wconf 68' lang='lat' dir='ltr'><strong>qua:</strong></span> <span class='ocrx_word' id='word_1_472' title='bbox 841 4870 910 4925; x_wconf 87' lang='lat' dir='ltr'><strong>ad</strong></span> <span class='ocrx_word' id='word_1_473' title='bbox 932 4879 1151 4927; x_wconf 87' lang='lat' dir='ltr'><strong>sanctos</strong></span> <span class='ocrx_word' id='word_1_474' title='bbox 1170 4870 1447 4929; x_wconf 87' lang='lat' dir='ltr'><strong>Brittones</strong></span> <span class='ocrx_word' id='word_1_475' title='bbox 1471 4872 1690 4939; x_wconf 90' lang='lat' dir='ltr'><strong>dicitur,</strong></span> 
     </span>
    </p>
   </div>
   <div class='ocr_carea' id='block_1_67' title="bbox 136 4954 1690 5033">
    <p class='ocr_par' dir='ltr' id='par_1_67' title="bbox 136 4954 1690 5033">
     <span class='ocr_line' id='line_1_67' title="bbox 136 4954 1690 5033; baseline 0.01 -28"><span class='ocrx_word' id='word_1_476' title='bbox 136 4954 213 5009; x_wconf 87' lang='lat' dir='ltr'><strong>ubi</strong></span> <span class='ocrx_word' id='word_1_477' title='bbox 234 4959 463 5032; x_wconf 85' lang='lat' dir='ltr'><strong>episcopi</strong></span> <span class='ocrx_word' id='word_1_478' title='bbox 493 4976 722 5031; x_wconf 82' lang='lat' dir='ltr'><strong>corpore</strong></span> <span class='ocrx_word' id='word_1_479' title='bbox 774 4963 1139 5033; x_wconf 88' lang='lat' dir='ltr'><strong>requiescunt,</strong></span> <span class='ocrx_word' id='word_1_480' title='bbox 1185 4963 1508 5021; x_wconf 86' lang='lat' dir='ltr'><strong>vindicaret.</strong></span> <span class='ocrx_word' id='word_1_481' title='bbox 1558 4965 1690 5021; x_wconf 89' lang='lat' dir='ltr'><strong>Item</strong></span> 
     </span>
    </p>
   </div>
   <div class='ocr_carea' id='block_1_68' title="bbox 137 5047 1691 5123">
    <p class='ocr_par' dir='ltr' id='par_1_68' title="bbox 137 5047 1691 5123">
     <span class='ocr_line' id='line_1_68' title="bbox 137 5047 1691 5123; baseline 0.007 -22"><span class='ocrx_word' id='word_1_482' title='bbox 137 5055 322 5115; x_wconf 72' lang='lat' dir='ltr'><strong>agrum,</strong></span> <span class='ocrx_word' id='word_1_483' title='bbox 350 5047 443 5121; x_wconf 90' lang='lat' dir='ltr'><strong>qui</strong></span> <span class='ocrx_word' id='word_1_484' title='bbox 472 5051 773 5123; x_wconf 88' lang='lat' dir='ltr'><strong>appellatur</strong></span> <span class='ocrx_word' id='word_1_485' title='bbox 797 5052 1134 5121; x_wconf 88' lang='lat' dir='ltr'><strong>Cassinatus,</strong></span> <span class='ocrx_word' id='word_1_486' title='bbox 1166 5056 1220 5111; x_wconf 91' lang='lat' dir='ltr'><strong>in</strong></span> <span class='ocrx_word' id='word_1_487' title='bbox 1256 5056 1446 5112; x_wconf 89' lang='lat' dir='ltr'><strong>eodem</strong></span> <span class='ocrx_word' id='word_1_488' title='bbox 1479 5056 1691 5112; x_wconf 88' lang='lat' dir='ltr'><strong>Cadur-</strong></span> 
     </span>
    </p>
   </div>
   <div class='ocr_carea' id='block_1_69' title="bbox 140 5131 1691 5221">
    <p class='ocr_par' dir='ltr' id='par_1_69' title="bbox 140 5131 1691 5221">
     <span class='ocr_line' id='line_1_69' title="bbox 140 5131 1691 5221; baseline 0.008 -29"><span class='ocrx_word' id='word_1_489' title='bbox 140 5131 240 5193; x_wconf 71' lang='lat' dir='ltr'><strong>cIno</strong></span> <span class='ocrx_word' id='word_1_490' title='bbox 264 5141 541 5198; x_wconf 82' lang='lat' dir='ltr'><strong>territorio</strong></span> <span class='ocrx_word' id='word_1_491' title='bbox 587 5145 996 5213; x_wconf 86' lang='lat' dir='ltr'><strong>consistentem,</strong></span> <span class='ocrx_word' id='word_1_492' title='bbox 1036 5162 1160 5203; x_wconf 93' lang='lat' dir='ltr'><strong>cum</strong></span> <span class='ocrx_word' id='word_1_493' title='bbox 1206 5147 1458 5204; x_wconf 88' lang='lat' dir='ltr'><strong>omnibus</strong></span> <span class='ocrx_word' id='word_1_494' title='bbox 1489 5162 1691 5221; x_wconf 88' lang='lat' dir='ltr'><strong>appen-</strong></span> 
     </span>
    </p>
   </div>
   <div class='ocr_carea' id='block_1_70' title="bbox 140 5223 1695 5307">
    <p class='ocr_par' dir='ltr' id='par_1_70' title="bbox 140 5223 1695 5307">
     <span class='ocr_line' id='line_1_70' title="bbox 140 5223 1695 5307; baseline 0.011 -24"><span class='ocrx_word' id='word_1_495' title='bbox 140 5223 270 5287; x_wconf 84' lang='lat' dir='ltr'><strong>diciis</strong></span> <span class='ocrx_word' id='word_1_496' title='bbox 290 5235 421 5290; x_wconf 86' lang='lat' dir='ltr'><strong>suis.</strong></span> <span class='ocrx_word' id='word_1_497' title='bbox 453 5236 585 5292; x_wconf 91' lang='lat' dir='ltr'><strong>Item</strong></span> <span class='ocrx_word' id='word_1_498' title='bbox 622 5239 925 5307; x_wconf 90' lang='lat' dir='ltr'><strong>portionem</strong></span> <span class='ocrx_word' id='word_1_499' title='bbox 956 5241 1023 5297; x_wconf 90' lang='lat' dir='ltr'><strong>de</strong></span> <span class='ocrx_word' id='word_1_500' title='bbox 1052 5251 1171 5298; x_wconf 87' lang='lat' dir='ltr'><strong>atro</strong></span> <span class='ocrx_word' id='word_1_501' title='bbox 1212 5241 1472 5299; x_wconf 80' lang='lat' dir='ltr'><strong>Maerinio</strong></span> <span class='ocrx_word' id='word_1_502' title='bbox 1499 5253 1555 5299; x_wconf 92' lang='lat' dir='ltr'><strong>et</strong></span> <span class='ocrx_word' id='word_1_503' title='bbox 1586 5243 1695 5299; x_wconf 84' lang='lat' dir='ltr'><strong>Re-</strong></span> 
     </span>
    </p>
   </div>
   <div class='ocr_carea' id='block_1_71' title="bbox 143 5315 1691 5402">
    <p class='ocr_par' dir='ltr' id='par_1_71' title="bbox 143 5315 1691 5402">
     <span class='ocr_line' id='line_1_71' title="bbox 143 5315 1691 5402; baseline 0.014 -35"><span class='ocrx_word' id='word_1_504' title='bbox 143 5315 291 5389; x_wconf 84' lang='lat' dir='ltr'><strong>elinis,</strong></span> <span class='ocrx_word' id='word_1_505' title='bbox 337 5326 504 5385; x_wconf 83' lang='lat' dir='ltr'><strong>situm</strong></span> <span class='ocrx_word' id='word_1_506' title='bbox 550 5329 605 5387; x_wconf 88' lang='lat' dir='ltr'><strong>in</strong></span> <span class='ocrx_word' id='word_1_507' title='bbox 634 5332 911 5388; x_wconf 77' lang='lat' dir='ltr'><strong>territorio</strong></span> <span class='ocrx_word' id='word_1_508' title='bbox 954 5331 1232 5399; x_wconf 86' lang='lat' dir='ltr'><strong>Albiensi,</strong></span> <span class='ocrx_word' id='word_1_509' title='bbox 1265 5349 1387 5391; x_wconf 90' lang='lat' dir='ltr'><strong>cum</strong></span> <span class='ocrx_word' id='word_1_510' title='bbox 1426 5334 1691 5402; x_wconf 77' lang='lat' dir='ltr'><strong>aediﬁciis,</strong></span> 
     </span>
    </p>
   </div>
   <div class='ocr_carea' id='block_1_72' title="bbox 144 5407 1691 5503">
    <p class='ocr_par' dir='ltr' id='par_1_72' title="bbox 144 5407 1691 5503">
     <span class='ocr_line' id='line_1_72' title="bbox 144 5407 1691 5503; baseline 0.01 -38"><span class='ocrx_word' id='word_1_511' title='bbox 144 5407 313 5503; x_wconf 46' lang='lat' dir='ltr'><strong>tineis,</strong></span> <span class='ocrx_word' id='word_1_512' title='bbox 357 5418 642 5490; x_wconf 88' lang='lat' dir='ltr'><strong>mancipiis</strong></span> <span class='ocrx_word' id='word_1_513' title='bbox 684 5429 741 5479; x_wconf 86' lang='lat' dir='ltr'><strong>et</strong></span> <span class='ocrx_word' id='word_1_514' title='bbox 771 5422 982 5479; x_wconf 66' lang='lat' dir='ltr'><strong>caeteris</strong></span> <span class='ocrx_word' id='word_1_515' title='bbox 1024 5424 1358 5495; x_wconf 86' lang='lat' dir='ltr'><strong>appendiciis</strong></span> <span class='ocrx_word' id='word_1_516' title='bbox 1395 5425 1527 5480; x_wconf 90' lang='lat' dir='ltr'><strong>suis.</strong></span> <span class='ocrx_word' id='word_1_517' title='bbox 1559 5425 1691 5481; x_wconf 88' lang='lat' dir='ltr'><strong>Item</strong></span> 
     </span>
    </p>
   </div>
   <div class='ocr_carea' id='block_1_73' title="bbox 148 5506 1691 5582">
    <p class='ocr_par' dir='ltr' id='par_1_73' title="bbox 148 5506 1691 5582">
     <span class='ocr_line' id='line_1_73' title="bbox 148 5506 1691 5582; baseline 0.018 -28"><span class='ocrx_word' id='word_1_518' title='bbox 148 5507 191 5582; x_wconf 74' lang='lat' dir='ltr'><strong>tn</strong></span> <span class='ocrx_word' id='word_1_519' title='bbox 208 5515 333 5575; x_wconf 86' lang='lat' dir='ltr'><strong>pago</strong></span> <span class='ocrx_word' id='word_1_520' title='bbox 369 5506 668 5567; x_wconf 84' lang='lat' dir='ltr'><strong>Rotonensi</strong></span> <span class='ocrx_word' id='word_1_521' title='bbox 717 5511 911 5569; x_wconf 84' lang='lat' dir='ltr'><strong>vallem</strong></span> <span class='ocrx_word' id='word_1_522' title='bbox 965 5513 1361 5581; x_wconf 85' lang='lat' dir='ltr'><strong>Catemariam,</strong></span> <span class='ocrx_word' id='word_1_523' title='bbox 1397 5513 1691 5582; x_wconf 73' lang='lat' dir='ltr'><strong>Versellas.</strong></span> 
     </span>
    </p>
   </div>
   <div class='ocr_carea' id='block_1_74' title="bbox 149 5581 1690 5673">
    <p class='ocr_par' dir='ltr' id='par_1_74' title="bbox 149 5581 1690 5673">
     <span class='ocr_line' id='line_1_74' title="bbox 149 5581 1690 5673; baseline 0.009 -25"><span class='ocrx_word' id='word_1_524' title='bbox 149 5581 623 5670; x_wconf 70' lang='lat' dir='ltr'><strong>Grossumntagum,</strong></span> <span class='ocrx_word' id='word_1_525' title='bbox 671 5600 889 5658; x_wconf 89' lang='lat' dir='ltr'><strong>Siacum</strong></span> <span class='ocrx_word' id='word_1_526' title='bbox 916 5613 973 5659; x_wconf 88' lang='lat' dir='ltr'><strong>et</strong></span> <span class='ocrx_word' id='word_1_527' title='bbox 997 5603 1248 5660; x_wconf 87' lang='lat' dir='ltr'><strong>Atratum</strong></span> <span class='ocrx_word' id='word_1_528' title='bbox 1278 5620 1403 5661; x_wconf 92' lang='lat' dir='ltr'><strong>cum</strong></span> <span class='ocrx_word' id='word_1_529' title='bbox 1428 5581 1690 5673; x_wconf 70' lang='lat' dir='ltr'><strong>aediﬁciis,</strong></span> 
     </span>
    </p>
   </div>
   <div class='ocr_carea' id='block_1_75' title="bbox 152 5683 1691 5767">
    <p class='ocr_par' dir='ltr' id='par_1_75' title="bbox 152 5683 1691 5767">
     <span class='ocr_line' id='line_1_75' title="bbox 152 5683 1691 5767; baseline 0.01 -31"><span class='ocrx_word' id='word_1_530' title='bbox 152 5683 405 5755; x_wconf 71' lang='lat' dir='ltr'><strong>mancipiis</strong></span> <span class='ocrx_word' id='word_1_531' title='bbox 452 5697 512 5745; x_wconf 91' lang='lat' dir='ltr'><strong>et</strong></span> <span class='ocrx_word' id='word_1_532' title='bbox 548 5693 802 5749; x_wconf 84' lang='lat' dir='ltr'><strong>omnibus</strong></span> <span class='ocrx_word' id='word_1_533' title='bbox 838 5695 1172 5767; x_wconf 89' lang='lat' dir='ltr'><strong>appendiciis</strong></span> <span class='ocrx_word' id='word_1_534' title='bbox 1192 5710 1401 5752; x_wconf 88' lang='lat' dir='ltr'><strong>eorum.</strong></span> <span class='ocrx_word' id='word_1_535' title='bbox 1431 5697 1565 5753; x_wconf 87' lang='lat' dir='ltr'><strong>Item</strong></span> <span class='ocrx_word' id='word_1_536' title='bbox 1595 5696 1691 5752; x_wconf 77' lang='lat' dir='ltr'><strong>Vi-</strong></span> 
     </span>
    </p>
   </div>
   <div class='ocr_carea' id='block_1_76' title="bbox 153 5766 1695 5858">
    <p class='ocr_par' dir='ltr' id='par_1_76' title="bbox 153 5766 1695 5858">
     <span class='ocr_line' id='line_1_76' title="bbox 153 5766 1695 5858; baseline 0.018 -38"><span class='ocrx_word' id='word_1_537' title='bbox 153 5766 375 5833; x_wconf 74' lang='lat' dir='ltr'><strong>taliacum</strong></span> <span class='ocrx_word' id='word_1_538' title='bbox 419 5783 583 5843; x_wconf 85' lang='lat' dir='ltr'><strong>situm</strong></span> <span class='ocrx_word' id='word_1_539' title='bbox 613 5785 669 5840; x_wconf 92' lang='lat' dir='ltr'><strong>in</strong></span> <span class='ocrx_word' id='word_1_540' title='bbox 714 5801 850 5858; x_wconf 88' lang='lat' dir='ltr'><strong>pago</strong></span> <span class='ocrx_word' id='word_1_541' title='bbox 889 5766 1195 5847; x_wconf 88' lang='lat' dir='ltr'><strong>Cadureino</strong></span> <span class='ocrx_word' id='word_1_542' title='bbox 1235 5803 1357 5846; x_wconf 89' lang='lat' dir='ltr'><strong>cum</strong></span> <span class='ocrx_word' id='word_1_543' title='bbox 1380 5789 1525 5847; x_wconf 90' lang='lat' dir='ltr'><strong>omni</strong></span> <span class='ocrx_word' id='word_1_544' title='bbox 1557 5789 1695 5847; x_wconf 86' lang='lat' dir='ltr'><strong>inte-</strong></span> 
     </span>
    </p>
   </div>
   <div class='ocr_carea' id='block_1_77' title="bbox 1719 4562 1770 4622">
    <p class='ocr_par' dir='ltr' id='par_1_77' title="bbox 1719 4562 1770 4622">
     <span class='ocr_line' id='line_1_77' title="bbox 1719 4562 1770 4622; baseline 0 0"><span class='ocrx_word' id='word_1_545' title='bbox 1719 4562 1770 4622; x_wconf 89' lang='lat' dir='ltr'><strong>D</strong></span> 
     </span>
    </p>
   </div>
   <div class='ocr_carea' id='block_1_78' title="bbox 1778 1947 3415 2023">
    <p class='ocr_par' dir='ltr' id='par_1_78' title="bbox 1778 1947 3415 2023">
     <span class='ocr_line' id='line_1_78' title="bbox 1778 1947 3415 2023; baseline -0.003 -16"><span class='ocrx_word' id='word_1_546' title='bbox 1778 1951 2013 2008; x_wconf 83' lang='lat' dir='ltr'><strong>feliciter</strong></span> <span class='ocrx_word' id='word_1_547' title='bbox 2035 1952 2161 2008; x_wconf 75' lang='lat' dir='ltr'><strong>vita:</strong></span> <span class='ocrx_word' id='word_1_548' title='bbox 2184 1958 2406 2023; x_wconf 88' lang='lat' dir='ltr'><strong>peracto</strong></span> <span class='ocrx_word' id='word_1_549' title='bbox 2431 1960 2696 2023; x_wconf 89' lang='lat' dir='ltr'><strong>tempore,</strong></span> <span class='ocrx_word' id='word_1_550' title='bbox 2722 1948 2912 2021; x_wconf 88' lang='lat' dir='ltr'><strong>plenus</strong></span> <span class='ocrx_word' id='word_1_551' title='bbox 2939 1949 3229 2005; x_wconf 74' lang='lat' dir='ltr'><strong>virtutibus</strong></span> <span class='ocrx_word' id='word_1_552' title='bbox 3257 1947 3359 2003; x_wconf 88' lang='lat' dir='ltr'><strong>mi-</strong></span> <span class='ocrx_word' id='word_1_553' title='bbox 3410 1970 3415 1981; x_wconf 88' lang='lat'><em>-</em></span> 
     </span>
    </p>
   </div>
   <div class='ocr_carea' id='block_1_79' title="bbox 1777 2039 3360 2116">
    <p class='ocr_par' dir='ltr' id='par_1_79' title="bbox 1777 2039 3360 2116">
     <span class='ocr_line' id='line_1_79' title="bbox 1777 2039 3360 2116; baseline -0.005 -16"><span class='ocrx_word' id='word_1_554' title='bbox 1777 2043 1956 2116; x_wconf 84' lang='lat' dir='ltr'><strong>gravit</strong></span> <span class='ocrx_word' id='word_1_555' title='bbox 1981 2044 2049 2101; x_wconf 86' lang='lat' dir='ltr'><strong>ad</strong></span> <span class='ocrx_word' id='word_1_556' title='bbox 2076 2043 2354 2101; x_wconf 90' lang='lat' dir='ltr'><strong>Christum</strong></span> <span class='ocrx_word' id='word_1_557' title='bbox 2381 2043 2483 2101; x_wconf 90' lang='lat' dir='ltr'><strong>sub</strong></span> <span class='ocrx_word' id='word_1_558' title='bbox 2508 2042 2596 2100; x_wconf 89' lang='lat' dir='ltr'><strong>die</strong></span> <span class='ocrx_word' id='word_1_559' title='bbox 2632 2057 2687 2098; x_wconf 80' lang='lat' dir='ltr'><strong>vi</strong></span> <span class='ocrx_word' id='word_1_560' title='bbox 2735 2040 2963 2098; x_wconf 82' lang='lat' dir='ltr'><strong>Kalend.</strong></span> <span class='ocrx_word' id='word_1_561' title='bbox 2994 2039 3281 2105; x_wconf 84' lang='lat' dir='ltr'><strong>Novemb.,</strong></span> <span class='ocrx_word' id='word_1_562' title='bbox 3303 2045 3360 2092; x_wconf 87' lang='lat' dir='ltr'><strong>et</strong></span> 
     </span>
    </p>
   </div>
   <div class='ocr_carea' id='block_1_80' title="bbox 1778 2129 3417 2207">
    <p class='ocr_par' dir='ltr' id='par_1_80' title="bbox 1778 2129 3417 2207">
     <span class='ocr_line' id='line_1_80' title="bbox 1778 2129 3417 2207; baseline -0.004 -17"><span class='ocrx_word' id='word_1_563' title='bbox 1778 2134 2020 2204; x_wconf 87' lang='lat' dir='ltr'><strong>sepultus</strong></span> <span class='ocrx_word' id='word_1_564' title='bbox 2063 2141 2149 2191; x_wconf 89' lang='lat' dir='ltr'><strong>est</strong></span> <span class='ocrx_word' id='word_1_565' title='bbox 2173 2134 2349 2207; x_wconf 80' lang='lat' dir='ltr'><strong>&#39;juxta</strong></span> <span class='ocrx_word' id='word_1_566' title='bbox 2391 2134 2452 2190; x_wconf 86' lang='lat' dir='ltr'><strong>S.</strong></span> <span class='ocrx_word' id='word_1_567' title='bbox 2495 2132 2795 2190; x_wconf 80' lang='lat' dir='ltr'><strong>Aunarium</strong></span> <span class='ocrx_word' id='word_1_568' title='bbox 2847 2133 2904 2189; x_wconf 88' lang='lat' dir='ltr'><strong>in</strong></span> <span class='ocrx_word' id='word_1_569' title='bbox 2939 2131 3170 2188; x_wconf 82' lang='lat' dir='ltr'><strong>basilica</strong></span> <span class='ocrx_word' id='word_1_570' title='bbox 3216 2129 3359 2187; x_wconf 85' lang='lat' dir='ltr'><strong>beati</strong></span> <span class='ocrx_word' id='word_1_571' title='bbox 3412 2154 3417 2159; x_wconf 65' lang='grc' dir='ltr'><strong><em>ι</em></strong></span> 
     </span>
    </p>
   </div>
   <div class='ocr_carea' id='block_1_81' title="bbox 1778 2224 2058 2283">
    <p class='ocr_par' dir='ltr' id='par_1_81' title="bbox 1778 2224 2058 2283">
     <span class='ocr_line' id='line_1_81' title="bbox 1778 2224 2058 2283; baseline -0.004 -1"><span class='ocrx_word' id='word_1_572' title='bbox 1778 2224 2058 2283; x_wconf 85' lang='lat' dir='ltr'><strong>Germani.</strong></span> 
     </span>
    </p>
   </div>
   <div class='ocr_carea' id='block_1_82' title="bbox 1964 2316 2985 2387">
    <p class='ocr_par' dir='ltr' id='par_1_82' title="bbox 1964 2316 2985 2387">
     <span class='ocr_line' id='line_1_82' title="bbox 1964 2316 2985 2387; baseline -0.005 -8"><span class='ocrx_word' id='word_1_573' title='bbox 1964 2380 1971 2387; x_wconf 72' lang='grc'><em>,</em></span> <span class='ocrx_word' id='word_1_574' title='bbox 2132 2320 2264 2380; x_wconf 74' lang='lat' dir='ltr'><strong>CAP.</strong></span> <span class='ocrx_word' id='word_1_575' title='bbox 2304 2318 2447 2378; x_wconf 82' lang='lat' dir='ltr'><strong>XXI.</strong></span> <span class='ocrx_word' id='word_1_576' title='bbox 2486 2351 2558 2363; x_wconf 88' lang='lat'><strong>--</strong></span> <span class='ocrx_word' id='word_1_577' title='bbox 2599 2319 2675 2377; x_wconf 81' lang='lat' dir='ltr'><strong>De</strong></span> <span class='ocrx_word' id='word_1_578' title='bbox 2718 2316 2985 2376; x_wconf 74' lang='lat' dir='ltr'><strong>Palladio.</strong></span> 
     </span>
    </p>
   </div>
   <div class='ocr_carea' id='block_1_83' title="bbox 1853 2406 3361 2480">
    <p class='ocr_par' dir='ltr' id='par_1_83' title="bbox 1853 2406 3361 2480">
     <span class='ocr_line' id='line_1_83' title="bbox 1853 2406 3361 2480; baseline -0.005 -12"><span class='ocrx_word' id='word_1_579' title='bbox 1853 2410 2122 2469; x_wconf 83' lang='lat' dir='ltr'><strong>Palladius</strong></span> <span class='ocrx_word' id='word_1_580' title='bbox 2172 2412 2312 2469; x_wconf 85' lang='lat' dir='ltr'><strong>sedit</strong></span> <span class='ocrx_word' id='word_1_581' title='bbox 2363 2428 2537 2470; x_wconf 89' lang='lat' dir='ltr'><strong>annos</strong></span> <span class='ocrx_word' id='word_1_582' title='bbox 2581 2412 2675 2480; x_wconf 66' lang='lat'><strong>36,</strong></span> <span class='ocrx_word' id='word_1_583' title='bbox 2734 2426 2950 2468; x_wconf 88' lang='lat' dir='ltr'><strong>menses</strong></span> <span class='ocrx_word' id='word_1_584' title='bbox 2982 2410 3047 2475; x_wconf 64' lang='grc' dir='ltr'>ὃς</span> <span class='ocrx_word' id='word_1_585' title='bbox 3089 2406 3190 2463; x_wconf 89' lang='lat' dir='ltr'><strong>fuit</strong></span> <span class='ocrx_word' id='word_1_586' title='bbox 3215 2407 3361 2463; x_wconf 89' lang='lat' dir='ltr'><strong>enim</strong></span> 
     </span>
    </p>
   </div>
   <div class='ocr_carea' id='block_1_84' title="bbox 1739 2499 3417 2576">
    <p class='ocr_par' dir='ltr' id='par_1_84' title="bbox 1739 2499 3417 2576">
     <span class='ocr_line' id='line_1_84' title="bbox 1739 2499 3417 2576; baseline -0.004 -19"><span class='ocrx_word' id='word_1_587' title='bbox 1739 2541 1752 2552; x_wconf 89' lang='lat'><strong>.</strong></span> <span class='ocrx_word' id='word_1_588' title='bbox 1781 2503 2118 2574; x_wconf 87' lang='lat' dir='ltr'><strong>temporibus</strong></span> <span class='ocrx_word' id='word_1_589' title='bbox 2185 2502 2475 2576; x_wconf 89' lang='lat' dir='ltr'><strong>Dagoherti</strong></span> <span class='ocrx_word' id='word_1_590' title='bbox 2523 2503 2687 2576; x_wconf 86' lang='lat' dir='ltr'><strong>regis,</strong></span> <span class='ocrx_word' id='word_1_591' title='bbox 2747 2499 3167 2574; x_wconf 65' lang='lat' dir='ltr'><strong>praesulantibus</strong></span> <span class='ocrx_word' id='word_1_592' title='bbox 3220 2500 3362 2568; x_wconf 83' lang='lat' dir='ltr'><strong>apud</strong></span> <span class='ocrx_word' id='word_1_593' title='bbox 3414 2508 3417 2511; x_wconf 50' lang='grc' dir='ltr'>λ</span> 
     </span>
    </p>
   </div>
   <div class='ocr_carea' id='block_1_85' title="bbox 1781 2587 3364 2660">
    <p class='ocr_par' dir='ltr' id='par_1_85' title="bbox 1781 2587 3364 2660">
     <span class='ocr_line' id='line_1_85' title="bbox 1781 2587 3364 2660; baseline -0.003 -11"><span class='ocrx_word' id='word_1_594' title='bbox 1781 2594 1970 2651; x_wconf 87' lang='lat' dir='ltr'><strong>urbem</strong></span> <span class='ocrx_word' id='word_1_595' title='bbox 2003 2596 2229 2651; x_wconf 75' lang='lat' dir='ltr'><strong>Romam</strong></span> <span class='ocrx_word' id='word_1_596' title='bbox 2280 2594 2596 2660; x_wconf 79' lang='lat' dir='ltr'><strong>Deusdedit,</strong></span> <span class='ocrx_word' id='word_1_597' title='bbox 2636 2592 2941 2659; x_wconf 85' lang='lat' dir='ltr'><strong>Bonifaeio,</strong></span> <span class='ocrx_word' id='word_1_598' title='bbox 2980 2589 3243 2657; x_wconf 80' lang='lat' dir='ltr'><strong>Honorio,</strong></span> <span class='ocrx_word' id='word_1_599' title='bbox 3266 2587 3364 2645; x_wconf 87' lang='lat' dir='ltr'><strong>Se-</strong></span> 
     </span>
    </p>
   </div>
   <div class='ocr_carea' id='block_1_86' title="bbox 1781 2681 3363 2755">
    <p class='ocr_par' dir='ltr' id='par_1_86' title="bbox 1781 2681 3363 2755">
     <span class='ocr_line' id='line_1_86' title="bbox 1781 2681 3363 2755; baseline -0.002 -16"><span class='ocrx_word' id='word_1_600' title='bbox 1781 2684 1993 2752; x_wconf 90' lang='lat' dir='ltr'><strong>verino,</strong></span> <span class='ocrx_word' id='word_1_601' title='bbox 2038 2683 2249 2741; x_wconf 84' lang='lat' dir='ltr'><strong>Joanne</strong></span> <span class='ocrx_word' id='word_1_602' title='bbox 2299 2693 2463 2755; x_wconf 90' lang='lat' dir='ltr'><strong>atque</strong></span> <span class='ocrx_word' id='word_1_603' title='bbox 2512 2684 2816 2741; x_wconf 84' lang='lat' dir='ltr'><strong>Theodoro.</strong></span> <span class='ocrx_word' id='word_1_604' title='bbox 2846 2683 2947 2739; x_wconf 88' lang='lat' dir='ltr'><strong>Hic</strong></span> <span class='ocrx_word' id='word_1_605' title='bbox 2986 2681 3089 2739; x_wconf 87' lang='lat' dir='ltr'><strong>fuit</strong></span> <span class='ocrx_word' id='word_1_606' title='bbox 3112 2681 3197 2736; x_wconf 89' lang='lat' dir='ltr'><strong>vir</strong></span> <span class='ocrx_word' id='word_1_607' title='bbox 3225 2688 3363 2736; x_wconf 88' lang='lat' dir='ltr'><strong>stre-</strong></span> 
     </span>
    </p>
   </div>
   <div class='ocr_carea' id='block_1_87' title="bbox 1782 2772 3413 2847">
    <p class='ocr_par' dir='ltr' id='par_1_87' title="bbox 1782 2772 3413 2847">
     <span class='ocr_line' id='line_1_87' title="bbox 1782 2772 3413 2847; baseline -0.002 -16"><span class='ocrx_word' id='word_1_608' title='bbox 1782 2791 1941 2841; x_wconf 89' lang='lat' dir='ltr'><strong>nuus,</strong></span> <span class='ocrx_word' id='word_1_609' title='bbox 1989 2784 2153 2847; x_wconf 88' lang='lat' dir='ltr'><strong>atque</strong></span> <span class='ocrx_word' id='word_1_610' title='bbox 2178 2776 2513 2847; x_wconf 86' lang='lat' dir='ltr'><strong>temporibus</strong></span> <span class='ocrx_word' id='word_1_611' title='bbox 2541 2774 2743 2832; x_wconf 90' lang='lat' dir='ltr'><strong>dominl</strong></span> <span class='ocrx_word' id='word_1_612' title='bbox 2771 2774 3033 2831; x_wconf 85' lang='lat' dir='ltr'><strong>Desiderii</strong></span> <span class='ocrx_word' id='word_1_613' title='bbox 3063 2772 3364 2844; x_wconf 68' lang='lat' dir='ltr'><strong>prmdeces-</strong></span> <span class='ocrx_word' id='word_1_614' title='bbox 3410 2784 3413 2787; x_wconf 50' lang='grc' dir='ltr'>λ</span> 
     </span>
    </p>
   </div>
   <div class='ocr_carea' id='block_1_88' title="bbox 1781 2860 3363 2932">
    <p class='ocr_par' dir='ltr' id='par_1_88' title="bbox 1781 2860 3363 2932">
     <span class='ocr_line' id='line_1_88' title="bbox 1781 2860 3363 2932; baseline -0.003 -11"><span class='ocrx_word' id='word_1_615' title='bbox 1781 2865 1923 2921; x_wconf 89' lang='lat' dir='ltr'><strong>soris</strong></span> <span class='ocrx_word' id='word_1_616' title='bbox 1966 2864 2074 2932; x_wconf 87' lang='lat' dir='ltr'><strong>sui,</strong></span> <span class='ocrx_word' id='word_1_617' title='bbox 2128 2865 2297 2922; x_wconf 88' lang='lat' dir='ltr'><strong>abbas</strong></span> <span class='ocrx_word' id='word_1_618' title='bbox 2335 2865 2653 2921; x_wconf 87' lang='lat' dir='ltr'><strong>monasterii</strong></span> <span class='ocrx_word' id='word_1_619' title='bbox 2705 2864 2882 2921; x_wconf 89' lang='lat' dir='ltr'><strong>sancti</strong></span> <span class='ocrx_word' id='word_1_620' title='bbox 2920 2863 3199 2920; x_wconf 86' lang='lat' dir='ltr'><strong>Germani.</strong></span> <span class='ocrx_word' id='word_1_621' title='bbox 3232 2860 3363 2918; x_wconf 86' lang='lat' dir='ltr'><strong>Post</strong></span> 
     </span>
    </p>
   </div>
   <div class='ocr_carea' id='block_1_89' title="bbox 1782 2952 3368 3028">
    <p class='ocr_par' dir='ltr' id='par_1_89' title="bbox 1782 2952 3368 3028">
     <span class='ocr_line' id='line_1_89' title="bbox 1782 2952 3368 3028; baseline -0.003 -16"><span class='ocrx_word' id='word_1_622' title='bbox 1782 2954 1938 3028; x_wconf 83' lang='lat' dir='ltr'><strong>cujus</strong></span> <span class='ocrx_word' id='word_1_623' title='bbox 1986 2971 2290 3022; x_wconf 78' lang='lat' dir='ltr'><strong>excessum,</strong></span> <span class='ocrx_word' id='word_1_624' title='bbox 2339 2971 2407 3013; x_wconf 88' lang='lat' dir='ltr'><strong>eo</strong></span> <span class='ocrx_word' id='word_1_625' title='bbox 2430 2956 2576 3027; x_wconf 90' lang='lat' dir='ltr'><strong>quod</strong></span> <span class='ocrx_word' id='word_1_626' title='bbox 2605 2962 2753 3013; x_wconf 87' lang='lat' dir='ltr'><strong>esset</strong></span> <span class='ocrx_word' id='word_1_627' title='bbox 2785 2957 2869 3011; x_wconf 90' lang='lat' dir='ltr'><strong>vir</strong></span> <span class='ocrx_word' id='word_1_628' title='bbox 2914 2955 3150 3027; x_wconf 84' lang='lat' dir='ltr'><strong>sapiens,</strong></span> <span class='ocrx_word' id='word_1_629' title='bbox 3183 2952 3368 3025; x_wconf 89' lang='lat' dir='ltr'><strong>largus</strong></span> 
     </span>
    </p>
   </div>
   <div class='ocr_carea' id='block_1_90' title="bbox 1784 3045 3366 3119">
    <p class='ocr_par' dir='ltr' id='par_1_90' title="bbox 1784 3045 3366 3119">
     <span class='ocr_line' id='line_1_90' title="bbox 1784 3045 3366 3119; baseline -0.004 -16"><span class='ocrx_word' id='word_1_630' title='bbox 1784 3057 1948 3118; x_wconf 89' lang='lat' dir='ltr'><strong>atque</strong></span> <span class='ocrx_word' id='word_1_631' title='bbox 1993 3047 2326 3113; x_wconf 90' lang='lat' dir='ltr'><strong>misericors,</strong></span> <span class='ocrx_word' id='word_1_632' title='bbox 2385 3047 2454 3103; x_wconf 91' lang='lat' dir='ltr'><strong>ab</strong></span> <span class='ocrx_word' id='word_1_633' title='bbox 2500 3048 2649 3104; x_wconf 91' lang='lat' dir='ltr'><strong>omni</strong></span> <span class='ocrx_word' id='word_1_634' title='bbox 2680 3046 2962 3119; x_wconf 90' lang='lat' dir='ltr'><strong>populoin</strong></span> <span class='ocrx_word' id='word_1_635' title='bbox 2991 3045 3366 3117; x_wconf 86' lang='lat' dir='ltr'><strong>episcopatum</strong></span> 
     </span>
    </p>
   </div>
   <div class='ocr_carea' id='block_1_91' title="bbox 1785 3128 3469 3211">
    <p class='ocr_par' dir='ltr' id='par_1_91' title="bbox 1785 3128 3469 3211">
     <span class='ocr_line' id='line_1_91' title="bbox 1785 3128 3469 3211; baseline -0.003 -17"><span class='ocrx_word' id='word_1_636' title='bbox 1785 3138 2028 3211; x_wconf 83' lang='lat' dir='ltr'><strong>eligitur;</strong></span> <span class='ocrx_word' id='word_1_637' title='bbox 2055 3146 2280 3209; x_wconf 89' lang='lat' dir='ltr'><strong>accepto</strong></span> <span class='ocrx_word' id='word_1_638' title='bbox 2307 3152 2440 3196; x_wconf 90' lang='lat' dir='ltr'><strong>vero</strong></span> <span class='ocrx_word' id='word_1_639' title='bbox 2478 3137 2788 3195; x_wconf 88' lang='lat' dir='ltr'><strong>sacerdotio</strong></span> <span class='ocrx_word' id='word_1_640' title='bbox 2818 3145 2989 3193; x_wconf 90' lang='lat' dir='ltr'><strong>totum</strong></span> <span class='ocrx_word' id='word_1_641' title='bbox 3015 3150 3078 3193; x_wconf 90' lang='lat' dir='ltr'><strong>se</strong></span> <span class='ocrx_word' id='word_1_642' title='bbox 3100 3132 3364 3191; x_wconf 86' lang='lat' dir='ltr'><strong>ecclesiu-</strong></span> <span class='ocrx_word' id='word_1_643' title='bbox 3414 3162 3417 3171; x_wconf 77' lang='grc' dir='ltr'>ι</span> <span class='ocrx_word' id='word_1_644' title='bbox 3462 3128 3469 3133; x_wconf 69' lang='grc'><strong><em>“</em></strong></span> 
     </span>
    </p>
   </div>
   <div class='ocr_carea' id='block_1_92' title="bbox 1785 3226 3371 3300">
    <p class='ocr_par' dir='ltr' id='par_1_92' title="bbox 1785 3226 3371 3300">
     <span class='ocr_line' id='line_1_92' title="bbox 1785 3226 3371 3300; baseline -0.003 -14"><span class='ocrx_word' id='word_1_645' title='bbox 1785 3230 1937 3287; x_wconf 89' lang='lat' dir='ltr'><strong>stieis</strong></span> <span class='ocrx_word' id='word_1_646' title='bbox 1965 3226 2190 3285; x_wconf 91' lang='lat' dir='ltr'><strong>tradidit</strong></span> <span class='ocrx_word' id='word_1_647' title='bbox 2218 3228 2541 3300; x_wconf 88' lang='lat' dir='ltr'><strong>disciplinis,</strong></span> <span class='ocrx_word' id='word_1_648' title='bbox 2568 3243 2693 3283; x_wconf 91' lang='lat' dir='ltr'><strong>nam</strong></span> <span class='ocrx_word' id='word_1_649' title='bbox 2720 3227 3001 3284; x_wconf 87' lang='lat' dir='ltr'><strong>basilicam</strong></span> <span class='ocrx_word' id='word_1_650' title='bbox 3047 3229 3222 3287; x_wconf 90' lang='lat' dir='ltr'><strong>sancti</strong></span> <span class='ocrx_word' id='word_1_651' title='bbox 3253 3226 3371 3284; x_wconf 83' lang='lat' dir='ltr'><strong>Ste-</strong></span> 
     </span>
    </p>
   </div>
   <div class='ocr_carea' id='block_1_93' title="bbox 1784 3318 3415 3392">
    <p class='ocr_par' dir='ltr' id='par_1_93' title="bbox 1784 3318 3415 3392">
     <span class='ocr_line' id='line_1_93' title="bbox 1784 3318 3415 3392; baseline 0.001 -16"><span class='ocrx_word' id='word_1_652' title='bbox 1784 3321 1949 3391; x_wconf 88' lang='lat' dir='ltr'><strong>phani</strong></span> <span class='ocrx_word' id='word_1_653' title='bbox 1997 3318 2246 3392; x_wconf 89' lang='lat' dir='ltr'><strong>plurimis</strong></span> <span class='ocrx_word' id='word_1_654' title='bbox 2275 3327 2332 3376; x_wconf 90' lang='lat' dir='ltr'><strong>et</strong></span> <span class='ocrx_word' id='word_1_655' title='bbox 2369 3320 2624 3376; x_wconf 78' lang='lat' dir='ltr'><strong>maximis</strong></span> <span class='ocrx_word' id='word_1_656' title='bbox 2672 3319 2867 3375; x_wconf 79' lang='lat' dir='ltr'><strong>ditavit</strong></span> <span class='ocrx_word' id='word_1_657' title='bbox 2918 3318 3198 3387; x_wconf 87' lang='lat' dir='ltr'><strong>donariis;</strong></span> <span class='ocrx_word' id='word_1_658' title='bbox 3239 3321 3370 3378; x_wconf 86' lang='lat' dir='ltr'><strong>fecit</strong></span> <span class='ocrx_word' id='word_1_659' title='bbox 3414 3334 3415 3337; x_wconf 78' lang='lat'>‘</span> 
     </span>
    </p>
   </div>
   <div class='ocr_carea' id='block_1_94' title="bbox 1784 3409 3420 3481">
    <p class='ocr_par' dir='ltr' id='par_1_94' title="bbox 1784 3409 3420 3481">
     <span class='ocr_line' id='line_1_94' title="bbox 1784 3409 3420 3481; baseline 0.001 -16"><span class='ocrx_word' id='word_1_660' title='bbox 1784 3409 1928 3465; x_wconf 91' lang='lat' dir='ltr'><strong>enim</strong></span> <span class='ocrx_word' id='word_1_661' title='bbox 1958 3409 2092 3466; x_wconf 85' lang='lat' dir='ltr'><strong>duas</strong></span> <span class='ocrx_word' id='word_1_662' title='bbox 2116 3422 2308 3466; x_wconf 89' lang='lat' dir='ltr'><strong>cruces</strong></span> <span class='ocrx_word' id='word_1_663' title='bbox 2335 3422 2401 3464; x_wconf 79' lang='lat' dir='ltr'><strong>ex</strong></span> <span class='ocrx_word' id='word_1_664' title='bbox 2441 3422 2577 3465; x_wconf 89' lang='lat' dir='ltr'><strong>auro</strong></span> <span class='ocrx_word' id='word_1_665' title='bbox 2603 3409 2915 3481; x_wconf 90' lang='lat' dir='ltr'><strong>purissimo,</strong></span> <span class='ocrx_word' id='word_1_666' title='bbox 2961 3424 3099 3480; x_wconf 89' lang='lat' dir='ltr'><strong>quas</strong></span> <span class='ocrx_word' id='word_1_667' title='bbox 3121 3412 3179 3467; x_wconf 80' lang='lat' dir='ltr'><strong>e’t</strong></span> <span class='ocrx_word' id='word_1_668' title='bbox 3204 3410 3367 3467; x_wconf 87' lang='lat' dir='ltr'><strong>obtu-</strong></span> <span class='ocrx_word' id='word_1_669' title='bbox 3412 3426 3420 3434; x_wconf 76' lang='lat'><strong><em>&#39;</em></strong></span> 
     </span>
    </p>
   </div>
   <div class='ocr_carea' id='block_1_95' title="bbox 1787 3501 3370 3574">
    <p class='ocr_par' dir='ltr' id='par_1_95' title="bbox 1787 3501 3370 3574">
     <span class='ocr_line' id='line_1_95' title="bbox 1787 3501 3370 3574; baseline 0.001 -18"><span class='ocrx_word' id='word_1_670' title='bbox 1787 3501 1889 3568; x_wconf 87' lang='lat' dir='ltr'><strong>lit;</strong></span> <span class='ocrx_word' id='word_1_671' title='bbox 1918 3501 2015 3559; x_wconf 87' lang='lat' dir='ltr'><strong>sed</strong></span> <span class='ocrx_word' id='word_1_672' title='bbox 2045 3510 2101 3559; x_wconf 90' lang='lat' dir='ltr'><strong>et</strong></span> <span class='ocrx_word' id='word_1_673' title='bbox 2127 3501 2358 3573; x_wconf 92' lang='lat' dir='ltr'><strong>plurima</strong></span> <span class='ocrx_word' id='word_1_674' title='bbox 2393 3516 2529 3556; x_wconf 88' lang='lat' dir='ltr'><strong>vasa</strong></span> <span class='ocrx_word' id='word_1_675' title='bbox 2557 3510 2808 3567; x_wconf 87' lang='lat' dir='ltr'><strong>anaetea,</strong></span> <span class='ocrx_word' id='word_1_676' title='bbox 2838 3510 3119 3574; x_wconf 84' lang='lat' dir='ltr'><strong>argentea,</strong></span> <span class='ocrx_word' id='word_1_677' title='bbox 3144 3516 3266 3573; x_wconf 70' lang='lat' dir='ltr'><strong>qua:</strong></span> <span class='ocrx_word' id='word_1_678' title='bbox 3301 3503 3370 3558; x_wconf 89' lang='lat' dir='ltr'><strong>ad</strong></span> 
     </span>
    </p>
   </div>
   <div class='ocr_carea' id='block_1_96' title="bbox 1788 3592 3371 3665">
    <p class='ocr_par' dir='ltr' id='par_1_96' title="bbox 1788 3592 3371 3665">
     <span class='ocr_line' id='line_1_96' title="bbox 1788 3592 3371 3665; baseline 0.003 -17"><span class='ocrx_word' id='word_1_679' title='bbox 1788 3601 2032 3649; x_wconf 85' lang='lat' dir='ltr'><strong>nostram</strong></span> <span class='ocrx_word' id='word_1_680' title='bbox 2059 3607 2230 3665; x_wconf 89' lang='lat' dir='ltr'><strong>usque</strong></span> <span class='ocrx_word' id='word_1_681' title='bbox 2256 3600 2472 3649; x_wconf 77' lang='lat' dir='ltr'><strong>aetatem</strong></span> <span class='ocrx_word' id='word_1_682' title='bbox 2491 3592 2545 3648; x_wconf 92' lang='lat' dir='ltr'><strong>in</strong></span> <span class='ocrx_word' id='word_1_683' title='bbox 2570 3593 2842 3649; x_wconf 86' lang='lat' dir='ltr'><strong>thesauris</strong></span> <span class='ocrx_word' id='word_1_684' title='bbox 2860 3594 3102 3665; x_wconf 83' lang='lat' dir='ltr'><strong>ejusdem</strong></span> <span class='ocrx_word' id='word_1_685' title='bbox 3123 3594 3371 3652; x_wconf 66' lang='lat' dir='ltr'><strong>ecclesia</strong></span> 
     </span>
    </p>
   </div>
   <div class='ocr_carea' id='block_1_97' title="bbox 1789 3683 3423 3754">
    <p class='ocr_par' dir='ltr' id='par_1_97' title="bbox 1789 3683 3423 3754">
     <span class='ocr_line' id='line_1_97' title="bbox 1789 3683 3423 3754; baseline 0.003 -18"><span class='ocrx_word' id='word_1_686' title='bbox 1789 3691 2002 3738; x_wconf 89' lang='lat' dir='ltr'><strong>servata</strong></span> <span class='ocrx_word' id='word_1_687' title='bbox 2026 3692 2469 3752; x_wconf 86' lang='lat' dir='ltr'><strong>permanserunt,</strong></span> <span class='ocrx_word' id='word_1_688' title='bbox 2497 3683 2613 3738; x_wconf 60' lang='lat' dir='ltr'><strong>hac</strong></span> <span class='ocrx_word' id='word_1_689' title='bbox 2653 3698 2753 3739; x_wconf 85' lang='lat' dir='ltr'><strong>nos</strong></span> <span class='ocrx_word' id='word_1_690' title='bbox 2780 3683 2957 3754; x_wconf 86' lang='lat' dir='ltr'><strong>ipsius</strong></span> <span class='ocrx_word' id='word_1_691' title='bbox 2988 3685 3208 3740; x_wconf 88' lang='lat' dir='ltr'><strong>nomine</strong></span> <span class='ocrx_word' id='word_1_692' title='bbox 3236 3686 3374 3741; x_wconf 76' lang='lat' dir='ltr'><strong>vidi-</strong></span> <span class='ocrx_word' id='word_1_693' title='bbox 3418 3698 3423 3707; x_wconf 84' lang='lat'>&#39;</span> 
     </span>
    </p>
   </div>
   <div class='ocr_carea' id='block_1_98' title="bbox 1789 3773 3424 3845">
    <p class='ocr_par' dir='ltr' id='par_1_98' title="bbox 1789 3773 3424 3845">
     <span class='ocr_line' id='line_1_98' title="bbox 1789 3773 3424 3845; baseline 0.002 -17"><span class='ocrx_word' id='word_1_694' title='bbox 1789 3788 1909 3829; x_wconf 75' lang='lat' dir='ltr'><strong>reus</strong></span> <span class='ocrx_word' id='word_1_695' title='bbox 1961 3773 2242 3845; x_wconf 86' lang='lat' dir='ltr'><strong>insignita;</strong></span> <span class='ocrx_word' id='word_1_696' title='bbox 2290 3773 2418 3829; x_wconf 88' lang='lat' dir='ltr'><strong>fecit</strong></span> <span class='ocrx_word' id='word_1_697' title='bbox 2447 3783 2504 3830; x_wconf 89' lang='lat' dir='ltr'><strong>et</strong></span> <span class='ocrx_word' id='word_1_698' title='bbox 2544 3776 2939 3832; x_wconf 83' lang='lat' dir='ltr'><strong>monasterium</strong></span> <span class='ocrx_word' id='word_1_699' title='bbox 2964 3779 3140 3833; x_wconf 91' lang='lat' dir='ltr'><strong>sancti</strong></span> <span class='ocrx_word' id='word_1_700' title='bbox 3165 3775 3424 3833; x_wconf 56' lang='lat' dir='ltr'><strong>Iuliani&quot;:</strong></span> 
     </span>
    </p>
   </div>
   <div class='ocr_carea' id='block_1_99' title="bbox 1789 3863 3367 3942">
    <p class='ocr_par' dir='ltr' id='par_1_99' title="bbox 1789 3863 3367 3942">
     <span class='ocr_line' id='line_1_99' title="bbox 1789 3863 3367 3942; baseline 0.004 -25"><span class='ocrx_word' id='word_1_701' title='bbox 1789 3863 2064 3935; x_wconf 82' lang='lat' dir='ltr'><strong>martyris,</strong></span> <span class='ocrx_word' id='word_1_702' title='bbox 2097 3863 2496 3920; x_wconf 70' lang='lat' dir='ltr'><strong>ubizediﬁeavit</strong></span> <span class='ocrx_word' id='word_1_703' title='bbox 2520 3865 2800 3942; x_wconf 85' lang='lat' dir='ltr'><strong>basilicam</strong></span> <span class='ocrx_word' id='word_1_704' title='bbox 2844 3866 3094 3934; x_wconf 83' lang='lat' dir='ltr'><strong>alterum,</strong></span> <span class='ocrx_word' id='word_1_705' title='bbox 3127 3883 3288 3939; x_wconf 90' lang='lat' dir='ltr'><strong>quam</strong></span> <span class='ocrx_word' id='word_1_706' title='bbox 3313 3869 3367 3923; x_wconf 92' lang='lat' dir='ltr'><strong>in</strong></span> 
     </span>
    </p>
   </div>
   <div class='ocr_carea' id='block_1_100' title="bbox 1788 3954 3369 4029">
    <p class='ocr_par' dir='ltr' id='par_1_100' title="bbox 1788 3954 3369 4029">
     <span class='ocr_line' id='line_1_100' title="bbox 1788 3954 3369 4029; baseline 0.005 -22"><span class='ocrx_word' id='word_1_707' title='bbox 1788 3955 1995 4009; x_wconf 89' lang='lat' dir='ltr'><strong>honore</strong></span> <span class='ocrx_word' id='word_1_708' title='bbox 2025 3962 2227 4010; x_wconf 70' lang='lat' dir='ltr'><strong>sancta:</strong></span> <span class='ocrx_word' id='word_1_709' title='bbox 2272 3955 2363 4011; x_wconf 88' lang='lat' dir='ltr'><strong>Dei</strong></span> <span class='ocrx_word' id='word_1_710' title='bbox 2391 3955 2670 4027; x_wconf 88' lang='lat' dir='ltr'><strong>genitricis</strong></span> <span class='ocrx_word' id='word_1_711' title='bbox 2696 3954 2884 4013; x_wconf 64' lang='lat' dir='ltr'><strong>Mariae</strong></span> <span class='ocrx_word' id='word_1_712' title='bbox 2905 3956 3199 4024; x_wconf 85' lang='lat' dir='ltr'><strong>dedicavit,</strong></span> <span class='ocrx_word' id='word_1_713' title='bbox 3224 3961 3369 4029; x_wconf 89' lang='lat' dir='ltr'><strong>quod</strong></span> 
     </span>
    </p>
   </div>
   <div class='ocr_carea' id='block_1_101' title="bbox 1790 4046 3371 4123">
    <p class='ocr_par' dir='ltr' id='par_1_101' title="bbox 1790 4046 3371 4123">
     <span class='ocr_line' id='line_1_101' title="bbox 1790 4046 3371 4123; baseline 0.005 -23"><span class='ocrx_word' id='word_1_714' title='bbox 1790 4046 2179 4101; x_wconf 83' lang='lat' dir='ltr'><strong>monasterium</strong></span> <span class='ocrx_word' id='word_1_715' title='bbox 2225 4046 2494 4119; x_wconf 80' lang='lat' dir='ltr'><strong>virginum</strong></span> <span class='ocrx_word' id='word_1_716' title='bbox 2543 4062 2666 4104; x_wconf 88' lang='lat' dir='ltr'><strong>esse</strong></span> <span class='ocrx_word' id='word_1_717' title='bbox 2708 4049 3007 4115; x_wconf 90' lang='lat' dir='ltr'><strong>constituit,</strong></span> <span class='ocrx_word' id='word_1_718' title='bbox 3061 4052 3206 4123; x_wconf 87' lang='lat' dir='ltr'><strong>quod</strong></span> <span class='ocrx_word' id='word_1_719' title='bbox 3243 4061 3371 4108; x_wconf 84' lang='lat' dir='ltr'><strong>ante</strong></span> 
     </span>
    </p>
   </div>
   <div class='ocr_carea' id='block_1_102' title="bbox 1792 4141 3370 4214">
    <p class='ocr_par' dir='ltr' id='par_1_102' title="bbox 1792 4141 3370 4214">
     <span class='ocr_line' id='line_1_102' title="bbox 1792 4141 3370 4214; baseline 0.005 -19"><span class='ocrx_word' id='word_1_720' title='bbox 1792 4141 1967 4211; x_wconf 84' lang='lat' dir='ltr'><strong>ipsum</strong></span> <span class='ocrx_word' id='word_1_721' title='bbox 2015 4141 2163 4197; x_wconf 81' lang='lat' dir='ltr'><strong>infra.</strong></span> <span class='ocrx_word' id='word_1_722' title='bbox 2187 4157 2374 4198; x_wconf 88' lang='lat' dir='ltr'><strong>muros</strong></span> <span class='ocrx_word' id='word_1_723' title='bbox 2399 4142 2640 4200; x_wconf 85' lang='lat' dir='ltr'><strong>civitatis</strong></span> <span class='ocrx_word' id='word_1_724' title='bbox 2684 4158 2855 4214; x_wconf 91' lang='lat' dir='ltr'><strong>parvo</strong></span> <span class='ocrx_word' id='word_1_725' title='bbox 2880 4145 3088 4203; x_wconf 87' lang='lat' dir='ltr'><strong>ambitu</strong></span> <span class='ocrx_word' id='word_1_726' title='bbox 3114 4154 3370 4203; x_wconf 86' lang='lat' dir='ltr'><strong>constru-</strong></span> 
     </span>
    </p>
   </div>
   <div class='ocr_carea' id='block_1_103' title="bbox 1790 4234 3373 4301">
    <p class='ocr_par' dir='ltr' id='par_1_103' title="bbox 1790 4234 3373 4301">
     <span class='ocr_line' id='line_1_103' title="bbox 1790 4234 3373 4301; baseline 0.005 -12"><span class='ocrx_word' id='word_1_727' title='bbox 1790 4234 2225 4301; x_wconf 81' lang='lat' dir='ltr'><strong>ctum,-virorum</strong></span> <span class='ocrx_word' id='word_1_728' title='bbox 2282 4234 2453 4292; x_wconf 89' lang='lat' dir='ltr'><strong>luisse</strong></span> <span class='ocrx_word' id='word_1_729' title='bbox 2492 4236 2858 4293; x_wconf 90' lang='lat' dir='ltr'><strong>certissimum</strong></span> <span class='ocrx_word' id='word_1_730' title='bbox 2909 4247 3013 4295; x_wconf 90' lang='lat' dir='ltr'><strong>est.</strong></span> <span class='ocrx_word' id='word_1_731' title='bbox 3046 4237 3182 4295; x_wconf 81' lang='lat' dir='ltr'><strong>Nam</strong></span> <span class='ocrx_word' id='word_1_732' title='bbox 3225 4249 3281 4297; x_wconf 89' lang='lat' dir='ltr'><strong>et</strong></span> <span class='ocrx_word' id='word_1_733' title='bbox 3318 4241 3373 4297; x_wconf 93' lang='lat' dir='ltr'><strong>id</strong></span> 
     </span>
    </p>
   </div>
   <div class='ocr_carea' id='block_1_104' title="bbox 1792 4324 3376 4395">
    <p class='ocr_par' dir='ltr' id='par_1_104' title="bbox 1792 4324 3376 4395">
     <span class='ocr_line' id='line_1_104' title="bbox 1792 4324 3376 4395; baseline 0.004 -16"><span class='ocrx_word' id='word_1_734' title='bbox 1792 4325 2184 4381; x_wconf 73' lang='lat' dir='ltr'><strong>ntunasterium</strong></span> <span class='ocrx_word' id='word_1_735' title='bbox 2233 4324 2484 4381; x_wconf 84' lang='lat' dir='ltr'><strong>maximis</strong></span> <span class='ocrx_word' id='word_1_736' title='bbox 2534 4324 2779 4383; x_wconf 79' lang='lat' dir='ltr'><strong>aediﬁciis</strong></span> <span class='ocrx_word' id='word_1_737' title='bbox 2840 4328 3067 4395; x_wconf 83' lang='lat' dir='ltr'><strong>extulit,</strong></span> <span class='ocrx_word' id='word_1_738' title='bbox 3116 4344 3181 4385; x_wconf 88' lang='lat' dir='ltr'><strong>ac</strong></span> <span class='ocrx_word' id='word_1_739' title='bbox 3215 4345 3376 4387; x_wconf 90' lang='lat' dir='ltr'><strong>muro</strong></span> 
     </span>
    </p>
   </div>
   <div class='ocr_carea' id='block_1_105' title="bbox 1791 4414 3374 4488">
    <p class='ocr_par' dir='ltr' id='par_1_105' title="bbox 1791 4414 3374 4488">
     <span class='ocr_line' id='line_1_105' title="bbox 1791 4414 3374 4488; baseline 0.004 -20"><span class='ocrx_word' id='word_1_740' title='bbox 1791 4415 2030 4486; x_wconf 85' lang='lat' dir='ltr'><strong>undique</strong></span> <span class='ocrx_word' id='word_1_741' title='bbox 2059 4414 2461 4481; x_wconf 81' lang='lat' dir='ltr'><strong>circumcinxit,</strong></span> <span class='ocrx_word' id='word_1_742' title='bbox 2482 4426 2539 4473; x_wconf 90' lang='lat' dir='ltr'><strong>et</strong></span> <span class='ocrx_word' id='word_1_743' title='bbox 2559 4418 2685 4488; x_wconf 88' lang='lat' dir='ltr'><strong>quia</strong></span> <span class='ocrx_word' id='word_1_744' title='bbox 2712 4431 2902 4475; x_wconf 89' lang='lat' dir='ltr'><strong>omnes</strong></span> <span class='ocrx_word' id='word_1_745' title='bbox 2925 4419 3170 4475; x_wconf 73' lang='lat' dir='ltr'><strong>ecclesia:</strong></span> <span class='ocrx_word' id='word_1_746' title='bbox 3193 4422 3374 4476; x_wconf 82' lang='lat' dir='ltr'><strong>Antis-</strong></span> 
     </span>
    </p>
   </div>
   <div class='ocr_carea' id='block_1_106' title="bbox 1793 4506 3431 4583">
    <p class='ocr_par' dir='ltr' id='par_1_106' title="bbox 1793 4506 3431 4583">
     <span class='ocr_line' id='line_1_106' title="bbox 1793 4506 3431 4583; baseline 0.005 -22"><span class='ocrx_word' id='word_1_747' title='bbox 1793 4506 2137 4563; x_wconf 88' lang='lat' dir='ltr'><strong>siodoreuses</strong></span> <span class='ocrx_word' id='word_1_748' title='bbox 2184 4520 2298 4562; x_wconf 65' lang='lat' dir='ltr'><strong>suae</strong></span> <span class='ocrx_word' id='word_1_749' title='bbox 2346 4508 2605 4563; x_wconf 89' lang='lat' dir='ltr'><strong>deditioni</strong></span> <span class='ocrx_word' id='word_1_750' title='bbox 2647 4516 2807 4563; x_wconf 90' lang='lat' dir='ltr'><strong>erant</strong></span> <span class='ocrx_word' id='word_1_751' title='bbox 2849 4506 3123 4583; x_wconf 61' lang='lat' dir='ltr'><strong>subjecta,</strong></span> <span class='ocrx_word' id='word_1_752' title='bbox 3151 4518 3258 4565; x_wconf 91' lang='lat' dir='ltr'><strong>tam</strong></span> <span class='ocrx_word' id='word_1_753' title='bbox 3306 4528 3376 4568; x_wconf 77' lang='lat' dir='ltr'><strong>ex</strong></span> <span class='ocrx_word' id='word_1_754' title='bbox 3422 4532 3431 4541; x_wconf 61' lang='grc' dir='ltr'><em>υ</em></span> 
     </span>
    </p>
   </div>
   <div class='ocr_carea' id='block_1_107' title="bbox 1795 4597 3381 4670">
    <p class='ocr_par' dir='ltr' id='par_1_107' title="bbox 1795 4597 3381 4670">
     <span class='ocr_line' id='line_1_107' title="bbox 1795 4597 3381 4670; baseline 0.002 -14"><span class='ocrx_word' id='word_1_755' title='bbox 1795 4600 1969 4656; x_wconf 87' lang='lat' dir='ltr'><strong>sancti</strong></span> <span class='ocrx_word' id='word_1_756' title='bbox 2000 4598 2260 4670; x_wconf 83' lang='lat' dir='ltr'><strong>Stephani</strong></span> <span class='ocrx_word' id='word_1_757' title='bbox 2288 4613 2451 4668; x_wconf 86' lang='lat' dir='ltr'><strong>quam</strong></span> <span class='ocrx_word' id='word_1_758' title='bbox 2501 4615 2570 4654; x_wconf 83' lang='lat' dir='ltr'><strong>ex</strong></span> <span class='ocrx_word' id='word_1_759' title='bbox 2595 4599 2767 4654; x_wconf 88' lang='lat' dir='ltr'><strong>sancti</strong></span> <span class='ocrx_word' id='word_1_760' title='bbox 2797 4597 3058 4655; x_wconf 88' lang='lat' dir='ltr'><strong>Germani</strong></span> <span class='ocrx_word' id='word_1_761' title='bbox 3094 4600 3235 4657; x_wconf 89' lang='lat' dir='ltr'><strong>villis</strong></span> <span class='ocrx_word' id='word_1_762' title='bbox 3282 4619 3381 4659; x_wconf 79' lang='lat' dir='ltr'><strong>co-</strong></span> 
     </span>
    </p>
   </div>
   <div class='ocr_carea' id='block_1_108' title="bbox 1792 4691 3377 4765">
    <p class='ocr_par' dir='ltr' id='par_1_108' title="bbox 1792 4691 3377 4765">
     <span class='ocr_line' id='line_1_108' title="bbox 1792 4691 3377 4765; baseline 0.001 -16"><span class='ocrx_word' id='word_1_763' title='bbox 1792 4694 1945 4765; x_wconf 90' lang='lat' dir='ltr'><strong>piose</strong></span> <span class='ocrx_word' id='word_1_764' title='bbox 1964 4693 2172 4748; x_wconf 86' lang='lat' dir='ltr'><strong>ditavit.</strong></span> <span class='ocrx_word' id='word_1_765' title='bbox 2203 4691 2353 4748; x_wconf 86' lang='lat' dir='ltr'><strong>Fecit</strong></span> <span class='ocrx_word' id='word_1_766' title='bbox 2380 4700 2435 4748; x_wconf 89' lang='lat' dir='ltr'><strong>et</strong></span> <span class='ocrx_word' id='word_1_767' title='bbox 2462 4691 2738 4749; x_wconf 89' lang='lat' dir='ltr'><strong>basilicam</strong></span> <span class='ocrx_word' id='word_1_768' title='bbox 2762 4706 2929 4763; x_wconf 85' lang='lat' dir='ltr'><strong>prope</strong></span> <span class='ocrx_word' id='word_1_769' title='bbox 2969 4707 3153 4750; x_wconf 86' lang='lat' dir='ltr'><strong>muros</strong></span> <span class='ocrx_word' id='word_1_770' title='bbox 3184 4694 3377 4752; x_wconf 84' lang='lat' dir='ltr'><strong>civita-</strong></span> 
     </span>
    </p>
   </div>
   <div class='ocr_carea' id='block_1_109' title="bbox 1794 4777 3393 4854">
    <p class='ocr_par' dir='ltr' id='par_1_109' title="bbox 1794 4777 3393 4854">
     <span class='ocr_line' id='line_1_109' title="bbox 1794 4777 3393 4854; baseline -0.004 -16"><span class='ocrx_word' id='word_1_771' title='bbox 1794 4784 1864 4840; x_wconf 91' lang='lat' dir='ltr'><strong>tis</strong></span> <span class='ocrx_word' id='word_1_772' title='bbox 1909 4783 1964 4839; x_wconf 90' lang='lat' dir='ltr'><strong>in</strong></span> <span class='ocrx_word' id='word_1_773' title='bbox 2007 4784 2215 4840; x_wconf 82' lang='lat' dir='ltr'><strong>honore</strong></span> <span class='ocrx_word' id='word_1_774' title='bbox 2263 4782 2437 4839; x_wconf 90' lang='lat' dir='ltr'><strong>sancti</strong></span> <span class='ocrx_word' id='word_1_775' title='bbox 2473 4781 2686 4838; x_wconf 86' lang='lat' dir='ltr'><strong>Eusebii</strong></span> <span class='ocrx_word' id='word_1_776' title='bbox 2718 4781 3075 4839; x_wconf 84' lang='lat' dir='ltr'><strong>Vercellensis</strong></span> <span class='ocrx_word' id='word_1_777' title='bbox 3099 4777 3393 4854; x_wconf 81' lang='lat' dir='ltr'><strong>pontiﬁcis.</strong></span> 
     </span>
    </p>
   </div>
   <div class='ocr_carea' id='block_1_110' title="bbox 1793 4873 3433 4950">
    <p class='ocr_par' dir='ltr' id='par_1_110' title="bbox 1793 4873 3433 4950">
     <span class='ocr_line' id='line_1_110' title="bbox 1793 4873 3433 4950; baseline 0.001 -21"><span class='ocrx_word' id='word_1_778' title='bbox 1793 4883 1851 4929; x_wconf 88' lang='lat' dir='ltr'><strong>et</strong></span> <span class='ocrx_word' id='word_1_779' title='bbox 1878 4876 2158 4950; x_wconf 79' lang='lat' dir='ltr'><strong>martyris,</strong></span> <span class='ocrx_word' id='word_1_780' title='bbox 2210 4873 2366 4946; x_wconf 86' lang='lat' dir='ltr'><strong>cujus</strong></span> <span class='ocrx_word' id='word_1_781' title='bbox 2412 4874 2735 4930; x_wconf 86' lang='lat' dir='ltr'><strong>testudinem</strong></span> <span class='ocrx_word' id='word_1_782' title='bbox 2782 4890 2812 4930; x_wconf 89' lang='lat' dir='ltr'><strong>a</strong></span> <span class='ocrx_word' id='word_1_783' title='bbox 2852 4883 3009 4947; x_wconf 82' lang='lat' dir='ltr'><strong>parte</strong></span> <span class='ocrx_word' id='word_1_784' title='bbox 3031 4875 3281 4933; x_wconf 83' lang='lat' dir='ltr'><strong>orientali</strong></span> <span class='ocrx_word' id='word_1_785' title='bbox 3305 4891 3391 4931; x_wconf 67' lang='grc' dir='ltr'><strong>ει·</strong></span> <span class='ocrx_word' id='word_1_786' title='bbox 3428 4894 3433 4904; x_wconf 68' lang='grc' dir='ltr'><strong>ι</strong></span> 
     </span>
    </p>
   </div>
   <div class='ocr_carea' id='block_1_111' title="bbox 1794 4966 3374 5038">
    <p class='ocr_par' dir='ltr' id='par_1_111' title="bbox 1794 4966 3374 5038">
     <span class='ocr_line' id='line_1_111' title="bbox 1794 4966 3374 5038; baseline 0.003 -18"><span class='ocrx_word' id='word_1_787' title='bbox 1794 4966 2007 5024; x_wconf 90' lang='lat' dir='ltr'><strong>musivo</strong></span> <span class='ocrx_word' id='word_1_788' title='bbox 2036 4966 2197 5024; x_wconf 89' lang='lat' dir='ltr'><strong>simul</strong></span> <span class='ocrx_word' id='word_1_789' title='bbox 2238 4977 2293 5023; x_wconf 91' lang='lat' dir='ltr'><strong>et</strong></span> <span class='ocrx_word' id='word_1_790' title='bbox 2321 4982 2456 5023; x_wconf 92' lang='lat' dir='ltr'><strong>auro</strong></span> <span class='ocrx_word' id='word_1_791' title='bbox 2479 4968 2713 5038; x_wconf 87' lang='lat' dir='ltr'><strong>compsit</strong></span> <span class='ocrx_word' id='word_1_792' title='bbox 2750 4982 2829 5025; x_wconf 88' lang='lat' dir='ltr'><strong>ac-</strong></span> <span class='ocrx_word' id='word_1_793' title='bbox 2858 4968 3147 5035; x_wconf 74' lang='lat' dir='ltr'><strong>dedicavit,</strong></span> <span class='ocrx_word' id='word_1_794' title='bbox 3177 4968 3374 5024; x_wconf 82' lang='lat' dir='ltr'><strong>variis-</strong></span> 
     </span>
    </p>
   </div>
   <div class='ocr_carea' id='block_1_112' title="bbox 1797 5058 3383 5130">
    <p class='ocr_par' dir='ltr' id='par_1_112' title="bbox 1797 5058 3383 5130">
     <span class='ocr_line' id='line_1_112' title="bbox 1797 5058 3383 5130; baseline 0 -18"><span class='ocrx_word' id='word_1_795' title='bbox 1797 5073 1902 5129; x_wconf 90' lang='lat' dir='ltr'><strong>que</strong></span> <span class='ocrx_word' id='word_1_796' title='bbox 1929 5058 2245 5115; x_wconf 86' lang='lat' dir='ltr'><strong>muneribus</strong></span> <span class='ocrx_word' id='word_1_797' title='bbox 2268 5058 2581 5130; x_wconf 82' lang='lat' dir='ltr'><strong>ampliavit;</strong></span> <span class='ocrx_word' id='word_1_798' title='bbox 2609 5059 2752 5129; x_wconf 83' lang='lat' dir='ltr'><strong>quod</strong></span> <span class='ocrx_word' id='word_1_799' title='bbox 2790 5058 2954 5115; x_wconf 78' lang='lat' dir='ltr'><strong>etiam</strong></span> <span class='ocrx_word' id='word_1_800' title='bbox 2981 5059 3383 5116; x_wconf 79' lang='lat' dir='ltr'><strong>monachorum</strong></span> 
     </span>
    </p>
   </div>
   <div class='ocr_carea' id='block_1_113' title="bbox 1795 5149 3376 5222">
    <p class='ocr_par' dir='ltr' id='par_1_113' title="bbox 1795 5149 3376 5222">
     <span class='ocr_line' id='line_1_113' title="bbox 1795 5149 3376 5222; baseline 0.001 -18"><span class='ocrx_word' id='word_1_801' title='bbox 1795 5164 1918 5206; x_wconf 89' lang='lat' dir='ltr'><strong>esse</strong></span> <span class='ocrx_word' id='word_1_802' title='bbox 1937 5150 2221 5206; x_wconf 90' lang='lat' dir='ltr'><strong>constituit</strong></span> <span class='ocrx_word' id='word_1_803' title='bbox 2248 5165 2314 5205; x_wconf 90' lang='lat' dir='ltr'><strong>ac</strong></span> <span class='ocrx_word' id='word_1_804' title='bbox 2350 5166 2507 5206; x_wconf 89' lang='lat' dir='ltr'><strong>muro</strong></span> <span class='ocrx_word' id='word_1_805' title='bbox 2531 5150 2767 5222; x_wconf 83' lang='lat' dir='ltr'><strong>undique</strong></span> <span class='ocrx_word' id='word_1_806' title='bbox 2795 5151 3188 5207; x_wconf 79' lang='lat' dir='ltr'><strong>circumeinxit.</strong></span> <span class='ocrx_word' id='word_1_807' title='bbox 3222 5149 3376 5206; x_wconf 84' lang='lat' dir='ltr'><strong>Fecit</strong></span> 
     </span>
    </p>
   </div>
   <div class='ocr_carea' id='block_1_114' title="bbox 1795 5240 3373 5316">
    <p class='ocr_par' dir='ltr' id='par_1_114' title="bbox 1795 5240 3373 5316">
     <span class='ocr_line' id='line_1_114' title="bbox 1795 5240 3373 5316; baseline 0 -19"><span class='ocrx_word' id='word_1_808' title='bbox 1795 5250 1850 5297; x_wconf 89' lang='lat' dir='ltr'><strong>et</strong></span> <span class='ocrx_word' id='word_1_809' title='bbox 1870 5241 2151 5298; x_wconf 86' lang='lat' dir='ltr'><strong>basilicam</strong></span> <span class='ocrx_word' id='word_1_810' title='bbox 2177 5242 2352 5298; x_wconf 89' lang='lat' dir='ltr'><strong>sancti</strong></span> <span class='ocrx_word' id='word_1_811' title='bbox 2379 5240 2635 5298; x_wconf 85' lang='lat' dir='ltr'><strong>Germani</strong></span> <span class='ocrx_word' id='word_1_812' title='bbox 2659 5242 2711 5298; x_wconf 92' lang='lat' dir='ltr'><strong>in</strong></span> <span class='ocrx_word' id='word_1_813' title='bbox 2733 5258 2870 5316; x_wconf 82' lang='lat' dir='ltr'><strong>pago</strong></span> <span class='ocrx_word' id='word_1_814' title='bbox 2890 5242 3373 5306; x_wconf 83' lang='lat' dir='ltr'><strong>Antissiodorensi,</strong></span> 
     </span>
    </p>
   </div>
   <div class='ocr_carea' id='block_1_115' title="bbox 1798 5332 3377 5406">
    <p class='ocr_par' dir='ltr' id='par_1_115' title="bbox 1798 5332 3377 5406">
     <span class='ocr_line' id='line_1_115' title="bbox 1798 5332 3377 5406; baseline -0.001 -16"><span class='ocrx_word' id='word_1_815' title='bbox 1798 5335 2001 5391; x_wconf 92' lang='lat' dir='ltr'><strong>inloco</strong></span> <span class='ocrx_word' id='word_1_816' title='bbox 2033 5335 2126 5406; x_wconf 92' lang='lat' dir='ltr'><strong>qui</strong></span> <span class='ocrx_word' id='word_1_817' title='bbox 2164 5334 2363 5391; x_wconf 91' lang='lat' dir='ltr'><strong>dicitur</strong></span> <span class='ocrx_word' id='word_1_818' title='bbox 2386 5333 2664 5401; x_wconf 77' lang='lat' dir='ltr'><strong>Vercisus,</strong></span> <span class='ocrx_word' id='word_1_819' title='bbox 2709 5349 2874 5405; x_wconf 90' lang='lat' dir='ltr'><strong>quam</strong></span> <span class='ocrx_word' id='word_1_820' title='bbox 2913 5344 2969 5390; x_wconf 90' lang='lat' dir='ltr'><strong>et</strong></span> <span class='ocrx_word' id='word_1_821' title='bbox 3000 5332 3163 5390; x_wconf 87' lang='lat' dir='ltr'><strong>nobili</strong></span> <span class='ocrx_word' id='word_1_822' title='bbox 3208 5343 3377 5389; x_wconf 88' lang='lat' dir='ltr'><strong>testu-</strong></span> 
     </span>
    </p>
   </div>
   <div class='ocr_carea' id='block_1_116' title="bbox 1797 5424 3373 5483">
    <p class='ocr_par' dir='ltr' id='par_1_116' title="bbox 1797 5424 3373 5483">
     <span class='ocr_line' id='line_1_116' title="bbox 1797 5424 3373 5483; baseline -0.001 -1"><span class='ocrx_word' id='word_1_823' title='bbox 1797 5426 1922 5482; x_wconf 90' lang='lat' dir='ltr'><strong>dine</strong></span> <span class='ocrx_word' id='word_1_824' title='bbox 1969 5442 2036 5481; x_wconf 86' lang='lat' dir='ltr'><strong>ex</strong></span> <span class='ocrx_word' id='word_1_825' title='bbox 2066 5426 2279 5482; x_wconf 90' lang='lat' dir='ltr'><strong>musivo</strong></span> <span class='ocrx_word' id='word_1_826' title='bbox 2323 5433 2379 5481; x_wconf 91' lang='lat' dir='ltr'><strong>et</strong></span> <span class='ocrx_word' id='word_1_827' title='bbox 2405 5441 2541 5483; x_wconf 88' lang='lat' dir='ltr'><strong>auro</strong></span> <span class='ocrx_word' id='word_1_828' title='bbox 2588 5426 2890 5483; x_wconf 86' lang='lat' dir='ltr'><strong>decoravit.</strong></span> <span class='ocrx_word' id='word_1_829' title='bbox 2915 5424 3014 5481; x_wconf 82' lang='lat' dir='ltr'><strong>Hic</strong></span> <span class='ocrx_word' id='word_1_830' title='bbox 3048 5424 3373 5481; x_wconf 79' lang='lat' dir='ltr'><strong>etiam-con-</strong></span> 
     </span>
    </p>
   </div>
   <div class='ocr_carea' id='block_1_117' title="bbox 1795 5512 3378 5587">
    <p class='ocr_par' dir='ltr' id='par_1_117' title="bbox 1795 5512 3378 5587">
     <span class='ocr_line' id='line_1_117' title="bbox 1795 5512 3378 5587; baseline 0.001 -18"><span class='ocrx_word' id='word_1_831' title='bbox 1795 5513 1975 5569; x_wconf 90' lang='lat' dir='ltr'><strong>stituit</strong></span> <span class='ocrx_word' id='word_1_832' title='bbox 1999 5522 2056 5569; x_wconf 92' lang='lat' dir='ltr'><strong>ut</strong></span> <span class='ocrx_word' id='word_1_833' title='bbox 2100 5529 2197 5585; x_wconf 90' lang='lat' dir='ltr'><strong>per</strong></span> <span class='ocrx_word' id='word_1_834' title='bbox 2221 5512 2466 5587; x_wconf 89' lang='lat' dir='ltr'><strong>singulos</strong></span> <span class='ocrx_word' id='word_1_835' title='bbox 2501 5530 2674 5571; x_wconf 86' lang='lat' dir='ltr'><strong>annos</strong></span> <span class='ocrx_word' id='word_1_836' title='bbox 2715 5514 3004 5571; x_wconf 83' lang='lat' dir='ltr'><strong>lestivitate</strong></span> <span class='ocrx_word' id='word_1_837' title='bbox 3033 5515 3211 5571; x_wconf 87' lang='lat' dir='ltr'><strong>sancti</strong></span> <span class='ocrx_word' id='word_1_838' title='bbox 3240 5514 3378 5572; x_wconf 51' lang='lat' dir='ltr'><strong>Ger.</strong></span> 
     </span>
    </p>
   </div>
   <div class='ocr_carea' id='block_1_118' title="bbox 1796 5602 3423 5676">
    <p class='ocr_par' dir='ltr' id='par_1_118' title="bbox 1796 5602 3423 5676">
     <span class='ocr_line' id='line_1_118' title="bbox 1796 5602 3423 5676; baseline -0.001 -15"><span class='ocrx_word' id='word_1_839' title='bbox 1796 5606 1966 5671; x_wconf 87' lang='lat' dir='ltr'><strong>mani,</strong></span> <span class='ocrx_word' id='word_1_840' title='bbox 2017 5609 2149 5676; x_wconf 59' lang='lat' dir='ltr'><strong>qua!</strong></span> <span class='ocrx_word' id='word_1_841' title='bbox 2176 5605 2481 5662; x_wconf 85' lang='lat' dir='ltr'><strong>celebratur</strong></span> <span class='ocrx_word' id='word_1_842' title='bbox 2528 5605 2615 5661; x_wconf 86' lang='lat' dir='ltr'><strong>die</strong></span> <span class='ocrx_word' id='word_1_843' title='bbox 2648 5602 2874 5660; x_wconf 84' lang='lat' dir='ltr'><strong>Kalend.</strong></span> <span class='ocrx_word' id='word_1_844' title='bbox 2907 5604 3252 5671; x_wconf 84' lang='lat' dir='ltr'><strong>Octobrium,</strong></span> <span class='ocrx_word' id='word_1_845' title='bbox 3282 5621 3376 5660; x_wconf 78' lang='lat' dir='ltr'><strong>ex—</strong></span> <span class='ocrx_word' id='word_1_846' title='bbox 3418 5638 3423 5645; x_wconf 91' lang='lat'><strong><em>-</em></strong></span> 
     </span>
    </p>
   </div>
   <div class='ocr_carea' id='block_1_119' title="bbox 1795 5697 3433 5770">
    <p class='ocr_par' dir='ltr' id='par_1_119' title="bbox 1795 5697 3433 5770">
     <span class='ocr_line' id='line_1_119' title="bbox 1795 5697 3433 5770; baseline -0.002 -17"><span class='ocrx_word' id='word_1_847' title='bbox 1795 5699 1940 5770; x_wconf 80' lang='lat' dir='ltr'><strong>picta</strong></span> <span class='ocrx_word' id='word_1_848' title='bbox 1993 5701 2283 5756; x_wconf 87' lang='lat' dir='ltr'><strong>missarum</strong></span> <span class='ocrx_word' id='word_1_849' title='bbox 2324 5697 2656 5767; x_wconf 87' lang='lat' dir='ltr'><strong>celebritate,</strong></span> <span class='ocrx_word' id='word_1_850' title='bbox 2680 5698 2750 5755; x_wconf 91' lang='lat' dir='ltr'><strong>ob</strong></span> <span class='ocrx_word' id='word_1_851' title='bbox 2778 5712 3024 5754; x_wconf 88' lang='lat' dir='ltr'><strong>amorem</strong></span> <span class='ocrx_word' id='word_1_852' title='bbox 3054 5706 3109 5754; x_wconf 86' lang='lat' dir='ltr'><strong>et</strong></span> <span class='ocrx_word' id='word_1_853' title='bbox 3130 5711 3377 5753; x_wconf 81' lang='lat' dir='ltr'><strong>reveren-</strong></span> <span class='ocrx_word' id='word_1_854' title='bbox 3426 5716 3433 5727; x_wconf 66' lang='grc' dir='ltr'><strong>ο</strong></span> 
     </span>
    </p>
   </div>
   <div class='ocr_carea' id='block_1_120' title="bbox 1799 5787 3374 5861">
    <p class='ocr_par' dir='ltr' id='par_1_120' title="bbox 1799 5787 3374 5861">
     <span class='ocr_line' id='line_1_120' title="bbox 1799 5787 3374 5861; baseline -0.003 -15"><span class='ocrx_word' id='word_1_855' title='bbox 1799 5792 1929 5847; x_wconf 88' lang='lat' dir='ltr'><strong>tiam</strong></span> <span class='ocrx_word' id='word_1_856' title='bbox 1952 5791 2087 5849; x_wconf 88' lang='lat' dir='ltr'><strong>tanti</strong></span> <span class='ocrx_word' id='word_1_857' title='bbox 2118 5789 2365 5861; x_wconf 68' lang='lat' dir='ltr'><strong>praesulis</strong></span> <span class='ocrx_word' id='word_1_858' title='bbox 2389 5805 2421 5845; x_wconf 88' lang='lat' dir='ltr'><strong>a</strong></span> <span class='ocrx_word' id='word_1_859' title='bbox 2451 5804 2614 5847; x_wconf 87' lang='lat' dir='ltr'><strong>manu</strong></span> <span class='ocrx_word' id='word_1_860' title='bbox 2638 5789 2872 5857; x_wconf 83' lang='lat' dir='ltr'><strong>episcopi</strong></span> <span class='ocrx_word' id='word_1_861' title='bbox 2923 5798 3141 5848; x_wconf 85' lang='lat' dir='ltr'><strong>centum</strong></span> <span class='ocrx_word' id='word_1_862' title='bbox 3176 5787 3374 5845; x_wconf 84' lang='lat' dir='ltr'><strong>solidos</strong></span> 
     </span>
    </p>
   </div>
  </div>
