3918 6316
513 374 622 431 2ῑῦ

1329 376 1744 433 APPEND..AD
1785 375 1962 432 δάιε).
2004 375 2071 430 x.
2098 374 2423 432 —-0PERA
2469 382 2876 432 Meteon“.
3645 382 3731 442 Ωιι

515 485 790 555 accipiant
829 486 1078 542 canonici
1107 487 1345 543 basilicae
1390 489 1567 545 sancti
1599 487 2100 559 Stephani,‘quate«
2127 468 2176 527 Α
2203 486 2486 542 ordinatus
2515 483 2786 543 sacerdos.
2816 483 2993 555 Carpit
3026 483 3171 539 enim
3205 501 3325 540 mox
3351 496 3556 558 accepto
3589 505 3739 549 sacer.

518 592 623 630 nus
665 574 1025 633 alacriuribus
1049 577 1248 632 animis
1274 577 1508 635 delectet
1552 593 1649 634 eos
1679 594 1774 649 per
1823 579 2103 635 succidiva

518 677 761 737 tempora
794 667 1035 735 ejusdem
1075 667 1689 727 festivitatiscelehrare
1714 671 1932 743 gaudia.
1955 671 2104 729 Obiit

519 770 703 817 autem
754 777 807 814 tv
857 761 980 817 Idus
1012 761 1237 831 Aprilis,
1265 771 1321 819 et
1367 764 1609 834 sepultus
1635 774 1749 821 est
1784 767 1837 820 in
1879 765 2107 820 basilica

517 851 823 906 S..Eusebii
848 892 861 917 ,
906 868 1069 923 quam
1103 854 1254 923 ipse,
1297 863 1362 908 ut
1398 854 1782 929 praediximus,
1820 870 1919 911 suo
1942 868 2108 924 opese

516 953 917 1010 construxerat,
942 955 998 1001 et
1031 945 1267 1003 cessavit
1289 946 1640 1016 episcopatus
1661 947 1777 1003 dies
1798 947 1887 1006 10.

745 1053 752 1061 ·
827 1057 830 1060 ’
942 1035 1072 1093 CA9.
1097 1036 1334 1095 XXII.—
1355 1036 1434 1092 De
1466 1036 1674 1108 Vigilio.
1981 1085 1983 1088 .

591 1128 816 1199 Vigilius
860 1129 999 1184 sedit
1045 1144 1218 1189 annos
1260 1128 1362 1193 25,
1414 1143 1627 1184 n-enses
1668 1130 1926 1200 quinque.
1981 1130 2108 1185 Fuit

515 1220 659 1275 enim
688 1221 1018 1291 temporibus
1053 1219 1268 1279 Martini
1304 1235 1457 1291 papae
1489 1229 1543 1279 et
1568 1220 1797 1291 Eugenii
1826 1230 1988 1291 atque
2020 1222 2110 1276 Vi-

516 1311 722 1378 taliani,
775 1320 1034 1383 regnante
1082 1312 1223 1383 apud
1268 1312 1506 1371 Francos
1547 1312 1663 1368 sive
1702 1312 2110 1383 Burgundiones

515 1402 788 1458 Clothario
808 1402 1049 1460 J'uniore.
1081 1403 1217 1458 Nam
1241 1410 1303 1459 et.
1319 1416 1518 1472 genere
1544 1401 1737 1459 nobilis
1782 1403 2008 1469 exstitit,
2056 1412 2112 1459 et

398 1570 405 1577 κ
514 1493 807 1551 sanctitate
831 1494 1141 1562 praeclarus.
1170 1494 1315 1550 Inter
1358 1502 1553 1550 caetera
1584 1508 1819 1563 namque
1850 1492 2121 1551 virtutum

518 1582 750 1650 insignia
776 1583 939 1637 etiam
969 1583 1356 1639 monasterium
1381 1583 1441 1643 in,
1462 1582 1721 1639 suburhio
1743 1582 1981 1642 civitatis
2002 1582 2114 1637 An-

519 1674 928 1731 iissiodorensis
961 1678 1251 1741 exstruxit,
1285 1677 1428 1747 quod
1454 1676 1697 1748 pluribus
1737 1676 1965 1735 ditatum
1988 1692 2110 1733 mu-

516 1767 763 1833 neribus,
801 1776 860 1821 ut
899 1768 1203 1824 testamenti
1255 1768 1422 1839 ipsius
1467 1768 1640 1825 series
1665 1769 2020 1835 demonstrat,
2055 1767 2109 1822 in

516 1856 725 1917 honore
748 1825 960 1920 sanctae
996 1859 1090 1917 Dei
1117 1825 1398 1930 genitiicis
1422 1858 1607 1914 Maria:
1630 1857 1937 1924 dedicavit;
1969 1825 2113 1928 quod
2143 1825 2187 1884 Β

516 1947 683 2002 etiam
712 1964 866 2005 muco
906 1950 1338 2022 circumcingens
1383 1951 1770 2011 monachorum
1820 1964 1942 2006 esse
1978 1964 2116 2005 con—

518 2038 697 2095 stituit
724 2079 749 2104 ,,
786 2039 1057 2110 simulque
1118 2041 1514 2103 Xenodochium
1564 2057 1865 2113 pauperum
1914 2041 2115 2099 ibidem

517 2132 933 2202 essepraecepit.
961 2132 1157 2191 Fertur
1185 2134 1427 2194 enim:de
1451 2135 1641 2190 eodem
1662 2144 1854 2191 sancto
1879 2135 1998 2190 viro
2026 2151 2118 2191 ve-

516 2219 691 2274 ridica
714 2221 975 2279 relatione
994 2224 1157 2292 quod,
1176 2223 1402 2293 jubente
1425 2224 1721 2279 Waratone
1748 2224 1990 2295 principe
2020 2241 2117 2293 pa-

517 2309 772 2383 latii,qui
803 2310 1040 2375 Ehroino
1080 2313 1134 2377 in
1180 2314 1369 2379 eodem
1414 2313 1716 2384 principatu
1764 2322 2110 2378 successerat,

520 2403 576 2456 in
605 2388 760 2457 Cotia
798 2401 950 2459 Silva
970 2404 1291 2477 martyrium
1314 2404 1389 2460 sit
1412 2418 1717 2473 perpessus.
1763 2403 2010 2461 Imitatus
2036 2404 2118 2463 νὶ-

521 2493 724 2559 delicet
748 2503 834 2555 est
876 2496 1126 2562 eumdem
1154 2507 1554 2562 antecessorem
1591 2512 1747 2557 suum
1794 2497 2112 2563 Ebroinum,

522 2590 613 2659 qui
662 2588 792 2647 olim
843 2598 1092 2647 sanctum
1137 2590 1525 2663 Leodegarium
1570 2589 2116 2662 Augustodunensem

522 2681 833 2753 episcopum
859 2682 1038 2753 gladio
1056 2683 1420 2743 animadverti
1464 2691 1815 2760 praeceperat.
1864 2681 2116 2753 Martyri-

524 2785 691 2831 zatus
707 2784 790 2832 est
818 2786 1000 2837 autem
1035 2787 1259 2838 sanctus
1302 2777 1528 2849 Vigilius
1568 2779 1669 2834 sub
1714 2777 1802 2835 die
1845 2794 1879 2831 ν
1925 2777 2114 2832 Iduum

521 2866 862 2925 Martiarum.
890 2868 1026 2924 Cum
1056 2879 1236 2926 autem
1265 2886 1479 2933 sacrum
1528 2886 1725 2941 corpus
1752 2871 1868 2942 ejus
1895 2868 1963 2925 ad
1988 2884 2115 2940 pro.

522 2957 698 3027 prium
723 2960 1015 3017 veheretur
1039 2962 1245 3027 urbem,
1277 2963 1510 3034 contigit
1545 2961 1666 3031 ejus
1694 2962 1978 3018 transitum
2016 2976 2115 3032 per

522 3049 901 3116 urbemiuisse
921 3051 1264 3120 Senonicam,
1287 3069 1519 3124 cumque
1543 3054 1897 3123 pertransiret
1922 3068 2113 3124 quam-

523 3141 651 3197 dam
675 3142 913 3209 domum,
943 3159 1047 3214 qua
1080 3146 1160 3199 rei
1192 3145 1357 3200 vincti
1387 3145 1593 3201 catenis
1632 3146 1973 3212 tenebantur,
2021 3159 2111 3200 su-

521 3234 639 3291 bito
670 3232 850 3298 omnia
879 3234 1091 3298 vincula
1116 3236 1330 3306 dirupta
1374 3244 1522 3300 sunt,
1566 3236 1753 3307 sicque
1786 3236 2108 3292 miserorum

522 3326 681 3382 turba
707 3325 960 3397 ergastuli
987 3325 1131 3383 illius
1152 3337 1337 3383 noctes
1355 3327 1607 3393 evadens,
1626 3328 1778 3383 sacri
1803 3327 1973 3397 cmpit
1990 3341 2113 3383 cora

519 3416 672 3488 poris
698 3418 972 3486 exsequiis
998 3419 1313 3485 deservire;
1341 3428 1553 3475 exstant
1582 3419 1850 3492 hodieque
1875 3420 1928 3474 in
1954 3418 2108 3475 testi-

521 3508 766 3564 monium
815 3508 966 3563 tanti.
997 3509 1246 3565 miraculi
1295 3511 1497 3566 eaedem
1539 3521 1744 3566 catenae
1788 3526 1947 3567 sacro
1995 3508 2112 3579 ejus

523 3598 857 3654 inhaerentes
910 3598 1178 3669 sepulcro.
1234 3598 1487 3671 Sepultus
1535 3610 1622 3657 est
1687 3610 1867 3658 autem
1910 3601 1964 3656 in
2019 3602 2113 3657 ba-

519 3686 675 3751 silica
705 3698 903 3746 sancta:
935 3688 1032 3745 Dei
1063 3690 1342 3759 genitricis
1366 3690 1569 3759 Mariae,
1613 3707 1779 3763 quam
1821 3694 1955 3763 ipse
1978 3708 2121 3750 cons

515 3781 1045 3854 struxerat,fuitque
1067 3782 1261 3843 civitas
1284 3783 1403 3839 sine
1420 3784 1674 3855 episcopo
1702 3784 1818 3841 dies
1842 3782 1892 3841 5.

866 3872 997 3928 Car.
1028 3870 1217 3928 XXIII.
1246 3873 1417 3929 —'De
1446 3872 1765 3945 Scopilione.

590 3961 830 4033 Scopilio
852 3961 997 4019 sedit
1013 3978 1185 4028 annos
1205 3962 1241 4019 8
1262 3979 1277 4028 ;
1306 3961 1409 4018 fuit
1423 3963 1568 4021 enim
1591 3963 1924 4033 tempori-bus
1941 3963 2114 4019 Adeo-

521 4055 653 4118 dati.
694 4054 859 4120 Doni,
902 4054 1201 4124 Agathonis
1240 4052 1607 4109 Romanorum
1656 4051 1968 4122 pontiﬁcum
2012 4054 2112 4109 sub

521 4147 860 4204 Theoderico
884 4161 1030 4219 rege,
1058 4147 1277 4218 dequo
1296 4145 1430 4201 nihil
1458 4145 1602 4202 aliud
1635 4144 1854 4216 dignum
1881 4145 2114 4215 scriptu-

522 4252 599 4293 rae
626 4238 948 4307 reperimus,
971 4237 1090 4293 nisi.
1115 4235 1258 4306 quod
1300 4235 1546 4306 quadam
1589 4235 1810 4292 vascula
1855 4245 2113 4309 argentea

520 4329 581 4385 in
612 4329 885 4387 thesauris
917 4328 1180 4394 ecclesia,
1216 4329 1305 4383 cui
1333 4326 1565 4399 prrefuit,
1590 4328 1968 4399 conspeximus
1996 4326 2113 4396 ejus

520 4422 743 4477 nomine
768 4419 1327 4492 insignita.‘SepuItus
1345 4428 1429 4477 est
1454 4428 1635 4476 autem
1658 4421 1712 4475 in
1737 4419 1961 4485 basilica
1988 4435 2113 4476 san-

521 4512 597 4573 cti
627 4511 1150 4582 Eusebiimartyris.

584 4650 589 4655 .
911 4602 1040 4659 CAP.
1076 4600 1264 4656 XXIV.
1291 4631 1359 4643 --
1388 4600 1465 4656 De
1493 4599 1715 4656 Tetrica.

596 4693 864 4757 Treticus,
892 4708 983 4749 seu
1015 4691 1283 4756 Tetricus,
1316 4691 1455 4746 sedit
1500 4705 1671 4746 annos
1698 4692 1785 4757 I5,
1816 4706 2029 4748 menses
2054 4693 2111 4751 5.

522 4786 622 4841 llic
647 4787 747 4842 fuit
771 4787 1104 4856 temporibus
1127 4786 1284 4842 Rom.
1312 4785 1598 4855 pracsulum
1626 4786 1839 4848 Leonis,
1886 4784 2113 4840 Benedi-

518 4878 616 4941 cti,
638 4877 881 4944 Joannis,
904 4877 1165 4943 Cononis,
1186 4877 1381 4949 Sergii,
1403 4878 1502 4934 sub
1530 4876 1872 4933 Childeberto
1889 4874 2126 4931 Juniore.

517 4968 855 5024 Francorum
876 4982 1034 5040 rege,
1064 4968 1156 5038 qui
1200 4967 1498 5038 appellatus
1538 4975 1625 5022 est
1654 4967 1856 5037 justus,
1905 4966 1986 5021 vir
2011 4967 2111 5021 mi-

519 5061 764 5118 tissimus
793 5069 848 5116 et
878 5060 1029 5117 omni
1044 5060 1294 5117 bonitate
1319 5067 1580 5124 ornatus;
1614 5073 1739 5116 nam
1765 5067 1823 5113 et
1850 5066 1974 5113 ante
1997 5056 2111 5128 epi-

521 5163 802 5223 scopatum
840 5152 1244 5212 exstititabbas
1278 5151 1595 5208 monasterii
1632 5150 1802 5206 sancti
1829 5149 2107 5215 Germani,

520 5245 574 5298 in
605 5260 714 5315 quo
755 5243 933 5301 cilicio
961 5244 1171 5315 positus
1203 5242 1359 5301 talem
1409 5251 1724 5315 tantumque
1751 5258 1813 5303 se
1840 5243 2106 5308 exhibuit,

520 5343 583 5393 ut
616 5335 810 5392 merito
832 5336 900 5391 ab
919 5335 1170 5393 omnibus
1194 5350 1406 5395 summo
1433 5336 1866 5406 frequentaretur
1886 5335 2102 5402 studio;

521 5436 643 5482 erat
660 5427 803 5483 enim
826 5427 1027 5500 largus,
1055 5428 1198 5498 pius,
1221 5436 1421 5492 castus,
1444 5437 1606 5499 atque
1634 5429 1964 5484 misericors.
1992 5427 2105 5483 Deo

523 5517 686 5587 igitur
698 5518 933 5585 (incute,
946 5519 1124 5574 omnis
1146 5517 1371 5589 populus
1385 5534 1414 5572 a
1428 5518 1650 5572 minimo
1665 5532 1843 5588 usque
1857 5518 1920 5572 ad
1936 5517 2109 5571 maxi-

526 5620 697 5671 mum,
728 5607 909 5663 divina
950 5608 1304 5679 inspiratione
1351 5608 1602 5677 permoti,
1646 5622 1772 5664 cum
1801 5607 1855 5662 in
1896 5608 2109 5678 pontiﬁ-

522 5712 648 5754 cum
673 5697 917 5755 ordinem
945 5699 1240 5771 elegerunt,
1264 5701 1447 5771 sicque
1475 5715 1508 5755 a
1535 5700 1757 5757 basilica
1777 5700 1951 5757 sancti
1977 5699 2111 5756 Ger-

528 5788 675 5849 mani
705 5797 1000 5859 extrarius,
1042 5792 1152 5847 Deo
1179 5792 1373 5863 dignus
1416 5792 1655 5864 pontifex
1685 5802 1769 5850 est
1810 5792 2012 5862 electus
2058 5805 2114 5851 et

2135 4544 2192 4610 Β

2204 575 2383 641 dotio,
2400 574 2883 646 prmdicationibus
2906 574 3182 640 insistere,
3212 574 3490 632 Ecclesium
3514 578 3693 651 sibique
3713 603 3739 641 a

2204 665 2327 723 Deo
2345 665 2691 725 commissam
2721 664 3040 735 spiritaliter
3062 665 3299 722 erudire.
3327 664 3423 722 Hic
3461 667 3634 725 beatus
3654 673 3739 742 vir,

2204 760 2383 829 primo
2417 775 2560 816 anno
2580 759 2941 816 ordinationis
2965 775 3076 816 sua:
3100 759 3286 816 habito
3320 762 3553 828 concilio,
3576 768 3742 822 consti-

2206 851 2307 906 tuit
2339 851 2572 922 qualiter
2599 853 2847 917 abbates,
2876 851 2960 908 vel
2984 850 3434 924 archipresbyteri
3462 852 3512 907 in
3553 856 3746 912 ecclesia

2205 942 2380 999 sancti
2416 942 2677 1013 Stephani
2705 942 2946 999 divinum
2980 943 3350 1015 persolverunt
3372 941 3619 1001 ofﬁcium.
3658 944 3744 1002 Ta-

2206 1033 2332 1093 liter
2358 1049 2488 1091 vcro
2510 1034 2805 1100 ordinavit,
2832 1044 2893 1090 ut
2911 1034 3232 1091 deserviret.

2284 1123 2512 1178 Kalend.
2553 1125 2839 1193 Januarii,
2886 1127 2911 1181 ί
2956 1126 3284 1182 hebdomade
3308 1169 3323 1194 ,
3378 1128 3583 1184 basilica
3613 1131 3750 1185 sancti

2211 1215 2482 1272 Gennani.

2280 1309 2316 1363 2
2340 1310 2687 1378 hebdomade,
2716 1311 2933 1366 basilice
2967 1314 3136 1368 sancti
3165 1313 3444 1367 Amatoris.

2283 1403 2318 1457 3
2344 1403 2696 1470 hebdomade,
2736 1405 2952 1460 basilica
2979 1407 3151 1461 sancti
3184 1405 3345 1460 Petri.

2281 1490 2315 1545 4
2344 1491 2691 1558 hebdomade,
2723 1492 2938 1548 basilice
2964 1496 3269 1549 monasterii
3294 1494 3460 1549 sancti
3483 1494 3684 1548 Iuliani.

2285 1579 2514 1641 Kalend.
2549 1580 2808 1638 Februar.
2833 1622 2851 1649 ,
2892 1584 2918 1637 1
2965 1583 3292 1638 hebdomade
3316 1623 3332 1649 ,
3377 1582 3582 1637 basilica
3619 1583 3756 1635 salicti

2218 1668 2275 1725 11
2282 1670 2478 1725 arieni.

2283 1759 2318 1813 2
2344 1759 2695 1827 hebdomade,
2716 1761 2933 1818 basilica
2956 1763 3128 1819 sancti
3157 1762 3389 1817 Eusebii.

2279 1850 2314 1905 5
2341 1848 2685 1916 hebdomade,
2724 1850 2939 1907 basilica
2963 1853 3132 1908 sancti
3164 1851 3403 1907 Martini.

2277 1938 2313 1995 4
2334 1940 2685 2007 hebdomade,
2715 1940 2933 1999 basilice
2958 1952 3157 1997 sancta:
3187 1942 3399 1997 Marica.

2279 2030 2506 2087 Kalend.
2532 2031 2738 2101 Martii,
2773 2035 2943 2103 prima
2983 2035 3331 2099 hebdomade,
3359 2033 3567 2089 basilice
3590 2032 3644 2089 S.
3667 2032 3764 2087 Να-

2217 2135 2375 2174 ιαηι.

2285 2207 2321 2261 2
2342 2209 2695 2280 hebdomade,
2725 2215 3102 2268 monasterium
3133 2213 3528 2284 Longoretense.

2286 2300 2320 2354 ὃ
2338 2300 2687 2368 hebdomade,
2716 2305 3093 2358 monasterium
3135 2304 3484 2360 Sessiacense.

2284 2392 2318 2445 4
2345 2393 2694 2461 hebdomade,
2723 2396 2930 2453 Scolius
2972 2396 3149 2453 Vicus.

2287 2482 2519 2541 Kalend.
2585 2488 2822 2559 Aprilis,
2878 2490 3048 2558 prima
3116 2489 3481 2553 hebdomade,
3552 2488 3767 2542 [iocerne

2227 2575 2403 2635 Vicus.

2286 2669 2700 2738 2hebdomada,
2744 2672 2982 2732 Vendosa
3008 2686 3056 2731 et
3095 2675 3421 2748 Congiacns.

2285 2764 2319 2822 ὅ
2345 2764 2695 2833 hebdomade,
2738 2767 3091 2825 Nauteriacus
3113 2780 3161 2825 et
3191 2770 3489 2825 Licaiacus.

2282 2854 2318 2910 4
2359 2857 2707 2925 hebdomade,
2738 2859 3049 2917 Tauricaes.

2292 2946 2547 3003 Kalendis
2576 2949 2732 3019 Maii,
2759 2956 2933 3023 prima
2960 2954 3311 3023 hebdomade,
3338 2952 3523 3009 Charm
3560 2950 3704 3006 sicas.

2285 3038 2320 3093 2
2362 3039 2686 3097 hebdomade
2715 3084 2733 3109 ,
2791 3043 3143 3101 Corcedomus
3199 3056 3249 3101 et
3298 3046 3582 3103 oratorium
3633 3038 3775 3094 sancti

2218 3129 2474 3185 Memmii.

2137 3179 2182 3242 c
2281 3221 2316 3276 ὅ
2349 3221 2702 3291 hebdomade,
2727 3224 2884 3282 Troia
2908 3239 2957 3282 et
2990 3228 3256 3284 Cornutus
3281 3237 3330 3285 et
3360 3228 3651 3285 Auciocus.-

2283 3312 2317 3367 4
2352 3313 2696 3381 hebdomade,
2735 3316 3037 3375 Vareiacus.

2268 3402 2517 3465 Kalend.
2575 3405 2750 3474 Junii,
2797 3411 2966 3479 prima
3007 3412 3376 3477 hebdomade,
3426 3408 3699 3481 Bergium
3737 3412 3777 3457 tl

2220 3493 2608 3554 Nontoniacus.

2282 3586 2316 3640 2
2338 3587 2685 3656 hebdomade,
2719 3589 2967 3651 Massua.

2283 3678 2319 3741 3
2343 3678 2697 3746 hebdomade,
2719 3681 2980 3738 Candida.

2283 3769 2318 3829 4
2347 3770 2701 3839 hebdomade,
2728 3772 3051 3830 Dectriacus
3069 3786 3118 3831 et
3141 3776 3415 3834 Soliacus.

2283 3859 2512 3919 Kalend.
2539 3862 2692 3929 Julii,
2723 3866 2894 3934 prima
2916 3867 3265 3935 hebdomade,
3301 3869 3484 3924 Novus
3525 3865 3685 3920 Vicus.

2278 3952 2315 4007 2
2337 3954 2687 4027 hebdomade,
2714 3955 3023 4016 Brioderus.

2284 4045 2320 4100 5
2348 4045 2701 4114 hebdomade,
2736 4048 2950 4105 Giemus
2971 4060 3021 4105 et
3054 4050 3352 4107 Laoderns.

2284 4133 2321 4189 4
2345 4135 2694 4204 hebdomade,
2720 4137 3022 4196 Blanoilus.

2284 4221 2519 4280 Kalend.
2561 4227 2824 4298 Augusti,
2871 4231 3044 4301 prima
3091 4231 3446 4299 hebdomade,
3493 4228 3661 4286 clerici
3691 4225 3775 4279 Do-

2214 4315 2415 4370 minici.
2602 4360 2605 4363 ς
2700 4330 2705 4333 ⁷

2285 4406 2321 4462 2
2352 4409 2704 4480 hebdomade,
2737 4413 3033 4472 Eliniacus.

2287 4496 2322 4551 3
2342 4499 2701 4570 hebdomade,~
2722 4503 3045 4575 Baugiacus.

2285 4589 2319 4643 4
2347 4592 2696 4662 hebdomade,
2733 4596 3044 4655 Tauriacus.

2287 4679 2517 4738 Kalend.
2553 4685 2823 4765 pctobris,
2866 4691 3036 4759 prima
3074 4693 3429 4759 hebdomade,
3482 4690 3655 4748 clerici
3695 4687 3785 4741 Bo.

2215 4786 2413 4834 mtmct.
3056 4816 3059 4823 .

2270 4864 2322 4929 _2
2345 4867 2696 4938 hebdomade,
2722 4871 2940 4928 basilica
2961 4876 3130 4937 sancti
3155 4874 3428 4931 Germani.

2286 4956 2323 5013 5
2341 4958 2689 5029 hebdomade,
2716 4964 2931 5019 basilice
2959 4967 3128 5020 sancti
3164 4968 3454 5023 Amatoris.

2276 5049 2323 5105 .4
2350 5051 2700 5121 hebdomade,
2727 5043 2945 5113 basilice
2971 5061 3140 5114 sancti
3167 5058 3333 5114 Petri.

2292 5140 2550 5200 Kalendis
2606 5146 2861 5209 Novemb.
2886 5190 2902 5217 ,
2956 5151 3127 5221 prima
3190 5150 3524 5205 hebdomade
3557 5191 3570 5216 ,
3629 5142 3790 5202 Domi-

2215 5243 2413 5297 ciacus.
2831 5263 2837 5267 ν
2894 5263 2898 5290 r

2282 5333 2319 5387 2
2349 5332 2701 5400 hebdomade,
2732 5333 3103 5388 monasterium
3132 5333 3300 5387 sancti
3329 5331 3565 5387 Juliani.

2284 5424 2685 5490 Shebdomada,
2709 5424 2929 5479 basilica
2963 5422 3020 5478 S.
3049 5422 3301 5479 Mariani.

2285 5516 2323 5581 4
2349 5515 2694 5580 hebdomade,
2718 5515 2932 5571 basilica
2971 5516 3138 5569 sancti
3167 5514 3406 5571 Eusebii.

2289 5607 2518 5663 Kalend.
2562 5606 2899 5675 Decembris,
2944 5607 3113 5677 prima
3164 5606 3492 5661 hebdomade
3517 5646 3531 5673 ,
3592 5599 3789 5658 basilico

2218 5712 2413 5757 sanctte
2435 5699 2647 5756 Mariae.

2284 5794 2320 5850 2
2339 5792 2686 5862 hebdomade,
2711 5790 2924 5847 basilica
2950 5793 3117 5848 sancti
3148 5791 3396 5849 Martini.
