3918 6316
145 320 234 376 2ιὸ
1027 320 1115 375 DE
1151 321 1398 379 GESTIS
1433 323 1648 381 EPISC.
1691 327 2074 387 ANTISSIOD.
2106 363 2175 372 —
2214 332 2394 389 PARS
2431 333 2472 388 l.

3295 337 3404 392 246

199 429 592 495 Sltebdomada,
629 429 844 484 basilica
873 441 1174 502 sanctorum
1216 432 1451 490 Cervasii
1497 448 1543 492 et
1571 435 1710 493 Pra-
1741 425 1789 485 Α
1819 449 1923 508 tus.
1953 442 2078 499 Fuit
2105 445 2249 501 enim
2281 447 2612 518 temporibus
2658 443 2946 520 Dagoberti
2991 449 3226 520 junioris
3263 456 3404 521 regis

141 539 267 579 ιηεει.

195 614 225 668 4
255 613 602 678 hebdomade,
632 614 1006 668 monasterium
1031 614 1311 688 Longoreti
1331 628 1377 674 et
1406 619 1658 676 Sesciaci.

195 705 300 760 Hac
331 708 519 775 itaque
562 705 952 761 constitutione
1000 709 1278 777 roborata,
1331 712 1610 768 constituit
1655 721 1713 767 ut

134 798 360 866 abbates,
391 797 697 870 presbyteri
723 814 844 854 cum
873 799 1046 865 clero,
1080 801 1146 856 ad
1177 803 1606 874 suprascriptum
1632 803 1712 860 of-

135 891 296 944 ﬁcium
331 889 704 961 peragendum
745 890 1144 957 convenientes,
1179 908 1246 948 ex
1275 893 1558 951 Dominico
1603 893 1710 952 cel-

134 981 248 1036 iario
273 981 340 1035 ab
369 994 660 1039 oeconomo
687 980 928 1038 ecclesiae
965 983 1290 1054 stipendium
1325 984 1601 1043 sufﬁciens
1624 1001 1713 1043 ac-

132 1074 312 1144 c‘piaut
346 1091 361 1139 ;
396 1074 446 1129 si
491 1089 623 1130 vero
668 1075 809 1131 tardi
853 1078 1212 1146 occurrerint,
1255 1087 1350 1134 aut
1378 1079 1714 1152 negligenter

131 1163 487 1233 apparuerint,
514 1163 584 1218 40
613 1164 729 1221 dies
759 1179 790 1219 a
819 1165 945 1220 vino
971 1165 1298 1222 abstineant.
1332 1166 1713 1225 Vicedominus

131 1268 312 1324 autem,
343 1267 442 1314 aut
470 1258 742 1325 cellarius,
769 1259 814 1314 si
841 1259 984 1330 quod
1009 1259 1133 1331 jure
1172 1260 1486 1318 ministrare
1517 1261 1714 1316 debent

131 1352 174 1406 in
209 1350 384 1422 aliquo
425 1351 824 1418 subtraxerint,
871 1353 1068 1410 retrusi
1116 1352 1172 1408 in
1203 1352 1589 1409 monasterium
1619 1366 1714 1424 per

131 1461 310 1500 annum
340 1445 632 1501 dimidium
661 1459 800 1517 pane
825 1452 880 1501 et
906 1460 1044 1516 aqua
1067 1447 1308 1502 contenti
1335 1446 1571 1502 debitam
1597 1460 1714 1516 pte-

131 1541 393 1597 uitentiam
425 1539 760 1611 persolvant.
792 1540 840 1597 ls
869 1541 1051 1613 itaque
1075 1543 1266 1599 beatus
1292 1543 1578 1614 episcopus
1606 1541 1710 1597 vil-

131 1637 218 1690 Iam
243 1675 259 1701 ,
304 1650 428 1706 quae
470 1634 528 1690 ei
565 1650 632 1690 ex
678 1635 1022 1693 successione
1068 1643 1354 1706 parentum
1395 1635 1710 1700 advenerat,

1814 545 1976 605 atque
2009 536 2242 594 Danielis
2273 539 2385 609 (qui
2414 549 2624 596 mutato
2656 540 2874 597 nomine
2899 550 3122 598 vocatus
3147 553 3230 598 est
3257 542 3406 598 Chil-

1812 628 2066 697 pericus,
2092 639 2260 700 atque
2300 647 2364 687 ex
2399 631 2597 688 clerico
2643 648 2738 689 rex
2778 643 2861 690 est
2901 632 3170 704 effectus),
3214 633 3405 704 Pipiuo

1811 731 1934 773 cum
1964 717 2251 776 Plectrude
2280 719 2484 790 majore
2511 722 2702 778 domus
2725 724 3064 794 principante
3092 733 3332 795 regente.

2143 809 2274 865 CAP.
2315 809 2528 866 XXVII.
2553 841 2623 851 —
2645 809 2724 866 De
2753 809 3070 866 Hainmaro.

1883 896 2212 955 IIainmarus
2247 908 2471 956 vocatus
2505 901 2795 972 episcOpus
2835 902 3006 958 tenuit
3045 904 3408 975 principatum

1812 1005 1985 1048 annos
2030 990 2119 1047 15.
2163 990 2290 1048 Fuit
2321 993 2466 1048 enim
2504 993 2588 1049 vir
2624 1003 2880 1050 strenuus
2922 1002 3088 1064 atque
3127 995 3409 1051 nobilitate

1813 1083 2031 1153 generis
2070 1097 2176 1139 non
2217 1084 2568 1140 mediocriter
2613 1084 2903 1141 decoratus
2926 1126 2941 1152 ,
2983 1085 3148 1164 simul
3189 1101 3408 1158 quoque

1811 1177 2103 1236 fundorum
2136 1179 2398 1251 dignitate
2429 1179 2748 1235 ditiSsimus.
2783 1179 2919 1234 Nam
2949 1179 3005 1234 in
3043 1188 3254 1235 tantum
3289 1181 3410 1251 ejus

1811 1279 2052 1343 potestas
2090 1271 2426 1328 saeculariter
2451 1271 2721 1338 excrevit,
2755 1279 2814 1326 ut
2844 1286 3012 1342 usque
3048 1271 3114 1326 ad
3147 1270 3408 1326 ducatum

1810 1378 1950 1433 pene
1976 1364 2142 1421 totius
2159 1362 2486 1435 Burgundia:
2513 1362 2841 1433 perveniret.
2873 1362 3112 1435 Contigit
3136 1371 3316 1422 autem
3341 1379 3406 1418 eo

1812 1463 2057 1525 tempore
2093 1453 2364 1524 Pipinum,
2397 1453 2566 1509 ﬁlium
2595 1453 2793 1523 prioris
2827 1453 3029 1521 Caroli,
3060 1455 3406 1525 Aquitaniam

1811 1559 1877 1602 ex
1908 1547 2228 1602 evocatione
2258 1543 2521 1611 Eudonis,
2550 1545 2948 1617 Aquitanorum
2977 1545 3131 1624 ducis
3151 1585 3166 1611 ,
3210 1546 3405 1600 adver-

1811 1652 1905 1693 sus
1931 1637 2238 1703 Aimonem,
2275 1635 2702 1708 Caesaraugustae
2733 1651 2915 1707 regem
2943 1637 3252 1706 perrexisse
3274 1677 3290 1704 ,
3315 1637 3406 1705 qui

130 1725 497 1782 Masimiacum
548 1726 786 1792 nomine,
826 1726 984 1782 sitam
1017 1726 1069 1782 in
1098 1742 1236 1799 pago
1269 1725 1559 1794 Senonico,
1588 1740 1711 1781 cum
1744 1796 1779 1800 Α
1813 1728 2164 1800 Lampagiam
2197 1727 2366 1800 ipsius
2388 1726 2628 1783 Eudonis
2654 1726 2817 1782 ﬁliam
2845 1727 2901 1782 in
2929 1727 3236 1799 coniugium
3261 1741 3410 1782 sum-
3437 1778 3446 1786 .

129 1815 368 1884 :ediﬁciis,
397 1816 693 1887 mancipiis
714 1856 729 1881 ,
778 1817 968 1881 vineis,
1013 1796 1193 1882 silvis,
1220 1825 1276 1873 et
1301 1817 1569 1872 universis
1614 1831 1712 1887 ap-
1742 1796 1790 1857 Β
1816 1796 2103 1891 pserat,—et
2132 1796 2338 1875 foedera
2361 1816 2597 1888 conjugii
2622 1825 2862 1888 ruperat.
2891 1796 3287 1873 Convenientes
3309 1831 3408 1870 au-

129 1910 369 1979 pcndiciis
395 1911 540 1976 suis,
568 1909 800 1965 basilicae
838 1911 1009 1965 sancti
1037 1909 1333 1980 Stephani,
1361 1909 1448 1966 cui
1477 1910 1587 1964 Deo
1613 1923 1712 1962 au-

130 2011 259 2056 ctore
282 2001 508 2072 pmfuit
533 2043 548 2067 ,
573 2001 880 2058 habendam
910 2001 1194 2074 delegavit.
1227 2004 1301 2060 De
1328 2012 1546 2070 caetero,
1585 2017 1714 2058 con-

129 2104 376 2150 summato
407 2094 644 2151 feliciter
670 2099 795 2151 vitze
833 2111 944 2152 suae
969 2111 1154 2162 cursu,
1186 2113 1215 2152 a
1245 2097 1500 2168 quodam,
1550 2095 1709 2151 insti-

131 2197 269 2256 gante
304 2187 549 2254 diabolo,
575 2198 636 2242 ut
663 2186 859 2254 fertur,
911 2189 1296 2245 archidiacono
1330 2204 1448 2252 suo,
1495 2187 1714 2244 nomine

130 2277 469 2349 ltegenfredo,
511 2280 636 2334 dum
673 2294 896 2335 scamno
925 2294 1118 2350 sopore
1152 2280 1418 2336 resolutus
1463 2279 1711 2348 quiesce-

130 2379 218 2436 ret,
241 2370 414 2440 gladio
447 2372 768 2427 verberatus
811 2372 1075 2443 martyrio
1120 2372 1286 2427 vitam
1314 2371 1486 2427 ﬁnivit
1512 2386 1581 2426 xv
1612 2369 1713 2424 Ka-

129 2461 249 2516 lend.
277 2463 508 2533 Aprilis,
539 2473 593 2518 et
614 2463 854 2536 sepultus
900 2473 985 2519 est
1011 2479 1135 2520 cum
1170 2479 1381 2519 summa
1423 2463 1711 2521 devotione

1819 1925 1926 1970 tem
1970 1913 2023 1967 in
2053 1911 2230 1968 locum
2252 1951 2266 1976 ,
2294 1909 2386 1982 qui
2420 1909 2602 1965 Iberra
2642 1908 2860 1973 dicitur,
2893 1908 3018 1964 dum
3048 1907 3190 1962 inter
3224 1921 3282 1963 se
3303 1922 3409 1976 .pu-

1815 2020 1979 2077 gnare
2007 2004 2332 2076 ccepissent,
2364 2003 2454 2058 hic
2486 2002 2814 2057 Ilainmarus
2841 2017 2962 2056 cum
2999 2001 3110 2057 suis
3160 2000 3213 2054 in
3243 1998 3407 2056 Sara-

1815 2113 2070 2154 cenorum
2115 2096 2513 2152 multitudinem
2561 2096 2805 2161 irruens,
2839 2094 3075 2149 maxima
3123 2108 3218 2150 eos
3263 2093 3411 2149 ccede

1813 2187 2146 2260 prostravit,
2201 2186 2439 2252 devicit,
2489 2193 2651 2255 atque
2707 2184 2866 2240 simul
2918 2199 3040 2240 cum
3092 2198 3217 2256 rege
3269 2198 3406 2248 suo,

1813 2279 2031 2336 Christo
2073 2278 2435 2350 propitiante,
2467 2277 2643 2332 victor
2679 2276 2909 2332 exstitit.
2956 2275 3154 2347 Sicque
3189 2275 3409 2346 Pipinus

1813 2389 1937 2430 cum
1970 2372 2241 2445 triumpho
2268 2371 2511 2427 Francite
2535 2379 2720 2442 partes
2752 2369 2989 2442 repetiit,
3013 2370 3106 2425 sed
3139 2385 3247 2425 non
3273 2369 3410 2423 mul-

1815 2473 1926 2520 tum
1958 2471 2078 2535 post
2123 2462 2414 2534 praedictus
2451 2461 2604 2516 Eudo
2645 2471 2907 2531 pactum,
2957 2462 3099 2531 quod
3131 2460 3409 2531 pepigerat

134 2555 348 2611 ﬁdelium
377 2557 438 2611 in
469 2556 694 2612 basilica
724 2555 898 2611 sancti
927 2554 1144 2611 Eusebii
1179 2555 1454 2627 martyris.
1479 2553 1614 2608 Nam
1645 2555 1710 2610 de
1813 2571 1934 2612 cum
1965 2554 2174 2626 Pipino,
2206 2552 2385 2608 fallaci
2415 2553 2714 2608 mutatione
2740 2552 2998 2608 deseruit.
3028 2550 3180 2608 Unde
3204 2550 3406 2606 factum

129 2647 290 2702 eodem
315 2645 702 2714 Ragenfredo,
729 2646 950 2715 antiqua
983 2644 1242 2701 relatione
1276 2644 1523 2715 vulgatur
1566 2644 1711 2715 quod
1812 2660 1896 2708 est
1940 2659 2001 2706 ut
2055 2649 2227 2706 isdem
2281 2647 2608 2704 Hainmarus
2636 2687 2650 2714 ,
2705 2645 3054 2718 praecipiente
3093 2644 3208 2715 jam
3262 2642 3408 2699 dieto

129 2754 232 2794 mox
257 2748 367 2795 uta
401 2738 654 2804 domo,in
684 2753 790 2809 qua
816 2754 976 2814 suum
1007 2737 1353 2793 interfecerat
1375 2737 1708 2807 pontiﬁcem,
1810 2742 2002 2814 Pipino
2025 2783 2042 2810 ,
2095 2741 2294 2798 iterum
2339 2738 2645 2810 Aquitaniae
2683 2746 2866 2808 partes
2911 2736 3135 2793 collecta
3182 2749 3403 2792 suorum

131 2839 197 2884 est
222 2846 498 2902 egressus,
527 2829 706 2885 subito
736 2812 948 2886 turbine
977 2837 1163 2900 raptus
1189 2842 1455 2898 nusquam
1487 2841 1709 2896 compa-
1811 2812 2154 2887 multitudine
2197 2838 2506 2900 repeteret,
2557 2837 2719 2898 atque
2766 2826 3044 2883 Eudonem
3087 2826 3158 2880 ad
3205 2823 3406 2881 bellum

132 2923 238 2978 ruit.
260 2923 390 2979 Fuit
413 2931 596 2978 autem
626 2923 820 2978 civitas
842 2923 961 2978 sine
1004 2922 1256 2992 episcopo
1286 2920 1443 2975 annis
1470 2919 1526 2974 5.
1569 2918 1708 2974 Nam
1809 2929 2130 2994 provocat-et
2155 2962 2170 2988 ,
2215 2920 2411 2992 quibus
2439 2919 2493 2975 in
2536 2933 2704 2974 unum
2743 2917 3086 2990 congressis,
3122 2923 3270 2970 tanta
3315 2930 3406 2970 su-

135 3015 189 3070 de
212 3030 452 3080 scamno,
499 3029 662 3084 super
681 3015 823 3086 quod
851 3012 1170 3069 interfectus
1191 3019 1298 3078 est,
1323 3011 1505 3083 plures
1531 3025 1598 3066 ex
1618 3009 1710 3066 do-
1811 3016 1923 3073 bito
1970 3014 2119 3071 crede
2163 3012 2424 3084 Aquitani
2475 3019 2840 3076 corruerunt,
2889 3019 2950 3065 ut
2991 3008 3082 3063 vix
3136 3009 3252 3078 ipse
3294 3007 3404 3064 dux

132 3106 224 3164 lore
236 3108 499 3173 dentium,
517 3107 587 3163 ob
601 3108 854 3163 meritum
885 3107 1058 3162 sancti
1086 3106 1206 3171 viri,
1229 3105 1515 3162 obtinuere
1531 3119 1704 3160 reme-

133 3199 278 3265 dium,
308 3199 420 3255 Sed
463 3199 596 3254 etin
628 3198 817 3255 eodem
855 3199 976 3254 loco
1006 3198 1075 3254 ob
1103 3199 1422 3254 memoriam
1449 3207 1505 3254 et
1549 3212 1702 3254 reve-

135 3288 337 3344 rentiam
383 3289 663 3359 martyris,
702 3303 732 3342 a
771 3288 1178 3346 successoribus
1224 3287 1412 3360 ipsius,
1462 3285 1580 3356 ejus
1617 3296 1703 3343 est

135 3379 324 3436 nomine
367 3389 739 3436 constructum
768 3381 1093 3446 oratorium,
1142 3379 1286 3450 quod
1328 3379 1591 3436 hactenus
1637 3377 1704 3433 ﬁ-

135 3468 304 3524 delium
334 3470 625 3526 devotione
654 3479 943 3526 veneratur
987 3480 1043 3524 et
1087 3469 1305 3526 colitur.
1347 3470 1579 3525 Exstant
1602 3468 1700 3523 ho-

134 3558 298 3629 dieque
324 3560 522 3615 tabula:
551 3559 790 3630 ejusdem
829 3561 1060 3627 scamni,
1111 3561 1230 3631 ejus
1259 3559 1580 3631 martyrium
1607 3558 1699 3614 de-

135 3652 405 3721 signantes.

467 3745 598 3801 Car.
639 3745 808 3800 XXV.
829 3775 900 3786 -—
927 3745 1000 3801 De
1029 3743 1342 3801 Flocoaldo.

189 3835 498 3893 Flocoaldus
526 3837 666 3893 sedit
693 3851 864 3892 annos
880 3836 938 3902 5,
955 3851 1168 3892 menses
1198 3846 1450 3906 quatuor,
1470 3833 1586 3889 dies
1610 3833 1697 3888 {0.

135 3924 254 3982 Obiit
279 3943 416 3983 mn
452 3925 682 3984 Kalend.
719 3927 920 3997 Aprilis
943 3968 958 3992 ,
996 3935 1050 3982 et
1084 3925 1323 3996 sepultus
1352 3934 1436 3980 est
1471 3925 1526 3980 in
1558 3925 1703 3980 basi-

135 4016 217 4073 lica
237 4019 411 4075 sancti
450 4019 688 4075 Eusebii.
719 4018 844 4073 Fuit
867 4029 1046 4074 autem
1077 4005 1273 4074 civitas
1301 4017 1418 4073 sine
1449 4017 1702 4087 episcopo

135 4110 228 4167 dies
262 4113 314 4167 7.

475 4204 604 4260 CAP.
645 4203 834 4260 XXVI.
866 4235 936 4244 —
967 4204 1040 4259 De
1072 4203 1348 4261 Savarico.

189 4295 468 4353 Savaricus
506 4297 645 4352 sedit
685 4313 858 4353 annos
890 4298 944 4360 5,
979 4311 1191 4352 menses
1213 4296 1267 4351 ι.
1298 4294 1423 4361 Hic,
1462 4303 1520 4350 ut
1559 4295 1701 4350 fama

135 4387 413 4454 conﬁrmat,
440 4403 508 4444 eo
536 4387 678 4458 quod
707 4396 851 4443 esset
878 4403 1076 4458 genere
1109 4387 1509 4453 nobilissimus,
1539 4387 1705 4458 erepit

135 4489 159 4529 a
181 4487 342 4534 status
379 4479 464 4534 sui
495 4478 687 4534 ordine
721 4477 994 4548 paululum
1033 4478 1339 4543 declinare,
1386 4485 1441 4533 et
1471 4476 1698 4533 saecula-

135 4568 262 4626 ribus
280 4571 443 4635 curis,
474 4569 594 4641 plus
609 4585 769 4639 quam
799 4578 1011 4639 oportet
1039 4570 1368 4640 pontiﬁcem,
1401 4568 1698 4624 inhiantem

136 4656 390 4723 insistere,
431 4660 488 4714 in
531 4667 738 4714 tantum
781 4671 840 4713 ut
871 4668 976 4714 tant
1011 4662 1207 4732 pagum
1254 4659 1698 4715 Aurelianensem

135 4761 268 4814 uuam
306 4750 698 4807 Nivernensetn
720 4793 736 4817 ,
770 4751 1242 4808 Tornodorensem
1289 4767 1503 4823 quoque
1538 4762 1702 4823 atque

136 4840 464 4910 Avalensem,
506 4859 719 4900 necnon
761 4852 818 4900 et
858 4843 1226 4901 Tricassinum
1274 4844 1494 4900 militari
1538 4859 1699 4900 manu

137 4930 386 4991 invaderet
431 4937 653 5006 suisque
695 4935 990 4992 ditionibus
1036 4939 1402 5010 subjungeret.
1451 4937 1588 4994 Nam
1634 4952 1702 4994 eo

139 5030 348 5095 tempore
393 5027 590 5083 Franci
636 5027 776 5083 inter
808 5043 869 5084 se
903 5028 1264 5094 dissidentes,
1304 5044 1427 5084 cum
1467 5029 1697 5099 plurima

138 5113 284 5170 civilia
318 5118 458 5173 bella
488 5128 914 5183 eommoverent,
944 5119 997 5174 in
1026 5119 1158 5175 silva
1190 5120 1343 5174 Cotia
1373 5120 1426 5174 in
1463 5119 1697 5175 invicem

141 5205 378 5266 irruentes
405 5253 419 5276 ,
471 5213 709 5267 maxima
756 5213 904 5268 caede
952 5227 1071 5268 sese
1114 5223 1518 5280 mactaverunt;
1572 5223 1697 5270 tunc

141 5293 253 5353 idem
280 5302 566 5372 episcopus
595 5311 924 5374 postponens
952 5304 1312 5373 pontiﬁcalem
1347 5305 1658 5376 dignitatem
1679 5347 1692 5371 ,

141 5388 462 5461 undecunque
492 5392 714 5449 collecta
753 5395 980 5464 plurima
1020 5396 1391 5464 multitudine,
1435 5412 1559 5454 cum
1582 5396 1692 5453 Lu-

141 5481 343 5546 gdunum
372 5497 654 5557 pergeret,
686 5498 746 5544 ut
775 5504 896 5544 eam
926 5489 1030 5545 sibi
1067 5491 1212 5546 ferro
1240 5489 1584 5563 subjugaret,
1611 5492 1695 5549 di-

142 5571 244 5626 Vino
271 5576 488 5633 fulmine
526 5578 839 5650 perculsus,
881 5581 988 5636 cita
1028 5592 1202 5637 morte
1238 5582 1480 5650 interiit,
1511 5583 1696 5653 sicque

144 5663 194 5715 ad
225 5671 485 5737 propriam
514 5671 790 5726 civitatem
821 5682 1161 5743 reportatus,
1190 5685 1352 5746 atque
1382 5675 1434 5730 in
1473 5674 1695 5732 basilica

144 5757 286 5810 sancti
312 5758 561 5817 Germani
598 5761 750 5834 juxta
791 5765 1216 5834 prccdeccssores
1245 5780 1370 5825 suos
1409 5775 1491 5825 est
1521 5769 1698 5839 sepul-

1811 3123 2000 3165 eorum
2033 3107 2186 3164 Eudo
2211 3121 2308 3177 per
2336 3105 2517 3176 fugam
2550 3103 2787 3175 dilapsus
2813 3103 3088 3159 evaderet.
3136 3101 3244 3158 Sed
3273 3117 3408 3173 quo-

1808 3196 2054 3252 rumdam
2108 3195 2400 3252 insidiante
2445 3194 2679 3260 invidia,
2737 3207 2858 3264 quae
2911 3191 3184 3264 prosperis
3243 3192 3406 3248 rebus

1807 3301 2022 3356 semper
2048 3286 2240 3342 adesse
2273 3285 2433 3352 solet,
2459 3285 2790 3357 {suggestum
2819 3293 2903 3339 est
2931 3282 3044 3354 regi
3070 3323 3086 3349 ,
3120 3281 3262 3353 quod
3291 3281 3406 3353 ipse

1805 3379 1958 3437 Eudo
1985 3393 2093 3436 non
2122 3379 2281 3436 aliter
2300 3379 2406 3435 nisi
2429 3393 2498 3436 ex
2519 3392 2787 3434 consensu
2815 3376 3097 3433 llaiumari
3118 3375 3402 3434 evasisset.

1804 3472 1921 3541 Qua
1975 3473 2043 3530 de
2091 3472 2274 3530 clausa
2302 3511 2318 3540 ,
2369 3471 2690 3529 evocatione
2735 3471 2805 3526 ab
2849 3471 3043 3528 eodem
3089 3483 3215 3538 rege
3261 3469 3404 3540 apud

1805 3565 2127 3623 Bastoneam
2159 3565 2366 3633 villam,
2393 3579 2515 3636 quae
2554 3572 2640 3621 est
2665 3563 2770 3620 sita
2809 3563 2864 3618 in
2895 3562 3034 3620 saltu
3071 3562 3401 3628 Arduennae,

1805 3661 2062 3717 custodias
2090 3658 2350 3717 carcerali
2375 3667 2460 3714 est
2493 3659 2853 3729 mancipatus.
2884 3657 3187 3728 lnterjeetis
3216 3657 3399 3726 itaque

1803 3751 1991 3822 paucis
2026 3750 2239 3819 diebus,
2276 3749 2555 3818 cujusdam
2591 3749 2802 3819 nepotis
2834 3749 2916 3804 sui
2957 3748 3174 3819 ingenio
3214 3757 3401 3804 extra-

1803 3849 1924 3896 ctus
1947 3880 1962 3906 ,
1993 3848 2211 3910 arrepto
2245 3852 2386 3908 equo
2416 3837 2598 3909 fugam
2643 3837 2799 3903 iniit,
2837 3836 2992 3907 cujus
3037 3845 3162 3908 post
3188 3846 3398 3907 tergunt

1803 3949 1927 3990 cum
1981 3947 2192 3990 summa
2245 3930 2533 3988 velocitate
2586 3929 2886 3986 adversarii
2937 3929 3286 4000 insequentes
3339 3928 3392 3980 in

1803 4026 1921 4082 loco
1939 4065 1956 4091 ,
1985 4024 2079 4096 qui
2115 4023 2320 4080 Lufaus
2348 4022 2546 4079 dicitur
2571 4021 2624 4077 in
2655 4035 2794 4092 pago
2823 4019 3083 4086 Tullensi,
3114 4035 3236 4076 eum
3262 4035 3390 4076 cou-

1803 4116 1972 4174 secuti
2011 4123 2158 4172 sunt.
2204 4113 2307 4183 Qui
2339 4113 2526 4170 videns
2555 4127 2614 4169 se
2659 4126 2849 4168 eorum
2893 4110 3119 4168 insidias
3159 4111 3392 4168 evadere

1804 4225 1912 4267 non
1947 4224 2138 4281 posse,
2171 4215 2343 4264 totum
2373 4221 2433 4262 se
2461 4207 2528 4262 ad
2557 4205 2799 4262 divinum
2827 4204 3057 4262 contulit
3087 4205 3347 4262 auxilium
3372 4224 3388 4269 ;

1805 4316 1948 4367 nam,
1981 4300 2106 4356 dum
2137 4298 2376 4354 extensis
2410 4296 2649 4353 brachiis
2678 4297 2734 4352 in
2763 4296 2986 4352 modum
3015 4296 3202 4352 crucis.
3223 4296 3410 4351 oculis.

1804 4392 1871 4446 ad
1923 4389 2121 4446 coelum
2169 4388 2428 4455 elevatis,
2481 4401 2773 4458 supernam
2816 4386 3047 4458 gratiam
3100 4396 3353 4441 exoraret
3381 4425 3396 4451 ,

1807 4483 2008 4540 lanceis
2044 4480 2483 4553 persequentium
2527 4477 2808 4535 confossus
2831 4517 2846 4544 ,
2897 4477 3058 4534 simul
3097 4492 3220 4532 cum
3259 4492 3396 4547 pra:-

1805 4577 1950 4632 dieto
1988 4582 2184 4645 nepote
2206 4568 2324 4630 'suo
2353 4570 2626 4628 occubuit.
2657 4570 2843 4639 Ibique
2880 4568 3079 4624 dicitur
3117 4567 3284 4624 fuisse
3312 4583 3396 4623 se-

1804 4669 2006 4740 pultus.
2040 4669 2302 4724 Servatur
2328 4666 2595 4721 hactenus
2617 4661 2974 4718 Antissiodori
3005 4660 3057 4716 in
3081 4661 3252 4716 altare
3280 4677 3396 4715 nta-

1809 4759 1907 4814 tris
1932 4757 2176 4814 ecclesize
2201 4771 2340 4813 crux
2365 4769 2531 4810 aurea
2559 4752 2689 4822 ligni
2718 4751 3009 4821 Dominici,
3033 4758 3315 4808 ostentans
3344 4751 3396 4806 in

1806 4864 1864 4906 se
1891 4849 2046 4922 signa
2073 4847 2321 4920 martyrii
2349 4845 2487 4916 ejus.
2518 4844 2627 4901 Sed
2649 4851 2707 4900 et
2729 4844 2992 4916 quasdam
3022 4858 3112 4901 res
3157 4844 3403 4914 proprie-
3463 4906 3466 4910 λ

1807 4942 1933 4998 tatis
1975 4956 2086 4997 suae
2110 4938 2355 4996 ecclesiis
2373 4936 2482 5006 Dei
2511 4935 2744 4992 ﬁdeliter
2769 4936 3082 5005 distribuit,
3111 4937 3397 4993 consilium

1804 5042 1860 5087 et
1910 5031 2304 5089 ordinationem
2354 5037 2549 5085 nactus
2591 5028 2796 5085 domini
2850 5027 3194 5086 Theodranni
3221 5070 3236 5095 ,
3280 5028 3400 5097 jam

1805 5129 1934 5178 tunc
1963 5136 2027 5177 ex
2060 5136 2161 5177 sua
2203 5120 2480 5177 voluntate
2505 5119 2743 5176 ordinati
2777 5119 3068 5190 pontiﬁcis.
3104 5119 3260 5175 Dedit
3289 5122 3395 5173 ita-

1804 5229 1908 5284 que
1954 5213 2192 5270 basilicae
2236 5211 2410 5268 sancti
2452 5209 2735 5281 Stephani,
2766 5211 2834 5267 ad
2874 5210 3201 5282 stipendium
3239 5210 3396 5264 cleri-

1804 5321 1991 5362 corum
2023 5305 2221 5361 ibidem
2248 5304 2360 5359 Deo
2394 5301 2845 5369 deservientium,
2876 5301 3078 5366 villam,
3119 5315 3237 5371 quae
3263 5301 3395 5355 dici—

1806 5408 1892 5454 tur
1914 5397 2223 5464 Matriacus,
2248 5397 2408 5453 sitam
2433 5399 2486 5452 in
2510 5412 2647 5470 pago
2669 5397 2956 5462 Senonico,
2983 5411 3105 5453 cum
3127 5395 3390 5461 aediﬁciis,

1805 5489 2121 5559 mancipiis,
2158 5489 2368 5555 vineis,
2415 5490 2566 5546 silvis
2593 5530 2608 5557 ,
2653 5497 2710 5545 et
2753 5489 3022 5545 universis
3061 5488 3392 5560 appendiciis

1805 5582 1935 5638 suis.
1967 5581 2098 5636 Item
2131 5581 2183 5636 in
2217 5595 2355 5654 pago
2381 5580 2838 5638 Antissiodorensi
2881 5581 2949 5634 ad
2983 5580 3388 5636 ‘xenodochium

1806 5677 2072 5745 przcdicta:
2101 5677 2291 5734 matris
2319 5676 2563 5732 ecclesiae
2588 5675 2791 5742 villam,
2825 5691 2944 5746 quin
2986 5674 3180 5731 dicitur
3214 5673 3408 5729 Milia-~

1807 5785 1920 5838 cus,
1938 5778 1991 5826 et
2016 5770 2240 5826 alteram
2255 5784 2376 5840 quae
2404 5777 2626 5825 vocatur
2648 5765 2953 5834 Viriliacus,
2981 5781 3101 5822 cum
3126 5765 3390 5823 universis
