3918 6316
153 368 244 424 249

1002 366 1090 423 DE
1128 366 1374 424 GESTIS
1412 369 1627 426 EPISC.
1657 369 2042 431 AN'I‘ISSIOD.
2080 406 2150 417 —
2188 374 2372 430 PARS
2407 373 2448 430 ῐ.

3277 368 3385 424 250

153 495 270 552 papa
301 478 365 534 ad
387 477 550 534 decus
581 477 788 548 imperii
827 481 1212 546 roborandum,
1252 495 1368 536 sum
1398 482 1514 552 ipso
1552 482 1700 552 pari-
1732 464 1778 522 Α
1808 485 2029 554 gitatem
2057 486 2140 541 sui
2169 485 2407 540 nominis
2435 483 2788 554 inscriptione
2819 480 3134 552 designans.
3191 479 3395 535 Sancto

155 584 224 628 ter
254 571 516 642 profectus
536 579 636 636 est,
667 580 831 642 atque
855 572 908 627 in
928 572 1039 642 ipsa
1057 573 1401 642 expeditione
1428 573 1700 629 abbatiam

151 663 303 721 sancti
343 661 564 717 Mariani
600 680 628 716 a
661 664 884 733 praefato
939 665 1263 736 imperatore
1311 665 1563 721 obtinuit.
1605 665 1706 720 Hic

153 755 272 810 idem
296 754 533 823 pontifex
558 754 820 809 ciborium
852 769 1016 824 super
1039 755 1211 810 altare
1227 759 1400 811 sancti
1443 756 1705 827 Stephani

152 859 265 899 auro
303 853 632 915 argentoque
681 844 910 900 miriﬁce
960 846 1285 916 composuit.
1329 846 1474 902 Obiit
1527 846 1706 902 Idibus

150 935 424 1002 Februarii,
479 945 534 991 et
581 935 823 1006 sepultus
852 944 936 994 est
973 937 1026 992 in
1079 935 1304 993 basilica
1353 938 1528 994 sancti
1571 937 1707 992 Ger-

149 1026 279 1082 vasii.
1327 1079 1331 1082 .

438 1123 569 1180 Car.
610 1125 830 1182 XXXV.
852 1156 921 1166 —
954 1125 1033 1180 De
1064 1123 1383 1196 Angelelmo.

205 1215 544 1284 Angelelmus
565 1217 867 1289 episcopus,
900 1219 1119 1274 natione
1141 1218 1442 1288 Bajoarius,
1465 1235 1532 1274 ex
1555 1228 1710 1289 patre

150 1304 370 1361 Obtelmo
401 1316 458 1362 et
505 1317 676 1362 matre
721 1308 994 1379 Hogarde,
1048 1308 1188 1362 sedit
1242 1323 1414 1363 annos
1454 1309 1542 1362 l7.
1587 1308 1705 1375 Hic,

151 1413 252 1452 cum
275 1406 415 1454 esset
441 1398 532 1452 vir
549 1414 776 1454 summm
804 1399 1166 1468 simplicitatis
1185 1407 1240 1454 et
1263 1399 1566 1465 charitatis,
1586 1416 1710 1470 pre-

149 1488 308 1558 sbyter
333 1487 642 1556 ordinatus,
677 1498 734 1543 et
775 1489 1015 1546 basilica:
1044 1500 1357 1548 sanctorum
1383 1489 1627 1546 Gervasii
1655 1499 1712 1545 et

149 1578 353 1635 Protasii
411 1581 586 1637 abbas
636 1583 971 1650 przcstitutus
1036 1593 1142 1639 est.
1168 1643 1177 1653 ,
1206 1582 1352 1638 Sane
1414 1581 1712 1639 decedente

148 1669 305 1724 Aaron
329 1670 610 1740 pontiﬁce,
627 1671 889 1728 Jeremias
909 1672 1238 1730 Senonensis
1251 1672 1710 1743 archiepiscopus,

145 1759 274 1826 jussu
301 1759 485 1816 Caroli
534 1762 875 1834 imperatoris
900 1764 1334 1820 Antissiodorum
1375 1763 1620 1831 veniens,
1655 1764 1710 1819 in

1808 590 2021 644 quoque
2068 575 2313 630 Amatori
2367 574 2596 630 calicem
2655 582 2972 645 argenteum
3020 587 3143 629 cum
3197 579 3394 640 patena

1809 667 1995 721 tribuit
2041 666 2281 735 ejusdem
2311 665 2494 736 Operis
2517 679 2833 736 quanquam
2875 662 3136 734 ponderis
3169 661 3398 716 minoris

1805 769 1995 816 sancto
2025 760 2186 816 Petro
2225 760 2498 815 similiter.
2530 758 2718 814 Altare
2759 759 2934 813 sancti
2970 755 3187 811 Eusebii
3215 752 3396 809 tabula

1809 861 2064 922 argentea
2102 851 2406 918 exornavit,
2443 851 2667 906 calicem
2701 856 3017 919 argenteum
3045 862 3168 902 cum
3201 853 3396 916 patena

1809 940 1977 1006 dedit,
2010 940 2364 1011 Evangelium
2411 953 2627 1010 quoque
2662 948 2979 1009 argenteum
3029 951 3153 991 cum
3197 933 3395 990 candeo

1809 1029 1979 1086 labris
2004 1029 2304 1098 argenteis,
2333 1043 2398 1084 ac
2433 1028 2711 1084 thuribulo
2742 1026 3097 1082 nihilominus
3136 1031 3398 1095 argenteo

1809 1129 2158 1192 praeparavit,
2199 1120 2441 1176 cortinas
2463 1120 2627 1175 etiam
2662 1119 2876 1184 altaris,
2909 1133 2974 1173 ac
2997 1116 3256 1172 nonnulla
3285 1115 3399 1184 pal-

1811 1211 1880 1266 lia
1896 1211 2242 1267 condonavit.
2263 1211 2319 1266 In
2347 1209 2599 1266 coenobio
2622 1210 2791 1265 sancti
2821 1207 3137 1270 Salvatoris,
3159 1206 3397 1262 tabulam

1811 1310 2121 1374 argenteam
2151 1317 2273 1358 cum
2305 1302 2460 1372 signo
2490 1300 2849 1356 sonorissimo
2879 1299 3047 1354 dedit.
3087 1298 3194 1352 Per
3227 1305 3399 1352 totam

1812 1396 2044 1464 denique
2087 1410 2197 1450 suae
2237 1394 2526 1464 potestatis
2557 1393 2836 1450 dioecesim
2883 1391 3129 1447 ecclesiis
3179 1389 3399 1460 quidem

1811 1485 2020 1540 vicanis
2057 1485 2124 1539 ad
2169 1484 2589 1555 praeparandum
2624 1483 2852 1538 calicem
2901 1491 2957 1538 et
3001 1491 3252 1552 patenam
3284 1488 3398 1534 tres

1813 1576 1984 1632 libras
2017 1577 2227 1648 argenti
2256 1576 2551 1632 distribuit.
2573 1575 2869 1631 Minoribus
2890 1589 3018 1630 vero
3041 1573 3260 1644 capellis
3285 1573 3399 1628 suis

1814 1665 2078 1720 duntaxat
2107 1667 2174 1721 ad
2195 1680 2333 1735 opus
2359 1665 2539 1721 simile
2560 1665 2763 1721 solidos
2792 1665 2856 1720 15
2889 1664 3205 1729 destinavit,
3233 1664 3286 1717 in
3316 1663 3399 1716 vi-

1816 1758 1892 1812 cis
1924 1771 2138 1827 quoque
2174 1757 2415 1827 praefatis
2454 1771 2748 1828 congruam
2786 1757 2996 1826 argenti
3041 1756 3399 1826 quantitatem

151 1851 351 1908 ecclesia
375 1853 435 1909 s.
468 1853 724 1910 Germani
757 1856 888 1911 Cleri
911 1869 968 1912 ει
998 1856 1183 1928 populi
1225 1857 1441 1942 collegi;
1471 1866 1668 1912 ρωιυηι
1693 1873 1709 1924 ς
1742 1838 1788 1897 Β
1817 1849 2045 1918 largitus
2073 1857 2175 1915 est,
2201 1850 2270 1905 ad
2295 1863 2488 1904 cruces
2535 1848 2592 1902 in
2632 1847 2880 1904 ecclesiis
2905 1849 3266 1902 exornandas.
3303 1845 3402 1900 His

151 1943 210 1997 ibi
237 1945 469 2012 generali
503 1960 773 2001 consensu
816 1949 1124 2013 accedente,
1163 1949 1251 2003 hic
1281 1947 1422 2003 idem
1464 1946 1714 2018 Angelel-

150 2048 250 2088 mus
273 2035 336 2090 ab
355 2035 614 2091 omnibus
651 2036 855 2093 electus
880 2049 968 2094 est
994 2041 1284 2109 episcopus
1318 2047 1372 2095 et
1408 2039 1707 2094 ordinatus.

151 2123 384 2196 Suscepto
441 2126 611 2195 igitur
655 2128 950 2198 pontiﬁcali
1005 2129 1309 2186 ministerio
1345 2138 1515 2184 totum
1555 2144 1613 2185 se
1654 2129 1710 2186 in

148 2214 360 2270 divinum
379 2216 675 2273 transfodit
695 2219 998 2286 servitium,
1015 2221 1068 2275 in
1085 2220 1425 2276 orationibus
1438 2220 1706 2285 assiduus,

152 2302 194 2357 in
215 2303 464 2376 lacrymis
492 2305 769 2376 frequens,
795 2309 849 2362 in
876 2308 1240 2380 eleemosynis
1283 2309 1602 2379 praecipuus,
1646 2324 1711 2366 ac

147 2408 261 2463 pene
286 2411 381 2450 suo
421 2405 668 2465 tempore
697 2396 1019 2468 singularis;
1073 2397 1246 2452 fertur
1268 2399 1413 2453 enim
1440 2399 1710 2454 interdum

149 2501 306 2542 amore
333 2486 611 2557 largitatis
648 2487 1021 2556 aegritudinem
1067 2487 1368 2551 simulasse,
1410 2495 1470 2542 ut
1509 2487 1713 2557 absque

147 2577 280 2633 ullius
315 2580 772 2644 contradictione,
810 2596 930 2650 quae
958 2581 1156 2636 habere
1202 2591 1435 2651 poterat,
1486 2582 1536 2635 in
1582 2597 1712 2637 usus

148 2681 422 2736 pauperum
455 2678 726 2740 erogaret.
765 2670 1061 2726 Ecclesium
1097 2673 1270 2726 sancti
1307 2671 1564 2742 Stephani
1603 2689 1710 2729 non

145 2757 344 2827 simplici
403 2759 658 2829 largitate
704 2760 912 2825 ditavit,
955 2761 1124 2817 altare
1166 2762 1393 2817 senioris
1447 2763 1708 2831 ecclesiae,

149 2850 317 2906 tabulis
366 2853 643 2922 argenteis
698 2853 898 2922 ubique
952 2855 1246 2925 compegit,
1279 2854 1450 2909 altare
1497 2871 1710 2924 quoque

149 2951 322 2997 sanctas
343 2941 536 2997 Maria
557 2940 909 2999 nihilominus
931 2943 1108 3000 tabula
1134 2954 1391 3016 argentea
1415 2946 1708 3001 decoravit.

149 3029 305 3086 Sancti
342 3047 566 3102 quoque
596 3031 852 3102 Baptistae
878 3033 1102 3090 Joannis
1139 3035 1308 3090 altare
1355 3035 1516 3090 simili
1557 3051 1714 3091 orna-

150 3133 307 3178 mento
334 3123 644 3186 decoravit,
677 3132 802 3178 ante
827 3124 996 3179 altare
1027 3125 1084 3179 S.
1124 3125 1381 3195 Stephani
1419 3135 1527 3181 tres
1557 3141 1713 3182 coro.

149 3227 229 3269 uas
281 3223 570 3283 argenteas
631 3215 886 3285 prazcipui
939 3193 1608 3287 ponderis—prmparavit;
1655 3219 1706 3273 in
1738 3193 1781 3254 Ο

151 3303 363 3358 circuitu
390 3303 582 3359 altaris
612 3303 797 3360 decem
830 3304 1152 3360 candelabra
1178 3305 1409 3362 maxima
1438 3317 1489 3362 et
1516 3323 1710 3378 argen-

149 3402 216 3447 tea
238 3395 540 3460 constituit,
562 3381 787 3451 calicem
813 3405 1128 3465 argenteum
1163 3397 1422 3467 Optimum
1460 3413 1581 3452 cum
1609 3413 1707 3467 pa-

149 3494 250 3538 tena
281 3485 631 3550 condonavit,
673 3501 738 3542 ac
785 3502 882 3542 suo
927 3487 1146 3542 nomine
1194 3487 1555 3558 prmsignavit.
1601 3487 1708 3544 Sed

149 3583 193 3629 et
213 3591 421 3633 crucem
450 3577 844 3647 permaximam
871 3578 1002 3634 inibi
1031 3577 1336 3642 collocavit,
1387 3593 1552 3650 quam
1575 3596 1709 3635 auro

149 3677 454 3739 argentoque
481 3669 630 3724 vultu
663 3669 959 3726 Salvatoris
1006 3670 1384 3726 decentissime
1411 3670 1707 3738 decoravit,

148 3755 292 3814 altare
314 3767 571 3830 argentea
603 3759 782 3815 tabula
819 3769 1072 3815 ornatum
1109 3769 1236 3816 ante
1278 3777 1399 3817 eam
1443 3771 1705 3818 statuens.

149 3847 377 3905 Eauidem
405 3850 691 3906 ecclesiam
715 3851 882 3922 signis
903 3862 1134 3922 quatuor
1156 3854 1408 3909 maximis
1422 3862 1477 3909 et
1497 3855 1710 3910 sonoris

147 3939 422 4007 decoravit,
457 3942 585 3997 fecit
621 3951 675 3998 et
712 3958 926 4012 capsum
951 3944 1205 4014 praecipui
1241 3945 1422 4014 cperis
1453 3961 1586 4000 auro
1615 3961 1708 4000 ar-

148 4047 391 4108 gentoque
420 4038 824 4108 elegantissime
867 4047 1162 4108 comptam,
1192 4039 1282 4094 ubi
1320 4055 1536 4110 capsam
1577 4041 1709 4096 bea-

148 4125 319 4182 tissimi
345 4129 640 4192 Amatoris,
673 4143 795 4183 rum
823 4128 1009 4183 multis
1041 4138 1350 4184 sanctorum
1394 4131 1710 4200 pignoribus

149 4217 381 4273 condidit.
411 4218 635 4290 Tapetia
680 4219 845 4274 etiam
871 4219 1078 4288 optima
1123 4219 1192 4274 ad
1238 4220 1426 4276 sedilia
1472 4221 1710 4277 basilica:

151 4309 451 4364 cremanda:
475 4309 709 4380 plurima
731 4309 978 4364 contulit.

206 4395 365 4468 Hujus
393 4407 636 4469 tempore
676 4399 982 4456 Ludovicus
1027 4401 1340 4471 imperator,
1374 4401 1519 4456 facto
1546 4417 1709 4474 gene-

150 4489 296 4545 ncrali
345 4500 637 4556 conventu,
677 4491 954 4547 canonicis
996 4492 1294 4562 regularem
1326 4493 1488 4546 vitam
1533 4493 1706 4563 impo-

150 4580 258 4645 suit,
283 4590 442 4651 atque
475 4582 546 4637 ob
573 4581 794 4637 tutelam
833 4582 1112 4654 religionis
1147 4583 1366 4638 claustri
1404 4585 1706 4638 custodiam

150 4670 375 4739 instituit,
401 4690 466 4729 ac
487 4674 728 4745 diversas
753 4683 1224 4744 competentesque
1243 4673 1486 4730 ofﬁcinas
1519 4691 1706 4730 eorum

151 4760 310 4817 usibus
337 4763 740 4833 ordinavit,qua
769 4764 1102 4819 auctoritate
1145 4765 1284 4820 idem
1326 4763 1572 4834 pontifex
1611 4767 1707 4819 de-

151 4846 350 4908 lectatus
370 4855 574 4922 villam,
605 4855 690 4910 cui
720 4855 1052 4910 Pulverenus
1105 4870 1302 4910 nomen
1336 4865 1439 4921 cst,
1481 4855 1705 4910 fratrum

152 4946 508 5003 canonicorum
536 4947 745 5003 scilicet
792 4947 1078 5017 stipendiis
1125 4947 1422 5016 deputavit.
1463 4948 1550 5013 Et,
1579 4949 1705 5018 quia

153 5038 368 5102 quredam
397 5040 723 5096 beneﬁciata
754 5049 909 5094 erant
935 5055 1054 5110 quze
1079 5040 1328 5110 protinus
1361 5040 1562 5095 auferri
1600 5057 1706 5096 non

152 5136 392 5195 poterant,
423 5132 705 5186 decretum
744 5139 849 5198 est,
884 5140 946 5186 ut
976 5131 1083 5185 illis
1123 5131 1530 5196 decedentibus,
1575 5147 1708 5188 con-

155 5219 280 5274 tinuo
306 5223 547 5278 canonici
581 5223 634 5277 in
665 5238 792 5278 suos
821 5239 952 5280 usus
977 5223 1338 5280 reﬁccterent.
1377 5225 1487 5280 Res
1515 5226 1702 5291 etiam,

156 5320 252 5371 time
271 5328 328 5365 ex
365 5311 488 5380 jure
531 5315 748 5383 proprio
792 5315 843 5368 ei
890 5326 1187 5381 cesserant,
1219 5325 1326 5370 tam
1375 5316 1428 5370 in
1474 5317 1702 5383 Biliaco,

156 5410 286 5460 quam
333 5401 386 5455 in
436 5401 631 5466 Aman,
667 5404 979 5460 earumdem
1033 5406 1216 5461 usibus
1268 5405 1557 5477 delegavit.
1599 5406 1701 5475 Qui

155 5487 292 5544 etiam
329 5508 457 5548 vasa
485 5502 738 5564 argentea
769 5495 1001 5564 plurima
1025 5507 1082 5552 et
1105 5501 1372 5567 praecipua
1404 5500 1458 5554 in
1485 5501 1705 5556 thesau-

157 5578 214 5632 ris
237 5581 462 5648 ejusdem
487 5585 732 5640 ecclesia:
760 5586 1061 5654 collocavit,
1094 5600 1283 5645 sancto
1312 5589 1583 5645 Germano
1606 5606 1700 5645 ca-

157 5664 288 5726 licem
318 5684 655 5745 argenteum,
685 5693 806 5733 cum
847 5689 1040 5750 patena
1085 5681 1231 5737 dedit
1267 5682 1506 5753 ejusdem
1548 5683 1702 5738 sche-

159 5762 318 5838 matis,
337 5765 484 5844 cujus
515 5777 566 5824 et
614 5770 949 5841 superiorem
985 5771 1209 5837 fecerat,
1259 5772 1568 5845 huiusmodi
1597 5774 1702 5829 lar-

1738 4540 1786 4600 D

1813 1949 1868 1994 et
1898 1938 2204 2008 hujusmodi
2238 1939 2506 1995 bonorum
2536 1953 2762 2009 operum
2803 1938 3046 2008 frugibus
3088 1937 3277 2007 plenus
3306 1936 3402 1991 de-

1814 2032 1998 2097 cessit,
2027 2032 2128 2088 sub
2155 2031 2243 2087 die
2270 2031 2409 2086 Non.
2435 2029 2649 2097 Julian,
2680 2040 2845 2102 atque
2876 2030 2930 2085 in
2959 2029 3184 2086 basilica
3225 2026 3402 2084 sancti

1815 2122 2075 2179 Germani
2101 2124 2331 2180 honeste
2357 2123 2656 2178 tumulatus
2677 2130 2779 2178 est.

2123 2215 2252 2271 Car.
2295 2213 2536 2271 XXXVI.
2561 2246 2614 2255 —
2660 2214 2739 2269 De
2770 2213 3083 2269 Heribaldo.

1884 2309 2206 2366 Heribaldus
2238 2309 2558 2379 episcopus,
2596 2323 2665 2370 ex
2715 2316 2874 2377 patre
2915 2305 3169 2362 Antelmo
3211 2303 3400 2374 Bajoa—

1813 2401 1916 2467 rio,
1963 2400 2139 2465 matre
2189 2399 2430 2455 Frotilde
2485 2397 2822 2461 Vastinensi,
2878 2397 3020 2452 sedit
3071 2409 3242 2452 annos
3305 2396 3397 2450 33.

1813 2489 1968 2545 Hunc
2023 2489 2092 2544 ab
2135 2484 2355 2544 ineunte
2400 2495 2562 2544 aetate
2610 2487 2664 2540 in
2717 2485 2921 2556 palatio
2961 2486 3247 2540 educatum
3278 2491 3402 2554 post

1813 2583 2096 2638 decessum
2119 2580 2371 2637 avunculi
2400 2581 2483 2635 sui
2519 2578 2822 2650 Angelelmi
2865 2578 3044 2634 clerus
3072 2585 3128 2633 et
3172 2576 3402 2647 populus

1815 2673 2041 2729 solemni
2071 2672 2338 2727 electione
2374 2671 2520 2726 facta
2554 2670 2890 2739 pontiﬁcatui
2922 2667 3273 2733 suffecerunt,
3308 2665 3401 2721 Ai-

1812 2765 1963 2821 drico
2014 2764 2290 2820 Senonum
2339 2763 2746 2834 archiepiscopo
2787 2779 2908 2818 cum
2957 2761 3292 2832 coepiscopis
3330 2775 3400 2816 ex

1812 2864 2084 2927 praecepto
2114 2854 2372 2910 Ludovici
2405 2853 2750 2922 imperatoris
2772 2851 2936 2922 hujus
2964 2851 3242 2923 negotium
3269 2864 3397 2920 pro-

1811 2957 2057 3002 curante.
2087 2943 2310 3000 Constat
2351 2951 2530 2998 autem
2562 2958 2685 2998 eum
2722 2943 2777 2997 in
2822 2942 3050 2998 ecclesia
3082 2941 3225 2996 beati
3265 2939 3400 2996 Ger-

1815 3035 1958 3092 mani
1979 3043 2035 3091 et
2054 3033 2320 3090 electione
2342 3033 2685 3104 designatum
2709 3039 2765 3087 et
2791 3031 3138 3088 ordinatione
3177 3045 3396 3100 promo-

1817 3135 1947 3180 tum.
1967 3125 2091 3181 Fuit
2109 3133 2291 3180 autem
2313 3123 2396 3180 vir
2411 3123 2700 3178 admodum
2721 3121 2938 3188 nobilis,
2963 3121 3136 3176 forma
3156 3119 3400 3191 elegans,

1813 3217 2032 3288 eloquio
2064 3216 2287 3282 nitidus,
2325 3213 2582 3285 singulari
2621 3213 2908 3285 prudentia
2940 3213 3389 3281 circumspectus.

1811 3309 2174 3378 Quamobrem
2205 3316 2262 3362 et
2289 3306 2432 3377 apud
2460 3320 2617 3375 reges
2645 3304 2938 3374 plurimum
2984 3301 3180 3367 valuit,
3231 3301 3302 3354 ita
3343 3308 3403 3354 ut

1814 3403 1867 3456 in
1903 3401 2104 3471 palatio
2139 3397 2602 3469 archicapellanus
2627 3396 2872 3462 eﬁ‘ectus,
2905 3394 3149 3465 saeculari
3184 3408 3400 3463 quoque

1811 3496 2076 3568 dignitate
2126 3494 2540 3566 potentissimus
2603 3509 2669 3548 ea
2722 3499 3043 3562 tempestate
3096 3487 3396 3552 exstiterit;

1811 3597 1974 3659 atque
2001 3597 2062 3643 ut
2083 3602 2142 3643 se
2169 3586 2374 3642 habent
2401 3585 2658 3650 humana,
2691 3583 2930 3655 quandiu
2962 3581 3180 3652 quidem
3211 3579 3400 3650 hujus-

1813 3680 1958 3734 modi
1984 3679 2273 3750 potestatis
2297 3677 2453 3748 apice
2490 3675 2715 3741 ﬂoruit,
2763 3674 3116 3730 smcularibus
3169 3670 3402 3743 negotiis

1810 3785 1931 3826 sese
1972 3769 2319 3824 mediocriter
2357 3767 2523 3822 dedit.
2556 3766 2749 3820 Divino
2778 3773 2959 3830 autem
2988 3770 3236 3832 respectu
3283 3770 3403 3816 tan-

1813 3862 1932 3916 dem
1971 3860 2296 3930 inspiratus,
2328 3866 2512 3928 atque,
2567 3857 2710 3926 quod
2740 3871 2770 3910 a
2801 3855 2983 3911 saeculi
3019 3853 3257 3924 appetitu
3285 3852 3403 3921 plu-

1812 3953 2011 4007 rimum
2045 3950 2182 4007 solet
2203 3963 2572 4020 compescere,
2598 3945 2933 4002 inﬁrmitatis
2960 3958 3234 4015 corporea:
3258 3941 3401 3998 mole

1812 4051 2090 4115 gravatus,
2121 4051 2178 4096 et
2216 4055 2418 4105 mores,
2450 4047 2508 4094 et
2556 4037 2736 4093 studia
2769 4037 2824 4091 in
2853 4035 3068 4091 diversa
3103 4030 3399 4097 transtulit,

1811 4151 1977 4206 seque
2007 4143 2182 4190 totum
2211 4133 2410 4188 divinis
2441 4131 2677 4188 servitiis
2705 4137 2760 4185 et
2784 4127 3168 4184 ecclesiasticis
3195 4125 3400 4180 utilita-

1812 4227 1955 4280 tibus
1974 4239 2039 4281 ex
2068 4224 2250 4279 animo
2271 4222 2619 4293 mancipavit,
2645 4221 2698 4276 in
2724 4219 3061 4276 orationibus
3089 4217 3398 4281 continens,

1812 4317 1864 4371 in
1892 4317 2148 4388 lacrymis
2173 4313 2446 4385 profusus,
2489 4314 2543 4368 in
2571 4326 2852 4367 servorum
2884 4309 2979 4365 Dei
3015 4307 3269 4364 subsidiis
3293 4306 3400 4360 lar-

1811 4427 1930 4482 gus,
1977 4411 2030 4465 in
2076 4407 2436 4466 ecclesiarum
2483 4405 2826 4477 reparatione
2861 4402 3311 4463 ferventissimus,
3344 4400 3400 4454 in

1810 4517 2105 4572 pauperum
2136 4499 2476 4556 rccreatioue
2519 4496 2868 4568 singulariter
2913 4493 3198 4559 mirabilis,
3228 4491 3397 4546 mira-

1811 4592 1995 4648 biliter
2047 4592 2356 4663 singularis.
2426 4589 2726 4645 Ecclesiam
2766 4588 2941 4642 sancti
2990 4586 3286 4655 Stephani,
3345 4592 3401 4639 et

1811 4685 2110 4754 parietibus
2145 4694 2200 4738 et
2245 4681 2590 4752 laquearibus
2633 4678 2933 4742 renovavit,
2968 4677 3155 4732 vitreis
3183 4689 3398 4745 quoque

1813 4791 1877 4830 ac
1927 4775 2154 4844 picturis
2197 4773 2416 4844 optimis
2467 4769 2781 4836 decoravit,
2831 4780 3060 4824 coronas
3111 4775 3398 4836 argenteas

1811 4876 2043 4936 quatuor
2073 4866 2325 4933 instituit,
2349 4865 2494 4922 circa
2521 4863 2689 4918 altare
2714 4859 2886 4916 sancti
2910 4857 3170 4928 Stephani
3189 4855 3398 4912 tabulas

1813 4966 2099 5029 argenteas
2121 5000 2134 5023 ,
2164 4966 2220 5012 et
2245 4956 2523 5026 sculptura
2571 4961 2624 5009 et
2665 4951 2846 5024 operis
2873 4949 3140 5020 elegantia
3169 4961 3399 5002 renova-

1811 5049 1908 5115 vit,
1941 5065 2158 5118 capsam
2186 5049 2352 5102 etiam
2380 5062 2514 5102 auro
2547 5052 2882 5115 argentoque
2910 5040 3138 5096 miriﬁce
3172 5039 3394 5092 decora-

1811 5138 1920 5202 vit,
1951 5139 2042 5192 ubi
2072 5138 2395 5193 vestimenta
2432 5133 2787 5190 sacratissimi
2830 5131 3086 5188 Germani
3122 5126 3390 5198 reposuit;

1809 5228 2091 5283 basilicam
2144 5227 2317 5283 sancti
2365 5224 2592 5282 Joannis
2642 5223 2896 5294 Baptistae
2958 5228 3082 5290 post
3123 5216 3395 5273 defectum

1811 5320 2013 5375 veteris
2060 5318 2128 5374 ab
2174 5319 2298 5375 imis
2329 5325 2616 5373 exstruens
2664 5313 3028 5369 fundamentis
3078 5310 3132 5363 in
3167 5306 3396 5364 sublime

1810 5412 2083 5483 fastigium
2115 5410 2325 5477 extulit,
2369 5425 2432 5464 ac
2459 5425 2492 5462 χ
2529 5406 2757 5462 Kalend.
2801 5400 3045 5458 Januarii
3079 5398 3395 5455 solemniter

1811 5505 2102 5561 dedicavit.
2157 5503 2508 5560 Postmodum
2548 5515 2679 5555 vero
2730 5504 3041 5554 sanctorum
3093 5498 3394 5560 martyrum

1810 5594 2103 5652 Alexandri
2127 5604 2184 5650 et
2207 5591 2532 5666 Chrysanthi
2555 5590 2803 5661 pignora,
2825 5602 2946 5657 quae
2972 5585 3038 5640 ab
3060 5584 3193 5638 urbe
3222 5581 3393 5636 Roma

1812 5686 2099 5753 detulerat,
2132 5687 2185 5741 in
2218 5687 2408 5741 eadem
2442 5681 2667 5738 ecclesia
2698 5679 2952 5734 decenter
2994 5674 3256 5739 condidit,
3287 5671 3396 5726 fre-

1812 5776 2043 5846 damque
2093 5791 2214 5831 cum
2258 5773 2511 5830 cancellis
2564 5769 2798 5842 benigno
2854 5767 3034 5824 studio
3086 5761 3394 5831 exornavit,
