3910 5336
533 153 633 207 251

1387 153 1674 208 AI'PEND.
1719 155 1809 210 AD
1843 155 2018 211 SJEC.
2062 155 2129 209 X.
2170 183 2235 193 -—
2271 155 2494 212 OPERA
2529 166 2925 217 ΔΔεΣΗΟΤιΚΔ.

3678 160 3773 216 25ὶ

534 278 698 340 atque
719 267 786 324 ad
815 266 1099 322 luminaria
1128 267 1440 323 earumdem
1467 277 1776 325 sanctorum
1800 269 2117 339 patrociniis
2147 247 2190 306 Α
2221 281 2352 323 auro
2404 284 2542 338 puro
2588 285 2924 341 gemmisque
2984 283 3250 327 exornare
3293 269 3641 336 decreverat,
3687 276 3770 328 sed

532 361 736 432 jugiter
792 360 1126 416 observanda
1158 400 1173 424 ,
1249 360 1480 429 agellum
1535 360 1823 431 quemdam
1880 362 2118 430 quinque

538 465 849 507 mansorum
871 450 1135 506 vocabqu
1159 449 1468 504 Bunuorum
1499 465 1564 505 ex
1594 465 1724 521 agro
1747 448 2114 515 Matriacensi,

536 554 594 599 et
624 558 692 598 ex
728 551 1000 614 praecepta
1038 541 1334 611 apostolico
1370 541 1603 612 benigno
1635 555 1820 596 amore
1855 540 2111 606 contulit;

537 632 818 688 basilicam
872 642 1073 690 sanetae
1124 631 1306 686 Maria:
1359 631 1704 701 laquearibus
1737 671 1752 696 ,
1806 631 2034 702 picturis
2061 638 2117 684 et

536 724 728 779 vitreis
779 723 1081 779 renovavit.
1136 721 1617 792 Gangregationem
1660 720 2065 780 cananicorum
2096 759 2115 787 ,

539 826 648 870 tam
675 815 980 872 litterarum
1017 814 1322 870 eruditione
1356 829 1516 880 quam
1547 811 1928 868 ecclesiastica:
1956 811 2116 867 indu-

535 908 682 963 stria:
718 907 913 962 studiis
955 904 1263 971 illustravit,
1295 902 1554 958 adhibitis
1595 902 1954 972 undecunque
1981 917 2115 973 prae-

534 997 865 1067 ceptoribus,
899 997 991 1066 qui
1023 1011 1137 1052 rem
1176 994 1415 1051 divinam
1445 1003 1502 1050 et
1546 993 1726 1049 studio
1753 993 2114 1063 proveherent

533 1098 590 1143 et
646 1087 906 1143 instantia
957 1083 1396 1156 amplificarent;
1449 1083 1545 1139 sed
1605 1089 1660 1137 et
1712 1083 1765 1137 in
1831 1083 2114 1154 stipendiis

533 1177 846 1233 earumdem
882 1191 1050 1245 quam
1091 1175 1275 1244 largus
1318 1172 1588 1228 exstiterit
1635 1187 1742 1227 non
1788 1171 1916 1226 licet
1943 1172 2114 1228 ambi-

531 1283 680 1340 gere,
719 1284 880 1338 quam
903 1268 996 1339 qui
1026 1283 1094 1322 ex
1127 1265 1398 1337 prazdictis
1427 1264 1740 1321 earumdem
1769 1265 1932 1321 rebus
1957 1265 2114 1335 quid-

530 1366 675 1433 piam
727 1362 1082 1427 detinebant,
1119 1359 1368 1432 protinus
1405 1367 1465 1414 ut
1515 1358 1880 1414 discesserunt
1911 1357 2114 1428 absque

532 1452 638 1506 nlla
692 1451 1096 1508 intercessionis
1144 1450 1510 1514 relaxatione,
1561 1451 1874 1506 earumdem
1925 1450 2114 1506 usibus

533 1544 835 1600 reservavit
866 1559 880 1598 :
914 1560 1038 1599 nam
1068 1544 1308 1614 ipsorum
1335 1543 1592 1598 vestiario
1621 1541 1827 1608 villam,
1859 1541 1945 1596 cui
1971 1541 2112 1595 Con~

530 1638 653 1692 dida
685 1652 881 1693 nomen
910 1643 1018 1704 est,
1050 1636 1308 1700 restituit,
1342 1634 1642 1703 cellamque
1671 1634 1844 1689 sancti
1877 1632 2109 1703 Remigii

530 1745 652 1784 cum
693 1730 808 1786 suis
847 1728 1181 1799 appendiciis
1230 1727 1472 1797 duasque
1520 1727 1708 1784 vineas
1737 1725 2108 1792 Corticanum,

528 1832 584 1877 et
609 1822 828 1878 Plantas
851 1822 1028 1876 eidem
1047 1820 1164 1875 usui
1193 1819 1498 1889 deputavit..
1515 1817 1759 1888 Cumque
1784 1818 1895 1888 regi
1918 1817 2112 1874 Carolo

527 1925 650 1986 post
675 1917 847 1988 patris
875 1916 1134 1972 Ludovici
1159 1930 1470 1978 excessum,
1511 1922 1567 1970 et
1611 1915 1812 1970 charos
1863 1922 2009 1969 esset
2054 1922 2112 1968 et

530 2009 756 2064 intimus
775 2048 791 2075 ,
829 2006 946 2076 ejus
975 2007 1345 2063 munificentia
1372 2005 1528 2062 villas
1567 2005 1828 2076 quasdam
1857 2003 2108 2068 obtinuit,

530 2117 651 2172 qua:
679 2101 808 2158 olim
843 2100 956 2170 juri
985 2099 1353 2156 ecclesiastica
1381 2099 1600 2155 fuerant
1643 2097 1928 2162 abdicatae,
1973 2111 2110 2166 qua-

529 2209 648 2248 rum
694 2193 811 2248 bare
853 2199 979 2247 sunt
1023 2189 1284 2247 vocabula
1335 2189 1565 2260 Gajacus
1611 2203 1737 2245 cum
1783 2186 2114 2260 appendiciis

526 2286 672 2349 suis,
717 2283 1052 2340 Garsiliacus
1085 2282 1365 2347 similiter,
1414 2280 1791 2352 Camplemesii
1837 2279 2108 2344 similiter,

526 2366 879 2439 Maximiacns
922 2378 1192 2447 similiter,
1221 2393 1384 2448 quam
1411 2393 1475 2434 ex
1502 2369 1670 2447 arquo'
1697 2375 1967 2442 dividens,
1999 2389 2112 2431 me-

525 2473 669 2526 diam
707 2479 916 2542 partem
961 2468 1320 2524 lnminaribus
1359 2467 1604 2524 ecclesiae
1632 2466 1929 2530 distribuit,
1978 2465 2108 2520 reli-

527 2579 688 2632 quam
747 2562 1094 2618 medietatem
1136 2562 1523 2616 canonicorum
1574 2557 1859 2628 stipendiis
1905 2557 2110 2613 servire

527 2654 809 2724 praecepit,
843 2653 995 2723 regio
1024 2659 1294 2722 praecepto
1328 2651 1432 2705 bac
1459 2649 1783 2705 corrabante
1814 2665 1828 2702 :
1861 2657 2024 2718 atque
2052 2655 2108 2702 ut

524 2747 578 2800 in
606 2744 818 2816 praefati
862 2743 1006 2815 regis
1052 2741 1312 2797 memoria
1363 2756 1429 2796 ex
1481 2739 1671 2795 eadem
1713 2738 1837 2793 villa
1881 2738 1965 2793 bis
2016 2754 2111 2808 per

524 2856 724 2896 annum
769 2841 990 2896 refectio
1019 2846 1355 2910 praeparetur
1381 2878 1396 2902 ,
1432 2852 1540 2890 una
1571 2850 1669 2906 per
1713 2835 2059 2906 praepositum
2089 2874 2104 2898 ,

522 2934 692 2989 altera
723 2948 820 3004 per
844 2932 1083 3002 ejusdem
1119 2928 1366 2985 ecclesiae
1405 2926 1768 2982 archiclavum
1794 2924 2106 2979 immutabi-
2133 2957 2178 3019 ρ

523 3025 648 3079 liter
676 3024 972 3080 sanciente.
999 3022 1099 3079 llic
1121 3020 1260 3077 idem
1282 3018 1524 3089 pontifex
1551 3017 1791 3073 secundo
1817 3031 1960 3071 anno
1981 3014 2106 3070 belli

521 3114 716 3179 civilis,
739 3115 828 3184 qui
845 3123 929 3169 est
940 3127 1114 3168 annus
1129 3111 1225 3166 Dei
1241 3108 1476 3166 hominis
1491 3107 1616 3164 facti
1631 3105 2108 3180 octingentesimus

521 3203 969 3275 quadragesimus
1005 3210 1062 3256 et
1095 3216 1255 3264 unus,
1292 3214 1489 3269 corpus
1518 3196 1815 3256 beatissimi
1851 3194 2107 3251 Germani

521 3303 790 3365 praecepto
811 3308 994 3364 regum
1016 3291 1089 3348 Ca
1099 3291 1194 3347 rali
1208 3290 1532 3346 etLudovici
1557 3306 1624 3345 ex
1645 3289 1784 3353 loco,
1803 3287 1856 3341 in
1873 3301 1980 3357 quo
2001 3284 2108 3355 pri-

519 3401 666 3439 mum
696 3384 1018 3440 tumulatum
1061 3383 1256 3447 fuerat,
1288 3379 1676 3437 venerabiliter
1709 3376 1965 3433 Kalendis
1999 3375 2101 3431 Se-

517 3471 780 3542 ptembris
795 3471 1200 3537 transmutavit,
1215 3469 1356 3542 quod
1375 3469 1448 3524 ita
1463 3477 1519 3524 et
1530 3468 1800 3524 soliditate
1815 3465 2104 3536 integrum,

519 3572 575 3617 et
601 3562 845 3618 vestibus
881 3563 1087 3634 reperit
1122 3563 1516 3632 incorruptum,
1549 3569 1607 3616 ut
1627 3560 1898 3631 quandam
1928 3558 2108 3614 fuerat

517 3668 547 3707 a
568 3653 866 3710 venerabili
891 3656 1131 3727 Augusta
1159 3653 1398 3709 Placidia
1433 3653 1814 3709 decentissime
1839 3651 2106 3720 composi-

517 3754 654 3800 tum.
684 3745 759 3801 Ita
785 3746 1111 3817 optimarum
1138 3746 1400 3801 virtutum
1428 3745 1580 3816 fruge
1607 3743 1890 3808 fecundus,
1915 3742 2106 3814 plenus

515 3838 692 3893 aetatis
739 3846 797 3893 et
839 3837 1149 3907 probitatis,
1192 3837 1469 3906 appositus
1521 3843 1606 3889 est
1648 3833 1714 3887 ad
1746 3842 1930 3903 patres
1978 3847 2107 3888 suos

515 3928 618 3982 sub
663 3927 749 3982 die
799 3942 876 3982 vn
921 3927 1039 3981 Kal.
1091 3926 1284 3989 Maias,
1331 3935 1494 3994 atque
1523 3933 1582 3978 ut
1617 3923 1732 3994 ipse
1775 3923 2006 3994 petierat
2051 3923 2104 3977 in

515 4016 739 4072 basilica
788 4018 963 4072 sancti
1010 4017 1266 4072 Germani
1307 4016 1362 4070 in
1403 4021 1590 4085 crypta
1639 4014 1813 4068 sancti
1846 4013 2102 4083 Stephani

516 4108 754 4164 nobilem
799 4107 1131 4178 sepulturam
1158 4107 1398 4176 accepit;
1431 4103 1586 4174 cujus
1623 4104 1788 4159 etiam
1821 4103 1992 4159 altare
2019 4105 2102 4158 vi-

516 4212 650 4253 vens
681 4198 857 4254 adhuc
883 4197 1063 4252 tabula
1089 4205 1342 4267 argentea
1370 4195 1744 4257 decoraverat,
1772 4194 2105 4264 calicemque

518 4289 702 4344 itidem
730 4298 1048 4361 argenteum
1077 4305 1200 4344 cum
1225 4297 1420 4358 pateua
1447 4289 1796 4344 condonavit.

841 4381 969 4436 CAP.
1016 4381 1276 4437 XXXVII.
1329 4412 1398 4421 —
1440 4381 1514 4436 De
1551 4381 1778 4436 Abbone.

538 4491 540 4496 ·
588 4472 740 4528 Abba
765 4488 831 4527 ex
869 4473 1134 4528 monacho
1178 4474 1465 4542 episcopus
1501 4470 1794 4541 supradicti
1825 4471 2099 4527 Ileribaldi

517 4565 785 4630 pontilicis
815 4581 1128 4636 germanus,
1176 4566 1316 4621 sedit
1344 4581 1516 4621 annos
1557 4565 1614 4630 2,
1647 4579 1860 4621 menses
1893 4565 1986 4631 10;
2015 4566 2100 4620 vir

515 4663 786 4722 strenuus,
837 4656 1145 4711 omnimoda
1196 4655 1504 4727 eloquentia
1555 4656 1845 4726 praeclarus
1875 4697 1890 4720 ,
1937 4665 2097 4726 atque

515 4754 622 4798 tam
650 4744 700 4798 in
733 4744 931 4798 divinis
958 4744 1277 4814 Scripturis,
1305 4760 1467 4815 quam
1495 4746 1547 4799 in
1577 4745 1927 4801 saecularibus
1950 4745 2098 4815 prin-

511 4835 760 4904 cipaliter
796 4836 1060 4890 eruditus.
1096 4835 1221 4890 Fuit
1259 4847 1438 4891 autem
1469 4836 1635 4891 abbas
1663 4835 1896 4892 ctenabii
1924 4837 2096 4892 sancti

509 4925 786 4992 Germani,
826 4935 947 4996 post
991 4926 1176 4982 fratris
1205 4936 1387 4983 autem
1418 4928 1701 4983 decessum
1732 4928 1887 4998 jussu
1916 4927 2096 4983 Caroli

509 5017 651 5086 regis
693 5017 898 5072 eiectus
936 5017 1269 5086 pontificatui
1313 5017 1638 5073 substitutus
1678 5026 1778 5073 est.
1805 5017 1936 5084 Quis
1966 5031 2098 5074 sane

508 5108 589 5159 vi:-
619 5105 798 5172 fuerit,
831 5117 1203 5177 quantumque
1247 5107 1453 5176 optima
1499 5106 1754 5175 prmditus
1800 5108 2092 5174 voluntate,

509 5199 770 5265 temporis
799 5201 1038 5253 brevitas
1084 5209 1246 5268 atque
1287 5213 1436 5252 mors
1465 5198 1750 5252 immature
1772 5201 2096 5268 proveniens

507 5290 795 5336 Ostendam
840 5307 942 5336 nnn
973 5290 1239 5336 nermistl.
1269 5291 1316 5336 Is
1343 5299 1531 5336 sancit:
1562 5290 1836 5336 Slnnlmnn
1876 5305 2089 5336 onmem

2220 369 2396 416 morte
2437 363 2808 419 intercedente
2846 363 3189 434 praepeditus,
3237 377 3343 418 non
3394 361 3629 416 modicas
3670 365 3771 418 auri

2219 467 2484 521 expensas
2509 454 2576 509 ad
2628 454 2682 510 id
2728 454 3092 526 peragendum
3144 452 3382 524 reliquit.
3433 449 3548 505 Tali
3596 447 3774 507 affectu

2217 547 2372 602 bonae.
2416 546 2711 603 voluntatis
2758 547 2952 620 plenus
2993 554 3170 603 morte
3215 553 3520 616 praeventus
3568 551 3648 598 est
3687 544 3775 599 sub

2217 635 2304 690 die
2341 651 2402 691 tu
2453 635 2589 692 Non.
2620 638 2772 704 Dec.,
2803 647 2966 708 atque
3001 637 3058 694 in
3075 634 3308 694 ecclesia
3339 634 3510 691 sancti
3537 632 3776 690 Germani

2217 726 2516 785 honorifice
2546 729 2864 786 tumulatus.

2489 829 2618 886 Car.
2655 830 2940 888 XXXVIII.
2975 861 3049 874 —-
3083 829 3163 886 De
3199 829 3522 886 Christiano.

2285 917 2622 977 Christianus
2673 923 2996 993 episcopus,
3046 922 3266 978 natione
3315 919 3679 982 Alemannus,
3721 933 3778 974 ex

2214 1023 2368 1085 patre
2393 1013 2769 1078 Arcamberto,
2819 1025 2874 1071 et
2916 1021 3090 1071 matre
3117 1012 3417 1078 Emelinde,
3461 1011 3600 1066 sedit
3626 1024 3780 1064 annos

2216 1104 2302 1160 15.
2343 1103 2468 1160 Fuit
2499 1113 2682 1161 autem
2728 1106 2815 1160 vir
2857 1105 3125 1176 simplex,
3156 1112 3214 1160 et
3259 1112 3522 1172 tanquam
3565 1100 3782 1154 naturali

2214 1196 2445 1266 quadam
2473 1197 2639 1252 animi
2667 1196 2954 1266 vultusque
2995 1195 3268 1251 hilaritate
3295 1192 3572 1264 perfusus,
3616 1189 3780 1244 humi-

2214 1285 2365 1340 litate
2417 1285 2737 1355 praecipuus,
2781 1293 2836 1340 et
2883 1282 3102 1339 familiae
3153 1280 3538 1339 ecclesiastica:
3588 1285 3783 1332 amator

2215 1376 2646 1432 ardentissimus.
2678 1376 2774 1431 llic
2807 1375 3084 1432 cochleam
3121 1374 3190 1430 ab
3235 1369 3558 1428 occidentali
3585 1376 3731 1439 parte
3755 1383 3782 1420 a

2213 1470 2614 1538 praedecessore
2659 1485 2758 1528 suo
2804 1471 3113 1527 inchoatam
3156 1469 3226 1526 ad
3276 1466 3582 1539 perfectum
3627 1478 3784 1534 usque

2214 1560 2485 1628 perduxit.
2515 1560 2614 1617 Hic
2643 1561 2756 1633 ipse
2777 1562 3019 1633 pontifex
3044 1559 3346 1617 beatissimi
3371 1555 3647 1613 Amatoris
3671 1570 3783 1611 cor-

2213 1651 2359 1723 poris
2389 1653 2635 1708 membra
2690 1668 2722 1709 a
2777 1653 2966 1724 prima:
3011 1653 3305 1724 sepultum
3349 1650 3472 1706 loco
3521 1664 3628 1704 una
3675 1663 3785 1703 cum

2212 1742 2616 1813 archiepiscopo
2661 1743 3082 1815 Burdegalensi,
3132 1741 3382 1798 Frotaria
3428 1739 3687 1803 nomine,
3715 1736 3785 1792 fe-

2212 1835 2352 1890 stive
2401 1835 2456 1889 in
2506 1844 2753 1906 cryptam
2803 1835 2972 1906 ipsius
3017 1835 3210 1891 domus
3259 1830 3583 1888 transvexit.
3627 1826 3788 1883 Huius

2211 1927 2374 1982 etiam
2402 1928 2640 1982 studium
2669 1927 2790 1993 fuit,
2836 1937 2896 1984 ut
2936 1943 3058 1999 quae
3103 1926 3380 1984 canonicis
3407 1940 3477 1980 ex
3526 1923 3686 1980 rebus
3703 1921 3790 1977 sti-

2211 2017 2408 2086 pendio
2457 2017 2654 2074 debitis
2697 2019 2921 2075 deerant
2945 2059 2961 2086 ,
2993 2018 3154 2076 celeri
3198 2016 3468 2088 largitatis
3512 2013 3787 2070 clementia

2211 2117 2564 2165 restauraret.
2589 2109 2750 2165 Dedit
2769 2110 3033 2180 siquidem
3055 2109 3255 2166 eisdem
3283 2105 3566 2163 canonicis
3588 2104 3790 2176 Albaris

2209 2200 2411 2264 villam,
2443 2209 2714 2270 quatenus
2732 2217 2802 2257 ex
2831 2199 2947 2270 eius
2979 2198 3276 2256 redditibus
3311 2197 3458 2253 illius
3484 2194 3790 2252 memoriale

2209 2293 2462 2350 omnibus
2529 2301 2719 2362 agatur
2774 2291 2953 2347 annis.
3003 2289 3246 2346 Decessit
3287 2305 3319 2343 χ
3369 2287 3491 2342 Kal.
3540 2287 3782 2342 Decemb.

2210 2395 2371 2456 atque
2391 2383 2545 2454 juxta
2571 2385 2997 2456 praedecessores
3019 2397 3147 2440 suos
3175 2380 3417 2453 sepultus
3438 2390 3528 2437 est
3550 2381 3607 2436 in
3632 2378 3790 2436 eccle-

2209 2477 2289 2532 sia
2321 2474 2492 2532 sancti
2521 2474 2799 2531 Germani.

2581 2563 2711 2620 Ctp.
2749 2563 2992 2619 XXXIX.
3029 2595 3101 2606 —-
3145 2563 3226 2618 De
3261 2561 3441 2618 Wala.

2283 2654 2434 2710 Wala
2474 2655 2782 2726 episcOpns,
2825 2669 3022 2726 genere
3042 2654 3308 2722 Francus,
3351 2660 3507 2724 patre
3531 2648 3785 2714 Ardrado,

2211 2757 2386 2804 matre
2409 2748 2658 2814 Witelai,
2711 2747 2882 2802 fratre
2913 2748 3134 2818 optimae
3177 2745 3581 2802 recordationis
3628 2744 3788 2798 Anse-

2210 2841 2326 2910 gisa
2351 2838 2625 2894 Senonum
2654 2838 3082 2909 archiepiscopo,
3113 2837 3255 2893 sedit
3280 2850 3454 2892 annos
3473 2835 3528 2901 7,
3555 2835 3672 2890 dies
3706 2831 3786 2886 28.

2209 2932 2311 2987 Hie
2355 2932 2531 3003 primo
2577 2939 2819 3001 tempore
2861 2946 2974 2986 suae
3009 2927 3372 2986 ordinationis
3415 2927 3484 2983 ad
3512 2925 3787 2982 lectionem

2210 3021 2535 3092 sapientium
2575 3020 2762 3075 mundi
2795 3035 2854 3076 se
2889 3019 3137 3085 contulit,
3169 3019 3368 3074 dehinc
3415 3032 3557 3073 onus
3599 3012 3790 3071 vassal-

2209 3115 2406 3182 larum,
2449 3129 2588 3184 quos
2630 3129 2814 3170 secum
2845 3114 3149 3169 adduxerat
3189 3129 3256 3169 ex
3307 3113 3572 3168 comitatu
3615 3108 3788 3166 Carle-

2208 3204 2428 3265 manui,
2458 3203 2714 3260 decenter
2761 3212 2925 3273 atque
2971 3202 3289 3274 prudenter,
3327 3201 3454 3272 quia
3500 3201 3790 3272 gravabant

2207 3294 2530 3362 Ecclesiam,
2580 3309 2612 3350 a
2664 3308 2724 3350 se
2773 3293 3023 3350 removit.
3065 3291 3236 3363 Hujus
3282 3290 3556 3362 siquidem
3607 3286 3786 3360 patris,

2209 3393 2275 3447 de
2299 3406 2406 3462 quo
2435 3389 2730 3461 loquimur,
2771 3387 3009 3444 studium
3039 3385 3143 3442 fuit
3172 3385 3466 3457 magistros
3489 3382 3788 3439 litterarum

2207 3480 2526 3538 cbaritative
2553 3479 2826 3551 amplecti,
2871 3490 3169 3548 eorumque
3193 3474 3444 3546 alloquiis
3477 3480 3536 3529 et
3559 3469 3791 3529 consiliis

2207 3573 2308 3639 uti,
2344 3585 2553 3642 suaque
2596 3567 2846 3626 convivio
2869 3565 3208 3636 participari.
3252 3563 3521 3632 Quocirca
3570 3562 3678 3617 duo
3716 3558 3790 3614 lu-

2208 3660 2442 3716 minaria
2481 3658 2693 3728 collegii
2722 3656 2896 3713 nostri
2941 3653 3236 3726 Rainogala
3277 3661 3335 3709 et
3368 3651 3600 3723 Alagus,
3631 3649 3787 3706 colla-

2205 3751 2435 3806 borante
2461 3747 2685 3805 Herrico
2731 3749 3026 3817 tbeosopho
3049 3745 3209 3801 simul
3235 3751 3292 3800 et
3308 3744 3601 3808 monacho,
3627 3741 3784 3798 Gesta

2205 3840 2493 3913 praesuium
2517 3840 2674 3896 istius
2697 3840 2842 3896 sedis
2867 3838 3246 3909 compendiose
3280 3845 3446 3906 atque
3475 3833 3790 3891 commatice

2206 3929 2536 3987 elucubratis
2564 3929 2776 4001 paginis
2806 3928 3136 3983 indiderunt.
3169 3926 3294 3981 Fuit
3329 3939 3460 3980 vero
3507 3923 3640 3979 huic
3681 3922 3789 3975 viro

2206 4021 2419 4077 sincera
2465 4029 2520 4074 et
2567 4017 2956 4076 convisceralis
2997 4015 3234 4082 aﬂectio,
3273 4031 3396 4072 cum
3438 4013 3616 4070 servis
3657 4011 3788 4075 Dei,

2206 4126 2343 4180 quos
2387 4112 2464 4166 ita
2517 4110 2618 4165 sibi
2659 4109 2944 4165 unanimes
2990 4107 3150 4164 bonis
3198 4107 3314 4162 suis
3362 4106 3696 4170 reddiderat,
3737 4112 3790 4156 ut

2206 4202 2373 4266 etiam
2416 4201 2468 4254 in
2513 4199 2774 4254 extremis
2802 4213 3030 4268 pensum
3078 4197 3184 4253 diei
3234 4210 3336 4267 pro
3377 4195 3472 4251 illo
3516 4203 3786 4261 gratanter

2131 4303 2184 4363 D
2211 4293 2597 4364 persolverent.
2651 4289 2762 4345 Suo
2805 4290 2970 4346 etiam
3018 4296 3262 4360 tempore
3290 4287 3547 4358 praecipui
3579 4287 3785 4348 Patres,

2209 4383 2458 4442 dominus
2485 4383 2810 4453 Trutbertus
2831 4379 3041 4436 scilicet
3064 4389 3225 4450 atque
3265 4378 3541 4449 Hictarius
3583 4377 3784 4440 senior,

2208 4477 2578 4534 decesserunt.
2606 4473 2810 4530 Horum
2842 4472 3050 4543 primus
3093 4471 3410 4542 prophetica
3450 4470 3645 4540 spiritu
3684 4466 3784 4538 ple.
3863 4485 3868 4496 ι

2209 4584 2308 4624 nus
2351 4567 2686 4640 :rgritudinis
2733 4581 2844 4622 suae
2895 4574 3138 4636 tempore
3179 4564 3420 4629 mansit,
3459 4572 3514 4619 et
3553 4577 3585 4616 a
3635 4574 3788 4616 sacro

2207 4660 2420 4716 Domini
2470 4658 2715 4714 natalitio
2740 4697 2757 4724 ,
2799 4672 2910 4728 quo
2953 4657 3120 4729 erepit
3169 4665 3454 4728 aegrotare,
3502 4653 3783 4725 quosdam,

2202 4754 2294 4822 qui
2322 4752 2550 4807 deerant
2590 4766 2621 4805 a
2651 4749 2876 4821 collegio
2906 4750 3134 4806 fratrum
3178 4749 3331 4820 quasi
3361 4762 3596 4819 praesens
3626 4759 3785 4816 agno-

2203 4846 2419 4909 scebat;
2451 4857 2684 4914 sequens
2725 4856 2856 4898 vero
2884 4841 3036 4911 cujus
3063 4851 3206 4898 esset
3233 4841 3412 4897 meriti
3455 4841 3569 4896 dies
3611 4837 3785 4908 sepul-

2207 4945 2340 4990 tune
2367 4935 2571 5001 innuit;
2604 4932 2670 4987 ad
2701 4947 2863 5001 quam
2894 4947 3017 4989 cum
3060 4932 3274 4988 adesset
3302 4930 3604 5002 frequentia
3629 4929 3758 4985 cleri

2205 5040 2390 5081 corum
2421 5033 2477 5080 et
2507 5023 2708 5094 populi,
2754 5033 2812 5079 et
2843 5023 3158 5093 obsequium
3207 5021 3495 5094 sepeliendi
3531 5018 3783 5090 repende

2209 5126 2346 5180 rent,
2370 5115 2478 5170 ictu
2506 5131 2614 5170 una
2641 5114 2822 5169 mallei
2859 5113 3260 5185 corpusculum,
3296 5113 3439 5184 quod
3467 5113 3552 5167 vix
3599 5110 3782 5165 labore

2206 5209 2365 5262 unius
2394 5207 2498 5263 diei
2535 5205 2716 5278 parari
2746 5214 2980 5275 poterat,
3011 5213 3222 5261 sectum
3253 5214 3355 5261 est.
3402 5204 3548 5259 Talia
3579 5202 3779 5258 dixisse

2205 5312 2288 5336 mn
2314 5311 2472 5336 nnmn
2493 5295 2845 5336 ﬁnnninpnﬂal
2885 5294 2977 5336 end
3000 5293 3460 5336 nnihnenmioiliie
3483 5292 3778 5336 frlmhalllr.
