3910 5336
2275 245 2296 270 ἢ

137 362 217 421 253
1006 363 1092 418 DE
1131 362 1377 419 GESTIS
1416 361 1632 418 EPlSC.
1674 356 2059 416 ANTISSIOD.
2095 388 2164 399 —
2194 357 2374 415 PARS
2413 357 2452 414 1.
3271 358 3377 415 εδι

135 478 354 532 ardenter
400 474 756 530 desiderabat
799 475 904 530 huc
951 475 1239 542 advehere,
1279 475 1522 532 ecclesiae
1576 475 1694 530 the-
1725 455 1770 514 Α
1801 470 1930 536 bus,
1968 471 2267 542 saepissime
2307 479 2487 526 tamen
2525 470 2661 526 laetis
2692 485 2812 526 sese
2850 470 3139 542 immergit.
3184 470 3283 528 llic
3311 473 3380 526 ab

135 581 315 621 sant-um
340 579 402 618 ac
427 563 472 619 si
499 565 848 636 sacrilegium
873 565 1080 622 vitabat
1099 567 1436 638 contingere,
1466 564 1690 622 donaria
1799 563 2130 619 occidentali
2164 572 2316 633 parte
2343 564 2587 619 ecclesiae
2616 563 2790 620 sancti
2823 561 3086 632 Stephani
3117 561 3222 618 duo
3251 578 3379 619 con-

135 667 347 726 argentea
385 656 466 711 vel
500 672 669 714 aurea
698 657 963 728 palliaque
994 660 1296 728 peroptima
1336 667 1528 714 saneto
1556 673 1690 714 con—
1793 657 1994 711 struxit
2033 656 2263 711 altaria:
2307 657 2558 727 superius
2598 657 2650 710 in
2689 657 2896 711 honore
2933 665 3138 711 sancta:
3159 654 3376 721 Crucis,

136 747 231 802 tulit
269 745 561 816 Stephano.
613 748 980 804 Ecclesiarum
1029 750 1455 806 restaurationes
1486 751 1692 806 instan-
1792 763 1890 818 per
1923 761 2083 816 quam
2114 749 2259 803 onmi
2292 749 2492 802 mundo
2517 748 2662 802 salus
2701 745 2942 813 effulsit;
2985 747 3212 803 inferius
3246 760 3381 803 vero

137 839 304 892 tissime
346 838 580 908 peregit,
605 854 672 894 ac
701 854 798 894 suo
831 849 1073 909 tempore
1100 855 1238 909 pene
1282 840 1516 895 feliciter
1561 855 1690 895 con-
1792 841 1936 896 beati
1967 840 2213 912 Gregorii
2246 857 2343 912 pro
2383 842 2585 897 nostris
2611 839 3022 896 calamitatibus
3051 839 3383 896 intercesso-

134 931 406 992 summavit,
455 938 512 985 et
557 945 685 986 cum
716 931 956 986 nonnulli
986 931 1325 988 ditecesanos
1350 948 1477 989 suos
1503 946 1692 1002 exspo—
1793 933 1890 997 ris,
1913 933 2208 1001 eximiique
2229 932 2380 988 Pauli
2404 933 2670 1003 apostoli,
2695 933 2972 988 Amatoris
2999 931 3186 997 etiam,
3213 940 3379 1002 atque

135 1024 273 1086 lieut,
321 1022 764 1093 propinquosque
811 1023 1004 1089 ditent,
1053 1025 1154 1080 iste
1199 1041 1228 1079 a
1273 1023 1690 1094 consanguineis
1793 1018 2084 1084 Germani,
2113 1037 2179 1075 ac
2203 1020 2449 1085 Martini,
2479 1033 2534 1076 et
2560 1021 2839 1077 Benedicti
2869 1022 3076 1076 honore
3108 1021 3380 1076 honestis-

102 1114 336 1167 wuaxima
382 1115 696 1184 percipiens
723 1114 980 1170 Ecclesize
1021 1131 1132 1171 sua:
1177 1114 1300 1168 filiis
1344 1114 1691 1184 impertieba-
1793 1111 1930 1165 sime
1968 1111 2264 1176 dedicavit,
2301 1127 2414 1168 suae
2447 1110 2642 1168 salutis
2669 1112 3121 1189 nonimmemor,
3151 1111 3243 1181 qui
3282 1125 3378 1181 per

132 1216 437 1274 turrneque
475 1207 627 1262 enim
675 1206 885 1271 alienis,
929 1207 1024 1262 sed
1073 1206 1306 1278 propriis
1359 1206 1691 1278 transigebat
1792 1200 2011 1255 beatum
2040 1199 2361 1272 Gregorium
2388 1201 2626 1256 animam
2672 1201 2727 1255 in
2774 1200 2898 1255 imis
2942 1199 3090 1256 crebi
3131 1200 3378 1255 faucibus

133 1297 285 1357 donis;
328 1297 379 1352 in
429 1296 583 1350 omni
636 1297 886 1354 convictu
934 1306 1097 1368 atque
1136 1307 1348 1354 secreto
1398 1297 1690 1368 prasentia
1792 1290 2066 1361 alligatam
2105 1292 2343 1347 nondum
2377 1291 2631 1362 ὕει)ιίεωί
2671 1292 2892 1349 lavacro
2925 1301 3208 1357 "illatam.
3250 1307 3378 1348 cum

134 1400 313 1442 suorum
343 1401 472 1440 usus
500 1386 827 1442 clericorum
854 1430 868 1452 ,
900 1403 1007 1444 non
1043 1388 1254 1458 patiens
1281 1389 1576 1460 quidquam
1617 1389 1691 1444 si-
1793 1383 2009 1439 salubre
2045 1395 2224 1440 tamen
2254 1399 2318 1438 ac
2350 1383 2602 1455 generale
2628 1383 2885 1454 baptismi
2915 1390 3246 1452 praeceptum
3281 1398 3375 1437 su-

132 1479 324 1533 nistrum
373 1479 439 1532 de
488 1478 599 1534 illis
659 1481 849 1539 audire
898 1480 981 1536 vel
1031 1480 1216 1552 loqui;
1274 1490 1433 1537 utens
1480 1481 1688 1552 vulgari
1790 1475 1976 1544 pernis
2010 1475 2227 1531 sedibus
2263 1484 2493 1532 noverat
2527 1491 2647 1532 esse
2686 1476 2927 1540 illatum,
2971 1475 3176 1544 absque
3214 1474 3377 1529 dubio

132 1569 393 1638 proverbio,
416 1570 668 1626 nesciant
694 1571 814 1626 laici
839 1571 964 1642 quid
991 1571 1196 1628 faciunt
1219 1572 1423 1637 clerici,
1447 1580 1504 1627 et
1528 1587 1688 1642 pares
1790 1568 2074 1624 confidens
2109 1566 2226 1637 ejus
2272 1568 2534 1637 precibus
2557 1608 2570 1632 ,
2611 1581 2671 1622 se
2709 1580 2871 1637 posse
2903 1565 3070 1622 etiam
3109 1565 3163 1622 in
3203 1570 3379 1619 morte

134 1661 310 1727 paribus
348 1661 648 1716 socientur.
702 1661 848 1718 Mors
878 1672 1056 1718 autem
1085 1664 1376 1720 immatura
1403 1679 1528 1719 eum
1559 1666 1687 1718 sub-
1791 1659 2011 1714 salvari.
2053 1657 2469 1730 Congregationi
2507 1658 2742 1728 denique
2781 1657 2884 1713 sibi
2921 1657 3227 1713 commissae
3260 1670 3377 1709 me-

134 1750 278 1818 ripuit,
317 1751 406 1805 sed
446 1753 705 1809 Christus
747 1769 910 1824 super
938 1765 1084 1810 astra
1117 1757 1335 1812 sustulit
1379 1755 1533 1825 cujus
1564 1771 1686 1813 cor-
1721 1803 1759 1825 η
1791 1753 2042 1809 dietatem
2077 1751 2350 1807 Chicliirei
2378 1751 2539 1814 villae,
2569 1750 2717 1819 regio
2745 1749 3079 1805 confirmans
3107 1754 3379 1818 prmcepto

133 1843 245 1909 poris
301 1844 541 1900 membra
595 1844 830 1914 jSaxiaci
903 1849 1217 1903 monasterii
1289 1851 1423 1920 tegit
1493 1865 1630 1903 urna
1663 1889 1678 1913 ,
1716 1841 1761 1861 "
1789 1844 2066 1904 attribuit.
2100 1853 2159 1896 ut
2187 1843 2276 1897 die
2300 1857 2411 1898 suae
2436 1841 2830 1904 ordinationis,
2863 1842 3058 1910 suique
3082 1841 3264 1895 obitus
3289 1848 3377 1895 at-

134 1935 242 1988 dicnt
285 1950 349 1989 vn
390 1933 518 1991 ldus
567 1936 726 1992 Mart.
792 1939 987 1994 clausit
1038 1947 1366 2004 extremum,
1412 1941 1680 2009 supersti-
1785 1950 1891 2004 que
1927 1933 2156 1989 senioris
2196 1933 2278 1988 sui
2326 1932 2471 2002 regis
2514 1930 2808 1996 Ludovic1,
2839 1939 2894 1987 et
2925 1946 3210 1988 sacrorum
3240 1928 3380 1983 alia-

134 2033 214 2076 tem
257 2022 562 2093 relinquens
599 2025 844 2091 fratrem,
892 2029 982 2097 qui
1011 2029 1111 2083 sibi
1162 2027 1392 2084 feliciter
1416 2029 1574 2093 vixit,
1625 2037 1682 2084 et
1783 2023 1956 2088 rium,
1999 2023 2102 2078 hoc
2130 2030 2212 2077 est
2239 2029 2585 2092 cryptarum,
2623 2021 2980 2076 dedicationis
3019 2021 3108 2076 die
3148 2018 3376 2076 refectio

135 2111 199 2165 illa
221 2128 417 2183 quoque
443 2131 547 2184 pro
573 2117 696 2184 ejus
738 2119 1003 2174 memoria
1050 2119 1296 2174 facienda
1348 2119 1575 2191 largitus
1597 2132 1683 2176 es;
1781 2126 2018 2182 congrua
2050 2119 2353 2182 pararetur,
2383 2125 2492 2180 quo
2519 2109 2712 2165 saltem
2742 2111 2982 2166 muneris
3008 2110 3295 2166 collatione
3320 2119 3379 2166 ct

135 2203 172 2258 in
192 2203 309 2260 Rivo
336 2209 470 2264 duos
513 2226 738 2266 mansos
785 2226 908 2265 cum
949 2214 1113 2282 regali
1144 2223 1198 2268 et
1223 2214 1512 2284 episcopali
1545 2230 1678 2270 cor.-

1831 2220 1880 2259 3r
1903 2203 2145 2276 singulos
2175 2219 2350 2259 annos
2389 2203 2760 2259 venerationis
2795 2202 2912 2272 ejus
2951 2205 3093 2274 apud
3131 2212 3375 2274 posteros

137 2311 264 2351 sensu
291 2300 568 2356 canonicis
615 2303 784 2358 sancti
829 2301 1108 2371 Stephani,
1153 2314 1209 2358 ει
1252 2303 1304 2358 in
1335 2305 1681 2359 administra.
1783 2296 2137 2353 revivisceret
2180 2296 2460 2352 memoria.
2494 2295 2786 2352 Canonicis
2815 2311 3031 2367 quoque
3069 2296 3241 2351 sancti
3267 2295 3376 2350 Eu-

137 2393 245 2447 tione
267 2392 482 2450 luminis
505 2396 676 2450 divini
705 2397 893 2454 altaris
920 2398 1092 2453 sancti
1124 2397 1386 2470 Stephani
1418 2399 1471 2454 in
1495 2399 1680 2466 Pisca-
1779 2393 1914 2449 sebii
1947 2394 2002 2447 in
2046 2392 2368 2448 Molendiuis
2407 2391 2568 2458 villa,
2601 2406 2824 2447 mansos
2857 2391 3090 2446 contulit
3119 2399 3247 2445 octo
3272 2403 3372 2460 per

135 2482 226 2538 liolo
249 2484 360 2540 villa
389 2502 644 2545 mansum
674 2505 862 2545 unum.
1779 2491 2106 2555 praeceptum
2161 2483 2368 2552 regium
2427 2481 2816 2552 perpetualiter
2861 2497 3050 2538 eorum
3087 2482 3369 2536 destinatis

469 2618 608 2674 CAP.
649 2619 760 2675 XL.
794 2653 860 2662 _
898 2623 972 2678 De
1005 2622 1278 2678 Uribamo.
1781 2575 1925 2678 usui,
1954 2584 2230 2678 utneorum
2261 2573 2910 2678 interventufragilitatis
2935 2572 3077 2678 illius
3097 2571 3265 2676 .fierct
3288 2570 3374 2675 di-

595 2660 608 2674 ’
653 2660 760 2675 ⁴“⁴’
795 2660 858 2662 —
898 2660 969 2678 ""
1005 2660 1278 2679 "”"“"“"
1529 2671 1533 2674 ‘
1781 2667 1962 2723 lectio.
2017 2666 2299 2722 Postremo
2354 2666 2479 2721 dum
2519 2666 2648 2720 talia
2683 2674 2942 2737 aguntur,
2991 2665 3203 2720 SUbilus
3250 2663 3376 2718 Vim

189 2746 458 2805 Uribaldus
490 2791 506 2815 ,
570 2753 788 2808 natione
835 2754 1172 2827 Francigena
1201 2797 1216 2820 ,
1268 2759 1678 2819 Cameracensis
1784 2757 2004 2828 irrepsit
2041 2771 2274 2812 occasus
2308 2757 2660 2824 omniumque
2688 2770 2810 2826 quae
2839 2755 3092 2810 videntur
3128 2762 3182 2808 et
3219 2763 3363 2808 tran-

135 2838 328 2896 civitatis
354 2842 644 2913 indigena,
673 2861 702 2899 a
728 2845 1004 2904 Ludovico
1029 2850 1420 2919 gloriosissimo
1445 2867 1509 2907 ac
1535 2867 1678 2908 sem-
1778 2856 1936 2903 seunt
1959 2847 2190 2910 oblitus,
2221 2845 2334 2902 sola
2361 2845 2552 2901 mortis
2573 2845 2741 2914 coepit
2769 2843 3126 2914 trepidatione
3153 2843 3371 2912 urgeri,

133 2943 205 2994 per
223 2930 448 3003 Augusto
471 2936 608 2992 huic
630 2937 832 2993 civitati
862 2939 1075 2996 futurus
1097 2943 1336 2999 directus
1360 2953 1445 2999 est
1468 2946 1678 3014 episco—
1777 2951 1930 2992 reum
1970 2953 2030 2993 se
2067 2936 2359 2993 clamitans
2378 2977 2391 3001 ,
2421 2934 2910 2998 sceleratissimum
2941 2932 3206 2988 confitens
3227 2973 3241 2997 ,
3274 2946 3369 2986 ve-

133 3035 235 3087 ρης.
260 3025 585 3091 parentibus
612 3029 961 3087 nobilissimis
997 3033 1245 3104 genitus,
1274 3043 1430 3104 patre
1467 3036 1679 3091 scilicet
1778 3030 1923 3084 niam
1965 3045 1992 3084 a
2033 3030 2275 3094 cunctis,
2309 3037 2369 3084 ut
2407 3042 2633 3085 necesse
2672 3027 2884 3092 fuerat,
2920 3025 3166 3080 flebiliter
3205 3025 3373 3090 depo-

132 3110 386 3181 Leutfrido,
414 3120 693 3188 genitriee
722 3122 868 3178 Doda
887 3164 902 3188 ,
930 3124 1102 3194 legale
1131 3126 1360 3184 invicem
1389 3137 1537 3184 caste
1563 3144 1676 3184 ser-
1703 3156 1749 3218 C
1780 3138 1972 3188 scens,
2003 3136 2127 3192 spes
2157 3120 2224 3175 ad
2255 3119 2451 3176 ctelum
2483 3118 2733 3189 erigitur,
2780 3132 2936 3172 mens
2979 3124 3036 3172 ct
3079 3115 3365 3172 consilium

132 3205 337 3263 Vallllbtls
381 3210 502 3278 conj
523 3213 725 3282 ugium.
770 3213 869 3270 Hic
911 3231 940 3270 a
985 3217 1162 3286 primo
1201 3219 1377 3273 astatis
1419 3220 1674 3276 tirocinio
1707 3205 1749 3218 “
1780 3215 1848 3270 ad
1879 3214 2157 3271 Christum
2193 3227 2299 3267 non
2331 3225 2454 3267 sero
2485 3209 2848 3277 convertitur,
2883 3216 3047 3279 atque
3075 3215 3197 3278 post
3227 3207 3372 3263 beati

133 3296 456 3364 spiritualibus
488 3303 756 3359 imbuitur
782 3305 1107 3378 disciplinis,
1139 3309 1444 3365 liberalium
1473 3313 1674 3368 artium
1781 3305 2084 3376 Stephanj,
2116 3302 2271 3372 cujus
2299 3301 2413 3358 sedi
2445 3301 2772 3372 praefuerat,
2806 3301 3206 3365 interventum,
3237 3314 3368 3356 san-

132 3389 285 3447 studiis
333 3395 583 3465 apprime
637 3397 952 3464 instructus,
1003 3400 1228 3458 Joannis
1279 3403 1424 3459 Scoti
1472 3407 1561 3475 qui
1609 3420 1674 3461 ea
1778 3397 1849 3452 cti
1886 3395 2184 3452 Clementis
2225 3409 2283 3449 se
2321 3391 2598 3463 suffragiis
2635 3394 2960 3458 committit,
3001 3400 3168 3462 atque
3206 3391 3261 3446 in
3301 3389 3369 3445 li-

133 3485 404 3563 tempestate
432 3502 542 3555 per
564 3486 766 3544 Gallias
795 3490 1076 3560 sapientiae
1104 3493 1440 3550 diffundebat
1471 3496 1673 3561 radios,
1776 3487 1922 3542 mine
1965 3486 2158 3540 domus
2202 3491 2356 3540 extra
2400 3482 2690 3540 ecclesiam
2736 3483 2981 3553 corporis
3025 3482 3111 3538 sui
3153 3481 3373 3552 glebam

132 3570 270 3628 iactus
292 3577 679 3648 pedissequus,
723 3580 878 3652 cujus
914 3581 1253 3652 discipulatui
1299 3581 1458 3656 longo
1503 3585 1674 3642 inim-
1776 3579 1996 3648 sepeliri
2021 3577 2315 3647 efllagitat,
2343 3577 2531 3646 sicque
2563 3584 2706 3630 totus
2737 3590 3034 3631 conversus
3057 3575 3112 3630 in
3139 3573 3369 3636 melius,

134 3677 231 3719 rens
269 3675 540 3738 tempore,
570 3671 753 3726 divina
784 3673 948 3728 simul
977 3683 1033 3730 et
1067 3675 1300 3730 humana
1329 3678 1670 3747 prospicere,
1776 3669 1924 3725 felici
1961 3669 2028 3723 ad
2058 3668 2335 3724 Christum
2367 3666 2596 3720 transitu
2631 3665 2904 3737 migravit.
2937 3664 3110 3732 Quem
3141 3678 3250 3720 non
3279 3677 3374 3720 ex-

133 3767 344 3824 llmspera
379 3775 537 3830 teque
572 3768 628 3816 et
663 3761 884 3817 sinistra
909 3763 1105 3834 aequali
1136 3764 1293 3821 lance
1323 3765 1512 3820 didicit
1539 3780 1674 3836 pon-
1778 3774 1896 3827 tra,
1933 3763 2029 3818 sed
2070 3762 2215 3815 intra
2261 3759 2554 3816 ecclesiam
2601 3760 2744 3814 beati
2794 3759 3090 3814 Clementis
3130 3756 3364 3813 affectus

133 3843 304 3901 deme.
333 3848 543 3907 Dehinc
563 3849 865 3920 iuventutis
891 3854 1126 3910 solidum
1155 3856 1323 3912 robur
1347 3855 1577 3916 adeptus
1603 3858 1672 3912 ad
1775 3852 1907 3910 cleri
1951 3849 2232 3914 recondit,
2264 3863 2364 3919 per
2406 3863 2570 3918 quem
2619 3849 2809 3903 vivens
2856 3847 3038 3903 adhuc
3086 3847 3225 3918 apud
3256 3845 3366 3902 cle-

134 3933 270 3990 aulam
292 3938 632 3998 introductus
651 3951 735 3999 est
758 3944 985 4014 regiam,
1010 3946 1099 4001 ubi
1123 3947 1273 4017 regio
1296 3946 1536 4003 militans
1558 3962 1674 4003 ser-
1775 3942 2043 4000 mentiam
2089 3940 2289 3996 summi
2323 3939 2560 4010 judicis,
2603 3940 2804 3994 obnixe
2841 3953 2902 3994 se
2939 3938 3171 3995 credidit
3212 3936 3368 4006 adju-

132 4024 230 4080 vitio
246 4026 453 4088 Christo
479 4033 582 4088 sibi
609 4021 822 4090 favente
841 4034 1002 4104 hujus
1027 4037 1173 4093 sedis
1197 4037 1353 4093 Wala
1375 4039 1670 4096 decedente
1775 4038 1914 4093 vari.
1949 4037 2128 4093 Rexit
2170 4035 2456 4093 ecclesiam
2504 4032 2664 4088 annis
2703 4033 2769 4097 '7,
2821 4045 3010 4087 mense
3039 4032 3065 4086 1
3093 4071 3110 4097 ,
3155 4038 3212 4086 et
3248 4030 3364 4086 dic-

131 4115 356 4187 episcopo,
380 4124 579 4178 meruit
599 4126 874 4196 suscipere
899 4126 1154 4183 thronum
1178 4169 1192 4192 ,
1221 4128 1502 4199 praelibato
1544 4144 1671 4200 rege
1771 4131 1874 4186 bus
1895 4131 1960 4196 8,
1989 4128 2233 4199 obiitque
2259 4143 2312 4182 tv
2333 4126 2456 4181 ldus
2480 4124 2626 4179 Maii.
2659 4122 2854 4178 Mansit
2883 4121 3125 4184 Ecclesia
3152 4119 3358 4191 absque

132 4204 360 4268 Ludovico
378 4215 544 4285 digne
559 4215 878 4275 famulatum
901 4220 1047 4277 illius
1067 4222 1672 4292 remunerante,hujus-
1772 4222 2038 4296 pontifice
2071 4235 2286 4277 menses
2314 4220 2378 4285 5,
2409 4219 2525 4274 dies
2557 4217 2645 4272 l7.

132 4297 481 4419 ref-celem!)
504 4306 791 4419 etgcleri‘et
811 4310 986 4419 plebis
1013 4312 1357 4419 conniventia
1386 4314 1439 4368 in
1465 4329 1632 4418 unum
1653 4355 1668 4380 ,
2137 4353 2267 4410 CAP.
2307 4351 2445 4408 xu.
2486 4381 2556 4392 __
2594 4351 2671 4406 De
2710 4349 3005 4419 Hermi“.

133 4394 175 4477 ut
205 4393 422 4459 pontifex
464 4396 806 4454 ordinaretur
839 4401 1228 4472 applaudente,
1271 4404 1459 4474 sicque
1494 4406 1672 4477 opitu-

133 4474 242 4564 lante
263 4481 387 4550 Deo,
416 4501 540 4542 cum
563 4502 776 4544 summa
802 4493 966 4548 totius
985 4493 1166 4563 populi
1193 4474 1556 4551 exsultatione
1584 4497 1671 4552 die
1695 4503 1748 4564 υ
1845 4488 2150 4544 llerifridus
2173 4529 2186 4552 ,
2219 4487 2438 4541 natione
2464 4483 2850 4547 Carnotensis,
2883 4481 3021 4535 vixit
3046 4480 3282 4551 gloriose
3309 4481 3368 4537 in

134 4562 238 4622 Non.
282 4573 447 4642 April.
499 4577 566 4633 ab
611 4576 879 4649 Ansegiso
913 4562 1210 4640 venerabili
1257 4585 1664 4656 archiepiscopo
1696 4562 1728 4564 ﬁ
1773 4584 2090 4653 episcopatu
2117 4579 2190 4633 22
2213 4595 2366 4641 ann.,
2398 4593 2644 4633 mensem
2673 4578 2725 4640 l,
2752 4576 2868 4629 dies
2901 4573 2988 4627 l6.
3019 4573 3122 4628 llic
3153 4572 3236 4626 vir
3263 4585 3372 4625 no-.

136 4658 372 4718 ordinatus
403 4675 491 4722 est
521 4668 807 4740 episcopus
833 4689 846 4724 :
883 4671 973 4727 ubi
1003 4687 1168 4743 quam
1203 4673 1395 4729 floride
1431 4675 1664 4743 vixerit,
1772 4674 2071 4731 bilissimus
2111 4671 2343 4742 qualiter
2365 4670 2506 4724 hanc
2529 4667 2768 4737 suscepit
2797 4665 3115 4738 dignitatem
3139 4705 3152 4730 ,
3183 4662 3369 4733 qualis

136 4761 297 4838 quanto
329 4758 510 4815 studio
546 4760 764 4818 domum
804 4763 907 4818 sibi
946 4766 1209 4820 creditam
1246 4767 1539 4823 sublimare
1575 4783 1670 4824 νο-
1775 4769 1828 4823 in
1857 4766 2178 4838 pontificatu
2202 4805 2217 4828 ,
2248 4763 2426 4834 qualis
2451 4771 2504 4816 et
2532 4771 2657 4817 ante
2686 4759 2846 4814 fuerit
2873 4773 2980 4812 non
3010 4757 3246 4827 allegare
3275 4753 3374 4807 lit-.

140 4837 290 4908 luerit,
325 4863 486 4916 quam
523 4853 669 4908 mitis
702 4870 830 4926 erga
870 4872 1086 4925 gregem
1137 4859 1512 4926 Dominicum,
1561 4861 1668 4915 lar—
1775 4837 1908 4913 teris
1957 4853 2463 4911 indecentissimum
2516 4861 2632 4918 est,
2681 4865 2749 4905 eo
2801 4848 3071 4919 siquidem
3121 4856 3376 4913 leml‘m‘e‘

141 4946 304 5003 susque
348 4940 684 5011 dispensator
720 4947 1024 5014 exstiterit,
1052 4949 1206 5004 multi
1259 4951 1434 5006 adhuc
1481 4966 1667 5022 super-
1775 4947 2001 5005 Carolus
2042 4945 2178 5002 nulli
2216 4945 2423 5002 virtute
2453 4943 2730 5001 secundus
2765 4940 2932 4996 totius
2974 4937 3126 4993 orbis
3170 4935 3377 5005 gubcr-x

145 5032 262 5086 sunt,
290 5029 375 5095 qui
405 5031 575 5088 oculis
615 5050 674 5091 se
707 5035 911 5091 vidisse
941 5044 1226 5094 testantur.
1275 5038 1490 5094 Nullum
1534 5039 1665 5096 solis
1770 5041 1940 5095 nabat
1969 5038 2260 5110 imperium
2280 5078 2296 5103 ,
2329 5050 2440 5107 quo
2485 5035 2738 5106 hospite,
2772 5030 2962 5091 felices
2990 5028 3248 5082 exstitere
3277 5037 3375 5075 res

147 5121 293 5168 Istum
315 5158 329 5186 ,
358 5121 558 5177 nullum
597 5125 834 5197 denique
865 5127 1058 5185 hiemis
1095 5129 1355 5185 horrebat
1392 5130 1662 5197 algorem,
1773 5130 1980 5195 mundi,
2012 5132 2137 5199 quia
2172 5138 2229 5185 et
2256 5144 2349 5184 rex
2376 5126 2889 5200 philosophabatur,
2929 5131 2984 5174 et
3020 5112 3377 5187 ριιίιοεοριιυε-

148 5201 242 5267 ¹ι¹¹ί¹¹
266 5205 398 5264 “ea”
423 5216 839 5289 Pl‘Olomartyris
879 5215 1132 5287 Stephani
1177 5218 1436 5276 Ecclesia:
1481 5221 1665 5276 decori
1775 5223 1926 5290 regni
1967 5221 2356 5277 moderabatur
2398 5219 2691 5277 habenas:
2727 5230 2852 5270 nam
2881 5211 3007 5266 licet
3039 5210 3092 5262 in
3123 5206 3365 5336 divzrsa.

151 5295 329 5336 Mrvioil
384 5301 646 5336 ἱηαηιιη-ηο
738 5308 885 5336 “nlla
937 5311 1095 5336 ωηι...
1156 5327 1443 5336 ........._.......
1507 5313 1663 5336 ...υ-ιη.
1773 5320 1958 5336 -....,..,.
2017 5327 2200 5336 ..η-...η
2247 5311 2490 5336 ...ηηεηω
2551 5303 2960 5336 ..Αοιςηιςορὶιηηε
3053 5303 3212 5336 prmt
3254 5303 3365 5336 ere.-

151 5295 329 5336 Wffin“
384 5301 646 5336 incniln-no
738 5308 885 5336 Ilnl'A
937 5311 1095 5336 ινδ-,ΙΑΑ
1156 5327 1443 5336 ..ιιι-...Α-...ινι
1507 5313 1663 5336 ...ει-ξι...-

1838 5320 1958 5336 ...ιιι-ι
2017 5327 2200 5336 ...ι-...ιι
2247 5311 2490 5336 ..ι-,ιηὲη-ιι
2551 5303 2960 5336 ...ΑιΑηΙῖορῖιηηε
3053 5295 3369 5336 prmldm'ﬂ-
