3918 6316
496 372 601 429 255

1314 372 1605 430 ΑΡΡΕΜ).
1646 370 1738 427 AD
1775 368 1952 427 SEC.
1992 368 2060 424 Χ.
2099 356 2169 410 -λ
2206 368 2432 427 OPERA
2470 379 2866 429 ΔΔΕΣΠΟΤΙΚΔ.

3636 375 3726 433 23C

500 484 717 545 soboles
744 489 1124 553 destinabant,
1156 490 1292 545 certi
1319 489 1602 559 utriusque
1629 486 1924 556 disciplinae
1947 484 2081 556 dog-
2112 470 2156 527 Α
2186 498 2463 540 cessorum
2525 499 2749 541 suorum
2814 485 3004 541 domos
3069 487 3303 543 condere
3370 503 3510 544 mors
3569 489 3727 547 infelix

502 595 586 635 ma
638 581 838 651 oppido
878 579 1168 652 refulgere.
1213 580 1361 635 Inter
1397 579 1533 635 alios
1578 578 1813 648 denique
1859 576 2078 647 superbi

499 672 781 742 sanguinis
804 668 1030 740 juvenes
1058 712 1073 737 ,
1104 670 1237 725 inibi
1271 669 1668 725 exsultantibus
1705 668 1916 723 animos
1952 681 2082 722 con-

500 762 730 819 fluentes
748 805 762 827 ,
814 763 1001 818 aderat
1029 761 1287 833 prmfatus
1315 763 1399 817 vir
1427 778 1492 818 ex
1524 761 1860 817 nobilissima
1889 762 2085 815 Armo-

501 854 674 908 ricani
719 860 926 908 tractus
966 852 1219 924 prosapia
1267 852 1578 916 derivatus,
1626 849 1934 907 Herifridus
1982 866 2083 905 no-

502 945 686 1010 mine,
737 958 951 999 morum
997 942 1286 999 sanctitate
1334 942 1786 1013 probatissimus,
1838 940 1989 995 vultu
2025 948 2084 997 et

434 1088 447 1112 ,
506 1034 924 1089 conversatione
958 1032 1265 1103 angelicus,
1305 1031 1504 1087 ardens
1539 1031 1593 1086 in
1628 1029 1885 1085 humanis
1931 1038 2084 1084 tene-

499 1123 615 1178 bris
647 1123 843 1178 divinat-
868 1121 1344 1192 contemplationis
1373 1120 1577 1176 radius.
1608 1118 1780 1187 llujus
1804 1127 1958 1189 pater
1984 1118 2086 1174 He-

501 1211 724 1268 rifridus
756 1213 1067 1269 nominatus
1101 1221 1217 1277 est,
1258 1220 1434 1266 mater
1462 1225 1591 1266 vero
1619 1209 1971 1281 llisemberga
2001 1217 2085 1265 est

496 1312 828 1373 nuncupata.
882 1301 1102 1358 Nobiles
1151 1316 1381 1374 genere,
1430 1300 1725 1356 nobiliores
1774 1300 2083 1356 sanctitate.

498 1394 602 1460 Qui
657 1394 781 1455 licet
829 1394 1009 1451 forent
1052 1393 1324 1464 conjugati
1372 1393 1603 1458 smculo,
1655 1401 1778 1447 erat
1812 1401 1993 1448 tamen
2030 1392 2085 1447 in

409 1520 413 1525 ι
499 1486 819 1542 caelestibus
854 1485 1073 1542 illorum
1118 1486 1498 1543 conversatio:
1530 1488 1620 1554 qui
1649 1483 1932 1554 praefatam
1962 1498 2088 1554 pro-

500 1577 608 1633 lem
638 1586 826 1633 tenere
854 1578 1161 1649 diligentes,
1193 1577 1593 1650 Omnipotentis
1621 1587 1677 1634 ct
1706 1578 1877 1633 beatae
1904 1575 2089 1631 Mariae

510 1667 736 1722 servitio
769 1668 1126 1723 tradiderunt.

566 1758 630 1812 ‘ln
673 1757 998 1815 Carnotcnsi
1039 1758 1203 1825 urbe,
1233 1759 1374 1814 unde
1411 1767 1468 1813 et
1504 1758 1601 1828 ipsi
1629 1756 1865 1813 oriundi“
1889 1762 2082 1821 erant,

500 1849 704 1920 ingenti
728 1849 1094 1921 gratulatione
1125 1865 1248 1906 eum
1283 1858 1665 1906 tonsorantes:
1699 1848 1772 1902 ibi
1796 1845 2088 1916 aliquanti-

501 1954 628 2010 sper
670 1940 985 1996 liberalibus
1027 1940 1308 1996 institutus
1347 1940 1580 2006 studiis,
1620 1947 1680 1993 ut
1708 1938 1760 1993 in
1791 1952 1916 1993 eum
1944 1935 2092 1991 litte-

503 2030 634 2085 ralis
672 2030 896 2086 scientia
939 2042 1321 2095 concurreret,
1350 2030 1571 2086 domino
1600 2027 2091 2085 Ganterio‘sanctte

470 2122 914 2178 Aurelianensis
954 2122 1211 2179 Ecclesiae
1249 2122 1512 2194 episcopo
1541 2123 1592 2178 id
1619 2129 1978 2186 procurante,
2021 2133 2088 2174 ex

505 2214 661 2284 cujus
682 2222 1023 2283 processerat
1045 2214 1318 2285 progenie,
1342 2213 1407 2269 ad
1429 2211 1724 2284 supradicti
1745 2208 2092 2281 imperatoris

504 2303 824 2360 famulatum
852 2305 1156 2362 serviturus
1193 2306 1465 2376 dirigitur.
1511 2305 1626 2360 lllic
1651 2304 1810 2375 plene
1850 2302 2094 2372 Scriptu-

507 2410 691 2452 rarum
746 2409 1097 2470 perscrutans
1147 2405 1405 2474 paginas,
1465 2400 1698 2458 senioris
1747 2399 1836 2455 hic
1879 2397 2095 2452 inhaesit

503 2487 765 2555 servitio,
798 2499 859 2545 ut
888 2506 1167 2562 nunquam
1210 2493 1280 2548 ab
1321 2493 1439 2563 ejus
1482 2490 1643 2546 vellet
1662 2486 1950 2560 praesentia
1983 2485 2093 2541 dis-

503 2575 726 2643 cedere,
772 2595 1050 2650 nunquam
1111 2583 1179 2638 ah
1220 2581 1608 2639 ecclesiasticis
1648 2578 1882 2650 negotiis
1937 2590 2092 2646 sepa-

506 2668 641 2722 rari.
685 2668 895 2727 Interea
942 2673 1093 2729 urbis
1134 2674 1627 2730 Autissiodurensis
1654 2673 1708 2727 in
1736 2685 1901 2727 unum
1929 2668 2093 2724 collo-

506 2765 633 2812 cata
662 2758 797 2815 cleri
839 2769 896 2817 ct
932 2761 1104 2833 plebis
1144 2764 1430 2835 congerie,
1479 2762 1546 2819 de
1581 2760 1830 2832 eligendo
1872 2765 2093 2830 pastore

511 2850 797 2908 consilium
855 2856 1137 2925 quaeritur,
1185 2864 1348 2935 atque
1380 2856 1446 2912 ad
1484 2856 1646 2926 regite
1678 2848 2095 2925 magnificentia:
2134 2889 2142 2897 .

510 2956 672 2998 aures
714 2945 939 3001 nuntius
979 2947 1188 3017 percito
1224 2948 1522 3016 dirigitur:
1566 2962 1665 3002 nec
1694 2960 1844 3001 mora
1875 2957 1970 2998 rex
1997 2955 2095 3021 au-

506 3033 621 3087 dito
659 3035 923 3091 antistitis
961 3038 1108 3092 obitu
1129 3077 1143 3102 ,
1184 3039 1331 3094 omni
1361 3039 1676 3109 cupiditatis
1704 3038 1901 3092 ardore
1931 3034 2096 3101 depo-

502 3121 546 3174 si
556 3129 629 3186 to,
648 3124 825 3178 divina
848 3127 1231 3195 perordinante
1249 3127 1531 3183 clementia
1544 3127 1767 3184 consilio
1784 3126 1917 3181 aulae
1934 3122 2096 3193 regia:

2183 577 2477 646 prohibuit.
2531 575 2697 633 Multa
2741 576 2974 647 denique
3029 577 3266 647 praefatae
3328 580 3441 635 sedi
3487 581 3729 639 subtracta

2182 675 2339 724 erant
2362 669 2623 726 beneficia
2652 710 2668 736 ,
2719 684 2840 740 quae
2867 671 3054 726 solerti
3091 685 3219 727 cura
3269 687 3574 744 summaque
3619 676 3736 746 vigi-

2184 757 2349 814 lantia
2402 760 2672 831 regalibus
2725 762 3012 833 praeceptis
3073 776 3141 818 ac
3193 762 3497 833 apostolicis
3542 766 3729 835 privile-

2184 848 2287 920 giis
2335 852 2542 906 sancita
2598 865 2698 907 suo
2757 852 2880 908 loco
2938 852 3213 919 restituit,
3268 868 3337 909 ex
3387 855 3575 924 quibus
3623 856 3733 913 Mal-

2187 939 2310 996 liaci
2362 955 2487 996 cum
2540 943 2653 998 suis
2704 940 3028 1011 adjacentiis
3085 943 3434 1000 medietatem
3485 944 3629 1000 altari
3676 949 3731 1002 ad

2188 1030 2562 1089 concinnanda
2631 1033 2919 1089 luminaria
2972 1034 3238 1101 contulit,
3308 1035 3529 1093 alteram
3595 1053 3736 1095 cano-

2189 1122 2331 1179 nicis
2396 1123 2465 1177 ad
2531 1123 2883 1179 refectionem
2953 1124 3042 1179 die
3099 1125 3279 1180 obitus
3326 1126 3407 1181 sui
3456 1141 3733 1196 praaparan-

2189 1214 2314 1269 dam
2364 1215 2653 1271 concessit.
2697 1213 3040 1271 Crevennum
3087 1214 3253 1270 etiam
3301 1216 3481 1271 villam
3528 1226 3581 1272 et
3622 1217 3734 1273 Nar-

2190 1302 2400 1358 ciacum
2454 1318 2519 1359 ac
2571 1303 2871 1371 Noviorum,
2920 1320 3045 1361 cum
3099 1306 3216 1362 suis
3270 1308 3605 1378 appendieiis.
3645 1309 3732 1363 sibi

2190 1392 2412 1463 suisque
2447 1395 2854 1452 successoribus
2892 1406 3154 1466 perpetuo
3190 1399 3457 1453 servitura
3494 1398 3580 1454 diu
3616 1399 3737 1453 nuit-

2190 1492 2413 1554 tumque
2465 1485 2725 1542 laborans
2773 1488 3102 1558 impetravit.
3145 1487 3412 1543 Artadum
3448 1488 3663 1559 denique
3690 1498 3736 1545 et

2190 1573 2246 1629 in
2299 1562 2594 1645 Capilliaco
2648 1592 2896 1633 mansum
2936 1594 3100 1634 unum
3141 1579 3197 1634 in
3235 1579 3521 1636 Lindriaco
3556 1581 3700 1635 alium
3720 1620 3745 1643 ,η

2189 1675 2245 1721 et
2293 1666 2614 1723 farinarium
2641 1708 2658 1735 ,
2697 1670 2841 1740 quod
2877 1679 2965 1725 est
3012 1685 3169 1727 secus
3220 1686 3434 1726 murum
3478 1671 3647 1736 urbis,
3681 1675 3746 1726 ad.

2190 1758 2490 1827 parandum
2544 1759 2599 1814 in
2650 1759 2741 1814 die
2796 1760 3159 1816 ordinationis
3210 1777 3325 1816 suae
3376 1761 3605 1816 edulium
3648 1762 3737 1816 fra-

2199 1849 2374 1905 tribus
2423 1852 2716 1907 concessit.
2775 1852 3087 1909 Oratorinm
3146 1867 3278 1908 sane
3312 1852 3601 1909 beatissimi
3632 1854 3752 1910 Cle-

2196 1941 2427 2007 mentis,
2477 1940 2621 2010 quod
2669 1950 2753 1998 est
2807 1943 2861 1998 in
2914 1943 3105 1998 eadem
3148 1943 3325 2007 urbe,
3371 1941 3592 1999 flammis
3632 1959 3740 1999 etu-

2186 2041 2340 2088 .stum
2392 2033 2754 2100 restauravit,
2807 2034 2969 2104 eique
3020 2049 3118 2104 per
3170 2034 3600 2105 deprecationem
3649 2033 3739 2089 lie-

2197 2124 2444 2179 rimberti
2472 2163 2491 2190 ,
2563 2124 2653 2195 qui
2731 2125 2818 2181 bis
2881 2123 3006 2194 jure
3076 2125 3431 2191 beneﬁciario
3496 2126 3739 2191 utebatur,

2197 2212 2575 2269 Cliimiliacum
2614 2213 2797 2269 villam
2843 2229 2969 2270 cum
3016 2214 3249 2270 ecclesia
3294 2215 3467 2271 sancti
3512 2215 3740 2279 Andreae,

2200 2302 2323 2372 quae
2379 2311 2462 2360 est
2516 2304 2573 2358 in
2624 2303 2935 2375 Gurgiaco,
2989 2305 3276 2371 attribuit,
3330 2315 3591 2376 prazcepto
3635 2320 3746 2362 con-

2198 2393 2421 2451 firmans
2476 2394 2647 2466 regio.
2720 2395 2921 2451 Eodem
2990 2406 3187 2467 pacto,
3256 2407 3316 2452 ut
3378 2399 3515 2453 idem
3564 2398 3744 2453 lteritn-

2198 2485 2388 2540 bcrtus
2437 2485 2694 2542 Ecclesiae
2731 2486 2833 2543 sibi
2873 2489 3178 2545 commissae
3216 2489 3558 2546 fidelissimus
3592 2489 3744 2552 illius.

2198 2578 2290 2648 qui
2320 2578 2561 2633 omnium
2592 2577 2944 2634 ecclesiarum
2975 2580 3364 2636 restanrationi
3390 2589 3509 2653 post
3536 2580 3749 2652 przeliba-

2201 2679 2314 2725 tum
2355 2670 2665 2742 pontificem
2698 2671 3006 2737 insudavit,
3038 2672 3244 2728 eisdem
3285 2674 3446 2729 rebus
3481 2673 3644 2727 adhuc
3682 2669 3747 2723 vi-

2199 2774 2333 2815 vens
2362 2758 2655 2826 frueretur,
2683 2776 2937 2831 unusque
2958 2770 3082 2832 post
3116 2761 3302 2828 illum,
3334 2777 3494 2834 quem
3520 2761 3745 2831 eligeret,

2198 2851 2567 2922 propinquus,
2599 2851 2785 2922 sicque
2813 2854 3117 2908 necessaria
3148 2852 3378 2923 praefato
3403 2852 3746 2909 subministrau

2202 2946 2324 2993 rent
2367 2939 2609 2996 oratorio
2634 2979 2650 3006 ,
2690 2948 2744 2995 et
2782 2940 2870 2996 die
2925 2939 3240 2997 festivitatis
3277 2941 3452 2997 sancti
3490 2939 3758 2997 Clementis:

2200 3030 2429 3102 martyri
2470 3045 2770 3103 congruum
2821 3032 3102 3088 canonicis
3133 3032 3479 3103 impertirent
3526 3040 3744 3102 pastum,

2206 3106 2477 3189 quatenus
2528 3121 2700 3194 ipsius
2745 3125 2887 3194 apud
2934 3125 3103 3181 Deum
3154 3126 3574 3197 omnipotentem
3614 3126 3758 3179 inter-e

501 3226 809 3281 procerum,
837 3192 1264 3273 acclamantibus
1288 3219 1522 3285 cunctis,
1560 3219 1778 3295 domino
1801 3192 2088 3274 Herifredo
2118 3192 2163 3254 (ἶ
2196 3218 2387 3275 venit),
2420 3211 2508 3266 cui
2549 3192 2815 3285 angelicis
2841 3215 3008 3270 etiam
3040 3215 3295 3271 manibus
3325 3217 3378 3272 in
3412 3215 3543 3271 mari
3571 3228 3748 3286 pm?"

502 3317 625 3357 cum
691 3320 901 3362 summa
977 3310 1279 3365 reverentia
1352 3312 1683 3367 nominando
1756 3311 2083 3383 pastoralem

502 3395 716 3451 confert
768 3398 1060 3463 baculum,
1123 3411 1288 3470 atque
1342 3403 1410 3457 ad
1468 3402 1837 3459 Senonensem
1895 3402 2084 3458 urbem

501 3484 691 3555 dirigit
741 3490 1126 3546 ordinandum.
1181 3493 1351 3558 Quem
1388 3493 1762 3549 divinissimus
1798 3495 2113 3565 archipon--

505 3576 636 3633 tifex
700 3579 991 3637 Gauterius
1060 3599 1184 3638 cum
1250 3599 1465 3640 summo
1533 3585 1740 3641 honore
1809 3586 2086 3656 excipiens

504 3681 770 3724 consensu
828 3671 968 3726 .cleri
1034 3683 1089 3727 et
1161 3673 1332 3742 plebis
1399 3673 1526 3730 illuc
1578 3674 1737 3744 hujus
1785 3676 1863 3731 rei
1912 3676 2113 3747 gratia-

504 3755 867 3826 confluentis,
928 3760 1226 3818 festivitate
1283 3765 1458 3819 sancti
1513 3763 1773 3832 Joannis,
1830 3782 1937 3837 qua
1990 3782 2082 3822 ca-

506 3849 619 3918 pite
670 3853 900 3921 praeciso
949 3854 1258 3911 cmlestibus
1293 3864 1377 3910 cst
1432 3857 1736 3913 insinuatus
1789 3857 2115 3921 sacrariis.-

505 3941 560 3994 in
587 3939 793 4011 Nigello
818 3943 1068 4001 (-mnobio
1101 3946 1405 4013 ordinavit,
1441 3955 1495 4002 et
1528 3963 1651 4003 cum
1679 3962 1888 4002 summa
1908 3948 2089 4002 exsul-

508 4033 715 4090 talione
764 4036 821 4091 in
871 4037 1013 4093 hanc
1050 4039 1234 4093 sedem
1290 4038 1700 4094 intlironizavit.
1757 4038 1859 4093 Ubi
1909 4038 2085 4107 quali.

506 4131 591 4179 ter
627 4124 861 4190 vixerit,
899 4136 957 4182 et
992 4142 1154 4198 quam
1193 4127 1429 4183 nobilem
1476 4144 1536 4184 se
1584 4143 1943 4198 normamque
1981 4129 2090 4184 vir-

506 4224 682 4270 tutum
736 4218 990 4274 onmibus
1047 4217 1371 4289 prazhnerit,
1428 4218 1548 4290 plus
1606 4227 1929 4290 supersunt,
1994 4220 2089 4291 qui

398 4371 407 4378 ‘
507 4305 624 4361 haec
671 4305 791 4362 luce
844 4307 1043 4363 clarius
1086 4317 1330 4363 norunt:
1379 4317 1437 4365 et
1479 4309 1734 4379 quoniam
1778 4310 1949 4366 hostis
1990 4311 2093 4365 ltu-

507 4395 656 4450 mani
695 4398 909 4468 generis
946 4400 1207 4456 adversus
1236 4399 1413 4470 justos
1452 4402 1685 4473 amplius
1732 4402 1939 4459 fraudis
1975 4417 2087 4459 suae

504 4490 734 4561 pervigil
809 4492 981 4547 tendit
1049 4494 1417 4563 muscipulas,
1484 4496 1696 4551 diversa
1771 4496 1901 4552 huic
1967 4497 2086 4551 viro

2195 3308 2312 3353 rata
2339 3309 2422 3357 est
2456 3300 2672 3370 domus,
2727 3303 3016 3361 criminum
3043 3304 3303 3362 fluctibus
3329 3314 3657 3362 exoneratam
3693 3302 3758 3357 ad

2191 3403 2405 3448 aeternae
2437 3396 2636 3465 quietis
2680 3406 2891 3466 portum
2924 3413 3036 3454 suae
3087 3398 3309 3455 virtutis
3345 3400 3574 3456 anchora
3604 3398 3750 3452 intro.

2191 3483 2446 3551 duceret,
2479 3494 2533 3543 et
2557 3486 2860 3544 clementiae
2890 3505 3001 3545 sua:
3032 3490 3155 3545 sinu
3200 3488 3410 3562 iugiter
3452 3489 3746 3547 confoveret.

2190 3570 2355 3642 quue
2384 3574 2586 3631 domini
2617 3576 2860 3633 Gauterii
2900 3580 3369 3648 archimandritas,
3402 3596 3611 3652 suaeque
3635 3579 3747 3633 dim-

2189 3677 2374 3718 ceseos
2403 3665 2717 3734 pontificum
2741 3669 3068 3725 auctoritate
3098 3670 3151 3724 in
3181 3680 3505 3743 perpetuum
3534 3667 3749 3726 durabile

2191 3755 2390 3809 sanxit.
2450 3756 2505 3810 ln
2533 3758 2764 3814 Arbrico
2814 3774 3032 3829 quoque
3081 3776 3270 3817 mansa
3319 3772 3565 3835 quatuor,
3618 3757 3747 3816 altari

2191 3844 2437 3899 ecclesias
2463 3845 2522 3900 S.
2555 3844 2840 3918 Stephani,
2889 3849 2943 3903 in
2973 3850 3262 3907 archiclavi
3313 3852 3550 3908 dominio
3576 3851 3749 3906 condo-

2191 3935 2361 4000 navit,
2416 3936 2469 3990 in
2522 3935 2791 3994 Senonico
2839 3940 3003 3996 etiam
3056 3956 3195 4012 pago
3231 3954 3287 3999 et
3338 3944 3589 4000 comitatu
3629 3938 3746 4010 apud

2190 4028 2496 4085 Noerolium
2560 4031 2744 4088 villam
2805 4049 2969 4102 supra
3021 4034 3241 4091 ﬂuvium
3293 4036 3541 4093 lchaunze
3585 4045 3745 4090 mansa

2191 4121 2443 4178 videlicet
2488 4139 2673 4191 χχχιιι,
2737 4133 2793 4180 et
2847 4126 3060 4181 tertiam
3116 4137 3330 4197 partem
3372 4127 3583 4194 mansi,
3630 4122 3748 4195 quod

2190 4213 2463 4282 quondam
2512 4213 2616 4270 fuit
2644 4215 2969 4273 beneficium
3000 4218 3297 4289 Aganonis,
3349 4235 3471 4277 cum
3522 4215 3746 4275 alodioin

2189 4300 2441 4358 Pomerio
2471 4304 2591 4359 villa
2627 4321 2789 4376 supra
2814 4306 3037 4363 fluvium
3067 4308 3284 4377 Orosae,
3307 4312 3451 4381 quod
3479 4306 3753 4378 Wulfagius

2191 4401 2381 4449 sancto
2427 4394 2704 4466 Stephano
2747 4397 2895 4453 dedit
2948 4400 3015 4455 ad
3076 4403 3484 4457 restaurandam
3531 4397 3756 4456 ecclesia

2194 4482 2362 4555 ipsius
2412 4487 2665 4558 martyris
2709 4486 2970 4544 fabricam
3022 4490 3077 4545 in
3135 4491 3440 4549 ministerio
3489 4485 3758 4547 archiclavi-

505 4546 803 4651 apostiilico
850 4583 1077 4654 ingessit
1123 4546 1448 4652 ιεηιέιηιῑητί,
1499 4594 1559 4641 ιιι
1604 4601 1637 4641 a
1681 4586 1928 4642 veritatis
1978 4594 2091 4641 ira-
2121 4546 2455 4643 Dcontulit,
2501 4591 2567 4633 eo
2597 4587 2776 4634 tamen
2822 4588 3029 4647 tenore,
3079 4589 3140 4636 ut
3173 4590 3231 4637 et
3256 4582 3434 4637 villam
3463 4592 3516 4639 et
3544 4579 3763 4637 alodium-

507 4675 638 4726 mite
685 4675 1080 4729 exorbitantem
1131 4675 1198 4729 ad
1246 4690 1342 4730 sua
1389 4675 1531 4730 male
1579 4676 1812 4731 suadens
1848 4683 2089 4732 verteret

506 4766 754 4821 consilia.
776 4767 1117 4837 Narncivitas
1138 4767 1431 4838 improvise
1452 4767 1684 4824 ﬂammis
1704 4779 1917 4835 exusta,
1944 4768 2090 4839 peni-

508 4870 594 4913 tus
646 4875 802 4915 versa
855 4862 1023 4915 estin
1074 4860 1284 4916 cineres
1329 4869 1538 4914 tantum
1588 4868 1643 4915 et
1697 4861 1913 4915 rudera.

579 4949 675 5005 llis
728 4950 799 5004 ita
853 4951 1050 5020 gestis,
1101 4951 1303 5006 cbarus
1360 4950 1564 5006 domini
1627 4949 1927 5006 lleril‘ridus
1984 4949 2088 5005 hoc

507 5045 692 5099 animo
760 5044 968 5099 induxit
1037 5059 1171 5109 suo,
1239 5059 1513 5112 nunquam
1578 5043 1679 5098 sibi
1740 5042 1958 5112 aliquod
2011 5041 2119 5095 fa»

507 5145 721 5190 cturum
781 5136 833 5190 in
892 5137 1025 5191 urbe
1083 5135 1499 5199 habitaculum,
1550 5133 1725 5189 donec
1788 5133 1933 5188 aedes
1994 5132 2089 5188 Dei

505 5227 768 5295 ecclesia,
811 5227 1017 5283 scilicet
1054 5227 1226 5282 beatae
1270 5239 1486 5295 semper
1519 5224 1747 5294 virginis
1798 5222 1981 5277 Mariae
2026 5237 2091 5279 ac

507 5320 683 5377 sancti
743 5319 1006 5386 Joannis,
1077 5319 1345 5390 simulque
1403 5319 1561 5389 primi
1630 5318 1889 5390 martyris
1968 5316 2091 5372 Sto—

508 5414 672 5481 pbani
738 5413 793 5467 in
855 5413 1141 5483 pristinum
1212 5411 1587 5482 redigerentur
1650 5419 1874 5465 statum.
1940 5407 2093 5477 Quas

508 5521 674 5574 parvo
717 5515 1006 5561 contentus
1054 5504 1318 5576 tuguriolo
1362 5520 1487 5561 mox
1533 5503 1863 5559 reaniificare
1891 5502 2086 5572 cmpit,

509 5606 565 5649 et
613 5595 852 5651 funditus
902 5611 995 5651 eas
1021 5610 1185 5666 opere
1239 5594 1470 5649 mirifico
1517 5593 1822 5650 exornavit.
1874 5590 1932 5646 lu
1984 5591 2083 5646 hu-

505 5685 738 5754 jnsmodi
767 5687 944 5742 studio
972 5702 1141 5757 usque
1193 5687 1261 5742 ad
1311 5687 1438 5743 vita:
1489 5684 1779 5740 terminum
1832 5697 2117 5752 permanL

507 5779 612 5845 sit,
674 5777 862 5848 sicque
922 5779 1167 5837 ecclesiis
1230 5779 1483 5836 nobiliter
1550 5775 1867 5844 restructis,
1940 5785 2092 5831 antc-

2186 4668 2300 4739 jam
2323 4669 2497 4724 dictus
2522 4669 2826 4742 Wulfagius
2856 4687 2923 4727 ac
2946 4671 3089 4728 filius
3114 4672 3231 4743 ejus
3256 4673 3512 4731 Anseisns
3538 4677 3745 4728 teneant.

2195 4769 2251 4815 ct
2279 4760 2335 4814 in
2365 4775 2530 4816 censu
2561 4777 2651 4828 xv,
2705 4763 2907 4819 solidos
2954 4765 3264 4822 arcbiclavo
3303 4767 3621 4836 persolvant.
3658 4761 3757 4816 lllis.

2195 4871 2324 4912 vero
2368 4857 2620 4922 mortuis,
2668 4858 2870 4913 eaedem
2919 4875 3008 4914 res
3052 4859 3107 4914 in
3152 4860 3510 4916 miniStcrium
3553 4857 3747 4913 redeant

2197 4947 2515 5004 archiclavi.
2576 4948 2863 5003 lnuumera
2916 4950 3127 5021 quippe.
3163 4959 3292 5006 sunt
3338 4949 3629 5007 sanctitatis
3649 4942 3748 5012 ejus

2194 5040 2448 5109 insignia,
2478 5055 2599 5110 quae
2623 5042 2842 5112 penitus
2863 5043 3072 5097 narrari
3095 5043 3334 5099 carnalis
3354 5042 3532 5114 lingua
3555 5038 3747 5096 minime

2192 5129 2437 5186 sufﬁciet.
2490 5130 2646 5187 Nunc
2695 5132 2964 5203 siquidem
3004 5134 3220 5189 beatum
3266 5135 3439 5190 virum
3468 5134 3532 5190 de
3557 5129 3747 5189 Christo

2186 5223 2386 5294 jugiter
2432 5223 2793 5279 ruminantem
2847 5224 3460 5297 :egritudogpodagricae
3509 5216 3753 5293 passionis

2192 5314 2373 5369 subito
2402 5314 2619 5380 invasit,
2673 5314 2939 5386 cbiragraa
2982 5314 3153 5371 etiam
3177 5329 3243 5371 ac
3275 5314 3513 5370 omnium
3566 5311 3615 5366 in
3643 5321 3745 5362 cor-

2192 5420 2323 5477 pore
2345 5417 2561 5459 artuum
2586 5404 2813 5475 languor
2839 5404 3048 5476 ingens,
3062 5405 3272 5475 qua-diu
3296 5403 3621 5472 multumque
3640 5410 3743 5467 gra-

2193 5506 2348 5551 vatus
2393 5505 2477 5552 est
2532 5494 2825 5552 molestia:
2878 5495 2975 5550 sed
3028 5503 3207 5551 tamen
3257 5495 3468 5550 animus
3511 5508 3539 5546 a
3585 5487 3750 5543 divina-

2194 5586 2542 5644 mcditatione
2577 5601 2852 5656 nunquam
2897 5586 3123 5642 vacabat
3165 5586 3338 5642 beata:
3362 5597 3570 5655 semper
3594 5575 3742 5648 virgi-

2193 5678 2278 5733 nis
2300 5678 2481 5735 Mariae
2505 5693 2571 5733 ac
2599 5677 2771 5735 sancti
2800 5675 3025 5733 Joannis
3049 5676 3346 5734 Dominicis
3384 5665 3751 5731 lncarnationis

2194 5770 2377 5844 pracvii
2408 5810 2423 5838 ,
2469 5784 2679 5827 nccnon
2728 5767 2892 5824 etiam
2939 5767 3143 5824 domini
3183 5765 3443 5839 Stephani
3499 5756 3741 5831 suffragiis
