3918 6316
159 413 253 467 257

1073 401 1160 459 DE
1197 402 1443 459 GESTIS
1481 403 1697 460 EPISC.
1742 403 2125 462 ANTISSIOD.
2171 437 2238 449 —
2272 407 2452 464 PARS
2483 409 2523 462 I.

3309 413 3410 468 £58

152 527 340 598 jugiter
379 537 438 579 se
483 519 778 592 efﬂagitans
809 520 1059 576 relevari.
1115 520 1356 588 Quadam
1401 531 1583 576 autem
1633 521 1720 576 die
1751 504 1796 564 Α
1824 535 2051 590 corpore
2087 522 2290 585 sensit,
2321 537 2425 592 qua
2455 522 2774 594 aegritudine
2801 539 3086 590 percussus
3133 525 3199 581 ad
3235 529 3409 584 sancti

159 615 504 674 validissimus
536 625 713 668 tumor
742 613 967 683 pedibus
1011 612 1129 682 ejus
1155 627 1276 668 sese
1308 612 1553 684 ingessit,
1583 613 1720 668 adeo

157 719 209 763 ut
231 706 466 777 sapiendi
493 719 556 760 ac
583 704 870 759 mandendi
901 702 1215 760 facultatem
1246 704 1295 760 ei
1335 705 1548 774 penitus
1579 703 1722 758 vela-

159 809 229 854 ret
256 815 268 851 ε
302 806 413 852 tum
442 795 620 850 subito
647 809 843 850 corvus
861 794 972 850 ales
1000 795 1326 850 cadaverum
1351 794 1527 850 amica
1551 795 1720 849 oblita

155 886 368 958 propria:
396 893 602 940 naturae
636 892 846 956 partem
873 885 1072 948 stanni,
1101 901 1209 955 qua
1241 885 1414 939 fuerat
1441 885 1722 940 cochleare

155 987 489 1048 coopertum,
533 991 627 1030 ore
671 976 855 1048 patulo
892 977 1155 1046 arripuit,
1203 983 1257 1030 et
1311 984 1438 1030 ante
1485 975 1720 1046 episc0pi

155 1069 435 1126 fenestram
492 1067 647 1136 juxta
701 1082 866 1138 quam
910 1067 1207 1133 cubitabat,
1272 1064 1547 1136 projecit:
1601 1081 1722 1137 quas

153 1159 314 1213 stanni
368 1157 636 1228 particula
680 1166 806 1214 ante
857 1158 1139 1228 praesulem
1199 1156 1362 1212 allata
1410 1165 1515 1221 est,
1557 1172 1721 1226 quam

154 1247 372 1318 pontifex
403 1248 695 1318 arripiens,
719 1247 969 1304 invocato
1000 1247 1209 1303 Domini
1243 1247 1494 1316 nomine,
1530 1245 1724 1303 ﬁdens-

153 1356 244 1411 que
268 1358 322 1396 se
349 1341 564 1397 meritis
587 1341 758 1396 sancti
801 1341 1059 1411 Stephani
1085 1355 1241 1412 posse
1261 1341 1439 1396 sanari
1469 1348 1722 1395 stannum

153 1431 358 1502 pedibus
411 1431 1052 1501 superposuit,moxque
1103 1430 1257 1487 dolor
1288 1431 1570 1495 abscessit,
1623 1445 1724 1486 nec

153 1522 352 1585 mirum,
389 1522 438 1576 si
467 1523 582 1577 haec
611 1522 727 1577 avis
756 1521 967 1577 Domini
1003 1522 1232 1592 imperio
1269 1522 1533 1592 malagma
1576 1523 1728 1593 pedi-

151 1614 238 1668 bus
290 1613 464 1668 sancti
513 1613 614 1667 viri
672 1612 920 1678 contulit,
973 1627 1092 1680 quae
1139 1612 1306 1667 etiam
1347 1612 1475 1666 Elia:
1526 1611 1724 1667 famem

151 1703 311 1758 carnis
335 1702 519 1759 edulio
547 1703 756 1760 refecit.
784 1703 1110 1772 Aliquandiu
1133 1712 1394 1773 praeterea
1410 1703 1726 1758 desiderans

149 1795 213 1849 uti
284 1795 560 1866 colloquio
624 1795 828 1851 domini
900 1795 1148 1850 Rithueri
1209 1795 1724 1866 Augusttetricorum

1821 609 2053 664 Andreze
2099 612 2382 667 ecclesiam
2429 614 2631 683 pernici
2679 629 2866 684 gressu
2895 617 3174 689 confugit,
3233 620 3412 690 ibique

1823 699 1964 768 quod
2016 701 2288 755 residuum
2328 704 2503 759 noctis
2549 704 2769 771 fuerat,
2824 706 3050 764 Domino
3099 711 3408 782 supplicans

1823 791 2068 862 peregit,
2133 792 2326 848 dehinc
2384 794 2733 852 illucescente
2781 799 2868 854 die
2922 815 3076 856 sacra
3119 803 3408 859 missarum

1825 879 2090 936 solemnia
2147 881 2520 940 celebraturus
2575 887 2893 958 accingitur.
2956 890 3074 956 Quo
3135 893 3326 948 hausto
3383 911 3414 950 a

1823 969 2006 1027 divino
2033 971 2184 1026 fonte
2214 975 2460 1039 consilio,
2513 990 2665 1046 corp.
2707 988 2761 1032 et
2785 993 2936 1050 sang.
2971 981 3124 1035 Dom.
3177 981 3414 1042 libamen
3499 1031 3507 1040 .

1823 1070 2084 1126 sumeret,
2121 1071 2182 1116 ut
2226 1063 2343 1133 ejus
2364 1065 2564 1121 virtute
2602 1078 2793 1123 cuncta
2826 1070 3153 1128 infirmitatis
3189 1075 3414 1131 infcsta-
3469 1093 3476 1102 '

1826 1151 1904 1206 tio
1929 1153 2360 1222 conquiesceret.
2407 1156 2560 1224 Quod
2616 1159 2795 1213 divina
2843 1162 3017 1218 virtus
3061 1167 3264 1234 petenti
3306 1183 3412 1222 non

1827 1245 2119 1317 denegans.
2154 1246 2301 1302 Illico
2321 1249 2467 1302 enim
2490 1257 2547 1303 ut
2577 1251 2962 1321 redemptionis
2993 1266 3190 1311 nostra:
3213 1260 3413 1313 donum

1827 1335 2205 1392 intestimabile
2235 1353 2331 1392 ore
2362 1339 2626 1408 sumpsit,
2653 1340 2888 1396 febrium
2927 1342 3076 1398 calor
3104 1359 3166 1398 ac
3205 1347 3249 1400 si
3278 1363 3417 1401 nun-

1826 1441 1987 1496 quam
2040 1428 2090 1482 in
2122 1443 2186 1483 eo
2213 1427 2424 1495 fuisset,
2473 1430 2774 1487 exstinctus
2823 1442 2924 1488 est.
2983 1433 3115 1489 Illud
3155 1444 3417 1504 prattcrea

1828 1531 1938 1571 non
1965 1518 2348 1585 omittendum,
2393 1523 2538 1591 quod
2569 1532 2624 1577 et
2651 1523 2703 1577 in
2735 1525 2864 1580 sede
2898 1526 3213 1594 pontificali,
3265 1538 3312 1583 et
3361 1531 3414 1584 in

1828 1604 1962 1662 locis
1987 1607 2404 1679 circumpositis,
2463 1612 2796 1683 divulgatum
2844 1615 3130 1683 novimus;
3170 1632 3420 1676 asserunt

1830 1699 1973 1754 enim
2006 1700 2083 1767 hi,
2109 1701 2200 1770 qui
2235 1701 2382 1758 illius
2422 1711 2664 1776 tempore
2699 1706 3038 1765 scholaribus
3067 1711 3262 1767 studiis
3291 1713 3420 1769 insi-

1830 1791 2067 1855 stebant,
2110 1795 2253 1864 quod
2298 1795 2342 1850 si
2375 1811 2535 1852 mane
2572 1797 2690 1866 ejus
2728 1798 3122 1869 benedictione,
3169 1815 3264 1860 aut
3313 1808 3421 1862 sal-

147 1885 392 1955 episcopi,
426 1884 674 1940 villarem
711 1899 876 1954 supra
907 1885 1132 1939 fluvium
1162 1884 1412 1940 lcbauna:
1442 1885 1594 1951 adiit,
1619 1900 1727 1955 quo
1757 1860 1802 1919 Β
1834 1891 1939 1939 tem
1970 1887 2256 1955 praesentia
2286 1887 2390 1943 frui
2436 1899 2796 1956 mererentur,
2847 1908 3088 1960 omnem,
3132 1912 3198 1952 ne
3225 1913 3292 1953 eo
3331 1901 3420 1954 die

147 1975 388 2044 pnefatus
439 1974 683 2046 pontifex
736 1975 993 2032 alacriter
1039 1975 1233 2030 obvius
1285 1975 1582 2046 processit,
1635 1974 1727 2030 ubi

150 2069 326 2124 mutuis
387 2083 509 2124 sese
559 2066 912 2123 confoventes
971 2067 1348 2139 amplexibus,
1400 2068 1614 2140 longam
1661 2070 1729 2124 de

149 2159 391 2230 religione
434 2158 710 2229 protulere
739 2159 1090 2214 sententiam.
1136 2157 1266 2214 Erat
1297 2167 1480 2215 autem
1507 2159 1578 2215 ibi
1601 2158 1730 2216 fons

148 2249 447 2305 delicabiles
476 2249 742 2305 ebulliens
781 2264 973 2320 aquas,
1003 2264 1140 2319 quas
1169 2249 1251 2304 vir
1277 2249 1595 2320 magnificus
1627 2250 1726 2306 Ile-

148 2340 352 2397 rifridus
407 2341 698 2412 episcopus
733 2342 947 2397 intuens
991 2340 1238 2412 lagenam
1285 2341 1508 2396 fictilem
1537 2342 1725 2398 eadem

149 2431 343 2503 lympha
375 2432 590 2502 plenam
615 2432 814 2488 deferri
848 2433 1033 2504 jussit,
1082 2447 1334 2504 equoque
1381 2433 1646 2498 insidens,
1673 2442 1729 2490 et

149 2520 272 2578 facto
297 2523 536 2593 desuper
573 2523 750 2578 crucis
794 2523 949 2594 signo
996 2538 1090 2579 vas
1137 2524 1370 2595 accepit.
1418 2524 1519 2578 Ast
1554 2541 1727 2595 equus

152 2614 508 2671 ferocissimus
562 2615 810 2687 lagenam
865 2615 1144 2670 insolitam
1191 2631 1355 2686 super
1396 2631 1455 2672 se.
1487 2618 1727 2673 sentiens

151 2708 392 2773 exsilivit,
443 2708 633 2778 sicque
679 2721 777 2762 vas
827 2715 887 2762 ut
933 2707 1150 2777 plenum
1203 2706 1379 2762 fuerat
1425 2706 1540 2763 solo
1572 2716 1728 2764 tenus

151 2800 397 2870 projecit:
433 2800 571 2855 mira
603 2815 692 2856 res
721 2817 735 2854 :
782 2815 878 2856 vas
907 2800 1053 2856 enim
1086 2808 1146 2854 ut
1172 2800 1389 2871 plenum
1427 2798 1620 2865 fuerat,
1663 2815 1727 2856 ac

152 2893 188 2946 si
245 2893 498 2948 manibus
550 2891 745 2946 leniter
798 2891 1195 2960 deponeretur,
1261 2905 1424 2960 super
1481 2889 1724 2946 tellurem

152 2984 356 3048 resedit,
399 2993 455 3037 et
485 2997 656 3052 aquas
697 2982 751 3037 in
797 2997 939 3047 sese,
972 2998 1042 3037 ne
1068 2989 1446 3052 vergerentur,
1479 2982 1721 3038 retinuit.

152 3075 310 3130 Mirati
356 3083 484 3130 sunt
527 3090 718 3130 omnes
751 3075 842 3145 qui
873 3075 1122 3129 aderant.
1169 3072 1315 3128 Idem
1345 3088 1558 3143 quoque
1591 3072 1726 3142 lym-

151 3168 293 3238 pham
324 3169 392 3224 ad
419 3183 478 3222 se
508 3168 723 3223 demum
770 3165 1035 3238 reportari
1061 3166 1258 3236 jussit,
1291 3173 1346 3220 et
1384 3180 1581 3220 nomen
1616 3165 1720 3220 Do-

153 3259 268 3314 mini
324 3259 653 3314 benedicens
723 3256 1177 3313 sullicientissime
1236 3257 1457 3322 hausit,
1520 3271 1725 3325 suoque

152 3350 457 3419 coepiscopo
499 3357 554 3403 et
585 3347 806 3419 reliquis
851 3348 956 3402 hoc
1002 3346 1392 3401 admirantibus
1436 3345 1725 3400 bibendam

153 3441 304 3495 dedit.
358 3440 471 3495 lloc
513 3438 767 3494 meritum
799 3437 964 3493 fuisse
1014 3435 1289 3508 pontificis
1337 3434 1590 3491 Herifridi
1618 3475 1634 3501 ,
1675 3444 1729 3490 et

155 3533 338 3588 domini
372 3531 590 3586 Ritbuei
631 3546 792 3586 nemo
819 3544 1009 3586 sanum
1057 3528 1274 3598 sapiens
1304 3526 1528 3582 dubitet.
1556 3526 1728 3582 Caete-

156 3639 263 3678 rum
306 3633 425 3694 post
470 3621 630 3693 longa
679 3621 824 3676 inter
867 3636 927 3676 se
977 3618 1232 3674 affamina
1277 3626 1334 3672 et
1361 3616 1538 3671 dulcia
1587 3616 1728 3672 inter

156 3723 356 3769 sanctos
398 3713 608 3780 oscula,
637 3712 838 3783 quique
871 3711 1149 3768 redierunt
1173 3709 1228 3764 in
1254 3724 1372 3765 sua.

215 3805 450 3875 Cumque
499 3807 567 3860 ad
616 3805 853 3862 civitatis
880 3805 1082 3861 moenia
1133 3803 1385 3860 dominus
1423 3801 1726 3859 Herifridus

157 3899 318 3953 redire
344 3901 687 3971 disponeret,
729 3899 1054 3969 deprecatus
1093 3906 1176 3953 est
1206 3893 1325 3967 ejus
1370 3895 1726 3965 magnificen-

160 3991 273 4046 tiam
303 3991 744 4048 Hermembertus
790 3990 864 4045 illi
912 3990 1285 4053 fidelissimus,
1337 4005 1446 4059 quo
1478 3987 1728 4044 iueccle-

161 4086 280 4139 siam
319 4085 492 4140 sancti
541 4083 772 4139 Andrete
807 4097 928 4154 qua:
958 4090 1044 4138 est
1087 4081 1141 4136 in
1169 4080 1443 4152 Gurgiaco
1469 4095 1531 4135 ea
1569 4088 1728 4135 nocte

162 4185 449 4232 moraturus
471 4175 769 4241 secederet,
801 4175 885 4231 cui
920 4173 972 4229 id
1007 4173 1150 4244 quod
1176 4173 1394 4243 petebat
1435 4172 1724 4228 concessit.

166 4266 251 4320 Ubi
275 4283 335 4323 ea
357 4268 442 4323 die
471 4275 715 4323 moratus
740 4275 855 4332 est;
910 4278 1148 4336 cumque
1177 4278 1240 4318 ea
1267 4279 1386 4334 quae
1416 4262 1725 4333 pontiﬁcem

164 4357 433 4422 decebant,
485 4356 742 4427 praefatus
771 4355 1216 4412 flermembertus
1242 4363 1595 4425 praepararet,
1643 4369 1730 4409 re-

165 4459 304 4516 pente
323 4449 553 4506 febrium
579 4464 778 4519 vapore
805 4449 886 4503 sle
923 4462 1187 4503 accensus
1211 4454 1297 4502 est
1323 4488 1337 4510 ,
1375 4456 1432 4501 ut
1463 4446 1595 4500 nihil
1625 4445 1726 4500 nisi

1831 1975 2000 2045 virgis
2026 1986 2121 2032 aut
2148 1979 2338 2035 baculo
2369 1981 2709 2038 caederentur
2729 2025 2744 2049 ,
2779 1985 3054 2042 exclusam
3082 1976 3202 2045 esse
3233 1989 3421 2046 formi-

1831 2065 2058 2122 dinem:
2098 2069 2353 2126 omnibus
2405 2073 2603 2143 quippe
2647 2076 2829 2130 omnia
2875 2077 3050 2136 factus
3083 2089 3200 2146 est;
3262 2099 3420 2139 senes

1831 2154 1975 2209 enim
1998 2156 2063 2210 ad
2091 2157 2298 2227 potiora
2327 2174 2425 2216 suo
2465 2161 2730 2218 invitabat
2750 2168 2997 2238 exemplo
3016 2210 3031 2234 ,
3056 2171 3284 2240 juvenes
3308 2173 3422 2243 pla-

1831 2245 1973 2312 cido,
2008 2262 2076 2303 ne
2097 2248 2426 2320 desiperent,
2478 2254 3056 2330 corrigebateloquio,
3106 2263 3421 2321 adolesceu»

1831 2347 1914 2394 tes
1938 2340 2156 2410 pietatis
2204 2359 2428 2401 summae
2473 2351 2812 2406 sustentabat
2857 2354 3081 2423 gremio.
3121 2355 3318 2412 divites
3364 2369 3422 2414 ut

1831 2446 1926 2487 sua
1957 2432 2174 2488 domino
2200 2434 2546 2506 largireutur,
2602 2455 2768 2511 seque
2797 2442 3105 2500 divitiarum
3138 2447 3420 2518 dispensa-

1834 2530 1978 2578 tores
2017 2539 2122 2578 non
2153 2525 2399 2581 dominos
2429 2528 2752 2584 constitutos
2776 2546 2896 2586 esse
2922 2535 3420 2604 reminiscerentur,

1821 2611 1938 2684 jugi
1970 2615 2146 2671 studio
2173 2615 2535 2683 informabat;
2569 2621 2894 2690 pauperibus
2918 2623 3080 2679 etiam
3110 2626 3257 2682 velut
3280 2627 3419 2682 hila-

1829 2703 1906 2757 ris
1932 2704 2087 2758 dator
2121 2719 2216 2758 sua
2246 2705 2468 2762 minime
2496 2707 2752 2778 negabat:
2789 2726 2912 2765 nam
2938 2718 3166 2770 clericos
3203 2717 3341 2786 stipe
3368 2726 3425 2773 et

1828 2791 2068 2846 vestibus
2099 2791 2420 2864 indigentes,
2454 2795 2689 2864 quandiu
2726 2799 2934 2866 aderat,
2969 2817 3152 2857 secum
3183 2814 3244 2859 ut
3285 2805 3424 2863 ﬁlios

1829 2880 2148 2951 reficiebat,
2215 2894 2516 2954 cunctaque
2579 2889 2878 2944 necessaria
2949 2893 3421 2951 subministrabat.

1826 2969 2037 3025 Alicubi
2101 2987 2318 3043 quoque
2375 2974 2726 3042 proﬁciscens
2779 2980 3096 3036 nominatim
3153 2985 3416 3056 singulos,

1827 3076 1962 3131 quos
1986 3065 2281 3120 necessitas
2305 3067 2551 3136 urgebat,
2602 3079 2826 3141 propter
2863 3075 3184 3131 canonicum
3213 3080 3416 3135 victum

1822 3150 2027 3223 jugiter
2048 3154 2244 3220 diario,
2277 3157 2449 3212 donec
2479 3159 2702 3226 rediret,
2732 3163 2996 3220 ministris
3039 3166 3183 3222 alere
3232 3172 3426 3239 pra-ei-

1827 3243 2029 3313 piebat.
2062 3244 2229 3313 Hujus
2265 3255 2384 3301 erat
2416 3250 2604 3314 studii,
2645 3251 2806 3321 hujus
2840 3253 3216 3312 sollicitudinis
3255 3269 3316 3314 ut
3355 3261 3423 3316 de

1827 3337 1952 3390 ovili
1982 3337 2258 3394 Dominico
2286 3339 2486 3394 nullam
2535 3357 2688 3397 ovem
2729 3343 2838 3414 lupi
2878 3344 3082 3416 jugiter
3111 3350 3420 3409 insidiantis

1829 3442 2044 3484 morsus
2085 3428 2351 3485 laceraret
2373 3470 2388 3493 ,
2430 3431 2522 3486 sed
2555 3441 2611 3486 ut
2647 3434 2822 3490 bonus
2853 3445 3039 3505 pastor
3066 3453 3281 3510 gregem
3314 3444 3416 3497 sibi

1827 3517 2093 3574 creditum
2139 3519 2465 3590 jejunando,
2519 3527 2924 3593 peruoctando,
2971 3531 3176 3586 orando
3214 3531 3422 3603 jugiter

1829 3607 2175 3664 defendebat.

1902 3697 2040 3752 Dum
2075 3699 2202 3754 talia
2235 3709 2492 3770 aguntur,
2533 3704 3057 3774 omnipotentissima
3105 3710 3421 3782 dispositrix

1829 3795 1885 3843 et
1916 3788 2247 3846 moderatrix
2274 3792 2583 3862 aequissima
2612 3795 2708 3850 Dei
2737 3796 2911 3852 virtus
2932 3797 3135 3870 Deique
3157 3803 3422 3871 sapientia

1831 3877 2016 3934 famuli
2049 3882 2131 3936 sui
2160 3882 2410 3938 meritum
2438 3883 2666 3954 probare
2709 3901 2818 3941 non
2853 3888 3062 3943 distulit
3090 3908 3102 3943 :
3138 3907 3259 3945 nam
3292 3909 3420 3962 pro-

1830 3969 1972 4026 fixus
1998 3970 2227 4043 languor
2251 3988 2563 4044 compagem
2591 3977 2834 4046 corporis
2860 3979 3097 4049 graviter
3119 3980 3419 4038 dissolvere

1829 4067 2013 4135 coepit,
2064 4066 2137 4121 ita
2185 4075 2243 4121 ιιι
2275 4066 2480 4122 nullum
2536 4069 2838 4125 membrum
2885 4086 2985 4126 suo
3028 4072 3232 4127 valeret
3268 4074 3421 4144 jungi

1829 4156 2027 4213 officio.
2066 4155 2176 4212 Nec
2202 4167 2378 4213 tamen
2407 4159 2486 4214 sic
2516 4175 2547 4214 a
2598 4160 2694 4215 Dei
2722 4161 2805 4215 sui
2837 4162 3088 4218 cessabat
3113 4165 3376 4234 obsequio
3405 4184 3418 4219 :

1831 4247 2012 4319 lingua
2037 4250 2180 4302 enim
2208 4257 2413 4304 tantum
2441 4250 2726 4308 incolumis
2766 4253 2952 4310 Iaudes
2981 4255 3192 4310 Domini
3239 4273 3423 4327 perso-

1831 4339 2032 4401 nabat,
2085 4340 2310 4410 ejusque
2363 4351 2598 4397 mentem
2651 4342 2954 4398 divinarum
3015 4345 3422 4416 Scriptararum

1833 4430 2114 4485 meditatio
2139 4430 2482 4496 confovebat,
2523 4440 2688 4501 utque
2725 4432 2778 4487 in
2829 4433 3009 4489 futuro
3057 4435 3282 4491 salutari
3321 4438 3421 4492 ho-

167 4537 406 4596 fervorem
437 4540 681 4596 sentiret.
731 4539 884 4605 Quod
923 4537 1224 4594 Herifridus
1270 4537 1535 4608 gloriosus
1587 4538 1727 4608 τιερί-

1834 4521 1959 4588 stia,
1988 4537 2108 4592 qua:
2137 4522 2386 4578 Christus
2428 4531 2536 4588 est,
2568 4539 2676 4578 non
2721 4525 3005 4596 indigeret.
3053 4527 3165 4597 ipse
3202 4527 3254 4580 in
3289 4544 3424 4598 prae-

1839 4610 1974 4631 ,μη
2016 4611 2184 4631 .Α,,,,,
2237 4611 2350 4631 __,___
2403 4611 2558 4631 LL.
2821 4613 3010 4631 A____,..
3054 4627 3078 4631 _
3293 4624 3304 4631 .
3382 4615 3392 4626 .

166 4631 318 4699 ciens,
356 4633 609 4688 invocato
651 4630 868 4687 nomine
909 4629 1158 4691 Domini,
1209 4645 1278 4684 ne
1326 4629 1558 4698 amplius
1589 4629 1730 4683 hanc

169 4724 368 4779 sentiret
411 4722 742 4787 molestiam,
802 4735 898 4791 per
929 4721 1180 4776 eumdem
1235 4721 1521 4776 Dominum
1558 4720 1727 4775 inter-

169 4810 302 4877 dixit,
331 4827 564 4882 moxque
587 4811 744 4886 dolor
767 4809 943 4865 omnis
976 4808 1029 4863 in
1051 4823 1118 4863 eo
1143 4809 1452 4878 conquievit
1485 4827 1498 4862 :
1540 4808 1732 4864 deinde

171 4901 273 4957 cibo
303 4913 515 4974 sumpto
547 4917 655 4957 nox
701 4902 829 4967 ruit,
873 4909 928 4956 et
970 4901 1319 4972 praescriptus
1355 4901 1551 4972 praesul
1582 4902 1735 4955 cubi-

172 5001 264 5047 tum
299 4995 554 5066 perrexit.
597 4994 766 5066 Igitur
813 4993 1158 5063 omnipotens
1198 4993 1340 5049 Deus
1379 4994 1519 5049 sicut
1556 5009 1734 5048 secre-

173 5092 325 5140 torum
373 5095 647 5142 scrutator
701 5093 788 5140 est
841 5084 1379 5156 incircumscriptus,
1439 5086 1514 5139 ita
1566 5085 1730 5139 etiam

171 5190 333 5233 servos
361 5193 490 5232 suos
525 5176 755 5231 diversis
794 5175 1003 5231 occulte
1029 5176 1361 5231 examinavit
1404 5175 1730 5247 generibus:

170 5283 381 5338 namque
411 5279 472 5323 ut
502 5284 560 5325 se
584 5267 750 5322 habet
784 5267 1021 5322 humana
1052 5266 1337 5335 fragilitas,
1370 5275 1592 5338 propter
1621 5276 1736 5321 tan-

173 5366 268 5412 tum
295 5359 393 5414 sibi
433 5357 688 5414 collatum
743 5372 938 5412 munus
975 5371 1043 5412 ne
1089 5371 1148 5412 se
1192 5356 1390 5426 praesul
1434 5357 1735 5421 extolleret,

172 5455 336 5515 aestus,
389 5462 527 5518 quos
575 5461 671 5502 sua
703 5445 1067 5502 obtestatione
1111 5453 1166 5500 et
1194 5447 1390 5502 merito
1424 5447 1491 5501 ab
1519 5445 1740 5501 alterius

173 5549 376 5608 corpore
400 5536 690 5601 submovit,
729 5537 796 5596 ad
825 5534 1072 5606 proprias
1113 5534 1258 5590 vires
1299 5534 1444 5604 justa
1487 5533 1580 5588 Dei
1612 5549 1738 5590 sen-

175 5629 321 5682 tentia
345 5629 586 5694 retorsit,
627 5627 824 5698 quippe
847 5627 940 5698 qui
979 5625 1134 5680 lzetus
1181 5634 1235 5680 et
1288 5624 1575 5680 incolumis
1621 5634 1738 5680 toro

178 5720 396 5775 membra
456 5721 792 5790 intempesta:
849 5717 1026 5773 noctis
1083 5715 1298 5772 silentio
1355 5715 1649 5783 locaverat,
1707 5730 1738 5770 a

181 5820 349 5869 somno
375 5812 642 5869 excitatus
668 5811 938 5884 ingentem
978 5807 1208 5866 febrium
1249 5806 1489 5863 dolorem
1527 5806 1578 5862 iu
1629 5815 1741 5863 toto

1836 4610 1974 4664 senti
2015 4611 2189 4664 hostia
2237 4611 2357 4664 viva
2402 4611 2585 4676 flebat,
2639 4627 2770 4666 usus
2813 4613 3013 4682 egregii
3054 4614 3426 4681 praedicatoris

1839 4701 1988 4755 Pauli
2020 4700 2265 4770 exemplo
2311 4702 2580 4757 dicentis:
2621 4701 2734 4773 Ego
2770 4700 2882 4770 jam
2909 4703 3159 4758 immolor
3191 4714 3246 4760 et
3293 4715 3426 4761 tem-

1839 4808 1940 4864 pus
1965 4809 2099 4848 mere
2149 4793 2498 4849 resolutionis
2546 4793 2758 4849 instat:
2812 4794 3043 4851 ﬁdenter
3072 4797 3180 4852 dici
3227 4807 3424 4868 potest,

1841 4887 1968 4956 quia
2009 4889 2075 4940 ad
2105 4902 2259 4942 suum
2291 4887 2634 4958 omnipotens
2666 4887 2804 4942 Deus
2834 4887 3095 4944 invitabat
3117 4890 3425 4962 collegium,

1838 4976 1990 5046 cujus
2012 4976 2064 5030 in
2097 4977 2256 5031 terris
2286 4977 2494 5046 positus
2521 4976 2829 5032 sectabatur
2857 4979 3162 5050 exemplum
3195 4997 3208 5033 :
3242 4981 3426 5034 trista-

1837 5069 1994 5124 batur
2022 5068 2199 5124 clerus
2235 5068 2446 5138 lugubri
2496 5069 2744 5123 marroris
2775 5067 2939 5138 pallio
2967 5070 3196 5134 obsitus,
3240 5085 3303 5124 ac
3327 5086 3425 5140 ρει-

1837 5158 2001 5214 storis
2030 5158 2406 5214 benedictione
2456 5157 2722 5229 indigens,
2769 5173 3003 5228 eumque
3051 5158 3264 5213 diutino
3310 5157 3427 5211 Ian-

1834 5264 2002 5322 guore
2062 5249 2277 5319 fatigari
2337 5250 2652 5321 suspirans,
2727 5248 3145 5304 lamentabatur.
3219 5248 3425 5303 Pratsul

1835 5353 2014 5398 autem
2065 5350 2125 5396 ut
2170 5341 2405 5397 vicinum
2473 5341 2645 5397 sensit
2695 5341 3131 5412 appropinquare
3193 5339 3421 5402 exitum,

1839 5434 2016 5490 sciens
2040 5448 2144 5488 non
2178 5447 2334 5502 posse
2371 5434 2515 5504 quod
2545 5431 2938 5486 deliberaverat
2967 5429 3248 5498 prolicere,
3280 5443 3428 5482 sum-

1845 5541 1986 5580 mam
2015 5525 2380 5590 dcnariorum,
2410 5539 2572 5594 quam
2604 5523 2668 5576 ad
2693 5521 2794 5576 hoc
2817 5519 3124 5588 collegerat,
3172 5518 3418 5588 disperti-

1845 5619 1942 5685 vit,
1991 5618 2209 5689 triginta
2242 5616 2448 5672 scilicet
2475 5615 2640 5669 libras
2667 5613 2734 5667 ad
2783 5610 3082 5666 faciendam
3107 5618 3232 5664 ante
3256 5608 3428 5680 altare

1848 5709 2020 5768 sancti
2051 5709 2312 5781 Stephani
2341 5706 2573 5762 tabulam
2601 5722 2615 5772 ;
2639 5703 2829 5774 viginti
2853 5716 3064 5772 quoque
3089 5701 3154 5756 ad
3184 5701 3426 5756 ornanda

1847 5804 2020 5862 beatae
2044 5801 2224 5858 Maria:
2245 5799 2495 5871 beatique
2537 5795 2761 5854 Joannis
2812 5793 3002 5850 altaria
3033 5811 3045 5846 :
3082 5793 3430 5850 reminiscens
