3910 5336
491 369 595 424 259

1357 367 1647 423 APPEND.
1689 368 1779 422 AD
1815 366 1990 422 διιΕΟ.
2040 367 2108 422 Χ.
2148 399 2216 414 ρ-
2256 368 2482 425 OPERA
2518 380 2902 430 nemorum.

3683 372 3788 428 260

493 466 800 537 ecclesiam.
833 481 1008 536 sancti
1064 480 1281 536 Eusebii
1306 481 1519 552 penitus
1564 494 1686 536 esse
1739 481 2090 547 destructam,
2122 468 2172 526 Α
2198 491 2284 537 est
2303 480 2560 547 ofﬁcium,
2593 482 2860 554 simulque
2889 499 3010 539 cum
3045 499 3111 538 eo
3159 483 3637 540 archidiaconatus
3658 498 3790 555 pro-

492 571 643 626 dedit
667 571 714 625 ei
744 570 796 624 in
827 570 1148 626 Loconuaco
1179 569 1316 625 villa
1346 585 1534 626 mansa
1556 571 1662 626 duo
1705 579 1760 626 et
1786 569 2088 636 dimidium,

494 663 550 717 in
581 663 806 720 Ceriaco
829 662 1098 730 similiter,
1149 663 1203 717 in
1251 677 1389 733 aqua
1433 661 1588 718 Niolo
1621 661 1832 717 tertiam
1878 671 2089 730 partem

495 757 692 822 mansi,
739 756 1084 812 medietatem
1113 756 1274 810 altari
1315 754 1628 820 conferens,
1667 753 1891 809 alteram
1924 767 2088 810 cano—

494 845 635 901 nicis
671 844 911 914 ejusdem
949 845 1050 902 loci
1099 845 1352 917 largiens,
1405 845 1566 915 idque
1597 843 1752 914 longe
1779 853 1906 899 ante
1944 858 2090 899 mor-

497 948 608 994 tem
640 938 1083 1008 coepiscoporum
1113 953 1335 994 suorum
1363 938 1614 993 manibus
1639 944 1898 1006 perpetuo
1931 937 2093 992 dura-

501 1039 679 1084 turum
710 1029 965 1098 ﬁrmavit,
995 1029 1201 1101 reliqua
1227 1030 1408 1086 omnia
1432 1029 1708 1084 canonicis
1733 1027 1952 1099 suisque
1977 1043 2091 1082 cro-

498 1120 646 1191 gavit
678 1120 944 1176 ﬁdelibus.
994 1120 1200 1188 Nudus,
1250 1121 1535 1190 inquiens,
1570 1134 1722 1176 more
1749 1121 1924 1175 sancti
1968 1119 2089 1186 Job,

495 1229 751 1286 egressus
787 1232 906 1272 sum
956 1232 1026 1273 ex
1073 1226 1229 1273 utero
1266 1218 1457 1272 matris
1505 1231 1673 1283 meae,
1715 1217 1890 1272 nudus
1926 1225 1980 1272 et
2008 1233 2093 1272 re-

495 1315 680 1364 vertar
717 1308 874 1374 illuc;
924 1309 1177 1365 omnibus
1218 1309 1364 1365 enim
1395 1310 1654 1366 membris
1688 1311 1948 1366 emortuis
1978 1310 2093 1366 sola

497 1397 554 1453 in
594 1413 690 1454 ore
736 1399 917 1471 lingua
967 1400 1236 1471 palpitans
1266 1401 1494 1458 Domino
1533 1402 1912 1459 conﬁtebatur.
1955 1402 2092 1471 Quid

495 1487 650 1558 plura
671 1490 694 1543 ?
716 1487 954 1546 Tandem
976 1492 1242 1564 aegritudo
1269 1508 1366 1563 per
1395 1501 1547 1549 artus
1588 1492 1782 1550 diﬁ'usa
1811 1495 1877 1550 ad
1907 1494 2093 1550 vitalia

497 1580 679 1635 rediit.
743 1582 1008 1639 Convenit
1064 1584 1173 1642 illic
1217 1586 1435 1656 copiosa
1489 1588 1728 1644 civitatis
1781 1588 2089 1644 multitudo.

495 1675 804 1731 Occurrunt
823 1692 1013 1733 omnes
1038 1677 1432 1736 benedictionis
1457 1696 1686 1736 munera
1716 1681 2092 1752 implorantes,

495 1767 687 1823 aderat
712 1767 890 1825 clerus
932 1769 1173 1854 ejulans,
1214 1781 1268 1827 et
1314 1787 1415 1844 pro
1445 1774 1594 1828 exitu
1631 1773 1826 1830 animae
1851 1773 2091 1846 psalmos

495 1861 809 1929 decantans,
837 1877 1074 1935 moxque
1114 1866 1432 1936 praeparatis
1473 1865 1770 1935 cineribus,
1817 1875 1873 1922 et
1899 1882 2086 1937 super-

489 1952 638 2022 jecto
671 1955 847 2012 cilicio
876 1967 937 2013 ut
964 1958 1140 2013 virum
1172 1958 1327 2015 decet
1357 1958 1736 2016 Christicolam
1764 1976 1823 2017 se
1853 1961 2086 2034 desuper

495 2049 712 2104 extendi
736 2050 919 2121 jussit,
961 2051 1150 2122 sicque
1178 2067 1303 2108 cum
1348 2051 1470 2109 aliis
1498 2060 1679 2124 grates
1699 2054 1929 2111 Domino
1957 2070 2085 2127 per-

496 2140 713 2196 solvens
739 2151 795 2198 et
820 2151 1020 2199 sanctae
1061 2144 1241 2200 crucis
1289 2144 1444 2216 signo
1471 2158 1531 2202 se
1573 2154 1944 2217 cunctosque,
1993 2146 2086 2218 qui

495 2234 745 2300 aderant,
775 2235 1046 2304 muniens,
1083 2235 1228 2292 felici
1275 2238 1502 2292 transitu
1531 2237 1785 2309 migravit
1809 2238 1877 2294 ad
1898 2237 2084 2293 Domi-

497 2338 650 2390 num,
682 2325 1032 2396 sepultusque
1073 2336 1158 2383 est
1183 2327 1480 2384 honoriﬁce
1509 2338 1636 2385 ante
1673 2329 1846 2385 altare
1875 2343 2088 2400 semper

496 2415 724 2487 virginis
753 2415 935 2472 Maria:
983 2417 1121 2472 intra
1157 2418 1310 2474 urbis
1353 2418 1572 2483 mtenia,
1626 2419 1713 2475 cui
1743 2419 1926 2476 vivens
1963 2435 2087 2491 per-

496 2517 659 2578 petuo
685 2521 744 2564 se
766 2509 1056 2565 devoverat
1079 2511 1430 2566 serviturum.
1664 2501 1669 2506 ⁷

932 2600 1061 2656 CAP.
1093 2600 1250 2656 Χιιι.
1279 2600 1356 2656 De
1384 2599 1649 2657 Gerarmo.

565 2692 848 2750 Gerannus
871 2694 1156 2764 episcopus
1174 2735 1188 2760 ,
1228 2694 1448 2751 natione
1475 2695 1718 2750 Francus
1739 2737 1752 2761 ,
1781 2695 2087 2752 Suessionis

496 2787 678 2857 oppidi
719 2786 969 2858 indigena
991 2828 1005 2853 ,
1039 2797 1194 2858 patre
1219 2787 1426 2844 Otardo
1472 2789 1707 2860 genitus,
1757 2797 1930 2845 matre
1963 2788 2086 2845 Wia

493 2878 691 2944 editus,
733 2879 876 2934 rexit
917 2880 1264 2950 episcopatus
1295 2880 1609 2936 cathedram
1643 2881 1678 2934 4
1709 2895 1904 2951 annos,
1936 2896 2088 2937 men-

496 2983 586 3024 ses
613 2969 668 3035 6,
701 2969 818 3024 dies
869 2971 957 3024 11.
1007 2970 1098 3025 Sic
1124 2972 1191 3024 ab
1234 2979 1358 3024 ortu
1401 2970 1704 3024 nativitatis
1753 2986 1864 3024 suae
1895 2970 2086 3025 lacteis

494 3057 738 3113 infantiae
791 3056 1045 3113 fomentis
1074 3059 1359 3125 educatus,
1401 3059 1491 3112 ubi
1518 3057 1835 3127 primaevum
1865 3058 2087 3128 puerilis

494 3148 595 3202 aevi
633 3161 860 3202 exorsus
905 3156 989 3201 est
1037 3147 1246 3217 ingredi
1294 3145 1640 3211 vestibulum,
1689 3145 1935 3216 exemplo
1962 3161 2084 3215 pro-

496 3239 621 3293 vido
678 3245 966 3307 parentum
1015 3237 1228 3291 animos
1292 3235 1618 3299 sollicitante
1678 3251 1810 3290 cura
1863 3237 2087 3292 rudibus

496 3327 696 3383 scholae
740 3327 1098 3382 committitur
1126 3327 1350 3392 studiis,
1395 3327 1593 3397 quibus
1635 3327 1812 3382 adhuc
1857 3327 2087 3381 tenerri-

495 3433 644 3473 mum
715 3417 1099 3488 stupidumque
1165 3418 1515 3473 balbutientis
1569 3418 1810 3472 infantiae
1871 3433 2088 3474 sensum

496 3525 614 3564 mos
674 3518 757 3564 est
809 3511 1038 3575 erudiri,
1103 3510 1263 3566 modo
1312 3510 1629 3576 mulcendo,
1680 3511 1838 3565 modo
1891 3511 2087 3566 blanda

496 3602 788 3658 severitate
852 3603 1127 3657 terrendo.
1200 3602 1444 3673 Denique
1515 3611 1801 3673 postquam
1865 3603 2088 3659 Davidi-

495 3692 578 3747 cis
638 3699 721 3748 est
784 3691 1030 3747 eruditus
1089 3692 1382 3760 melodiis,
1445 3693 1641 3749 summi
1709 3694 1946 3750 auctoris
2009 3694 2091 3750 fa—

495 3792 658 3840 vente
708 3784 1085 3855 providentia,
1153 3785 1442 3842 clericatus
1506 3797 1591 3842 est
1645 3803 1892 3842 normam
1957 3789 2089 3844 ade-

493 3887 659 3947 ptus,
725 3885 885 3948 atque
945 3877 1166 3948 gloriosi
1227 3881 1483 3952 martyris
1534 3881 1777 3936 Gervasii
1845 3883 2089 3937 concioni

495 3967 762 4033 allectus,
839 3968 931 4022 ubi
1003 3969 1328 4039 regulariter
1386 3970 1683 4036 institutus,
1749 3981 1804 4025 et
1863 3988 2090 4027 venera-

494 4058 681 4112 bilium
736 4057 842 4111 loci
885 4057 1027 4111 illius
1091 4058 1313 4127 Patrum
1385 4059 1620 4130 moriger
1683 4059 1855 4116 factus
1920 4061 2092 4118 histo-

493 4153 638 4207 ricos
665 4152 928 4206 librorum
957 4167 1177 4222 campos
1205 4151 1378 4207 faceto
1424 4151 1621 4223 linguae
1665 4153 1874 4224 plectro
1906 4166 2087 4211 trans-

497 4259 717 4300 currere
737 4285 752 4309 ,
793 4251 957 4313 atque
985 4258 1218 4298 canoros
1247 4243 1468 4299 musica:
1496 4245 1632 4299 artis
1659 4246 1848 4301 modos
1887 4249 1940 4301 in
1968 4246 2089 4301 aula

496 4333 700 4390 Christi
730 4333 947 4388 mellita:
976 4334 1125 4389 vocis
1154 4334 1319 4394 boatu
1345 4349 1602 4399 resonare
1623 4335 1827 4390 didicit.
1861 4335 2088 4393 Cresce—

495 4427 591 4480 bat
639 4425 880 4496 quotidie
909 4423 962 4480 in
1002 4440 1068 4480 eo
1117 4425 1370 4496 specialis
1415 4427 1698 4497 sapientia,
1752 4429 1863 4483 vita
1914 4439 2084 4496 casta,

2192 576 2394 632 meruit
2419 576 2653 647 apicem.
2682 576 2739 631 In
2767 593 2872 648 qua
2923 578 3190 634 honorum
3235 579 3498 649 dignitate
3529 579 3794 634 sublima-

2192 675 2299 733 tus,
2327 669 2400 722 ita
2430 682 2489 723 se
2518 668 2833 724 modiﬁcare
2855 669 3146 739 vigilanter
3167 670 3372 726 studuit
3393 678 3672 740 quatenus
3693 685 3794 726 nec

2193 760 2364 815 fastus
2397 761 2560 832 typho
2598 777 2760 832 supra
2809 777 2868 817 se
2913 764 3240 836 erigeretur,
3295 780 3396 820 nec
3447 764 3795 819 adulantium

2192 848 2469 906 favoribus
2518 867 2547 905 a
2599 861 2746 905 statu
2793 861 3068 922 concepta:
3119 853 3399 924 religionis
3439 864 3793 919 moveretur;

2192 942 2448 998 excubias
2474 944 2651 1015 gregis
2672 943 2873 1000 Christi
2907 955 3028 1015 post
3072 947 3288 1017 vigilem
3321 948 3560 1016 pastoris
3599 963 3796 1002 curam

2195 1037 2587 1092 instantissime
2613 1053 2801 1108 agens,
2832 1054 2861 1092 a
2894 1055 2952 1095 se
2995 1047 3050 1096 et
3085 1039 3154 1096 ab
3182 1039 3304 1096 aliis
3335 1039 3594 1094 vitiorum
3643 1056 3797 1095 mon-

2193 1139 2305 1183 stra
2351 1129 2559 1199 abegit,
2607 1139 2772 1198 atque
2795 1133 3156 1201 competentia
3187 1147 3464 1202 corporea:
3487 1133 3798 1187 necessitu-

2195 1221 2340 1275 dinis
2374 1219 2633 1276 alimenta
2665 1236 2728 1277 ac
2779 1222 3094 1277 indumenta
3149 1222 3379 1278 ﬁdeliter
3430 1223 3794 1278 ministravit.

2195 1309 2514 1376 Talibus,ut
2533 1310 2734 1366 dictum
2761 1321 2866 1376 est,
2897 1313 3208 1382 praeconiis,
3233 1324 3289 1368 et
3311 1313 3430 1368 aliis
3454 1314 3799 1368 multimodis

2195 1414 2367 1470 usque
2389 1401 2454 1455 ad
2479 1400 2587 1471 poli
2614 1401 2792 1456 sidera
2823 1411 3065 1470 evectus,
3095 1404 3170 1458 ita
3215 1404 3418 1459 mundo
3466 1404 3797 1473 Opinatissi-

2197 1507 2321 1546 mus
2351 1491 2566 1558 enituit,
2613 1500 2674 1546 ut
2701 1501 2756 1547 et
2797 1493 2959 1563 regite
3013 1493 3281 1563 majestati
3321 1494 3796 1566 gralantissimus,

2194 1580 2518 1653 praesulibus
2575 1581 2806 1649 charus,
2863 1584 3182 1652 proceribus
3241 1593 3521 1654 acceptus,
3575 1584 3801 1638 clericis

2196 1673 2448 1728 omnibus
2496 1675 2859 1740 venerandus,
2917 1674 3179 1731 militibus
3205 1675 3456 1740 dilectus,
3494 1677 3798 1746 supremis,

2197 1763 2606 1836 humilibusque
2647 1765 2896 1836 personis
2942 1774 3106 1836 atque
3163 1767 3380 1837 utrique
3437 1767 3596 1822 sexui
3654 1766 3801 1822 foret

2119 1826 2167 1887 Β
2196 1826 2665 1911 αωεὺίιίεείίηυε..
2694 1855 2920 1912 Factum
2973 1826 3058 1912 est
3103 1871 3251 1929 ergo,
3292 1826 3439 1928 ⁸ροειῑ
3497 1859 3801 1914 transitum

2193 1945 2399 2001 domini
2435 1945 2621 2017 piique
2677 1947 2912 2016 pastoris
2963 1946 3220 2003 Herifridi
3264 1946 3794 2011 Antissiodorensis,

2186 2033 2483 2090 Ecclesiam
2524 2034 2691 2091 variis
2738 2050 3105 2092 aerumnarum
3153 2037 3469 2092 excessibus
3520 2037 3794 2105 lacessiri,

2187 2127 2530 2199 maximeque
2568 2142 2666 2199 pro
2696 2127 2961 2185 electione
2987 2128 3265 2199 pastorali,
3319 2128 3385 2183 ad
3438 2144 3605 2198 quam
3660 2145 3796 2185 non-

2186 2217 2342 2286 nulli,
2367 2232 2476 2274 non
2500 2217 2618 2274 zelo
2641 2218 2896 2289 spiritali,
2923 2219 3016 2275 sed
3047 2219 3208 2274 auxia
3237 2219 3461 2274 honoris
3484 2221 3793 2276 ambitione

2188 2309 2609 2367 exanhelabant.
2641 2310 2773 2366 Erat
2802 2321 2982 2366 autem
3010 2325 3074 2367 ea
3105 2320 3428 2382 tempestate
3457 2311 3544 2365 vir
3569 2313 3796 2382 quidam

2185 2414 2400 2474 potens,
2441 2402 2797 2476 Ragenardus
2824 2404 3063 2467 nomine,
3095 2405 3335 2475 ejusdem
3368 2405 3617 2461 civitatis
3643 2405 3794 2462 vice-

2186 2511 2402 2562 comes,
2470 2495 2760 2552 fundorum
2820 2497 3284 2566 aediﬁciorumque
3349 2498 3796 2568 possessionibus

2197 2587 2681 2658 locupletissimus,
2709 2587 2827 2642 auri
2851 2589 3128 2660 argentive
3159 2589 3428 2645 thesauris
3461 2589 3793 2654 ditissimus,

2193 2697 2260 2737 ac
2290 2695 2472 2736 rerum
2495 2682 2742 2739 omnium
2774 2679 3104 2736 abundantia
3128 2682 3560 2751 copiosissimus,
3587 2699 3792 2754 paren-

2189 2783 2301 2832 tum
2329 2776 2611 2832 nobilitate
2642 2775 2999 2842 clarissimus,
3031 2776 3264 2832 militum
3307 2779 3498 2834 cuneis
3529 2779 3790 2848 stipatus,

2187 2875 2262 2934 et,
2285 2876 2346 2923 ut
2365 2869 2439 2922 ita
2463 2867 2714 2934 dixerint,
2741 2867 2794 2921 in
2825 2866 2947 2922 aula
2975 2866 3252 2935 Richardi,
3283 2869 3460 2939 magni
3489 2878 3545 2923 et
3580 2870 3792 2924 ﬁeren-

2188 2959 2386 3015 tissimi
2415 2959 2702 3030 principis,
2755 2959 2885 3013 nulli
2936 2958 3229 3025 secundus,
3280 2968 3507 3029 excepto
3537 2960 3793 3014 Manasse

2191 3050 2312 3121 ejus
2342 3064 2622 3120 germano.
2647 3049 2772 3116 Qui,
2807 3065 2929 3104 cum
2965 3049 3086 3104 talis
3107 3064 3171 3104 ac
3197 3058 3378 3104 tantus
3407 3059 3577 3115 esset,
3608 3050 3793 3103 avari-

2191 3139 2279 3195 tia:
2311 3139 2600 3210 vaporibus
2619 3149 2880 3206 aestuans,
2912 3141 3164 3196 omnibus
3205 3156 3262 3195 se
3295 3141 3642 3210 prmferebat,
3671 3143 3790 3196 sin-

2191 3230 2396 3302 gularis
2420 3229 2768 3300 singulariter
2798 3246 3060 3302 apparere
3090 3233 3334 3301 cupiens,
3382 3242 3459 3298 et,
3507 3241 3565 3286 ut
3591 3243 3793 3303 potens

2187 3322 2485 3393 potentior,
2517 3321 2666 3378 dives
2697 3322 2860 3379 ditior
2905 3323 3228 3389 efﬁceretur,
3265 3324 3532 3378 virulento
3556 3325 3794 3379 medita-

2188 3411 2351 3466 batur
2395 3411 2577 3468 animo
2633 3420 2899 3482 quatenus
2956 3413 3116 3468 talem
3175 3413 3431 3469 Ecclesiae
3483 3415 3794 3484 praeﬁceret

2189 3502 2501 3574 prtesulem,
2532 3517 2692 3572 quem
2722 3519 2832 3558 suae
2881 3503 3114 3560 subdere
3160 3505 3352 3561 ditioni
3400 3508 3604 3577 quiret,
3662 3523 3793 3577 pro-

2188 3595 2427 3667 prizeque
2477 3594 2768 3650 voluntatis
2821 3595 3062 3651 consiliis
3132 3597 3484 3666 acquiescere
3541 3609 3788 3670 urgeret,

2190 3687 2410 3756 quique,
2446 3685 2490 3740 si
2522 3685 2621 3758 sibi
2646 3685 2798 3741 libita
2832 3687 3025 3741 domus
3073 3684 3170 3741 Dei
3219 3687 3481 3742 beneﬁcia
3523 3689 3790 3745 invadere

2193 3787 2447 3844 tentaret,
2498 3778 2711 3847 penitus
2743 3780 3024 3849 tyrannica
3055 3780 3174 3850 ejus
3223 3780 3514 3836 minitante
3540 3783 3790 3852 potentia

2190 3871 2605 3925 obmutesceret.
2638 3866 2856 3922 Nefaria
2891 3869 3052 3938 igitur
3104 3881 3322 3939 arrepta
3374 3873 3791 3928 machinatione

2191 3960 2382 4014 ducem
2427 3956 2754 4012 Richardum
2781 3958 2936 4024 adiit,
3005 3959 3306 4036 oblatisquc
3343 3962 3692 4027 muneribus,
3731 3971 3793 4017 ut

2191 4049 2292 4104 sibi
2323 4049 2466 4104 illius
2489 4048 2680 4103 electio
2711 4047 2964 4104 Ecclesire
3000 4051 3225 4105 daretur
3252 4051 3512 4120 expetiit;
3547 4052 3789 4122 denique

2190 4152 2410 4206 compos
2440 4137 2550 4190 voti
2583 4136 2663 4191 sui
2717 4135 2939 4192 eﬁ‘cctus
2983 4139 3369 4194 canonicorum
3414 4143 3791 4197 venerabilem

2191 4229 2415 4281 chorum
2448 4227 2679 4282 adscivit
2703 4243 2806 4280 nna
2836 4243 2958 4282 cum
3007 4229 3230 4284 militari
3255 4231 3462 4295 ordine,
3495 4232 3792 4289 sciscitans

2191 4322 2258 4375 ab
2281 4322 2560 4390 eis,quem
2605 4321 2656 4374 in
2681 4321 2957 4376 voluntate
2987 4323 3251 4378 haberent
3280 4325 3616 4397 eligendum,
3645 4329 3792 4384 ordi-

2189 4413 2534 4482 nandumque
2601 4412 2935 4482 episcopum.
2995 4401 3219 4471 Cunctis
3283 4432 3410 4473 vero
3474 4418 3789 4484 silentibus,

499 4531 679 4571 mores
708 4515 881 4586 probi,
915 4524 970 4571 et
1018 4531 1138 4572 cum
1179 4517 1266 4574 his
1312 4518 1562 4574 omnibus
1618 4517 1856 4590 locuples
1904 4535 2085 4575 rerum
2118 4534 2166 4595 ι)
2195 4503 2436 4595 "mihi"?
2481 4503 2626 4595 amid
2680 4505 3153 4595 Testlndemibl‘S:
3184 4508 3284 4562 ηῖδῖ
3314 4524 3472 4579 quem
3498 4509 3650 4566 Deus
3676 4512 3788 4567 0'0-

497 4606 849 4663 abundantia.
908 4605 1079 4677 Hujus
1106 4607 1299 4664 horrea
1336 4615 1496 4679 atque
1527 4607 1791 4681 cellaria;
1810 4609 2084 4673 frumento

497 4706 554 4754 et
583 4699 711 4754 vino
733 4698 1114 4765 redundantia,
1147 4709 1308 4755 tenax
1331 4717 1435 4756 non
1467 4702 1711 4773 possedit
1731 4703 2080 4776 pbilargyria,

497 4790 593 4845 sed
621 4804 685 4844 ea
711 4790 966 4845 omnibus
995 4791 1125 4845 iecit
1153 4793 1461 4848 Communia
1488 4794 1742 4849 muniﬁca
1777 4809 1900 4849 eum
1929 4796 2085 4850 inha-

499 4881 682 4936 bitans
711 4879 974 4945 Charitas,
998 4881 1198 4937 ostium
1218 4883 1410 4938 domus
1433 4883 1548 4952 ejus
1569 4884 1867 4940 viatoribus
1887 4886 2082 4956 patuit,

497 4973 763 5029 beneﬁcia
792 4974 1181 5031 consolationis
1231 4977 1494 5047 praebuit;
1528 4978 1768 5050 gaudens
1799 4995 1920 5036 cum
1953 4996 2085 5052 gau-

497 5056 772 5132 dentibus,
824 5064 959 5120 ﬂens
1007 5081 1129 5122 cum
1183 5067 1460 5134 ﬂentibus,
1505 5069 1716 5141 detecta
1762 5071 2085 5127 miserorum

501 5158 653 5227 terga
681 5157 1028 5214 vestimentis
1077 5159 1340 5225 contexit,
1371 5168 1537 5230 atque
1586 5161 1870 5231 purulenta
1910 5162 2085 5233 pupil-

499 5245 674 5301 lorum
698 5249 874 5319 capita
904 5248 1124 5321 lympba
1154 5263 1292 5312 cum,
1325 5251 1563 5306 lomento
1590 5251 1885 5307 emaculari
1935 5251 2080 5307 fecit.

2193 4594 2370 4664 gerit:
2401 4593 2532 4662 Ego,
2567 4593 2742 4664 inquit
2767 4594 2879 4661 ille,
2914 4596 3155 4651 omnium
3182 4607 3420 4653 vestrum
3473 4599 3790 4657 dilectionis

2191 4686 2406 4740 ﬂamma
2429 4687 2613 4750 ardeo,
2647 4687 3002 4757 omniumque
3054 4689 3316 4744 voluntati
3347 4701 3400 4746 et
3431 4693 3787 4760 postulationi

2193 4775 2380 4831 favere
2400 4764 2654 4846 satagens
2681 4773 3030 4846 peculiariter
3049 4779 3294 4833 venerari
3327 4790 3384 4834 ut
3428 4780 3644 4846 Patres,
3691 4785 3790 4837 lm-

2192 4881 2387 4921 norare
2431 4876 2498 4921 ut
2551 4867 2686 4920 ﬁdos
2742 4867 2946 4922 amicos
2992 4879 3215 4924 cunctos
3274 4885 3368 4926 vos
3403 4887 3513 4940 pra:
3568 4875 3791 4928 czeteris

2194 4970 2580 5025 usquequaque
2610 4956 2721 5010 Deo
2745 4957 3166 5026 obsequentibus
3188 4960 3329 5027 volo,
3363 4961 3406 5016 si
3438 4963 3792 5017 tantumlibet

2191 5063 2220 5102 a
2249 5047 2403 5102 vobis
2433 5049 2733 5117 promereri
2771 5047 2948 5114 valeo,
2998 5051 3140 5120 quod
3190 5053 3344 5108 vobis
3393 5069 3690 5126 suggerere
3720 5056 3789 5109 ad

2189 5137 2493 5208 generalem
2525 5137 2996 5194 honoriﬁcentiam
3037 5141 3231 5211 gestio.
3264 5143 3373 5199 Illis
3395 5159 3613 5215 quoque
3636 5162 3790 5216 quae-

2191 5230 2313 5283 dam
2341 5229 2441 5284 sibi
2470 5230 2740 5300 placentia
2771 5231 3224 5300 respondentibus
3273 5235 3339 5289 ad
3368 5237 3503 5299 ltzec,
3525 5238 3790 5294 subintu-

2331 5321 2372 5336 IV
2408 5329 2419 5336 .
2533 5322 2544 5333 ⁵
2568 5321 2582 5336 Ι
2730 5321 2769 5336 η
