3918 6316
163 425 244 481 261
1059 419 1151 475 DE
1189 417 1434 474 GESTIS
1473 416 1687 474 EPISC.
1725 416 2110 474 ANTISSIOD.
2149 447 2219 457 —
2253 416 2433 472 PARS
2464 415 2502 471 l.
2593 421 2595 424 ‘

3293 415 3399 470 269.

160 541 344 597 roboris
389 537 501 608 ejus
541 534 841 606 potentiam
873 541 928 589 et
965 531 1242 589 deeiinare
1287 531 1532 588 volentes
1572 545 1708 601 quas
1738 515 1785 575 Α
1814 533 1958 588 nime
1989 531 2264 602 impetrat.
2291 529 2361 583 At
2389 529 2497 593 ille,
2525 543 2648 584 cum
2681 526 2794 582 suis
2820 534 3029 581 tantum
3055 525 3189 582 urbe
3217 541 3400 598 egres-

157 630 330 684 inferre
350 636 559 700 poterat
585 625 901 682 calliditatis
941 624 1062 695 ejus
1106 623 1356 693 injurias,
1381 622 1702 694 pollicentur

154 737 203 777 se
221 721 323 788 ejus
343 733 528 791 parere
549 717 796 774 consilio.
825 715 926 784 Qui
952 715 1204 785 protinus
1240 715 1517 786 negotium
1547 728 1702 769 acce~

154 811 268 866 lerat
290 811 494 876 sitiens,
539 806 808 879 praelibati
856 806 1119 877 principis
1164 814 1358 863 nactus
1397 805 1700 871 licentiam,

151 899 546 970 prepinquorum
596 897 1009 967 amicorumque
1048 895 1216 951 fultus
1238 894 1539 966 juvamine,
1584 903 1704 949 tan-

147 993 248 1044 dem
276 990 398 1045 cleri
421 989 717 1060 pepulique
771 987 944 1043 fretus
979 986 1266 1052 electione,
1303 985 1702 1055 archipraasulis

145 1081 321 1136 domini
348 1080 594 1136 Gauterii
620 1079 886 1135 subnixus
931 1079 1260 1135 auctoritate
1289 1077 1700 1134 serenissimum

144 1180 282 1240 atque
306 1171 611 1240 piissimum
638 1185 822 1240 regem
852 1169 986 1227 adiit
1008 1167 1292 1235 Carolum,
1328 1176 1491 1238 atque
1517 1166 1702 1222 divino

141 1263 448 1332 suffragante
495 1262 848 1328 adminiculo,
902 1270 965 1316 ut
1012 1261 1100 1316 vir
1155 1260 1246 1316 ille
1294 1259 1700 1316 strenuissimus

140 1353 358 1425 pontifex
392 1354 684 1426 eligeretur
739 1363 797 1409 et
829 1354 1195 1420 ordinaretur,
1231 1353 1549 1422 promeruit.
1596 1351 1699 1419 Qui

139 1446 521 1503 sanctissimum
551 1460 617 1502 ac
642 1445 1132 1502 laboriosissimum
1164 1443 1560 1500 benedictionis
1582 1458 1700 1498 mu-

137 1558 222 1598 nus
268 1543 518 1613 adeptus,
549 1541 617 1597 ab
646 1542 902 1598 omnibus
927 1541 1268 1612 gratulanter
1313 1540 1608 1611 excipitur,
1643 1547 1702 1596 et

137 1651 240 1691 cum
270 1635 476 1706 ingenti
508 1631 834 1690 clericorum
868 1632 1149 1702 diligentia
1207 1630 1701 1701 innumerabilique

135 1726 436 1797 pepulerum
488 1724 816 1794 frequentia,
879 1723 1244 1793 praeeuntibus
1289 1730 1453 1792 atque
1506 1722 1696 1777 subsc-

143 1816 417 1885 quentibus
442 1815 789 1887 psallentium
821 1815 1022 1878 choris,
1049 1812 1292 1870 defertur
1311 1813 1553 1869 humeris
1574 1812 1700 1868 reli-

1807 637 1923 688 sus,
1952 620 2323 692 speculatores
2345 618 2645 691 praemittit,
2664 619 2956 687 hostesque
2979 616 3206 684 invenit,
3233 616 3400 672 initur

1803 715 2021 778 bellum,
2052 713 2256 785 potitur
2287 712 2532 775 victoria,
2557 720 2614 767 et
2635 709 2934 781 opitulante
2966 709 3150 764 divina
3192 707 3394 779 gratia,

1803 804 2107 877 profligatis
2123 803 2451 858 adversariis
2473 803 2576 856 tria
2592 801 2808 863 illorum
2828 801 3159 858 revehuntur
3179 799 3387 865 labara;

1803 897 1911 952 duo
1941 896 2052 951 illic
2078 895 2314 951 hostium
2344 893 2552 948 nobiles
2591 893 2738 963 capti
2784 899 2909 947 sunt
2936 907 2952 956 ;
2982 906 3211 961 quorum
3234 905 3396 956 unus,

1802 987 1870 1043 de
1893 1001 2049 1042 muro
2081 984 2321 1042 civitatis
2359 983 2754 1054 prtecipitatus,
2797 983 2996 1054 periit;
3045 982 3180 1038 alter
3221 981 3397 1039 eidem

1799 1074 2124 1146 Ragenardo
2153 1075 2315 1129 datus
2345 1073 2576 1128 exstitit.
2607 1072 2812 1128 Deinde
2862 1073 3124 1142 posthaec,
3153 1071 3398 1143 supremi

1801 1163 2042 1221 numinis
2071 1163 2275 1218 virtute
2302 1161 2612 1227 roboratus,
2643 1161 2858 1231 quoties
2886 1161 3111 1217 hostiles
3140 1175 3392 1231 erumpe-
3452 1181 3460 1214 ;
3537 1177 3540 1180 ’

1800 1253 1932 1309 bant
1956 1248 2254 1324 phalanges
2301 1252 2368 1306 ad
2398 1251 2730 1307 exercendas
2751 1251 2984 1322 praedas,
3014 1252 3129 1322 ipse
3173 1251 3391 1307 illorum

1801 1345 2186 1417 congressibus
2210 1359 2272 1401 se
2295 1344 2602 1400 ultroneum
2627 1343 2926 1414 ingerebat,
2949 1345 3107 1402 modo
3127 1344 3396 1409 incautos,

1800 1434 1964 1490 modo
1987 1444 2302 1506 perspectos
2327 1448 2624 1504 occupans,
2640 1441 2805 1503 atque
2824 1447 2931 1488 non
2961 1434 3184 1494 minima
3207 1442 3392 1505 strage

1798 1527 2241 1598 prosperabatur.

1878 1617 2050 1688 Hujus
2093 1619 2285 1675 victrix
2307 1619 2496 1675 dextra
2525 1633 2629 1673 una
2660 1633 2783 1674 cum
2814 1617 3086 1674 Richardo
3114 1625 3169 1674 et
3195 1616 3402 1675 Rober-

1801 1718 1877 1774 to,
1911 1710 2120 1767 duobus
2144 1711 2402 1766 maximis
2452 1709 2792 1780 proceribus,
2841 1709 3031 1780 praelio
3085 1709 3230 1780 quod
3257 1710 3400 1780 apud

1797 1799 2095 1856 Carnotum
2124 1802 2314 1857 urbem
2344 1809 2555 1872 gestum
2585 1807 2692 1866 est,
2739 1799 3009 1867 interfuit,
3062 1798 3178 1868 ubi,
3224 1801 3396 1856 inter-

135 1884 393 1975 giosorum
443 1884 522 1960 “ad
567 1903 748 1959 aulam
792 1903 1091 1974 primicerii
1145 1912 1466 1974 martyrum.
1494 1902 1694 1958 Christi

1803 1900 1966 1946 ventu
2017 1889 2111 1947 Dei
2158 1891 2436 1964 genitricis
2491 1890 2712 1959 Mariae,
2771 1892 3009 1947 maxima
3061 1906 3392 1964 paganorum

135 1995 404 2068 Stephani,
435 1995 620 2066 ibique
649 1994 789 2051 stola
817 1994 1116 2064 pontificali
1157 1994 1439 2057 infulatus.
1475 1995 1526 2049 in
1569 1994 1698 2050 sede

133 2077 462 2143 sacerdotali'
489 2086 792 2141 honorifice
845 2085 1143 2142 collocatus
1183 2087 1420 2151 resedit;
1454 2085 1544 2142 ubi
1572 2101 1700 2157 pro-

131 2177 332 2234 cedente
359 2176 512 2234 brevi
547 2177 802 2246 temporis
830 2177 1126 2246 curriculo,
1168 2193 1330 2249 quam
1361 2177 1447 2250 pie
1477 2178 1694 2246 vixerit,

129 2276 450 2337 quantasque
473 2283 502 2322 a
533 2266 761 2339 praefato
798 2267 1118 2338 Ragenardo
1149 2278 1314 2339 atque
1341 2284 1371 2323 a
1413 2270 1698 2326 barbarica

129 2357 547 2415 Normannorum
575 2367 737 2428 gente
762 2373 862 2428 pro
899 2374 999 2414 suo
1042 2374 1376 2430 suorumque
1404 2342 1700 2416 munimine

128 2451 515 2519 persecutiones
543 2465 736 2521 passus
765 2450 857 2516 sit,
904 2450 1096 2512 saltem
1141 2452 1417 2508 succincte
1444 2452 1700 2522 expedire

127 2539 304 2606 licebit,
332 2541 604 2611 siquidem
633 2540 903 2612 extemplo
930 2552 1054 2612 post
1103 2543 1327 2614 petitam
1358 2544 1700 2615 cpiscOpatus

126 2631 304 2696 sedem,
334 2631 506 2687 isdem
539 2629 892 2702 Ragenardus
920 2631 1140 2688 malitia:
1166 2633 1336 2701 virus,
1369 2635 1512 2703 quod
1553 2635 1698 2706 rapi-

126 2721 551 2778 dodelitcscebat
593 2723 646 2778 in
691 2732 929 2792 pectore,
971 2738 1079 2779 non
1132 2725 1352 2781 erubuit
1379 2726 1433 2780 in
1459 2728 1699 2782 omnium

124 2811 381 2870 obtutibus
400 2828 683 2881 evomere;
713 2823 938 2886 accepta
968 2831 1204 2887 namque
1235 2819 1523 2873 occasione
1545 2818 1700 2887 quasi

123 2918 173 2956 ex
199 2913 322 2959 voto
361 2905 670 2975 sponsionis
709 2905 844 2976 ejus,
890 2905 1148 2962 Gaiacum
1197 2908 1379 2963 villam
1429 2909 1602 2964 tribus
1632 2908 1701 2964 ab

129 2991 248 3048 urbe
282 2994 516 3051 millibus
556 2994 848 3051 discretam
900 3011 1025 3051 cum
1066 2997 1320 3053 omnibus
1371 2998 1700 3069 appendiciis

132 3086 230 3141 suis
264 3087 448 3143 ditioni
479 3085 597 3156 ejus
620 3087 854 3153 ademit,
900 3103 1118 3160 suaeque
1159 3089 1500 3160 impudenter
1544 3099 1697 3160 apta-

127 3175 205 3239 vit,
229 3183 409 3246 atque,
439 3186 499 3231 ut
519 3177 574 3232 in
603 3176 890 3233 facultates
911 3169 1154 3249 ejusdem
1186 3178 1428 3235 ecclesia:
1451 3180 1696 3234 minuen-

1799 1982 1976 2038 ctedes
1996 1990 2116 2038 acta
2138 1993 2245 2048 est,
2273 1983 2325 2038 in
2360 1992 2570 2038 tantum
2619 1991 2700 2050 ut,
2732 1983 3117 2048 innumerabili
3149 1983 3395 2039 multitu-

1801 2071 1931 2127 dine
1979 2072 2221 2144 palante,
2279 2073 2500 2130 inventa
2555 2074 2664 2128 sint
2705 2072 3074 2145 jugulatorum
3127 2074 3398 2132 cadavera

1799 2163 2084 2236 plusquam
2115 2180 2210 2220 sex
2263 2165 2431 2220 millia
2477 2165 2796 2237 quingenta,
2850 2167 3092 2237 exceptis
3135 2168 3220 2224 his
3261 2181 3400 2238 quos

1800 2270 2001 2326 vorago
2025 2253 2264 2312 ﬂuminis
2304 2256 2539 2311 Audurze
2580 2256 2884 2323 absorbuit,
2916 2257 3218 2329 longusque
3243 2256 3384 2330 fuga:

1803 2354 2013 2402 tractus
2035 2347 2406 2418 silvarumque
2435 2349 2665 2406 vastitas
2692 2347 3006 2408 vulneratos
3027 2358 3084 2406 et
3114 2353 3400 2406 exanimes

1799 2439 2067 2505 obtinuit;
2102 2440 2207 2496 alia
2238 2455 2455 2510 quoque
2491 2448 2824 2512 tempestate
2872 2441 3218 2508 succedente,
3274 2456 3398 2498 cum

1801 2530 2180 2589 Normannicze
2226 2533 2513 2604 potestatis
2560 2533 2714 2590 furor
2765 2549 2964 2605 pagum
3011 2533 3396 2591 Nivernensem

1801 2624 2064 2693 diriperet
2092 2635 2148 2680 et
2169 2625 2590 2681 immensitatem
2617 2626 2812 2696 praedae
2833 2627 2999 2681 etiam
3028 2641 3152 2681 eum
3181 2628 3395 2682 onustis

1799 2714 2058 2784 plaustris
2099 2724 2308 2784 ageret,
2357 2717 2715 2772 invictissime
2771 2717 2878 2773 illis
2928 2728 3251 2774 occurrente
3299 2718 3393 2773 iii-

1801 2805 2029 2871 chardo,
2082 2805 2253 2860 isdem
2306 2805 2594 2862 Gcra-nnus
2648 2808 2935 2880 episcopus
2971 2809 3026 2862 in
3069 2809 3244 2880 prima
3273 2826 3398 2866 cum

1801 2900 1988 2969 paucis
2015 2899 2132 2955 acie
2153 2900 2362 2970 positus
2383 2899 2504 2957 illos
2534 2901 2944 2971 imperterritus
2970 2918 3260 2974 aggressus
3288 2919 3395 2970 ess,

1802 3006 2037 3060 moxque
2066 2993 2116 3046 in
2148 2992 2333 3064 fugam
2360 2993 2555 3059 versis,
2583 2992 2657 3048 ita
2688 2994 2768 3049 vis
2796 2995 3010 3052 hostilis
3038 3007 3290 3066 superata
3317 3006 3400 3053 es:

1802 3089 1962 3150 atque
1987 3081 2222 3147 devicta,
2252 3092 2333 3149 ut,
2365 3083 2410 3137 si
2443 3083 2537 3154 qui
2577 3093 2948 3152 remanerent,
3007 3088 3204 3142 amissa
3237 3089 3400 3143 nobii

1803 3170 1932 3226 lium
1957 3171 2280 3228 bellatorum
2312 3173 2663 3240 confidentia,
2696 3174 2846 3229 nulla
2893 3175 3122 3232 ulterius
3149 3177 3400 3232 conferte

126 3265 207 3319 das
235 3266 534 3322 dementior
583 3268 867 3334 existeret,
900 3238 1068 3336 ipsius
1118 3269 1461 3339 suggestione
1488 3269 1696 3324 machi—
1724 3238 1770 3304 ο
1801 3265 2012 3335 przelia,
2045 3266 2222 3322 nullas
2249 3267 2507 3340 deinceps
2542 3267 2860 3339 depOpulari
2908 3277 3082 3323 terras
3113 3269 3398 3336 auderent,

127 3366 292 3423 trante,
321 3357 601 3414 Manasses
629 3359 799 3415 frater
853 3359 971 3427 ejus
1009 3359 1418 3429 potentissimus
1444 3359 1695 3415 omnibus

129 3458 243 3503 tunc
279 3447 580 3506 Gallicanis
624 3450 876 3505 divitibus
905 3450 1090 3516 ditior,
1117 3456 1543 3518 cunctorumque
1566 3463 1696 3503 con-

128 3539 350 3595 siliorum
378 3540 723 3598 saecularium
739 3540 1126 3597 arcanissimus
1141 3549 1534 3610 perscrutator,
1553 3539 1695 3595 unde

127 3641 171 3682 et
195 3632 404 3702 regibus
420 3642 476 3686 et
494 3617 846 3704 optimatibus
876 3632 1089 3688 cunctis
1114 3645 1288 3701 usque
1313 3629 1380 3686 ad
1421 3639 1695 3687 extremos

128 3723 260 3777 orbis
304 3723 559 3779 cardines
607 3722 1024 3790 famosissimus,
1077 3721 1400 3778 Nareiacum
1426 3721 1610 3778 villam
1641 3722 1694 3776 in

129 3826 243 3867 suns
266 3831 390 3869 usus
419 3816 664 3886 redigere
693 3831 800 3870 non
829 3816 1132 3870 exhorruit.
1192 3815 1287 3870 llle
1315 3829 1530 3886 quoque
1561 3813 1698 3870 infee

126 3905 380 3961 stissimus
403 3908 575 3962 hostis
604 3905 744 3975 ejus,
789 3915 848 3962 ut
874 3907 1212 3977 praelibatum
1267 3917 1372 3974 est,
1416 3909 1695 3979 Bagenar-

129 3995 238 4055 dus,
262 3997 370 4051 suis
402 4011 523 4052 eum
555 3997 1008 4067 praeceptionibus
1037 3998 1172 4054 adeo
1197 3997 1522 4054 concludere
1552 3998 1695 4053 nite-

132 4085 294 4152 batur,
322 4099 380 4141 ut
405 4097 559 4142 extra
588 4087 895 4144 consultum
952 4098 1007 4144 et
1059 4088 1389 4145 voluntatem
1418 4089 1536 4160 ejus
1564 4088 1697 4144 nihil

130 4189 276 4241 agere
333 4185 586 4242 tentaret,
641 4177 960 4233 clericorum
1015 4177 1156 4234 illius
1204 4178 1408 4244 nullus,
1469 4178 1696 4232 militum

131 4280 276 4320 nemo
302 4267 350 4323 ei
378 4268 640 4340 refragari
684 4269 942 4337 audebat,
970 4270 1064 4325 sed
1113 4270 1254 4326 sicut
1293 4271 1429 4335 suis,
1472 4269 1543 4324 ita
1594 4269 1699 4324 illis

129 4359 363 4414 omnibus
392 4360 710 4432 imperabat.
760 4361 991 4428 Interea,
1019 4362 1147 4416 dum
1179 4362 1375 4417 talibus
1401 4377 1553 4416 mens
1581 4361 1700 4431 ejus

131 4445 424 4504 infortuniis
470 4449 808 4517 anxiaretur,
838 4452 1208 4522 irrumpchant
1236 4463 1283 4508 et
1313 4452 1431 4507 aliae
1477 4451 1699 4506 calami-

132 4547 258 4595 tates
285 4541 646 4608 miseriarum,
675 4542 872 4612 quibus
901 4543 1133 4598 maxime
1169 4544 1498 4604 turbaretur,
1528 4555 1695 4610 seque

132 4638 286 4685 totum
311 4633 376 4687 ad
411 4633 649 4688 divinum
674 4632 921 4689 conferre
949 4635 1209 4689 auxilium
1253 4634 1690 4704 compelleretur.

135 4715 546 4777 Normannorum
577 4722 776 4793 quippe
802 4723 1006 4792 passim
1055 4723 1422 4779 bacchabatur
1465 4723 1694 4788 saevitia,

139 4816 284 4878 atque
312 4813 720 4868 incessabilibus
745 4812 918 4883 plagis
943 4829 1157 4869 omnem
1194 4815 1467 4886 regionem
1509 4813 1700 4868 diebus

135 4916 186 4954 ac
221 4905 464 4960 noctibus
488 4905 664 4975 palam
694 4912 748 4962 et
779 4905 916 4960 clam
965 4905 1411 4977 depopulabatur,
1441 4905 1695 4969 etedibus,

133 5002 175 5046 ct
193 4997 399 5063 praediis
423 4997 738 5067 igniumque
763 4996 1239 5067 dellagrationibus
1259 5011 1476 5053 omnem
1500 5005 1698 5053 terram

133 5089 504 5144 exterminans.
537 5087 692 5156 Quod
721 5104 844 5143 cum
879 5089 960 5162 vir
984 5088 1237 5145 heroicus
1265 5095 1556 5158 pastorque
1585 5087 1702 5142 exi-

134 5178 260 5235 mius
280 5190 544 5246 cerneret,
579 5179 905 5237 intolerabili
942 5180 1122 5236 cordis
1151 5195 1386 5236 maerore
1409 5194 1703 5235 concussus

132 5279 224 5332 est,
255 5287 349 5340 pro
373 5273 474 5327 sibi
498 5273 787 5330 commisso
809 5286 976 5344 grege
1016 5287 1306 5329 occurrere
1332 5281 1574 5341 paratus,
1598 5271 1702 5325 Do-

133 5362 300 5417 ntiuici
355 5363 627 5418 sermonis
675 5379 780 5419 non
810 5365 1113 5431 immemor,
1169 5377 1277 5434 quo
1305 5363 1537 5419 dicitur:
1566 5362 1702 5430 Quia

135 5449 299 5510 bonus
347 5466 538 5524 pastor
585 5455 818 5510 animam
876 5471 1028 5513 suam
1055 5456 1206 5526 ponit
1231 5471 1328 5526 pro
1357 5455 1548 5510 ovibus
1590 5454 1703 5508 suis

132 5541 306 5609 (Joan.
335 5563 388 5612 x,
419 5547 529 5618 it),
561 5561 688 5603 suos
716 5556 928 5612 evocat,
985 5548 1166 5604 verbis
1215 5549 1488 5612 hortatur,
1541 5545 1704 5600 benc-

137 5635 356 5694 dictione
403 5639 744 5707 corroborat,
794 5651 961 5712 utque
1009 5641 1216 5697 bellicis
1264 5640 1491 5696 accincti
1535 5654 1704 5694 armis

136 5739 305 5782 sccmn
331 5732 742 5801 proficiscantur
761 5742 972 5800 exorat,
1002 5734 1222 5790 mandat
1242 5731 1562 5804 Ragenardo
1586 5747 1704 5787 ver-

137 5815 212 5869 bis
241 5823 603 5889 postulatoriis
632 5834 690 5879 ut
721 5840 903 5881 secum
935 5825 1001 5882 ad
1046 5840 1278 5896 pugnam
1309 5833 1490 5889 exeat,
1522 5831 1574 5877 et
1599 5824 1700 5878 mi-

1795 3358 1889 3412 sed
1921 3372 1981 3412 se
2007 3355 2338 3424 Francorum
2361 3358 2588 3428 imperio
2616 3359 2897 3414 ultroneos
2921 3360 3203 3426 dederent,
3232 3370 3398 3429 atque

1790 3448 1922 3520 jugo
1953 3448 2157 3504 Christi
2188 3449 2326 3505 colla
2355 3450 2762 3515 submittentes,
2818 3451 3133 3506 daemonicis
3155 3451 3398 3507 ludifica-

1797 3540 2035 3596 tionibus
2058 3541 2276 3610 spretis,
2311 3541 2588 3594 lavacrum
2631 3539 2973 3610 baptismatis
3016 3540 3249 3595 libenter
3297 3556 3396 3609 ap-

1795 3640 2064 3700 peterent,
2091 3639 2146 3686 et
2171 3632 2388 3686 demum
2413 3633 2556 3685 dono
2589 3632 2735 3702 regis
2765 3640 2820 3687 et
2840 3632 3144 3702 principum
3187 3633 3399 3688 inhabi-

1797 3721 2017 3775 tandam
2057 3722 2207 3790 regni
2253 3729 2484 3790 partem,
2511 3735 2700 3775 eorum
2733 3732 2891 3777 antea
2921 3723 3280 3794 abliguriendi
3304 3739 3398 3778 vc-

1796 3809 1948 3868 sattia
1971 3809 2272 3864 desolatam
2310 3811 2410 3865 sibi
2436 3811 2776 3880 dispertitam
2835 3813 3166 3879 incolerent;
3194 3821 3250 3867 at
3283 3813 3393 3866 Ra-

1797 3900 2050 3970 genardis
2107 3899 2226 3971 ejus
2276 3901 2526 3972 pertinax
2581 3902 2962 3969 calumniator,
3019 3905 3216 3960 talibus
3271 3919 3396 3960 eum

1796 3991 1999 4064 pollere
2023 3994 2385 4057 successibus,
2411 3993 2590 4056 lividis
2616 3995 2832 4051 intuens
2861 3997 3168 4065 aspectibus
3193 4038 3208 4062 ,
3245 4013 3394 4053 mor-

1797 4083 1866 4138 bo
1927 4084 2244 4140 tabescebat.
2305 4085 2542 4152 invidiae,
2594 4086 3035 4142 animadvertens
3101 4088 3252 4143 illum
3309 4104 3398 4144 se-

1799 4174 1989 4229 cundis
2023 4175 2229 4241 omnia,
2275 4190 2395 4244 qua:
2439 4175 2764 4230 moliebatur
2812 4177 3079 4247 proficere
3117 4180 3394 4250 auspiciis,

1800 4282 2034 4336 suosque
2067 4283 2206 4338 quos
2241 4269 2603 4323 meditabatur
2633 4278 2880 4335 conatus,
2927 4271 3261 4340 quotidianis
3300 4273 3396 4328 de-

1802 4355 1967 4413 ficere
2027 4357 2388 4412 detrimentis.
2456 4357 2556 4413 ilic
2617 4360 2802 4428 itaque
2862 4360 3128 4430 gloriosus
3186 4373 3396 4434 pastor,

1801 4464 1923 4502 cum
1962 4465 2061 4519 pro
2121 4465 2256 4520 pace
2313 4458 2514 4504 sancta:
2563 4451 2656 4505 Dei
2717 4450 2989 4507 Ecclesize'
3031 4463 3192 4522 atque
3241 4455 3398 4510 ovilis

1801 4538 2005 4593 Christi
2064 4539 2293 4593 tuitionc
2345 4548 2403 4592 ut
2446 4540 2882 4609 inexpugnabilis
2942 4541 3147 4596 athleta
3204 4543 3398 4598 bclltcu

1802 4631 2006 4686 instare
2074 4647 2179 4686 non
2246 4631 2542 4701 trepidaret
2601 4631 2796 4698 agoni,
2855 4633 3079 4701 provido
3137 4634 3398 4690 sollicitu-

1801 4721 1942 4777 dinis
1989 4722 2148 4778 oculo
2195 4723 2358 4778 saluti
2407 4725 2586 4778 ovium
2646 4739 2892 4788 suarum,
2931 4727 3394 4796 quemadmodum

1802 4813 2182 4883 sagacissimus
2207 4813 2370 4884 upilio
2400 4813 2735 4886 invigilabat,
2763 4825 2819 4870 et
2871 4831 2901 4869 a
2946 4816 3166 4888 vipereo
3193 4818 3380 4872 invisi-

1803 4902 1929 4957 bilis
1954 4903 2156 4959 inimici
2186 4913 2303 4959 astu
2331 4919 2426 4974 per
2455 4918 2514 4959 se
2536 4919 2740 4975 perque
2761 4919 2889 4961 suos
2909 4921 3003 4962 eas
3027 4906 3396 4964 indesinenter

1808 4997 2022 5067 eripere
2045 4997 2359 5053 anhelabat.
2387 4997 2552 5069 Cujus
2583 5001 2729 5056 circa
2757 5016 2853 5056 cas
2893 5002 3098 5058 amoris
3123 5004 3394 5074 magnitu-

1808 5087 1896 5152 do,
1923 5090 1976 5143 in
1999 5089 2270 5156 affamine,
2308 5091 2362 5146 irt
2403 5093 2677 5158 convictu,
2707 5093 2760 5148 in
2801 5104 3024 5164 receptu
3065 5103 3266 5166 quanta
3295 5111 3392 5151 ex-

1812 5182 2012 5235 stiterit
2039 5191 2199 5253 neget
2245 5183 2490 5239 mortalis
2516 5185 2790 5255 cxplicare
2819 5187 3023 5257 lingua,
3066 5189 3163 5244 sed
3213 5197 3392 5242 tamen

1809 5283 2012 5343 quanta
2038 5273 2203 5332 fuerit
2234 5275 2348 5343 ipsa
2380 5275 2646 5332 donorum
2671 5278 2786 5347 ejus
2811 5278 3095 5350 dapsilitas
3115 5279 3396 5334 evidenter

1810 5363 2069 5420 declarat.
2098 5365 2259 5436 Atqui
2291 5368 2357 5421 ad
2387 5367 2628 5424 solemne
2649 5385 2758 5424 sua:
2781 5370 3062 5426 electionis
3083 5370 3397 5425 memorialc

1811 5456 2194 5512 celebrandum
2239 5458 2524 5530 dilargitus
2565 5468 2648 5514 est
2675 5461 2860 5514 usibus
2883 5459 3266 5514 canonicorum
3292 5459 3397 5514 Lo-

1811 5550 2060 5620 guiacum
2084 5549 2267 5604 villam
2295 5560 2350 5604 et
2396 5551 2623 5615 Solium,
2674 5560 2734 5605 ut
2779 5567 2846 5605 ex
2877 5553 2958 5605 eis
2999 5553 3065 5605 ad
3109 5551 3397 5607 luminaria

1810 5642 2159 5698 ecclesiarum
2185 5654 2388 5701 sanetae
2436 5642 2616 5697 Maria:
2640 5653 2693 5698 et
2726 5644 2897 5698 sancti
2929 5643 3171 5708 Joannis,
3198 5654 3399 5701 sanctis

1812 5748 1918 5804 que
1949 5731 2210 5805 Stephani
2233 5734 2445 5789 modius
2464 5734 2566 5788 olei
2595 5735 2753 5788 unius
2783 5735 3147 5804 persolvatur,
3173 5742 3226 5789 et
3259 5735 3399 5790 Nan-

1812 5827 2009 5882 cradus
2037 5834 2090 5882 et
2116 5825 2358 5896 Lupinus
2388 5824 2670 5896 stipendiis
2701 5823 2928 5880 fratrum
2958 5827 3172 5884 cedant.
3223 5826 3281 5880 ln
3311 5825 3398 5881 die
