3918 6316
544 400 654 460 9.85
1300 394 1593 452 APPEND.
1630 395 1724 451 AD
1761 392 1939 451 SEC.
1979 392 2048 448 Χ.
2094 418 2134 433 -

2234 390 2422 448 iPERA
2457 391 2859 451 ΔΔΕΣῘΙΟΠΚΔ.
3673 402 3759 459 264

543 529 759 588 quoque
789 528 900 569 sua:
923 510 1282 567 ordinationis
1326 509 1528 566 eisdem
1562 508 1823 565 fratribus
1864 506 2131 576 delegavit
2158 498 2202 552 Α
2233 507 2409 562 medio
2437 508 2620 578 templi
2651 508 3082 577 prmminentem,
3110 521 3248 576 quae,
3272 507 3342 563 ob
3386 511 3467 566 sui
3492 514 3761 584 amplitudi-

540 612 596 667 in
629 610 889 668 comitatu
902 607 1359 679 Gagiacum,cum
1380 606 1633 661 omnibus
1648 603 2129 675 appendiciissuis,
2233 611 2356 650 Item
2385 611 2449 651 ea
2485 606 2803 667 tempestate
2825 612 2930 667 qua
2959 598 3239 666 praelatum
3253 598 3484 665 admisit,
3499 609 3764 672 tegumenta

547 714 603 760 et
631 704 865 766 vincam,
907 716 1028 772 quae
1049 709 1134 755 est
1165 700 1218 755 in
1260 697 1812 762 snburbiocivitatis;
1826 706 1883 752 et
1904 688 2131 752 vocatur
2234 688 2474 753 Carebnt,
2507 695 2563 744 et
2587 689 2878 758 quamdam
2899 688 3181 743 brevitatis
3204 689 3561 747 infirmitatem
3588 692 3765 750 intuen-

545 795 889 857 Circeredus,
919 807 1081 863 quam
1103 791 1193 862 qui
1224 789 1472 846 habuerit
1495 804 1593 860 per
1619 790 1865 845 chartam
1888 804 1986 859 pro
2012 789 2131 859 ejus
2236 778 2381 833 illius
2410 779 2751 851 ἀθεὶεηθὺειιν
2799 779 2851 832 in
2915 779 3142 834 sublime
3192 779 3403 843 ειιυιίίι
3441 794 3669 851 eamque»
3691 798 3764 839 "-

539 902 733 943 amore
760 885 878 950 Dei,
911 884 1114 939 eisdem
1170 882 1432 937 fratribus
1451 880 1835 937 canonicorum
1866 880 1974 934 vini
2016 894 2133 935 mo—
2237 868 2440 923 ῑίίίείίὶιί
2467 878 2789 940 argumento
2820 869 3049 939 Ρ¹¹¹ο¹¹¹⁵ο
3078 876 3441 925 εοηειτυοωω
3480 885 3651 940 Opere.
3698 880 3765 929 ιε’

539 979 685 1035 dium
706 991 870 1031 unum
918 975 985 1028 ad
1011 972 1274 1028 minorem
1306 985 1649 1037 mensuram,
1680 978 1737 1026 et
1785 970 1837 1025 in
1870 969 2133 1025 comitatu
2236 960 2453 1015 studine
2475 960 2626 1026 texit,
2660 969 2716 1015 et
2732 961 2802 1015 ob
2832 959 3046 1015 roboris
3088 960 3392 1016 ﬁrmitatem
3440 961 3616 1017 subtus
3636 978 3765 1020 arcus

537 1064 1000 1123 Antissiodorensi
1050 1062 1377 1118 Tauriacum
1402 1077 1525 1118 cum
1569 1060 1888 1131 adjacentiis
1910 1061 2047 1126 suis,
2077 1069 2133 1116 et
2234 1053 2446 1123 priores
2486 1053 2624 1108 alios
2671 1052 2790 1108 ﬁeri
2841 1052 3023 1121 iussit.
3070 1053 3359 1109 marmoris
3384 1054 3636 1111 columnis
3666 1059 3770 1113 sub-

536 1159 780 1215 vﬂlarem
831 1153 1311 1224 Quoopertorium,
1340 1161 1396 1207 et
1439 1152 1493 1206 in
1524 1150 1646 1205 villa
1679 1150 1957 1206 Prisciaco
1988 1164 2134 1205 man~
2233 1144 2412 1209 nixos,
2435 1143 2666 1199 exedras
2709 1158 2925 1214 quoque
2961 1143 3108 1199 beati
3146 1142 3279 1213 Lupi
3309 1145 3622 1201 confessoris
3642 1146 3769 1202 Chri-

538 1265 658 1307 sum
683 1263 849 1303 unum
891 1256 947 1303 et
985 1247 1039 1302 in
1091 1246 1352 1302 comitatu
1395 1243 1666 1300 Senonico
1717 1258 1882 1313 super
1912 1241 2130 1298 ﬂuvium
2230 1232 2323 1299 sti,
2351 1240 2409 1288 et
2434 1240 2637 1288 sanetae
2664 1232 2939 1289 Columba:
2969 1232 3205 1304 Virginis
3225 1242 3279 1288 et
3304 1236 3553 1306 martyris
3573 1236 3770 1293 bracteis

540 1340 953 1398 οηηεηιίοηθηι
986 1338 1040 1394 in
1079 1337 1443 1394 Germaniam)
1481 1351 1728 1392 mansum
1750 1352 1940 1401 unum,
1968 1346 2022 1390 ει
2051 1350 2134 1391 su.
2234 1325 2417 1380 aureis
2435 1335 2600 1395 atque
2622 1325 2893 1396 argenteis
3166 1324 3401 1380 artificio
3425 1325 3635 1396 sculptis
3673 1342 3767 1381 am-

533 1445 633 1504 ρει-
657 1430 874 1487 Βθιοεηη
906 1428 1180 1484 amictum
1233 1427 1589 1491 cel-vernum,
1636 1440 1801 1497 quem
1854 1427 1971 1497 ipse
1999 1427 2133 1482 emi;
2232 1416 2369 1471 bivit
2390 1432 2406 1483 ;
2430 1416 2687 1473 nonnulla
2727 1417 2893 1471 etiam
2925 1417 3371 1473 vestimentorum
3402 1419 3664 1489 peregrina
3699 1433 3771 1474 or-

537 1525 605 1581 de
627 1522 868 1579 Bocardo
894 1522 1064 1577 fratre
1109 1519 1353 1576 Gauterii
1386 1518 1815 1590 archipmsulis,
1846 1534 1971 1574 cum
2022 1533 2134 1574 ser.
2234 1516 2490 1563 namenta
2521 1509 2575 1562 in
2625 1507 2817 1564 diebus
2846 1508 3185 1564 solemnibus
3215 1509 3484 1565 induenda
3527 1512 3772 1567 monachis

532 1616 809 1672 vientibus
834 1624 889 1671 et
916 1614 1167 1669 omnibus
1196 1612 1531 1684 appendiciis
1578 1613 1711 1667 suis.
1751 1610 1810 1667 In
1858 1611 1947 1666 die
1995 1626 2128 1667 vero
2236 1602 2529 1672 Βυρρῑθνίῑι
2549 1612 2606 1658 ει
2637 1603 2873 1668 tandem,
2902 1600 3065 1671 huius
3093 1603 3267 1658 nostri
3296 1602 3576 1674 Ρετίουιοδί
3605 1613 3773 1675 ιεωρο·

537 1706 722 1762 obitus
751 1706 833 1762 sui
869 1705 1183 1761 eorumdem
1239 1702 1523 1773 stipendiis
1567 1702 1915 1759 accumulare
1950 1701 2130 1772 aliqua
2239 1692 2318 1748 ris
2345 1694 2669 1764 plenumque
2696 1693 2908 1748 timoris
2934 1693 3246 1748 instabilem
3272 1694 3484 1749 intuens
3503 1704 3773 1763 cursum,et

536 1799 842 1870 satagebat,
883 1796 976 1853 sed
1015 1797 1068 1851 in
1108 1796 1303 1850 itinere
1355 1794 1584 1865 positus,
1612 1802 1889 1864 praeventu
1938 1793 2133 1848 mortis
2163 1851 2205 1870 ἢ
2236 1785 2466 1856 provido
2489 1785 2872 1842 sollicitudinis
2893 1785 3051 1841 oculo
3072 1784 3410 1856 prospiciens
3432 1786 3567 1841 inter
3583 1783 3772 1841 hostiles

536 1851 888 1958 inte:ceptus,
918 1885 1164 1940 ultimum
1191 1851 1463 1939 exhalavit
1492 1851 1713 1949 ﬂaiu-m;
1750 1881 2130 1953 proficisceba—
2160 1851 2206 1911 Β
2233 1890 2570 1948 paganorum
2598 1877 2747 1932 acies
2770 1876 2824 1931 in
2849 1891 2961 1932 suae
2981 1876 3311 1948 integritatis
3333 1884 3477 1932 statu
3501 1876 3772 1934 monasterii

533 1988 627 2034 tur
646 1979 912 2049 siquidem
936 1977 989 2031 in
1018 1975 1329 2040 Franciam,
1353 1984 1621 2046 quatenus
1644 1976 1806 2046 regiae
1836 1973 2133 2044 maiestatis
2230 1966 2494 2023 fabricam
2520 1983 2627 2023 non
2655 1981 2814 2038 posse
2841 1975 3102 2039 praestare
3133 1968 3521 2036 inviolabilem,
3548 1968 3692 2033 ﬁscus
3722 1969 3774 2023 de

535 2085 698 2127 aures
728 2066 1100 2140 interpelleret
1148 2083 1247 2139 pro
1274 2068 1599 2138 supradictis
1628 2068 1771 2123 villis
1813 2069 1936 2135 subi,
1992 2069 2134 2124 sicut

2234 2056 2537 2129 Iargissima
2563 2057 2961 2128 Omnipotentis
2998 2059 3306 2124 clementia,
3365 2068 3420 2114 et
3464 2052 3678 2130 accepta
3701 2059 3775 2113 Ili-

533 2162 915 2233 praescriptum
948 2168 1054 2225 est,
1100 2159 1317 2224 ablatis,
1379 2158 1425 2214 si
1478 2158 1617 2214 forte
1668 2159 1957 2230 imperiosa
1991 2160 2133 2230 regis

530 2253 802 2324 jussionc,
830 2260 885 2309 et
915 2252 1237 2322 optimatum
1261 2250 1625 2321 postulatione
1647 2260 1813 2322 atque
1866 2250 2130 2307 Richardi

2233 2151 2445 2214 chardi,
2479 2151 2663 2222 magni
2699 2149 2964 2221 principis
2991 2158 3047 2205 et
3070 2150 3312 2221 ejusdem
3362 2150 3465 2207 loci
3496 2151 3690 2207 abbatis
3725 2149 3774 2204 li-

2231 2242 2434 2307 centia,
2463 2258 2755 2313 operosum
2796 2258 3090 2315 aggressus
3108 2252 3193 2298 est
3215 2258 3375 2314 opus,
3400 2259 3589 2316 magna
3609 2242 3775 2299 laboris

536 2343 950 2400 clementissimi
982 2341 1138 2397 ducis
1161 2341 1542 2398 absentatioue
1566 2356 1661 2398 eas
1691 2351 1879 2414 posset
1906 2356 2133 2412 recupe-

538 2448 687 2489 rare.
719 2432 827 2489 Sed
856 2446 979 2488 cum
1033 2430 1374 2501 pervenisset
1413 2431 1481 2487 ad
1512 2431 1699 2487 urbem
1758 2431 2129 2497 Suessionem,

467 2558 485 2572 ο
536 2533 832 2597 antequam
861 2524 1004 2579 enim
1043 2524 1357 2594 attingeret,
1400 2521 1514 2592 jam
1560 2523 1836 2593 paululum
1866 2521 2132 2577 inﬁrmari

537 2625 804 2687 cceperat,
830 2613 1045 2687 gravari
1067 2628 1296 2668 exorsus
1326 2622 1407 2668 est
1452 2613 1728 2685 languoris
1764 2611 2128 2669 incommodo.

542 2706 644 2764 Ubi
679 2705 977 2764 honoriﬁce
1000 2718 1287 2777 exceptus,
1318 2721 1441 2761 cum
1470 2722 1529 2763 se
1563 2708 1711 2763 letho
1734 2708 2133 2779 appropinqua-

537 2808 895 2862 recerneret,
937 2797 1220 2854 luctuosus
1249 2811 1280 2850 a
1319 2798 1484 2853 corde
1526 2798 1842 2869 erumpebat
1877 2798 2131 2869 gemitus,

537 2891 796 2962 profusos
831 2891 1195 2963 lacrymarum
1225 2889 1429 2946 Imbres
1454 2889 1752 2957 effundens,
1785 2890 2026 2947 clamans
2049 2905 2131 2956 se,

536 2997 850 3053 quanquam
875 2980 1099 3037 essetin
1129 2980 1303 3050 patria
1324 2980 1470 3034 velut
1501 2980 1786 3051 profugum
1812 2988 1866 3035 et
1886 2979 2131 3050 peregri-

538 3086 694 3133 num,
718 3070 924 3139 absque
950 3067 1238 3139 praesentia
1292 3066 1472 3122 dilecti
1506 3068 1685 3138 gregis
1734 3067 2032 3131 obiturum,
2062 3082 2127 3122 ac

546 3160 665 3214 sine
686 3173 876 3213 eorum
899 3156 1198 3226 exsequiis,
1231 3155 1431 3225 quibus
1470 3170 1530 3210 se
1557 3156 1900 3211 committere
1938 3157 2132 3211 arden-

540 3250 753 3305 tissime
778 3247 1079 3317 satagebat,
1130 3257 1288 3302 terra:
1326 3246 1534 3317 gremio
1581 3246 2006 3313 insinuandum;
2037 3261 2131 3301 ex.

541 3343 673 3397 hinc
703 3342 995 3409 ingruente
1049 3337 1258 3393 funeris
1292 3337 1544 3406 articulo,
1595 3347 1925 3408 acceptoque
1950 3338 2133 3394 Domi-

539 3429 650 3485 nici
678 3427 925 3498 corporis
953 3435 1009 3482 et
1042 3426 1321 3497 sanguinis
1343 3438 1708 3493 sacramento,
1745 3428 2133 3485 commendans

540 3533 601 3574 se
628 3519 839 3588 sibique
874 3516 1131 3588 populum
1163 3517 1512 3573 commissum
1545 3520 1655 3574 Deo
1698 3517 1967 3575 Salvatori
2011 3534 2133 3575 om-

541 3610 716 3675 nium,
739 3608 920 3664 emisit
941 3608 1213 3679 spiritum.
1244 3607 1497 3679 Migravit
1522 3618 1703 3664 autem
1736 3608 1803 3664 ad
1846 3609 2131 3665 Dominum

540 3713 576 3752 v
605 3697 827 3754 Kalend.
861 3698 998 3768 Aug.
1029 3697 1212 3768 Ibique
1251 3698 1410 3769 juxta
1456 3700 1709 3755 avunculi
1740 3700 1825 3756 sui
1864 3699 2132 3755 Rodohini

542 3787 718 3858 ipsius
746 3787 847 3844 loci
879 3787 1153 3858 quondam
1175 3788 1421 3858 praesulis
1446 3789 1752 3860 sepulcrum
1783 3790 1852 3845 ab
1884 3790 2133 3856 Abbone,

539 3882 784 3953 ejusdem
810 3880 1049 3936 civitatis
1077 3881 1387 3938 venerando
1412 3882 1690 3953 pontifice,
1746 3882 1976 3953 aliisque
2002 3883 2136 3939 duo-

547 3974 652 4029 bus
678 3972 965 4044 episcopis,
991 3973 1061 4028 ad
1085 3970 1318 4033 olIicium
1352 3974 1644 4045 sepulturae
1674 3974 1819 4030 illius
1844 3972 2137 4031 occurren-

546 4062 711 4127 tibus,
745 4065 1056 4134 aggregatis
1096 4062 1433 4117 diversarum
1460 4062 1701 4133 collegiis
1757 4061 2135 4129 ecclesiarum,

541 4153 871 4226 bymnidicis
922 4152 1173 4208 laudibus
1225 4153 1481 4208 decenter
1527 4152 1842 4219 tumulatus,
1900 4153 2131 4223 patriam

543 4244 770 4300 sortitus
793 4251 879 4299 est
902 4258 1117 4298 urnam.
1161 4242 1289 4297 Fuit
1340 4242 1582 4298 Ecclesia
1635 4242 1753 4297 sine
1807 4242 2058 4314 episcOpo
2104 4258 2136 4298 a

543 4350 626 4391 ιιι
656 4333 881 4392 Kalend.
907 4332 1131 4390 Januar.
1159 4349 1334 4405 usque
1356 4334 1425 4389 ad
1458 4350 1510 4389 v1
1542 4332 1768 4390 Kalend.
1791 4333 1992 4389 Martii.

945 4425 1076 4482 Car.
1120 4424 1295 4480 XLIII.
1324 4456 1387 4467 —
1413 4424 1490 4480 De
1531 4425 1770 4480 Bellone.

614 4518 774 4576 Betto
798 4518 1108 4590 episcopus,
1138 4519 1359 4574 natione
1383 4516 1541 4587 hujus
1566 4529 1765 4574 nostra:
1787 4518 2132 4590 Burgundiee,

546 4611 881 4682 Burgundio,
909 4608 1192 4665 Senonicze
1220 4609 1370 4664 urbis
1407 4609 1678 4680 indigena,
1704 4619 1860 4681 patre
1884 4610 2137 4666 Alberico

546 4711 712 4773 atque
732 4700 1110 4771 Bnrgundione
1130 4701 1328 4767 editus,
1359 4708 1535 4756 matre
1570 4716 1699 4758 vero
1735 4700 1997 4759 vocabulo
2025 4702 2137 4756 An-

546 4795 663 4865 gela
696 4792 1023 4864 h‘rancigena
1047 4790 1187 4847 felici
1209 4799 1293 4847 est
1319 4801 1634 4862 procreatus
1677 4793 1936 4862 auspicio,
1965 4794 2056 4863 qui
2100 4807 2132 4848 a

549 4896 717 4951 puero
746 4882 1067 4948 monachus,
1113 4880 1431 4937 monasticis
1481 4882 1744 4938 institutis
1783 4882 2029 4938 eruditus
2073 4890 2128 4937 et

549 4973 865 5030 liberalibus
888 4988 997 5029 non
1043 4973 1395 5030 mediocriter
1430 4974 1671 5032 imbutus
1723 4976 1957 5041 artibus,
1990 4983 2131 5031 tem-

545 5083 679 5141 pore
714 5067 979 5133 Evvrardi,
1033 5065 1185 5137 cujus
1217 5075 1334 5124 erat
1356 5069 1808 5141 consanguineus,
1841 5070 2009 5126 abbas
2037 5085 2133 5125 ex-

547 5157 689 5214 stitit
726 5157 962 5214 ctenobii
989 5155 1047 5213 S.
1091 5157 1324 5214 Heraclii
1376 5157 1709 5215 confessoris
1746 5158 1948 5215 Christi
1978 5174 2136 5231 egre-

548 5249 645 5322 gii,
666 5261 853 5321 postea
881 5264 1013 5305 vero
1037 5249 1142 5305 loci
1189 5251 1296 5317 sui,
1334 5250 1388 5306 id
1440 5258 1525 5307 est
1568 5251 1884 5308 monasterii
1932 5260 2134 5307 sanctae

548 5340 846 5409 Columbae,
872 5340 1026 5411 cujus
1054 5343 1391 5412 mancipatus
1428 5341 1607 5399 fuerat
1631 5344 1914 5415 obsequio,
1948 5344 2136 5400 volun-

552 5433 649 5487 tati
675 5432 903 5489 fratrum
954 5432 1209 5502 praelatus
1252 5432 1499 5489 edicitur.
1547 5432 1664 5502 Qua
1708 5436 1911 5491 diutius
1941 5434 2169 5506 prmia-3

551 5523 697 5579 tione
717 5525 1101 5582 honestissime
1122 5524 1371 5596 fungens,
1415 5526 1529 5582 haec
1547 5528 1820 5598 prmeipue
1852 5528 1929 5582 illi
1972 5527 2136 5582 studii

550 5614 761 5670 exstitit
797 5616 1083 5683 industria,
1106 5627 1165 5673 ut
1193 5619 1434 5687 operosis
1468 5619 1778 5675 emnobium
1819 5618 1949 5673 illud
1974 5634 2145 5688 exeo:

551 5703 982 5777 Ierettedificiis,
1019 5712 1371 5784 ecclesiaeque
1423 5713 1516 5769 Dei
1574 5714 1833 5770 fabricam
1875 5714 1991 5769 auri
2054 5730 2141 5770 ar-

552 5796 807 5870 gentique
836 5802 1117 5858 decorarct
1144 5806 1500 5862 ornamentis.
1543 5804 1760 5863 Turrim
1792 5805 2058 5878 siquidem
2085 5806 2139 5861 in

2232 2332 2496 2388 instantia
2526 2347 2666 2403 pene
2701 2348 2875 2402 usque
2915 2331 2983 2386 ad
3033 2331 3336 2403 perfectum
3358 2335 3640 2405 perduxit:
3674 2346 3774 2389 nam

2233 2422 2289 2478 in
2319 2439 2455 2495 gyro
2484 2422 2806 2479 monasterii
2843 2422 3043 2478 mmnia
3096 2437 3222 2478 cum
3266 2424 3507 2483 turribus
3549 2424 3773 2489 fundavit,

2232 2521 2474 2583 et-usque
2503 2512 2569 2568 ad
2594 2511 3001 2584 propugnacula
3023 2513 3221 2579 erexit,
3245 2514 3393 2584 quod
3415 2524 3643 2571 castrum
3665 2512 3777 2569 infa-

2236 2605 2444 2675 tigabili
2475 2605 2657 2661 studio
2677 2606 3004 2677 peregisset,
3034 2605 3137 2661 nisi
3162 2620 3290 2661 eum
3341 2604 3577 2663 futurum
3602 2606 3778 2678 episco-

2184 2754 2193 2765 ,
2231 2711 2360 2769 pum
2400 2697 2494 2752 Dei
2530 2697 2773 2768 dignatio
2795 2697 2975 2753 ascire
3004 2699 3358 2754 decrevisset.
3386 2698 3629 2755 Geranno
3652 2698 3777 2768 quip-

2232 2803 2323 2859 pe,
2350 2788 2587 2843 Autricaa
2619 2788 2765 2843 sedis
2784 2787 3059 2858 episcopo,
3077 2788 3147 2844 ab
3173 2789 3338 2860 hujus
3357 2797 3553 2845 nostrae
3576 2804 3779 2846 commu-

2234 2879 2403 2935 nione
2427 2879 2554 2934 vita:
2575 2877 2947 2948 corruptibilis
2964 2892 3064 2949 per
3102 2879 3299 2935 mortis
3325 2881 3559 2936 debitum
3583 2878 3777 2941 sublato,

2236 2971 2526 3043 praedictus
2550 2971 2637 3025 vir
2687 2970 2934 3026 moribus
2970 2979 3027 3026 et
3056 2978 3164 3027 vrta
3218 2971 3529 3039 laudabilis,
3561 2966 3611 3028 et
3639 2971 3780 3041 ponti-

2238 3064 2460 3117 ticatum
2517 3062 3016 3120 Antissiodorensis
3064 3066 3327 3123 Ecclesitn
3358 3068 3484 3124 dum
3534 3068 3777 3139 arriperet,

2237 3154 2306 3209 ab
2337 3154 2486 3210 omni
2514 3154 2665 3209 ’clero
2692 3164 2746 3210 et
2784 3157 2983 3227 populo
3008 3160 3272 3215 attentius
3311 3160 3668 3227 acclamatur;
3704 3158 3783 3215 sed

2235 3246 2284 3303 is
2310 3246 2378 3302 ad
2404 3247 2508 3303 hoc
2536 3260 2595 3302 se
2622 3246 2907 3319 indignum
2954 3250 3072 3305 fore
3101 3249 3371 3319 clamans,
3409 3261 3466 3309 et
3503 3253 3625 3309 totis
3668 3249 3781 3307 nisi-

2230 3338 2332 3393 bus
2361 3338 2643 3395 obtestans
2671 3340 2887 3395 tandem
2925 3341 3212 3412 opitnlanti
3260 3344 3539 3414 praelibato
3577 3343 3783 3415 principe

2233 3431 2595 3502 episcopalem
2622 3432 2876 3503 indeptus
2908 3441 2994 3489 est
3024 3434 3368 3505 cathedram,
3393 3438 3482 3494 ubi
3530 3435 3783 3493 secundum

2234 3536 2398 3591 quam
2427 3521 2646 3577 coelitus
2673 3522 2937 3578 didicerat
2965 3523 3249 3593 sapientiae
3276 3526 3544 3599 regulam,
3583 3526 3649 3580 ita
3686 3539 3784 3595 per-

2233 3609 2376 3666 fecte
2405 3611 2612 3667 studuit
2634 3611 2841 3677 vivere,
2884 3621 2943 3666 ut
2972 3612 3399 3671 immensitatem
3431 3610 3785 3688 opinionisejus

2234 3707 2288 3757 et
2318 3702 2498 3769 famae,
2525 3702 2722 3758 nullius
2748 3701 2924 3758 valeat
2964 3704 3202 3761 doctoris
3231 3706 3317 3762 vel
3363 3708 3556 3779 lingua:
3606 3704 3786 3762 diserti-

2235 3793 2365 3848 tudo
2394 3808 2672 3862 perorare,
2696 3792 2779 3848 vel
2806 3793 3023 3848 doctrix
3043 3810 3249 3861 manus
3274 3798 3417 3870 stylo
3446 3811 3660 3855 exarare
3699 3793 3785 3850 Nos

2236 3892 2416 3939 tamen
2440 3885 2751 3939 summatim
2794 3886 3222 3958 perstringentes
3268 3889 3399 3947 vita:
3427 3891 3566 3946 illius
3589 3887 3785 3960 qualita-

2235 3981 2366 4038 tem,
2398 3973 2501 4029 boc
2531 3974 2815 4030 verissime
2848 3977 3163 4045 asserimus,
3195 3980 3323 4049 quia
3358 3982 3631 4052 sapientiae
3656 3980 3789 4035 docu-

2236 4069 2437 4125 mentis
2487 4071 2769 4141 egregius,
2810 4072 3180 4128 sanctimoniae
3233 4075 3473 4132 candore
3515 4074 3785 4147 praeclarus.

2234 4159 2524 4228 prudentia
2569 4160 2910 4231 perspicuus,
2947 4162 3232 4233 gravitatis
3273 4166 3543 4220 suavitate
3573 4174 3786 4220 vernans.

2235 4248 2565 4321 frugalitatis
2593 4252 2779 4322 vigore
2802 4262 3114 4321 coopertus,
3147 4253 3471 4325 dapsilitatis
3495 4253 3789 4327 benignitate

2236 4342 2445 4398 exstitit
2471 4352 2817 4413 perornatus.
2857 4343 2994 4400 Huic
3023 4360 3140 4401 mos
3166 4345 3342 4403 inerat
3374 4358 3609 4418 tempore
3634 4342 3792 4403 convi-

2234 4433 2310 4489 vii
2339 4430 2463 4506 post
2489 4435 2785 4492 sessionem
2807 4436 2875 4491 ad
2898 4451 3166 4504 mensam,
3200 4440 3434 4509 primam
3466 4441 3694 4497 ciborum
3715 4450 3789 4505 ap-

2238 4525 2561 4596 positioncm
2597 4526 2880 4582 duodecim
2906 4527 3094 4597 egenis
3127 4529 3179 4583 in
3209 4544 3308 4585 suo
3342 4541 3630 4603 conspectu
3675 4525 3788 4583 resi-

2240 4616 2511 4683 dentibus,
2545 4617 2777 4687 aliisque
2814 4617 3010 4674 alicubi
3036 4620 3229 4690 positis
3270 4634 3412 4692 pene
3453 4637 3658 4679 omnem
3679 4616 3789 4674 diri-

2240 4722 2392 4776 gere,
2420 4708 2683 4764 continuo
2713 4724 2869 4779 aeque
2892 4709 3007 4773 alia
3041 4726 3148 4766 non
3180 4712 3405 4769 minima
3438 4714 3790 4783 subsequente.

2235 4796 2290 4851 in
2312 4813 2418 4867 qua
2447 4796 2745 4853 refectione
2767 4806 2906 4868 post
2951 4798 3113 4854 finem
3144 4800 3339 4856 divinae
3367 4802 3630 4867 lectionis,
3657 4810 3792 4855 nemo

2231 4886 2433 4957 aliquid
2485 4885 2743 4943 indecens
2791 4897 2885 4944 aut
2930 4890 3159 4947 scurrile
3212 4892 3445 4949 audebat
3496 4893 3654 4965 loqui,
3696 4886 3790 4948 sed.

2233 4975 2544 5045 quicunque
2569 4980 2638 5031 ex‘
2690 4991 2787 5032 ore
2832 4978 3055 5049 proprio
3093 4980 3347 5049 quiddam
3385 4982 3651 5038 nitebatur
3696 4991 3792 5048 pro-

2235 5067 2401 5135 ferre,
2431 5069 2761 5124 observabat
2787 5079 2847 5126 ut
2898 5070 3017 5141 ejus
3044 5074 3296 5141 verbum,
3328 5085 3422 5130 aut
3458 5075 3685 5131 divinum
3710 5068 3794 5123 alio

2238 5160 2369 5230 quid
2394 5167 2488 5214 aut
2525 5159 2822 5216 humanum
2849 5162 2987 5219 bene
3014 5166 3319 5222 condeccns
3344 5175 3580 5221 sonaret.
3603 5159 3793 5217 Talibus

2235 5248 2423 5320 itaque
2445 5247 2571 5303 vitae
2599 5247 2938 5319 lampadibus
2985 5253 3188 5319 nitens,
3236 5263 3293 5309 et
3342 5255 3454 5310 Deo
3479 5262 3534 5310 et
3573 5250 3790 5308 omnibus

2237 5338 2548 5394 hominibus
2584 5341 2975 5410 complacebat.
3010 5340 3170 5409 Nam,
3211 5358 3242 5398 a
3292 5352 3534 5415 tempore
3582 5335 3790 5398 Gcranui

2237 5429 2509 5502 praesulis,
2536 5430 2890 5501 Ragenardus
2924 5433 3231 5491 vicecomes
3271 5434 3527 5491 Caiacum
3555 5442 3608 5488 et
3643 5426 3790 5484 Julia-

2238 5538 2364 5580 cum
2386 5521 2564 5588 villas,
2589 5537 2696 5578 non
2728 5522 2884 5596 longe
2928 5524 3155 5580 multum
3184 5525 3253 5582 ab
3279 5528 3413 5582 urbe
3440 5526 3571 5581 sitas
3617 5521 3667 5577 in
3708 5528 3790 5574 suo

2240 5613 2517 5670 detinebat
2548 5612 2787 5670 dominio
2834 5631 2849 5682 ;
2902 5617 2996 5672 sed
3044 5625 3226 5674 tamen
3288 5619 3377 5675 hic
3422 5618 3505 5672 vir
3549 5613 3786 5687 egregius.

2243 5723 2365 5765 cum
2397 5705 2649 5775 nequiret
2696 5722 2809 5776 eas,
2853 5726 2955 5767 nec
2999 5713 3216 5785 speciali
3253 5712 3680 5775 commonitione,
3705 5717 3789 5761 nec

2244 5813 2465 5873 precum
2492 5797 2901 5867 importunitate
2928 5803 2996 5861 ab
3036 5806 3153 5877 ejus
3198 5806 3321 5875 jure
3360 5814 3691 5875 extorquere,
3718 5810 3789 5852 ειν
