3918 6316
160 399 256 459 365

1022 396 1112 456 ns
1144 394 1391 456 cssrts
1425 354 1644 455 arise.
1687 392 2071 481 AN'flSSlOD.
2109 432 2179 445 --
2218 402 2397 462 rans
2428 393 2469 463 t.’

3291 404 3397 498 ξοδ

156 514 281 573 lnbri
326 522 528 586 reperto
557 511 809 579 consilio,
851 512 1108 570 exhibitis
1147 514 1391 585 pecunia:
1442 513 1703 581 donariis,
1734 512 1782 576 Α
1811 515 2012 585 sopori,
2038 515 2206 573 altera
2228 520 2584 577 recondendis
2608 521 2768 583 rebus
2783 524 3093 586 domesticis
3117 532 3395 604 aptissima

153 591 263 664 illas
286 621 390 662 suae
414 604 648 660 restituit
669 604 944 675 potestati,
971 616 1026 660 et
1063 614 1124 660 ut
1158 619 1550 676 praecesserunt
1582 620 1707 661 suo-

156 717 259 756 rum
286 696 514 753 imitator
530 698 644 752 fors
664 706 718 752 et
739 697 792 751 in
816 696 900 752 die
920 695 1098 752 obitus
1123 696 1204 751 sui
1226 695 1537 751 memoriile
1563 695 1707 751 illius

155 792 423 863 gaudentes
442 790 685 845 canonici
706 789 1027 855 recolet-ent,
1044 790 1272 846 contulit
1295 791 1375 845 eis
1401 788 1705 846 Veudosam

153 885 409 940 ecclesiam
437 894 491 939 et
539 884 899 940 Ilontonicum
942 886 1150 951 villam,
1199 895 1255 941 et
1313 886 1365 940 in
1408 886 1706 941 Carhniaco

153 993 377 1039 mansum
408 993 608 1043 unum;
643 990 876 1047 cumque
911 979 1291 1044 meditaretur,
1316 987 1379 1032 ut
1421 977 1564 1033 aedes
1592 978 1706 1047 cpio

150 1067 526 1139 scopales,qn:e
555 1076 677 1138 post
699 1069 940 1123 civitatis
964 1067 1407 1140 deflagrationem
1435 1084 1465 1123 a
1490 1069 1706 1125 nemine

147 1160 340 1213 fuerant
367 1159 452 1213 vel
467 1160 814 1215 mediocriter
840 1163 1128 1230 reparatae,
1150 1160 1537 1225 extedificaret,
1573 1167 1630 1214 et
1652 1159 1705 1213 in

150 1247 253 1303 aula
278 1247 479 1304 Christi
511 1263 847 1319 quaecunque
883 1259 1069 1320 posset
1094 1249 1288 1304 honori
1321 1264 1558 1321 congrua
1591 1258 1707 1303 stu-

149 1340 316 1394 denter
334 1349 647 1405 exerceret,
672 1340 960 1410 pleuritico
986 1339 1243 1410 languore
1279 1339 1520 1411 graviter
1545 1338 1708 1394 astri-

146 1442 268 1491 ctus,
293 1428 497 1501 diuque
520 1432 792 1497 detentus,
844 1446 966 1485 cum
1001 1446 1031 1485 a
1077 1427 1314 1484 ﬁdelium
1350 1430 1585 1486 catervis
1611 1446 1707 1486 cu-

144 1520 433 1586 stodiretur,
487 1529 542 1575 et
568 1520 715 1577 eirea
748 1535 878 1575 eum
905 1521 1100 1575 divina:
1128 1521 1315 1575 laudes
1333 1536 1406 1576 ac
1444 1521 1707 1577 lectiones

144 1608 551 1679 celebrarentur,
576 1610 786 1665 felicem
816 1609 924 1665 Deo
957 1625 1083 1664 cum
1136 1609 1479 1665 confessione
1506 1610 1707 1667 catho-

143 1704 242 1761 licae
268 1706 389 1761 fidei
412 1707 664 1778 spiritum
680 1705 913 1762 reddidit
932 1706 1046 1777 ipsa
1076 1705 1163 1760 die
1187 1720 1241 1760 Vl
1267 1704 1497 1760 Kalend.
1519 1704 1703 1769 Mart.,

139 1797 473 1868 sepultusque
507 1806 591 1853 est
618 1797 673 1853 in
706 1806 895 1868 crypta
925 1796 1170 1852 ecclesiae
1208 1796 1385 1851 sancti
1413 1796 1702 1862 Germani;

1811 603 1971 673 foret,
2013 608 2216 678 capella
2254 611 2308 665 in
2352 612 2530 667 medio
2558 612 2762 683 locata,
2786 619 2919 674 etin
2962 622 3166 678 honore
3195 637 3396 687 sanctae

1808 691 2000 786 crucis
2020 695 2295 766 dedicata;
2338 700 2590 769 patefecit
2619 719 2834 777 quoque
2881 709 3112 766 mediam
3144 726 3392 786 cryptam

1808 782 1979 853 ipsius
2004 786 2237 843 cochleze
2279 789 2347 844 ad
2381 790 2661 849 introitum
2695 802 3116 857 commeantium
3146 782 3221 859 ab
3244 782 3391 862 occi-

1807 872 2006 929 dentali
2041 878 2279 947 regione,
2309 888 2366 936 et
2413 892 2537 939 ante
2557 899 2677 941 eam
2708 894 3184 961 statuttporticum
3212 896 3395 954 fundi-

1807 976 1896 1019 tus
1922 981 1950 1019 a
1980 982 2038 1022 se
2063 977 2459 1040 constructam;
2487 985 2541 1030 et
2569 976 2747 1034 valvas
2774 995 2999 1052 upcrosa
3022 983 3156 1041 ferri
3185 988 3394 1046 fabrica

1807 1056 2128 1146 quibusdam
2158 1074 2223 1114 ex
2255 1076 2313 1116 se
2349 1063 2575 1132 picturis
2604 1067 2887 1125 distinctas
2914 1072 3208 1146 coriisque,
3234 1079 3394 1135 undi-

1807 1160 1912 1213 que
1935 1145 2139 1217 glutine
2167 1159 2445 1208 contectus
2476 1164 2533 1209 et
2565 1155 2685 1213 fuco
2711 1162 3009 1219 rubicundo
3033 1145 3302 1225 coloratas
3322 1170 3393 1225 ad

1807 1236 2107 1292 custodiam
2142 1240 2324 1311 templi
2369 1242 2508 1299 inter
2547 1257 2788 1319 cryptam
2819 1261 2873 1307 et
2904 1257 3168 1324 porticum
3191 1264 3393 1331 posuit,

1807 1324 2036 1397 aliisque
2068 1330 2240 1400 portis
2275 1330 2492 1389 incultis
2516 1339 2779 1407 oppositis
2799 1356 2831 1397 e
2859 1345 3077 1413 regione
3094 1324 3293 1417 plalea:
3314 1324 3393 1408 ei;

1806 1417 2012 1472 vitatis.
2066 1419 2309 1493 Denique
2350 1423 2490 1479 infra
2546 1428 2833 1486 ecclesiam
2869 1433 2923 1488 in
2953 1435 3171 1493 sublimi
3218 1446 3396 1499 erexit

1807 1505 2106 1562 tabulatum
2134 1512 2400 1568 modicum
2428 1530 2548 1571 cum
2564 1516 2823 1589 gradihﬂs
2853 1522 3064 1593 ligneis,
3090 1538 3150 1583 ut
3170 1546 3268 1600 per
3293 1536 3395 1591 hos

1805 1606 1989 1652 essent
2036 1615 2293 1660 ascensus
2330 1620 2544 1663 sursum
2580 1619 2635 1666 et
2687 1613 2977 1673 descensus
3016 1620 3291 1691 deorsum,
3340 1635 3399 1682 et

1805 1688 2122 1763 plerumque
2148 1695 2243 1750 sia
2273 1697 2432 1755 domo
2453 1716 2706 1772 suprema
2730 1710 2911 1776 egredi
2947 1712 3124 1780 vellet,
3156 1688 3396 1790 eumque

1806 1781 1873 1835 ad
1901 1782 2158 1840 inferiora
2192 1789 2412 1847 taederet
2435 1794 2785 1866 descendere,
2816 1800 2964 1859 illinc
2991 1804 3194 1861 clarius
3227 1781 3390 1880 supra

140 1889 258 1943 sedit
274 1902 746 1953 annosx,menscs
768 1887 855 1952 li,
874 1888 988 1943 dies
1010 1868 1096 1942 id.
1117 1885 1486 1942 Fuitlﬂcclesia
1500 1886 1706 1957 absque
1736 1876 1782 1936 Β
1810 1889 2026 1947 gregem
2048 1888 2229 1948 Ροδδοῑ
2254 1880 2553 1940 ίηῑεηάυτθ·
2588 1887 2728 1944 ¹¹¹Γ¹⁵³
2768 1906 2982 1962 quoque
3010 1868 3390 1955 “01034333!”-

140 1976 372 2045 pontiﬁce
408 1993 438 2031 a
491 1993 541 2031 vt
572 1975 799 2031 Kalend.
843 1974 1001 2031 Mart.
1035 1991 1203 2047 usque
1240 1976 1307 2030 ad
1336 1991 1367 2029 ν
1397 1972 1515 2030 Kal.
1553 1976 1708 2047 Apri-

140 2069 211 2137 iis,
238 2069 334 2125 hoc
364 2080 456 2126 est
476 2070 670 2129 diebus
696 2070 788 2124 53.

473 2162 604 2218 Car.
646 2160 826 2217 XLIV.
855 2193 923 2202 —
940 2161 1016 2217 De
1039 2158 1346 2217 Gualdrico.

192 2256 511 2314 Gualdrieus
549 2257 834 2328 episcopus
876 2256 1368 2315 Autissiodurensis
1393 2257 1537 2330 pagi,
1566 2257 1705 2314 iudi-

137 2364 267 2419 gena,
311 2351 426 2406 alta
470 2351 744 2422 prosapia:
781 2360 962 2406 ortum
1017 2351 1189 2421 stirpe
1250 2351 1497 2417 trahens,
1540 2350 1706 2406 Gual—

137 2441 316 2497 dricutu
371 2440 560 2497 habuit
605 2452 812 2513 patrem
852 2454 908 2498 et
952 2441 1304 2499 llemmenam
1359 2444 1701 2516 genitricem.

139 2528 265 2587 llunc
291 2547 416 2587 mox
443 2533 501 2587 in
533 2531 650 2602 ipso
684 2533 981 2603 primordio
1012 2534 1335 2600 nativitatis,
1364 2536 1578 2605 utrique
1604 2553 1701 2605 pa-

139 2632 290 2677 rentes
320 2622 436 2678 Deo
463 2632 765 2694 sanctoque
788 2623 1065 2680 Germane
1104 2626 1432 2681 monachum
1461 2625 1700 2680 futurum

137 2712 363 2784 ﬂagranti
396 2716 731 2771 devoverant
758 2717 1140 2787 animo,atque
1161 2718 1411 2788 .paternis
1438 2718 1700 2773 nutritum

135 2802 317 2862 laribus
336 2808 660 2877 congruenti
689 2817 932 2878 tempore
957 2807 1247 2865 cmnobitis
1276 2808 1528 2864 Patribus
1566 2809 1700 2863 edu-

138 2898 348 2952 candum
383 2897 751 2953 tradiderunt.
796 2900 1037 2969 Quorum
1092 2902 1235 2957 intra
1280 2901 1699 2958 contubernium

137 2984 418 3044 litterarum
446 2989 583 3051 satis
616 3000 700 3046 est
721 2991 999 3049 institutus
1034 2995 1284 3058 scientia,
1327 3004 1490 3065 atque
1517 2995 1699 3051 divina

135 3076 263 3134 illum
281 3090 602 3153 protegente
613 3090 668 3137 et
681 3093 1064 3154 augmentante
1078 3084 1343 3156 gradatim
1360 3086 1698 3157 providentia

134 3178 333 3229 strenue
356 3183 548 3242 postea
568 3172 745 3229 factus
758 3186 842 3231 est
864 3175 968 3232 loci
1001 3176 1145 3233 illius
1163 3177 1617 3234 archimandrita:
1643 3179 1696 3233 in

1810 1966 1980 2023 hitum
2002 1971 2091 2034 ad
2136 1971 2301 2029 decus
2330 1978 2572 2035 solemne
2604 1996 2763 2039 unam
2800 1997 3114 2057 argenteam
3141 1989 3396 2048 fabricari

1808 2058 1935 2115 fecit
1962 2076 2239 2133 coronam,
2257 2076 2419 2138 atque
2450 2071 2501 2126 in
2524 2071 2729 2130 honore
2757 2079 2929 2135 sancti
2959 2081 3393 2151 Stephaniunam

1809 2165 2027 2207 sianum
2054 2169 2274 2211 auream
2304 2161 2535 2230 gemmis
2561 2164 2824 2234 politam,
2860 2176 2928 2224 et
2954 2170 3182 2226 alterum
3202 2173 3259 2228 in
3293 2174 3393 2230 ho-

1807 2255 1938 2295 nore
1959 2240 2019 2297 S.
2048 2240 2303 2301 Germani
2336 2249 2538 2321 absque
2560 2267 2894 2325 gemmarum
2915 2260 3174 2316 ornatura
3195 2264 3393 2333 positis

1808 2331 1864 2386 in
1905 2334 2171 2392 ambabus
2224 2338 2462 2408 ipsorum
2508 2345 2831 2417 pignoribus
2877 2331 3398 2411 sanctorum‘simul

1806 2440 1929 2479 cum
1960 2439 2251 2500 augmento
2290 2432 2519 2491 aliarutn
2549 2438 2929 2509 reliquiarum;
2971 2445 3199 2500 contulit
3227 2447 3395 2503 etiam

1806 2517 2005 2574 ibidem
2038 2521 2149 2577 Deo
2177 2531 2231 2579 et
2276 2535 2467 2587 sancto
2498 2526 2774 2600 Stephano
2814 2533 2949 2589 duas
2976 2550 3168 2592 cruces
3197 2553 3396 2607 parvas

1804 2624 1868 2664 ex
1896 2625 2031 2666 auro
2059 2614 2295 2683 optimo;
2336 2632 2564 2687 quarum
2594 2638 2700 2677 una
2739 2639 2869 2703 cuni
2893 2624 3097 2681 electro
3126 2626 3390 2684 fabricata

1806 2701 2030 2769 relucet,
2062 2704 2113 2759 in
2163 2720 2269 2776 qua
2308 2707 2453 2764 intus
2477 2714 2658 2781 posuit
2684 2701 2941 2786 reliquias
2972 2732 3039 2772 ex
3070 2733 3197 2774 osse
3215 2726 3391 2777 sancti

1804 2789 2102 2862 Laurentii,
2144 2796 2348 2857 deforis
2378 2799 2431 2855 in
2479 2801 2648 2871 ipsius
2685 2803 2871 2861 electri
2922 2809 3085 2864 nobili
3117 2812 3393 2884 sculptura

1804 2897 2061 2953 expressa
2080 2889 2337 2958 passione
2364 2905 2526 2966 supra
2568 2897 2886 2954 craticulam
2923 2900 3091 2971 ipsius
3135 2906 3394 2976 martyris

1806 2972 1933 3028 almi
1956 2973 2255 3034 Laurentii.
2670 2984 2675 2987 ⁷

1877 3066 2143 3135 Quoniam
2171 3082 2352 3131 autem
2390 3078 2444 3133 in
2470 3080 2660 3138 eadem
2690 3083 2809 3140 aula
2835 3085 2928 3142 Dei
2964 3097 3083 3143 erat
3108 3090 3392 3161 pretiosis-

1804 3158 2000 3215 simum
2022 3162 2247 3233 pallium
2270 3182 2392 3224 cum
2421 3170 2661 3229 Leonum
2694 3176 3038 3249 imaginibus,
3064 3158 3129 3236 iu—
3145 3200 3254 3253 quo
3274 3198 3397 3241 erat

356 3230 372 3242 _
804 3230 807 3231 ν
1004 3230 1009 3231 ,
1062 3230 1069 3231 ,
1644 3230 1657 3233 _
2026 3230 2041 3233 -
2702 3230 3115 3249 νητρσ»---η-,
3148 3230 3250 3253 τ.-
3276 3230 3396 3241 ν.--

137 3264 439 3336 ωέυεθνίεε
456 3268 847 3339 τεεεωίηίενίιε
868 3284 929 3327 se
962 3271 1213 3327 omnibus
1257 3272 1532 3343 “animus
1581 3281 1696 3327 ιηι,
1725 3230 1771 3293 C
1804 3253 2065 3324 scriptum
2101 3257 2239 3314 inter
2276 3260 2460 3319 leones
2485 3263 2692 3324 Graecis
2722 3268 2937 3339 litteris,
2969 3282 3223 3333 xrtz'l‘ox
3261 3288 3396 3334 A88-

138 3357 229 3411 tina
244 3358 447 3415 librare
469 3360 698 3427 studuit,
715 3371 981 3431 quatenus
1003 3364 1057 3418 in
1086 3363 1192 3429 bis,
1212 3379 1333 3434 quae
1359 3380 1520 3437 agere
1550 3364 1699 3420 illum

135 3460 408 3519 oporteret,
433 3467 542 3509 nec
572 3453 736 3510 nimis
766 3452 982 3510 facilem
1017 3471 1117 3511 nec
1146 3456 1306 3512 nimis
1336 3455 1615 3513 'dillicilem
1641 3472 1700 3513 se

137 3538 433 3607 exhiberet;
466 3550 587 3597 erat
611 3542 759 3601 enim
807 3557 973 3616 sagax
1004 3545 1246 3616 ingenio,
1294 3546 1535 3615 prudens
1581 3546 1697 3603 elo-

130 3626 269 3694 quia,
290 3629 341 3684 in
368 3630 847 3689 administratione
886 3644 1109 3702 cautus,
1146 3635 1203 3690 in
1232 3636 1464 3692 consilio
1491 3637 1703 3707 perspi-

137 3730 244 3783 cax,
278 3719 423 3776 intus
466 3720 713 3794 forisque
761 3724 1020 3793 idoneus;
1069 3727 1279 3783 cunctis
1303 3725 1538 3796 denique
1577 3738 1703 3796 post

137 3810 320 3867 obitum
334 3812 537 3870 domini
556 3812 800 3873 Bettonis
822 3819 1084 3889 episcopi,
1099 3820 1226 3891 quia
1247 3820 1444 3877 talibus
1470 3821 1700 3892 aliisque

138 3904 369 3973 quatnplu
377 3906 527 3962 ribus
538 3906 682 3962 inter
696 3908 883 3966 allines
896 3910 1312 3982 splendescobat
1326 3913 1478 3969 bonae
1488 3913 1700 3984 opinio-

140 3993 214 4047 nis
239 3994 500 4066 insiguiis,
522 3998 802 4055 voluntate
853 4011 1018 4070 atque
1048 4001 1265 4058 licentia
1316 4003 1702 4074 pmcellentis-

138 4084 246 4140 simi
296 4088 498 4145 domini
522 4089 775 4147 Richardi
806 4093 1094 4163 principis,
1142 4095 1210 4151 ab
1251 4096 1508 4153 universo
1552 4097 1701 4154 clero

138 4182 186 4227 et
204 4176 388 4246 populo
405 4178 623 4235 futurus
648 4182 925 4252 appetitur
950 4192 1005 4239 et
1024 4184 1696 4257 acclamaturepiseopus;

140 4264 326 4324 electus
373 4287 407 4325 a
445 4273 791 4329 monasterio
832 4276 1183 4346 progreditur
1205 4318 1220 4343 ,
1276 4293 1342 4333 ac
1391 4294 1546 4335 sacra
1606 4280 1703 4336 de-

138 4354 318 4417 libutus
339 4364 595 4420 unctione
644 4377 1003 4422 consecratur
1051 4376 1108 4423 et
1159 4370 1446 4425 ordinatur
1497 4372 1701 4442 episco-

139 4465 246 4520 pus.
291 4454 346 4510 ln
378 4456 532 4526 cujus
569 4457 852 4529 dignitatis
891 4460 1149 4517 cathedra
1206 4478 1371 4534 quam
1425 4463 1701 4521 laudabili-

140 4552 215 4599 ter
239 4545 486 4604 Ecclesia:
532 4550 628 4605 Dei
683 4551 980 4620 praefuerit,
1016 4563 1073 4611 et
1095 4570 1217 4627 quae
1261 4556 1314 4611 in
1355 4572 1420 4612 ea
1464 4559 1697 4628 gesserit

140 4649 233 4691 non
258 4650 337 4695 est
352 4642 643 4713 tegendum
671 4643 906 4710 silentio,
937 4647 1032 4703 sed
1070 4662 1137 4701 ex
1168 4648 1353 4704 multis
1390 4665 1562 4720 pauca
1601 4666 1696 4706 ex-

140 4738 338 4797 cerpere
361 4732 726 4788 mandandum
761 4743 847 4790 est
874 4736 1105 4804 calamo,
1144 4754 1340 4808 nempe
1380 4741 1433 4796 iu
1470 4757 1698 4813 egressu

141 4830 241 4883 suo,
266 4820 439 4893 inqua
461 4833 724 4889 "teneret,
757 4826 1115 4897 episcopalem
1147 4844 1253 4886 non
1277 4831 1481 4886 invenit
1505 4832 1697 4899 aedem,

140 4908 223 4963 sed
247 4909 294 4965 in
327 4914 615 4983 quamdam
654 4917 1043 4972 monachorum
1073 4916 1212 4972 infra
1234 4918 1511 4975 civitatem
1538 4920 1698 4975 sitam

141 5009 190 5050 se
213 4997 473 5059 divertens
523 5004 884 5071 mansionem,
922 5006 1051 5061 inihi
1090 5006 1305 5062 interim
1335 5009 1500 5080 degit,
1526 5010 1699 5066 donec

140 5103 222 5142 sua
233 5090 468 5160 iussione
490 5096 664 5163 major
687 5096 949 5151 eoenaculi
971 5099 1162 5152 domus
1182 5097 1249 5153 ah
1270 5097 1542 5156 Herifrido
1561 5116 1700 5171 pra:-

140 5194 329 5239 cessure
356 5202 454 5243 suo
481 5186 738 5241 inchoata
766 5188 1039 5259 episcopo,
1090 5191 1184 5245 sed
1216 5206 1323 5246 non
1358 5195 1616 5263 perfecta,
1644 5203 1701 5250 et

137 5272 395 5333 aBettonc
445 5279 786 5348 postmodum
840 5279 1091 5351 episcopo
1134 5280 1527 5352 aliquantulum
1563 5301 1692 5356 snp-

135 5363 257 5430 pleta
292 5369 660 5437 pet-liceretur,
697 5369 907 5439 adjecto
963 5374 1303 5441 postmodum
1360 5374 1466 5428 alio
1516 5376 1696 5446 ligneo

134 5459 393 5515 cmuaculo
413 5460 620 5516 a'statis
652 5470 892 5532 tempore
940 5463 1039 5518 sub
1074 5463 1205 5518 solis
1240 5474 1491 5519 caumate
1514 5466 1580 5520 ad
1611 5482 1700 5522 re-

134 5542 412 5618 frigeranda
449 5549 851 5606 convivantium
878 5561 933 5606 et
959 5553 1291 5609 cmnantium
1317 5569 1541 5624 corpora
1561 5571 1696 5626 pra:-

132 5649 320 5706 parato,
368 5642 497 5700 fecit
544 5644 709 5698 etiam
752 5660 967 5700 sursum
992 5644 1149 5714 juxta
1202 5646 1479 5703 cochleam
1525 5650 1694 5718 ipsius

132 5729 305 5788 domus
331 5733 418 5791 Dei
448 5735 583 5791 duas
607 5734 846 5805 lapideas
872 5738 1202 5804 mansiones,
1218 5755 1380 5796 unam
1412 5757 1441 5795 a
1473 5741 1696 5797 meridie

132 5824 417 5883 ctalterant
463 5829 532 5883 ab
570 5829 841 5897 aquilone,
878 5845 1108 5899 quarum
1164 5848 1268 5887 una
1320 5834 1591 5889 conviclni
1643 5845 1696 5890 ct

592 5942 866 6004 l’nnoc.
913 5942 1017 6004 CX
1034 5943 1331 6008 XXVI".

1804 3354 2016 3412 uorax,
2055 3363 2160 3403 non
2194 3349 2402 3409 destitit
2422 3355 2737 3428 priusquam
2766 3359 2909 3417 aliud
2935 3362 3178 3432 tu'usdem
3206 3367 3397 3425 simili-

1807 3436 2008 3492 tudinis
2025 3439 2244 3508 pallium
2278 3442 2499 3510 invenit,
2533 3460 2886 3522 emptumque
2931 3452 3126 3510 ibidem
3177 3456 3397 3530 dilargi-

1807 3534 1891 3581 tus
1919 3537 2023 3594 est,
2077 3543 2346 3600 quatenus
2373 3551 2538 3591 unum
2569 3537 2709 3605 inde,
2741 3543 2893 3610 quasi
2923 3544 3025 3599 sibi
3066 3549 3396 3617 respondere

1805 3616 2118 3673 viderentur
2158 3621 2390 3679 alterum
2426 3625 2648 3695 pallium
2682 3629 2940 3700 dinprasii
2978 3616 3178 3691 coloris
3199 3647 3256 3691 et
3290 3654 3392 3694 no-

1805 3708 1967 3798 minis
2003 3726 2127 3765 cum
2177 3713 2578 3783 hirundinibus,
2609 3718 2663 3774 in
2699 3735 2806 3791 quo
2834 3721 3129 3796 Phrygium
3159 3742 3295 3798 opus
3322 3730 3391 3783 ab

1804 3796 2073 3856 llerifrido
2116 3804 2272 3873 prius
2326 3804 2528 3862 factum
2575 3825 2641 3864 ex
2691 3826 2823 3868 auro
2850 3830 3011 3885 supra
3041 3796 3209 3873 arani
3232 3820 3393 3875 altari

1805 3892 2113 3963 resplendet
2144 3896 2332 3952 diebus
2369 3897 2542 3956 festis.
2584 3900 2740 3959 Dedit
2773 3921 2991 3977 quoque
3028 3924 3194 3964 unum
3222 3912 3394 3966 vexil-

1806 3980 1912 4037 lum
1951 4001 2084 4040 auro
2134 3998 2410 4059 comptum
2449 3992 2516 4065 ad
2552 3992 2883 4051 efferendum
2932 4013 3057 4053 cum
3104 3999 3225 4056 aliis
3255 4012 3393 4057 tem-

1804 4089 1937 4148 pore
1961 4078 2191 4148 publica:
2220 4084 2616 4153 processiouis;
2649 4087 2883 4160 denique
2908 4093 3125 4160 quando
3161 4093 3390 4152 Romam

1802 4172 2077 4240 profectus
2112 4185 2197 4228 est
2223 4176 2403 4231 studio
2422 4178 2797 4237 saluberrimae
2823 4183 3086 4240 orationis
3107 4201 3137 4240 a
3164 4185 3398 4243 Domino

1804 4263 2102 4333 apostolico
2123 4266 2333 4324 Joanne
2373 4271 2627 4327 maximis
2656 4273 2911 4343 precibus
2960 4277 3255 4349 impetrare
3279 4297 3394 4337 me-

1804 4354 1916 4409 ruit
1942 4355 2198 4427 reliquias
2224 4374 2387 4430 supra
2426 4363 2710 4419 memorati
2736 4364 3014 4423 Laurentii
3052 4372 3309 4443 martyris
3328 4389 3395 4431 ae

1802 4455 2008 4500 sancta:
2054 4446 2329 4518 Eugeniae,
2385 4466 2519 4521 quas
2551 4461 2843 4525 postquam
2900 4450 3082 4512 secum
3143 4460 3395 4529 devexit,

1802 4537 2041 4608 atquein
2077 4540 2277 4610 templo
2318 4542 2477 4611 primi
2510 4546 2766 4616 martyris
2805 4549 3193 4606 comitantibus
3222 4551 3388 4607 cleri-

1801 4646 1986 4686 corum
2012 4633 2437 4705 populorumque
2460 4651 2570 4691 non
2602 4639 2825 4694 modicis
2846 4643 3100 4708 catervis,
3129 4660 3249 4699 cum
3270 4661 3391 4701 tna-

1804 4737 1909 4792 gno
1935 4723 2129 4793 gaudio
2150 4734 2207 4778 et
2253 4724 2459 4780 honore
2476 4727 2785 4796 collocavit,
2819 4731 3113 4789 immensas
3139 4739 3389 4809 omnipo-

1804 4817 1934 4875 tenti
1981 4815 2090 4871 Deo
2139 4819 2347 4888 gratias
2404 4818 2696 4891 laudesque
2757 4822 2971 4889 retulit,
3029 4826 3185 4896 cujus
3237 4827 3384 4900 larga

1807 4906 2181 4963 munificentia
2206 4908 2330 4963 talia
2359 4917 2414 4964 et
2444 4917 2592 4964 tanta
2623 4912 2676 4968 in
2701 4911 2987 4984 longinqua
3019 4917 3240 4985 regione
3264 4934 3391 4973 san-

1804 5006 2014 5053 ctorum
2067 5000 2295 5070 pignora
2340 5001 2607 5068 obtinere,
2637 5013 2694 5057 et
2722 5002 2829 5058 huc
2848 5019 3021 5074 usque
3048 5004 3258 5062 deferre
3284 5008 3386 5062 im-

1805 5091 2033 5146 meritus
2075 5092 2262 5161 quivit.
2301 5091 2376 5146 De
2421 5092 2619 5163 quibus
2652 5103 2858 5163 partem
2888 5098 3169 5153 monachis
3212 5100 3388 5155 sancti

1806 5178 2084 5246 Germani,
2107 5181 2198 5250 qui
2233 5182 2281 5236 ei
2307 5182 2519 5237 obviam
2566 5191 2968 5253 processerant,
3014 5188 3190 5254 dedit;
3225 5187 3386 5243 aliam

1807 5285 1938 5327 vero
1961 5270 2064 5344 sibi
2090 5279 2355 5327 retentam
2385 5273 2457 5328 ita
2488 5274 2761 5341 distinxit,
2789 5285 2848 5331 ut
2879 5276 3075 5332 ibidem
3120 5294 3250 5348 pars
3278 5279 3383 5332 mi-

1802 5381 1905 5420 nor
1932 5373 2139 5419 retenta
2185 5375 2517 5432 servaretur,
2551 5367 2724 5438 major
2774 5382 2903 5423 vero
2937 5383 3118 5422 secum
3155 5370 3222 5422 ad
3251 5369 3387 5424 Var-

1790 5460 2010 5516 ciacum
2041 5458 2440 5529 deportaretur,
2467 5475 2627 5530 quam
2661 5461 2712 5513 in
2749 5462 2914 5531 ipsius
2939 5460 3111 5515 beata:
3161 5461 3390 5532 virginis

1801 5561 1858 5607 et
1906 5552 2163 5622 martyris
2215 5560 2401 5621 postea
2452 5553 2754 5607 recondidit
2790 5552 2910 5606 aula
2945 5570 2957 5603 :
2990 5568 3115 5607 nam
3161 5569 3384 5610 suorum

1804 5644 2137 5714 temporibus
2206 5645 2665 5713 praxiecessorum
2728 5644 2889 5699 beato
2932 5643 3205 5700 Germano
3264 5647 3384 5702 viro

1803 5736 2096 5806 apostolico
2153 5735 2347 5792 nobilis
2397 5735 2467 5791 ibi
2519 5735 2793 5790 relucebat
2842 5734 3084 5800 basilica,
3135 5737 3382 5803 tttaximif

1804 5826 2122 5899 populorum
2150 5827 2542 5883 instantissitna
2561 5825 2844 5882 dcvotionc
2860 5827 3103 5882 collectis
3135 5828 3337 5912 ireque!

2907 5943 2945 6000 9
