  <div class='ocr_page' id='page_1' title='image "/cluster/home/n/w/nwhite01/storage/ocr_20150623/138/hvd.32044015471774/139.png"; bbox 0 0 3910 5336; ppageno 0'>
   <div class='ocr_carea' id='block_1_1' title="bbox 550 217 677 274">
    <p class='ocr_par' dir='ltr' id='par_1_1' title="bbox 550 217 677 274">
     <span class='ocr_line' id='line_1_1' title="bbox 550 217 677 274; baseline 0.071 -8"><span class='ocrx_word' id='word_1_1' title='bbox 550 217 677 274; x_wconf 67' lang='lat'><strong>:267</strong></span> 
     </span>
    </p>
   </div>
   <div class='ocr_carea' id='block_1_2' title="bbox 1470 186 2162 298">
    <p class='ocr_par' dir='ltr' id='par_1_2' title="bbox 1470 222 2162 298">
     <span class='ocr_line' id='line_1_2' title="bbox 1470 222 2162 298; baseline -0.001 -16"><span class='ocrx_word' id='word_1_2' title='bbox 1470 222 1751 283; x_wconf 63' lang='lat' dir='ltr'><strong>sereno.</strong></span> <span class='ocrx_word' id='word_1_3' title='bbox 1792 223 1883 279; x_wconf 80' lang='lat' dir='ltr'><strong>AD</strong></span> <span class='ocrx_word' id='word_1_4' title='bbox 1921 222 2094 298; x_wconf 60' lang='lat' dir='ltr'><strong>suae.</strong></span> <span class='ocrx_word' id='word_1_5' title='bbox 2145 227 2162 281; x_wconf 71' lang='lat'>1</span> 
     </span>
    </p>
   </div>
   <div class='ocr_carea' id='block_1_3' title="bbox 2266 186 3776 298">
    <p class='ocr_par' dir='ltr' id='par_1_3' title="bbox 2266 186 3776 285">
     <span class='ocr_line' id='line_1_3' title="bbox 2266 186 3776 285; baseline -0.001 -1"><span class='ocrx_word' id='word_1_6' title='bbox 2266 186 2320 268; x_wconf 56' lang='lat'>;</span> <span class='ocrx_word' id='word_1_7' title='bbox 2358 188 2587 284; x_wconf 65' lang='lat' dir='ltr'><strong>orsus</strong></span> <span class='ocrx_word' id='word_1_8' title='bbox 2618 232 3005 285; x_wconf 68' lang='grc' dir='ltr'><strong>Αωιιοτιιω.</strong></span> <span class='ocrx_word' id='word_1_9' title='bbox 3692 214 3776 284; x_wconf 69' lang='lat' dir='ltr'><strong>eos</strong></span> 
     </span>
    </p>
   </div>
   <div class='ocr_carea' id='block_1_4' title="bbox 573 314 3778 408">
    <p class='ocr_par' dir='ltr' id='par_1_4' title="bbox 573 314 3778 408">
     <span class='ocr_line' id='line_1_4' title="bbox 573 314 3778 408; baseline 0.001 -22"><span class='ocrx_word' id='word_1_10' title='bbox 573 338 703 387; x_wconf 79' lang='lat' dir='ltr'><strong>tata.</strong></span> <span class='ocrx_word' id='word_1_11' title='bbox 729 329 829 385; x_wconf 82' lang='lat' dir='ltr'><strong>Ast</strong></span> <span class='ocrx_word' id='word_1_12' title='bbox 851 314 992 387; x_wconf 86' lang='lat' dir='ltr'><strong>idem</strong></span> <span class='ocrx_word' id='word_1_13' title='bbox 1014 331 1100 386; x_wconf 87' lang='lat' dir='ltr'><strong>vir</strong></span> <span class='ocrx_word' id='word_1_14' title='bbox 1120 318 1547 390; x_wconf 51' lang='lat' dir='ltr'><strong>ferventissimus</strong></span> <span class='ocrx_word' id='word_1_15' title='bbox 1569 334 1736 389; x_wconf 80' lang='lat' dir='ltr'><strong>divini</strong></span> <span class='ocrx_word' id='word_1_16' title='bbox 1761 335 2143 391; x_wconf 83' lang='lat' dir='ltr'><strong>houorisama-</strong></span> <span class='ocrx_word' id='word_1_17' title='bbox 2172 327 2217 385; x_wconf 85' lang='lat' dir='ltr'><strong>A</strong></span> <span class='ocrx_word' id='word_1_18' title='bbox 2247 339 2401 395; x_wconf 89' lang='lat' dir='ltr'><strong>dunt.</strong></span> <span class='ocrx_word' id='word_1_19' title='bbox 2441 337 2567 392; x_wconf 87' lang='lat' dir='ltr'><strong>Fuit</strong></span> <span class='ocrx_word' id='word_1_20' title='bbox 2606 337 2866 408; x_wconf 80' lang='lat' dir='ltr'><strong>siquidem</strong></span> <span class='ocrx_word' id='word_1_21' title='bbox 2904 335 3209 392; x_wconf 88' lang='lat' dir='ltr'><strong>divinorum</strong></span> <span class='ocrx_word' id='word_1_22' title='bbox 3248 348 3352 388; x_wconf 93' lang='lat' dir='ltr'><strong>non</strong></span> <span class='ocrx_word' id='word_1_23' title='bbox 3400 333 3569 405; x_wconf 77' lang='lat' dir='ltr'><strong>segnis</strong></span> <span class='ocrx_word' id='word_1_24' title='bbox 3605 334 3778 391; x_wconf 83' lang='lat' dir='ltr'><strong>cilicio-</strong></span> 
     </span>
    </p>
   </div>
   <div class='ocr_carea' id='block_1_5' title="bbox 573 418 2148 500">
    <p class='ocr_par' dir='ltr' id='par_1_5' title="bbox 573 418 2148 500">
     <span class='ocr_line' id='line_1_5' title="bbox 573 418 2148 500; baseline 0.004 -23"><span class='ocrx_word' id='word_1_25' title='bbox 573 430 660 477; x_wconf 85' lang='lat' dir='ltr'><strong>tor</strong></span> <span class='ocrx_word' id='word_1_26' title='bbox 686 420 863 485; x_wconf 86' lang='lat' dir='ltr'><strong>factus</strong></span> <span class='ocrx_word' id='word_1_27' title='bbox 894 430 979 478; x_wconf 91' lang='lat' dir='ltr'><strong>est</strong></span> <span class='ocrx_word' id='word_1_28' title='bbox 1003 424 1368 499; x_wconf 88' lang='lat' dir='ltr'><strong>postmodum,</strong></span> <span class='ocrx_word' id='word_1_29' title='bbox 1400 432 1459 480; x_wconf 94' lang='lat' dir='ltr'><strong>ut</strong></span> <span class='ocrx_word' id='word_1_30' title='bbox 1503 435 1660 497; x_wconf 87' lang='lat' dir='ltr'><strong>pater</strong></span> <span class='ocrx_word' id='word_1_31' title='bbox 1680 418 1962 491; x_wconf 60' lang='lat' dir='ltr'><strong>omnibus,</strong></span> <span class='ocrx_word' id='word_1_32' title='bbox 1978 428 2148 500; x_wconf 86' lang='lat' dir='ltr'><strong>ipsius</strong></span> 
     </span>
    </p>
   </div>
   <div class='ocr_carea' id='block_1_6' title="bbox 573 511 2149 590">
    <p class='ocr_par' dir='ltr' id='par_1_6' title="bbox 573 511 2149 590">
     <span class='ocr_line' id='line_1_6' title="bbox 573 511 2149 590; baseline 0.007 -23"><span class='ocrx_word' id='word_1_33' title='bbox 573 511 815 568; x_wconf 74' lang='lat' dir='ltr'><strong>ecclesia:</strong></span> <span class='ocrx_word' id='word_1_34' title='bbox 837 524 1183 585; x_wconf 79' lang='lat' dir='ltr'><strong>propagator,</strong></span> <span class='ocrx_word' id='word_1_35' title='bbox 1214 524 1269 570; x_wconf 91' lang='lat' dir='ltr'><strong>et</strong></span> <span class='ocrx_word' id='word_1_36' title='bbox 1294 517 1436 573; x_wconf 91' lang='lat' dir='ltr'><strong>intus</strong></span> <span class='ocrx_word' id='word_1_37' title='bbox 1478 517 1784 590; x_wconf 89' lang='lat' dir='ltr'><strong>deforisque</strong></span> <span class='ocrx_word' id='word_1_38' title='bbox 1836 513 2149 577; x_wconf 84' lang='lat' dir='ltr'><strong>strenuissi-</strong></span> 
     </span>
    </p>
   </div>
   <div class='ocr_carea' id='block_1_7' title="bbox 573 604 2153 679">
    <p class='ocr_par' dir='ltr' id='par_1_7' title="bbox 573 604 2153 679">
     <span class='ocr_line' id='line_1_7' title="bbox 573 604 2153 679; baseline 0.006 -21"><span class='ocrx_word' id='word_1_39' title='bbox 573 616 698 660; x_wconf 87' lang='lat' dir='ltr'><strong>mus</strong></span> <span class='ocrx_word' id='word_1_40' title='bbox 722 604 920 670; x_wconf 79' lang='lat' dir='ltr'><strong>cultor,</strong></span> <span class='ocrx_word' id='word_1_41' title='bbox 945 606 1215 675; x_wconf 85' lang='lat' dir='ltr'><strong>siquidem</strong></span> <span class='ocrx_word' id='word_1_42' title='bbox 1247 608 1315 663; x_wconf 89' lang='lat' dir='ltr'><strong>ab</strong></span> <span class='ocrx_word' id='word_1_43' title='bbox 1348 609 1479 679; x_wconf 81' lang='lat' dir='ltr'><strong>ipsis</strong></span> <span class='ocrx_word' id='word_1_44' title='bbox 1512 625 1634 665; x_wconf 88' lang='lat' dir='ltr'><strong>eam</strong></span> <span class='ocrx_word' id='word_1_45' title='bbox 1662 610 2028 669; x_wconf 70' lang='lat' dir='ltr'><strong>fundamentis</strong></span> <span class='ocrx_word' id='word_1_46' title='bbox 2054 630 2153 668; x_wconf 84' lang='lat' dir='ltr'><strong>titt-</strong></span> 
     </span>
    </p>
   </div>
   <div class='ocr_carea' id='block_1_8' title="bbox 576 693 2153 774">
    <p class='ocr_par' dir='ltr' id='par_1_8' title="bbox 576 693 2153 774">
     <span class='ocr_line' id='line_1_8' title="bbox 576 693 2153 774; baseline 0.007 -26"><span class='ocrx_word' id='word_1_47' title='bbox 576 693 739 764; x_wconf 91' lang='lat' dir='ltr'><strong>dique</strong></span> <span class='ocrx_word' id='word_1_48' title='bbox 751 695 1028 766; x_wconf 86' lang='lat' dir='ltr'><strong>disposuit,</strong></span> <span class='ocrx_word' id='word_1_49' title='bbox 1052 705 1279 765; x_wconf 89' lang='lat' dir='ltr'><strong>tectura,</strong></span> <span class='ocrx_word' id='word_1_50' title='bbox 1303 700 1490 757; x_wconf 83' lang='lat' dir='ltr'><strong>vitreis</strong></span> <span class='ocrx_word' id='word_1_51' title='bbox 1507 701 1779 768; x_wconf 79' lang='lat' dir='ltr'><strong>fenestris,</strong></span> <span class='ocrx_word' id='word_1_52' title='bbox 1811 702 2153 774; x_wconf 88' lang='lat' dir='ltr'><strong>laquearibus</strong></span> 
     </span>
    </p>
   </div>
   <div class='ocr_carea' id='block_1_9' title="bbox 577 785 2152 863">
    <p class='ocr_par' dir='ltr' id='par_1_9' title="bbox 577 785 2152 863">
     <span class='ocr_line' id='line_1_9' title="bbox 577 785 2152 863; baseline 0.007 -22"><span class='ocrx_word' id='word_1_53' title='bbox 577 785 737 856; x_wconf 83' lang='lat' dir='ltr'><strong>pictis</strong></span> <span class='ocrx_word' id='word_1_54' title='bbox 755 787 966 842; x_wconf 87' lang='lat' dir='ltr'><strong>ornavit</strong></span> <span class='ocrx_word' id='word_1_55' title='bbox 989 796 1044 843; x_wconf 90' lang='lat' dir='ltr'><strong>et</strong></span> <span class='ocrx_word' id='word_1_56' title='bbox 1072 788 1326 857; x_wconf 80' lang='lat' dir='ltr'><strong>excoluit,</strong></span> <span class='ocrx_word' id='word_1_57' title='bbox 1348 790 1714 863; x_wconf 88' lang='lat' dir='ltr'><strong>altaribusque</strong></span> <span class='ocrx_word' id='word_1_58' title='bbox 1739 795 2009 851; x_wconf 88' lang='lat' dir='ltr'><strong>nonnullis</strong></span> <span class='ocrx_word' id='word_1_59' title='bbox 2031 812 2152 852; x_wconf 90' lang='lat' dir='ltr'><strong>cum</strong></span> 
     </span>
    </p>
   </div>
   <div class='ocr_carea' id='block_1_10' title="bbox 566 877 2156 951">
    <p class='ocr_par' dir='ltr' id='par_1_10' title="bbox 566 877 2156 951">
     <span class='ocr_line' id='line_1_10' title="bbox 566 877 2156 951; baseline 0.008 -24"><span class='ocrx_word' id='word_1_60' title='bbox 566 884 885 931; x_wconf 79' lang='lat' dir='ltr'><strong>sanctorum</strong></span> <span class='ocrx_word' id='word_1_61' title='bbox 910 877 1225 947; x_wconf 79' lang='lat' dir='ltr'><strong>pignoribus</strong></span> <span class='ocrx_word' id='word_1_62' title='bbox 1254 881 1487 951; x_wconf 89' lang='lat' dir='ltr'><strong>pr0priis</strong></span> <span class='ocrx_word' id='word_1_63' title='bbox 1534 883 1704 939; x_wconf 88' lang='lat' dir='ltr'><strong>titulis</strong></span> <span class='ocrx_word' id='word_1_64' title='bbox 1743 885 1936 941; x_wconf 84' lang='lat' dir='ltr'><strong>dicatis</strong></span> <span class='ocrx_word' id='word_1_65' title='bbox 1972 902 2156 942; x_wconf 86' lang='lat' dir='ltr'><strong>sacra-</strong></span> 
     </span>
    </p>
   </div>
   <div class='ocr_carea' id='block_1_11' title="bbox 575 964 2158 1044">
    <p class='ocr_par' dir='ltr' id='par_1_11' title="bbox 575 964 2158 1044">
     <span class='ocr_line' id='line_1_11' title="bbox 575 964 2158 1044; baseline 0.008 -24"><span class='ocrx_word' id='word_1_66' title='bbox 575 964 838 1020; x_wconf 83' lang='lat' dir='ltr'><strong>tissimam</strong></span> <span class='ocrx_word' id='word_1_67' title='bbox 860 968 1131 1036; x_wconf 86' lang='lat' dir='ltr'><strong>praestitit.</strong></span> <span class='ocrx_word' id='word_1_68' title='bbox 1159 967 1402 1026; x_wconf 71' lang='lat' dir='ltr'><strong>Posthzec</strong></span> <span class='ocrx_word' id='word_1_69' title='bbox 1432 971 1625 1027; x_wconf 85' lang='lat' dir='ltr'><strong>ibidem</strong></span> <span class='ocrx_word' id='word_1_70' title='bbox 1649 989 1770 1044; x_wconf 84' lang='lat' dir='ltr'><strong>quae</strong></span> <span class='ocrx_word' id='word_1_71' title='bbox 1794 974 1976 1032; x_wconf 91' lang='lat' dir='ltr'><strong>divino</strong></span> <span class='ocrx_word' id='word_1_72' title='bbox 2001 986 2158 1032; x_wconf 82' lang='lat' dir='ltr'><strong>erant</strong></span> 
     </span>
    </p>
   </div>
   <div class='ocr_carea' id='block_1_12' title="bbox 563 1054 2155 1134">
    <p class='ocr_par' dir='ltr' id='par_1_12' title="bbox 563 1054 2155 1134">
     <span class='ocr_line' id='line_1_12' title="bbox 563 1054 2155 1134; baseline 0.011 -25"><span class='ocrx_word' id='word_1_73' title='bbox 563 1054 833 1124; x_wconf 82' lang='lat' dir='ltr'><strong>obsequio</strong></span> <span class='ocrx_word' id='word_1_74' title='bbox 861 1059 1224 1127; x_wconf 83' lang='lat' dir='ltr'><strong>competentia</strong></span> <span class='ocrx_word' id='word_1_75' title='bbox 1277 1061 1665 1130; x_wconf 79' lang='lat' dir='ltr'><strong>accumulavit,</strong></span> <span class='ocrx_word' id='word_1_76' title='bbox 1712 1066 1815 1121; x_wconf 91' lang='lat' dir='ltr'><strong>hoc</strong></span> <span class='ocrx_word' id='word_1_77' title='bbox 1857 1060 2155 1134; x_wconf 47' lang='lat' dir='ltr'><strong>est&#39;libro&#39;s,</strong></span> 
     </span>
    </p>
   </div>
   <div class='ocr_carea' id='block_1_13' title="bbox 575 1146 2153 1219">
    <p class='ocr_par' dir='ltr' id='par_1_13' title="bbox 575 1146 2153 1219">
     <span class='ocr_line' id='line_1_13' title="bbox 575 1146 2153 1219; baseline 0.01 -21"><span class='ocrx_word' id='word_1_78' title='bbox 575 1154 774 1211; x_wconf 78' lang='lat' dir='ltr'><strong>vestes,</strong></span> <span class='ocrx_word' id='word_1_79' title='bbox 813 1146 1001 1215; x_wconf 85' lang='lat' dir='ltr'><strong>pallas,</strong></span> <span class='ocrx_word' id='word_1_80' title='bbox 1054 1148 1207 1219; x_wconf 82' lang='lat' dir='ltr'><strong>signa</strong></span> <span class='ocrx_word' id='word_1_81' title='bbox 1239 1158 1295 1204; x_wconf 92' lang='lat' dir='ltr'><strong>et</strong></span> <span class='ocrx_word' id='word_1_82' title='bbox 1324 1154 1455 1205; x_wconf 84' lang='lat' dir='ltr'><strong>vasa</strong></span> <span class='ocrx_word' id='word_1_83' title='bbox 1482 1153 1751 1210; x_wconf 82' lang='lat' dir='ltr'><strong>sacrificio</strong></span> <span class='ocrx_word' id='word_1_84' title='bbox 1776 1156 1873 1212; x_wconf 85' lang='lat' dir='ltr'><strong>Dei</strong></span> <span class='ocrx_word' id='word_1_85' title='bbox 1901 1173 2153 1214; x_wconf 90' lang='lat' dir='ltr'><strong>necessa-</strong></span> 
     </span>
    </p>
   </div>
   <div class='ocr_carea' id='block_1_14' title="bbox 574 1235 2162 1316">
    <p class='ocr_par' dir='ltr' id='par_1_14' title="bbox 574 1235 2162 1316">
     <span class='ocr_line' id='line_1_14' title="bbox 574 1235 2162 1316; baseline 0.009 -27"><span class='ocrx_word' id='word_1_86' title='bbox 574 1235 692 1303; x_wconf 88' lang='lat' dir='ltr'><strong>ria;</strong></span> <span class='ocrx_word' id='word_1_87' title='bbox 725 1251 885 1292; x_wconf 90' lang='lat' dir='ltr'><strong>secus</strong></span> <span class='ocrx_word' id='word_1_88' title='bbox 927 1251 1060 1293; x_wconf 88' lang='lat' dir='ltr'><strong>vero</strong></span> <span class='ocrx_word' id='word_1_89' title='bbox 1088 1239 1344 1308; x_wconf 89' lang='lat' dir='ltr'><strong>templum</strong></span> <span class='ocrx_word' id='word_1_90' title='bbox 1380 1241 1601 1296; x_wconf 89' lang='lat' dir='ltr'><strong>instruit</strong></span> <span class='ocrx_word' id='word_1_91' title='bbox 1631 1245 1732 1300; x_wconf 85' lang='lat' dir='ltr'><strong>sibi</strong></span> <span class='ocrx_word' id='word_1_92' title='bbox 1766 1247 1985 1316; x_wconf 87' lang='lat' dir='ltr'><strong>suisque</strong></span> <span class='ocrx_word' id='word_1_93' title='bbox 2011 1247 2162 1303; x_wconf 90' lang='lat' dir='ltr'><strong>habi-</strong></span> 
     </span>
    </p>
   </div>
   <div class='ocr_carea' id='block_1_15' title="bbox 574 1326 2156 1413">
    <p class='ocr_par' dir='ltr' id='par_1_15' title="bbox 574 1326 2156 1413">
     <span class='ocr_line' id='line_1_15' title="bbox 574 1326 2156 1413; baseline 0.009 -32"><span class='ocrx_word' id='word_1_94' title='bbox 574 1326 754 1382; x_wconf 89' lang='lat' dir='ltr'><strong>tacula</strong></span> <span class='ocrx_word' id='word_1_95' title='bbox 799 1329 1202 1413; x_wconf 70' lang='lat' dir='ltr'><strong>successoribqs</strong></span> <span class='ocrx_word' id='word_1_96' title='bbox 1226 1330 1453 1401; x_wconf 92' lang='lat' dir='ltr'><strong>pulchro</strong></span> <span class='ocrx_word' id='word_1_97' title='bbox 1481 1348 1644 1403; x_wconf 88' lang='lat' dir='ltr'><strong>opere</strong></span> <span class='ocrx_word' id='word_1_98' title='bbox 1680 1335 1839 1401; x_wconf 85' lang='lat' dir='ltr'><strong>facta,</strong></span> <span class='ocrx_word' id='word_1_99' title='bbox 1878 1346 1932 1393; x_wconf 89' lang='lat' dir='ltr'><strong>et</strong></span> <span class='ocrx_word' id='word_1_100' title='bbox 1955 1339 2020 1393; x_wconf 87' lang='lat' dir='ltr'><strong>ad</strong></span> <span class='ocrx_word' id='word_1_101' title='bbox 2059 1340 2156 1395; x_wconf 92' lang='lat' dir='ltr'><strong>de-</strong></span> 
     </span>
    </p>
   </div>
   <div class='ocr_carea' id='block_1_16' title="bbox 575 1418 2154 1495">
    <p class='ocr_par' dir='ltr' id='par_1_16' title="bbox 575 1418 2154 1495">
     <span class='ocr_line' id='line_1_16' title="bbox 575 1418 2154 1495; baseline 0.008 -23"><span class='ocrx_word' id='word_1_102' title='bbox 575 1418 808 1485; x_wconf 72' lang='lat' dir='ltr'><strong>geudum</strong></span> <span class='ocrx_word' id='word_1_103' title='bbox 839 1425 946 1473; x_wconf 88' lang='lat' dir='ltr'><strong>tam</strong></span> <span class='ocrx_word' id='word_1_104' title='bbox 978 1420 1259 1491; x_wconf 82' lang='lat' dir='ltr'><strong>religioni,</strong></span> <span class='ocrx_word' id='word_1_105' title='bbox 1286 1437 1444 1492; x_wconf 88' lang='lat' dir='ltr'><strong>quam</strong></span> <span class='ocrx_word' id='word_1_106' title='bbox 1475 1424 1636 1479; x_wconf 91' lang='lat' dir='ltr'><strong>etiam</strong></span> <span class='ocrx_word' id='word_1_107' title='bbox 1661 1441 1936 1495; x_wconf 71' lang='lat' dir='ltr'><strong>corporeae</strong></span> <span class='ocrx_word' id='word_1_108' title='bbox 1972 1443 2154 1486; x_wconf 87' lang='lat' dir='ltr'><strong>neces-</strong></span> 
     </span>
    </p>
   </div>
   <div class='ocr_carea' id='block_1_17' title="bbox 574 1507 2157 1581">
    <p class='ocr_par' dir='ltr' id='par_1_17' title="bbox 574 1507 2157 1581">
     <span class='ocr_line' id='line_1_17' title="bbox 574 1507 2157 1581; baseline 0.007 -18"><span class='ocrx_word' id='word_1_109' title='bbox 574 1507 798 1564; x_wconf 85' lang='lat' dir='ltr'><strong>situdini</strong></span> <span class='ocrx_word' id='word_1_110' title='bbox 830 1513 1204 1581; x_wconf 80' lang='lat' dir='ltr'><strong>congruentia,</strong></span> <span class='ocrx_word' id='word_1_111' title='bbox 1230 1528 1330 1569; x_wconf 91' lang='lat' dir='ltr'><strong>nec</strong></span> <span class='ocrx_word' id='word_1_112' title='bbox 1360 1529 1463 1569; x_wconf 91' lang='lat' dir='ltr'><strong>non</strong></span> <span class='ocrx_word' id='word_1_113' title='bbox 1513 1516 1677 1571; x_wconf 88' lang='lat' dir='ltr'><strong>etiam</strong></span> <span class='ocrx_word' id='word_1_114' title='bbox 1725 1517 1777 1572; x_wconf 92' lang='lat' dir='ltr'><strong>in</strong></span> <span class='ocrx_word' id='word_1_115' title='bbox 1819 1520 2009 1574; x_wconf 90' lang='lat' dir='ltr'><strong>eadem</strong></span> <span class='ocrx_word' id='word_1_116' title='bbox 2031 1519 2157 1574; x_wconf 88' lang='lat' dir='ltr'><strong>villa</strong></span> 
     </span>
    </p>
   </div>
   <div class='ocr_carea' id='block_1_18' title="bbox 574 1602 2154 1680">
    <p class='ocr_par' dir='ltr' id='par_1_18' title="bbox 574 1602 2154 1680">
     <span class='ocr_line' id='line_1_18' title="bbox 574 1602 2154 1680; baseline 0.006 -22"><span class='ocrx_word' id='word_1_117' title='bbox 574 1602 837 1660; x_wconf 81' lang='lat' dir='ltr'><strong>Varciaco</strong></span> <span class='ocrx_word' id='word_1_118' title='bbox 862 1606 997 1661; x_wconf 91' lang='lat' dir='ltr'><strong>duas</strong></span> <span class='ocrx_word' id='word_1_119' title='bbox 1039 1607 1299 1664; x_wconf 80' lang='lat' dir='ltr'><strong>ecclesias</strong></span> <span class='ocrx_word' id='word_1_120' title='bbox 1346 1618 1612 1667; x_wconf 88' lang='lat' dir='ltr'><strong>vetustate</strong></span> <span class='ocrx_word' id='word_1_121' title='bbox 1638 1610 1867 1680; x_wconf 90' lang='lat' dir='ltr'><strong>dirutas,</strong></span> <span class='ocrx_word' id='word_1_122' title='bbox 1908 1628 2068 1667; x_wconf 89' lang='lat' dir='ltr'><strong>unam</strong></span> <span class='ocrx_word' id='word_1_123' title='bbox 2102 1613 2154 1667; x_wconf 92' lang='lat' dir='ltr'><strong>in</strong></span> 
     </span>
    </p>
   </div>
   <div class='ocr_carea' id='block_1_19' title="bbox 2250 424 3780 499">
    <p class='ocr_par' dir='ltr' id='par_1_19' title="bbox 2250 424 3780 499">
     <span class='ocr_line' id='line_1_19' title="bbox 2250 424 3780 499; baseline -0.002 -15"><span class='ocrx_word' id='word_1_124' title='bbox 2250 445 2369 484; x_wconf 89' lang='lat' dir='ltr'><strong>rum</strong></span> <span class='ocrx_word' id='word_1_125' title='bbox 2401 438 2630 493; x_wconf 88' lang='lat' dir='ltr'><strong>amator,</strong></span> <span class='ocrx_word' id='word_1_126' title='bbox 2674 438 2834 499; x_wconf 89' lang='lat' dir='ltr'><strong>atque</strong></span> <span class='ocrx_word' id='word_1_127' title='bbox 2873 428 2926 482; x_wconf 94' lang='lat' dir='ltr'><strong>in</strong></span> <span class='ocrx_word' id='word_1_128' title='bbox 2950 425 3224 482; x_wconf 80' lang='lat' dir='ltr'><strong>solemni&#39;s</strong></span> <span class='ocrx_word' id='word_1_129' title='bbox 3265 424 3358 479; x_wconf 86' lang='lat' dir='ltr'><strong>Dei</strong></span> <span class='ocrx_word' id='word_1_130' title='bbox 3387 424 3467 478; x_wconf 90' lang='lat' dir='ltr'><strong>vel</strong></span> <span class='ocrx_word' id='word_1_131' title='bbox 3513 432 3780 481; x_wconf 86' lang='lat' dir='ltr'><strong>sanctorum</strong></span> 
     </span>
    </p>
   </div>
   <div class='ocr_carea' id='block_1_20' title="bbox 2252 516 3783 588">
    <p class='ocr_par' dir='ltr' id='par_1_20' title="bbox 2252 516 3783 588">
     <span class='ocr_line' id='line_1_20' title="bbox 2252 516 3783 588; baseline -0.002 -14"><span class='ocrx_word' id='word_1_132' title='bbox 2252 520 2472 575; x_wconf 76' lang='lat' dir='ltr'><strong>musica:</strong></span> <span class='ocrx_word' id='word_1_133' title='bbox 2503 518 2838 588; x_wconf 87' lang='lat' dir='ltr'><strong>jubilationis</strong></span> <span class='ocrx_word' id='word_1_134' title='bbox 2867 517 3239 574; x_wconf 84' lang='lat' dir='ltr'><strong>severissimus</strong></span> <span class='ocrx_word' id='word_1_135' title='bbox 3260 524 3632 586; x_wconf 86' lang='lat' dir='ltr'><strong>concrepator,</strong></span> <span class='ocrx_word' id='word_1_136' title='bbox 3660 516 3783 571; x_wconf 77' lang='lat' dir='ltr'><strong>laetus</strong></span> 
     </span>
    </p>
   </div>
   <div class='ocr_carea' id='block_1_21' title="bbox 2252 606 3783 679">
    <p class='ocr_par' dir='ltr' id='par_1_21' title="bbox 2252 606 3783 679">
     <span class='ocr_line' id='line_1_21' title="bbox 2252 606 3783 679; baseline -0.002 -15"><span class='ocrx_word' id='word_1_137' title='bbox 2252 609 2457 675; x_wconf 87' lang='lat' dir='ltr'><strong>animo,</strong></span> <span class='ocrx_word' id='word_1_138' title='bbox 2493 609 2640 664; x_wconf 91' lang='lat' dir='ltr'><strong>vultu</strong></span> <span class='ocrx_word' id='word_1_139' title='bbox 2690 610 2908 675; x_wconf 83' lang='lat' dir='ltr'><strong>alacris,</strong></span> <span class='ocrx_word' id='word_1_140' title='bbox 2957 624 3209 679; x_wconf 87' lang='lat' dir='ltr'><strong>processu</strong></span> <span class='ocrx_word' id='word_1_141' title='bbox 3252 606 3546 677; x_wconf 88' lang='lat' dir='ltr'><strong>jucundus,</strong></span> <span class='ocrx_word' id='word_1_142' title='bbox 3574 607 3783 661; x_wconf 70' lang='lat' dir='ltr'><strong>COIIYMO</strong></span> 
     </span>
    </p>
   </div>
   <div class='ocr_carea' id='block_1_22' title="bbox 2253 697 3785 771">
    <p class='ocr_par' dir='ltr' id='par_1_22' title="bbox 2253 697 3785 771">
     <span class='ocr_line' id='line_1_22' title="bbox 2253 697 3785 771; baseline -0.004 -15"><span class='ocrx_word' id='word_1_143' title='bbox 2253 699 2495 771; x_wconf 89' lang='lat' dir='ltr'><strong>dapsilis,</strong></span> <span class='ocrx_word' id='word_1_144' title='bbox 2538 701 2730 758; x_wconf 89' lang='lat' dir='ltr'><strong>haustu</strong></span> <span class='ocrx_word' id='word_1_145' title='bbox 2777 700 3074 771; x_wconf 86' lang='lat' dir='ltr'><strong>placabilis,</strong></span> <span class='ocrx_word' id='word_1_146' title='bbox 3114 698 3370 769; x_wconf 86' lang='lat' dir='ltr'><strong>patientia</strong></span> <span class='ocrx_word' id='word_1_147' title='bbox 3414 697 3566 762; x_wconf 91' lang='lat' dir='ltr'><strong>lenis,</strong></span> <span class='ocrx_word' id='word_1_148' title='bbox 3588 697 3785 767; x_wconf 89' lang='lat' dir='ltr'><strong>alloquio</strong></span> 
     </span>
    </p>
   </div>
   <div class='ocr_carea' id='block_1_23' title="bbox 2255 790 3790 859">
    <p class='ocr_par' dir='ltr' id='par_1_23' title="bbox 2255 790 3790 859">
     <span class='ocr_line' id='line_1_23' title="bbox 2255 790 3790 859; baseline -0.002 -13"><span class='ocrx_word' id='word_1_149' title='bbox 2255 791 2489 856; x_wconf 88' lang='lat' dir='ltr'><strong>sobrius,</strong></span> <span class='ocrx_word' id='word_1_150' title='bbox 2519 799 2575 846; x_wconf 90' lang='lat' dir='ltr'><strong>et</strong></span> <span class='ocrx_word' id='word_1_151' title='bbox 2600 790 2746 846; x_wconf 90' lang='lat' dir='ltr'><strong>omni</strong></span> <span class='ocrx_word' id='word_1_152' title='bbox 2778 792 3062 847; x_wconf 86' lang='lat' dir='ltr'><strong>honestate</strong></span> <span class='ocrx_word' id='word_1_153' title='bbox 3095 790 3440 859; x_wconf 86' lang='lat' dir='ltr'><strong>compositus,</strong></span> <span class='ocrx_word' id='word_1_154' title='bbox 3485 797 3680 843; x_wconf 87' lang='lat' dir='ltr'><strong>amator</strong></span> <span class='ocrx_word' id='word_1_155' title='bbox 3700 792 3790 844; x_wconf 84' lang='lat' dir='ltr'><strong>cle-</strong></span> 
     </span>
    </p>
   </div>
   <div class='ocr_carea' id='block_1_24' title="bbox 2256 879 3790 950">
    <p class='ocr_par' dir='ltr' id='par_1_24' title="bbox 2256 879 3790 950">
     <span class='ocr_line' id='line_1_24' title="bbox 2256 879 3790 950; baseline 0.001 -17"><span class='ocrx_word' id='word_1_156' title='bbox 2256 879 2516 945; x_wconf 90' lang='lat' dir='ltr'><strong>ricorum,</strong></span> <span class='ocrx_word' id='word_1_157' title='bbox 2539 880 2633 934; x_wconf 90' lang='lat' dir='ltr'><strong>sed</strong></span> <span class='ocrx_word' id='word_1_158' title='bbox 2662 881 2843 950; x_wconf 87' lang='lat' dir='ltr'><strong>potius</strong></span> <span class='ocrx_word' id='word_1_159' title='bbox 2864 882 3271 947; x_wconf 86' lang='lat' dir='ltr'><strong>monachorum,</strong></span> <span class='ocrx_word' id='word_1_160' title='bbox 3297 894 3525 949; x_wconf 90' lang='lat' dir='ltr'><strong>quorum</strong></span> <span class='ocrx_word' id='word_1_161' title='bbox 3560 880 3730 934; x_wconf 89' lang='lat' dir='ltr'><strong>studiis</strong></span> <span class='ocrx_word' id='word_1_162' title='bbox 3747 890 3790 936; x_wconf 87' lang='lat' dir='ltr'><strong>et</strong></span> 
     </span>
    </p>
   </div>
   <div class='ocr_carea' id='block_1_25' title="bbox 2256 969 3789 1045">
    <p class='ocr_par' dir='ltr' id='par_1_25' title="bbox 2256 969 3789 1045">
     <span class='ocr_line' id='line_1_25' title="bbox 2256 969 3789 1045; baseline 0 -21"><span class='ocrx_word' id='word_1_163' title='bbox 2256 970 2666 1025; x_wconf 83' lang='lat' dir='ltr'><strong>conversatione</strong></span> <span class='ocrx_word' id='word_1_164' title='bbox 2690 986 2721 1025; x_wconf 89' lang='lat' dir='ltr'><strong>a</strong></span> <span class='ocrx_word' id='word_1_165' title='bbox 2752 970 3059 1041; x_wconf 88' lang='lat' dir='ltr'><strong>primordiis</strong></span> <span class='ocrx_word' id='word_1_166' title='bbox 3091 969 3268 1025; x_wconf 85' lang='lat' dir='ltr'><strong>fuerat</strong></span> <span class='ocrx_word' id='word_1_167' title='bbox 3314 971 3605 1045; x_wconf 84' lang='lat' dir='ltr'><strong>institutus,</strong></span> <span class='ocrx_word' id='word_1_168' title='bbox 3629 969 3789 1039; x_wconf 79' lang='lat' dir='ltr'><strong>dilige-</strong></span> 
     </span>
    </p>
   </div>
   <div class='ocr_carea' id='block_1_26' title="bbox 2242 1062 3791 1133">
    <p class='ocr_par' dir='ltr' id='par_1_26' title="bbox 2242 1062 3791 1133">
     <span class='ocr_line' id='line_1_26' title="bbox 2242 1062 3791 1133; baseline -0.001 -14"><span class='ocrx_word' id='word_1_169' title='bbox 2242 1062 2350 1119; x_wconf 80' lang='lat' dir='ltr'><strong>bat</strong></span> <span class='ocrx_word' id='word_1_170' title='bbox 2397 1062 2623 1117; x_wconf 86' lang='lat' dir='ltr'><strong>militum</strong></span> <span class='ocrx_word' id='word_1_171' title='bbox 2658 1065 3026 1123; x_wconf 88' lang='lat' dir='ltr'><strong>contubernia.</strong></span> <span class='ocrx_word' id='word_1_172' title='bbox 3063 1063 3154 1119; x_wconf 89' lang='lat' dir='ltr'><strong>sed</strong></span> <span class='ocrx_word' id='word_1_173' title='bbox 3197 1062 3369 1132; x_wconf 84' lang='lat' dir='ltr'><strong>major</strong></span> <span class='ocrx_word' id='word_1_174' title='bbox 3398 1063 3474 1117; x_wconf 89' lang='lat' dir='ltr'><strong>illi</strong></span> <span class='ocrx_word' id='word_1_175' title='bbox 3500 1062 3663 1118; x_wconf 91' lang='lat' dir='ltr'><strong>inerat</strong></span> <span class='ocrx_word' id='word_1_176' title='bbox 3691 1079 3791 1133; x_wconf 79' lang='lat' dir='ltr'><strong>erga</strong></span> 
     </span>
    </p>
   </div>
   <div class='ocr_carea' id='block_1_27' title="bbox 2257 1151 3796 1225">
    <p class='ocr_par' dir='ltr' id='par_1_27' title="bbox 2257 1151 3796 1225">
     <span class='ocr_line' id='line_1_27' title="bbox 2257 1151 3796 1225; baseline 0.001 -20"><span class='ocrx_word' id='word_1_177' title='bbox 2257 1151 2588 1222; x_wconf 88' lang='lat' dir='ltr'><strong>propinquos</strong></span> <span class='ocrx_word' id='word_1_178' title='bbox 2638 1152 2870 1219; x_wconf 74' lang='lat' dir='ltr'><strong>affectio,</strong></span> <span class='ocrx_word' id='word_1_179' title='bbox 2921 1163 2976 1208; x_wconf 90' lang='lat' dir='ltr'><strong>et</strong></span> <span class='ocrx_word' id='word_1_180' title='bbox 3020 1153 3242 1224; x_wconf 85' lang='lat' dir='ltr'><strong>largitas</strong></span> <span class='ocrx_word' id='word_1_181' title='bbox 3271 1153 3554 1225; x_wconf 81' lang='lat' dir='ltr'><strong>profusior,</strong></span> <span class='ocrx_word' id='word_1_182' title='bbox 3604 1155 3796 1207; x_wconf 85' lang='lat' dir='ltr'><strong>vacabat</strong></span> 
     </span>
    </p>
   </div>
   <div class='ocr_carea' id='block_1_28' title="bbox 2257 1242 3794 1312">
    <p class='ocr_par' dir='ltr' id='par_1_28' title="bbox 2257 1242 3794 1312">
     <span class='ocr_line' id='line_1_28' title="bbox 2257 1242 3794 1312; baseline 0.002 -19"><span class='ocrx_word' id='word_1_183' title='bbox 2257 1248 2561 1309; x_wconf 89' lang='lat' dir='ltr'><strong>opportuno</strong></span> <span class='ocrx_word' id='word_1_184' title='bbox 2590 1250 2831 1312; x_wconf 88' lang='lat' dir='ltr'><strong>tempore</strong></span> <span class='ocrx_word' id='word_1_185' title='bbox 2863 1243 3223 1309; x_wconf 85' lang='lat' dir='ltr'><strong>orationibus,</strong></span> <span class='ocrx_word' id='word_1_186' title='bbox 3246 1252 3300 1298; x_wconf 91' lang='lat' dir='ltr'><strong>et</strong></span> <span class='ocrx_word' id='word_1_187' title='bbox 3322 1242 3586 1297; x_wconf 84' lang='lat' dir='ltr'><strong>interdum</strong></span> <span class='ocrx_word' id='word_1_188' title='bbox 3613 1257 3794 1298; x_wconf 84' lang='lat' dir='ltr'><strong>suorum</strong></span> 
     </span>
    </p>
   </div>
   <div class='ocr_carea' id='block_1_29' title="bbox 2258 1328 3794 1401">
    <p class='ocr_par' dir='ltr' id='par_1_29' title="bbox 2258 1328 3794 1401">
     <span class='ocr_line' id='line_1_29' title="bbox 2258 1328 3794 1401; baseline 0.001 -18"><span class='ocrx_word' id='word_1_189' title='bbox 2258 1328 2494 1384; x_wconf 85' lang='lat' dir='ltr'><strong>fidelium</strong></span> <span class='ocrx_word' id='word_1_190' title='bbox 2534 1331 2770 1386; x_wconf 86' lang='lat' dir='ltr'><strong>instabat</strong></span> <span class='ocrx_word' id='word_1_191' title='bbox 2819 1331 3281 1400; x_wconf 90' lang='lat' dir='ltr'><strong>collocutionibus,</strong></span> <span class='ocrx_word' id='word_1_192' title='bbox 3304 1331 3407 1387; x_wconf 85' lang='lat' dir='ltr'><strong>sibi</strong></span> <span class='ocrx_word' id='word_1_193' title='bbox 3453 1333 3660 1401; x_wconf 84' lang='lat' dir='ltr'><strong>suisque</strong></span> <span class='ocrx_word' id='word_1_194' title='bbox 3690 1348 3794 1387; x_wconf 86' lang='lat' dir='ltr'><strong>cou-</strong></span> 
     </span>
    </p>
   </div>
   <div class='ocr_carea' id='block_1_30' title="bbox 2258 1422 3797 1495">
    <p class='ocr_par' dir='ltr' id='par_1_30' title="bbox 2258 1422 3797 1495">
     <span class='ocr_line' id='line_1_30' title="bbox 2258 1422 3797 1495; baseline 0.001 -21"><span class='ocrx_word' id='word_1_195' title='bbox 2258 1423 2576 1494; x_wconf 86' lang='lat' dir='ltr'><strong>gruentibus</strong></span> <span class='ocrx_word' id='word_1_196' title='bbox 2624 1423 2919 1490; x_wconf 88' lang='lat' dir='ltr'><strong>:Quotidie</strong></span> <span class='ocrx_word' id='word_1_197' title='bbox 2974 1432 3095 1495; x_wconf 91' lang='lat' dir='ltr'><strong>post</strong></span> <span class='ocrx_word' id='word_1_198' title='bbox 3141 1424 3428 1479; x_wconf 89' lang='lat' dir='ltr'><strong>missarum</strong></span> <span class='ocrx_word' id='word_1_199' title='bbox 3477 1422 3797 1494; x_wconf 77' lang='lat' dir='ltr'><strong>expletionem</strong></span> 
     </span>
    </p>
   </div>
   <div class='ocr_carea' id='block_1_31' title="bbox 2259 1511 3797 1583">
    <p class='ocr_par' dir='ltr' id='par_1_31' title="bbox 2259 1511 3797 1583">
     <span class='ocr_line' id='line_1_31' title="bbox 2259 1511 3797 1583; baseline 0 -17"><span class='ocrx_word' id='word_1_200' title='bbox 2259 1511 2442 1566; x_wconf 76' lang='lat' dir='ltr'><strong>multis</strong></span> <span class='ocrx_word' id='word_1_201' title='bbox 2471 1511 2712 1568; x_wconf 85' lang='lat' dir='ltr'><strong>collectis</strong></span> <span class='ocrx_word' id='word_1_202' title='bbox 2743 1515 3071 1583; x_wconf 86' lang='lat' dir='ltr'><strong>pauperibus</strong></span> <span class='ocrx_word' id='word_1_203' title='bbox 3108 1529 3230 1568; x_wconf 90' lang='lat' dir='ltr'><strong>eum</strong></span> <span class='ocrx_word' id='word_1_204' title='bbox 3286 1513 3609 1583; x_wconf 88' lang='lat' dir='ltr'><strong>psalmorum</strong></span> <span class='ocrx_word' id='word_1_205' title='bbox 3644 1512 3797 1566; x_wconf 88' lang='lat' dir='ltr'><strong>modu-</strong></span> 
     </span>
    </p>
   </div>
   <div class='ocr_carea' id='block_1_32' title="bbox 2261 1602 3796 1676">
    <p class='ocr_par' dir='ltr' id='par_1_32' title="bbox 2261 1602 3796 1676">
     <span class='ocr_line' id='line_1_32' title="bbox 2261 1602 3796 1676; baseline 0 -19"><span class='ocrx_word' id='word_1_206' title='bbox 2261 1602 2458 1658; x_wconf 89' lang='lat' dir='ltr'><strong>latione</strong></span> <span class='ocrx_word' id='word_1_207' title='bbox 2515 1604 2672 1673; x_wconf 89' lang='lat' dir='ltr'><strong>panis</strong></span> <span class='ocrx_word' id='word_1_208' title='bbox 2722 1612 2776 1659; x_wconf 89' lang='lat' dir='ltr'><strong>et</strong></span> <span class='ocrx_word' id='word_1_209' title='bbox 2822 1605 2931 1660; x_wconf 88' lang='lat' dir='ltr'><strong>vini</strong></span> <span class='ocrx_word' id='word_1_210' title='bbox 2983 1605 3097 1676; x_wconf 91' lang='lat' dir='ltr'><strong>ipse</strong></span> <span class='ocrx_word' id='word_1_211' title='bbox 3159 1605 3565 1660; x_wconf 88' lang='lat' dir='ltr'><strong>administrator</strong></span> <span class='ocrx_word' id='word_1_212' title='bbox 3613 1603 3796 1668; x_wconf 88' lang='lat' dir='ltr'><strong>aderat,</strong></span> 
     </span>
    </p>
   </div>
   <div class='ocr_carea' id='block_1_33' title="bbox 572 1674 3799 1766">
    <p class='ocr_par' dir='ltr' id='par_1_33' title="bbox 572 1674 3799 1766">
     <span class='ocr_line' id='line_1_33' title="bbox 572 1674 3799 1766; baseline 0.002 -16"><span class='ocrx_word' id='word_1_213' title='bbox 572 1695 894 1750; x_wconf 81' lang='lat' dir='ltr'><strong>memoriam</strong></span> <span class='ocrx_word' id='word_1_214' title='bbox 920 1697 1092 1751; x_wconf 80' lang='lat' dir='ltr'><strong>sancti</strong></span> <span class='ocrx_word' id='word_1_215' title='bbox 1119 1697 1286 1763; x_wconf 79' lang='lat' dir='ltr'><strong>Petri,</strong></span> <span class='ocrx_word' id='word_1_216' title='bbox 1310 1698 1537 1753; x_wconf 81' lang='lat' dir='ltr'><strong>alteram</strong></span> <span class='ocrx_word' id='word_1_217' title='bbox 1561 1700 1617 1755; x_wconf 91' lang='lat' dir='ltr'><strong>S.</strong></span> <span class='ocrx_word' id='word_1_218' title='bbox 1638 1674 1914 1756; x_wconf 81' lang='lat' dir='ltr'><strong>Saturnini</strong></span> <span class='ocrx_word' id='word_1_219' title='bbox 1947 1718 2012 1757; x_wconf 82' lang='lat' dir='ltr'><strong>ex</strong></span> <span class='ocrx_word' id='word_1_220' title='bbox 2045 1711 2157 1758; x_wconf 90' lang='lat' dir='ltr'><strong>toto</strong></span> <span class='ocrx_word' id='word_1_221' title='bbox 2186 1674 2233 1732; x_wconf 76' lang='grc' dir='ltr'><strong>Β</strong></span> <span class='ocrx_word' id='word_1_222' title='bbox 2259 1692 2394 1749; x_wconf 81' lang='lat' dir='ltr'><strong>dans</strong></span> <span class='ocrx_word' id='word_1_223' title='bbox 2422 1694 2649 1765; x_wconf 82' lang='lat' dir='ltr'><strong>singulis</strong></span> <span class='ocrx_word' id='word_1_224' title='bbox 2686 1710 2785 1766; x_wconf 85' lang='lat' dir='ltr'><strong>pro</strong></span> <span class='ocrx_word' id='word_1_225' title='bbox 2813 1695 3070 1765; x_wconf 81' lang='lat' dir='ltr'><strong>qualitate</strong></span> <span class='ocrx_word' id='word_1_226' title='bbox 3116 1703 3208 1750; x_wconf 84' lang='lat' dir='ltr'><strong>aut</strong></span> <span class='ocrx_word' id='word_1_227' title='bbox 3236 1695 3537 1765; x_wconf 79' lang='lat' dir='ltr'><strong>quantitate</strong></span> <span class='ocrx_word' id='word_1_228' title='bbox 3576 1709 3799 1765; x_wconf 70' lang='lat' dir='ltr'><strong>personae.</strong></span> 
     </span>
    </p>
   </div>
   <div class='ocr_carea' id='block_1_34' title="bbox 574 1788 2157 1857">
    <p class='ocr_par' dir='ltr' id='par_1_34' title="bbox 574 1788 2157 1857">
     <span class='ocr_line' id='line_1_34' title="bbox 574 1788 2157 1857; baseline 0.006 -16"><span class='ocrx_word' id='word_1_229' title='bbox 574 1799 830 1856; x_wconf 86' lang='lat' dir='ltr'><strong>reparare</strong></span> <span class='ocrx_word' id='word_1_230' title='bbox 861 1788 1076 1857; x_wconf 85' lang='lat' dir='ltr'><strong>sategit,</strong></span> <span class='ocrx_word' id='word_1_231' title='bbox 1108 1790 1241 1844; x_wconf 90' lang='lat' dir='ltr'><strong>etin</strong></span> <span class='ocrx_word' id='word_1_232' title='bbox 1289 1791 1537 1846; x_wconf 72' lang='lat' dir='ltr'><strong>emnohio</strong></span> <span class='ocrx_word' id='word_1_233' title='bbox 1578 1791 1930 1849; x_wconf 79' lang='lat' dir='ltr'><strong>Sanxiacensi</strong></span> <span class='ocrx_word' id='word_1_234' title='bbox 1978 1795 2157 1850; x_wconf 91' lang='lat' dir='ltr'><strong>aulam</strong></span> 
     </span>
    </p>
   </div>
   <div class='ocr_carea' id='block_1_35' title="bbox 575 1874 2156 1941">
    <p class='ocr_par' dir='ltr' id='par_1_35' title="bbox 575 1874 2156 1941">
     <span class='ocr_line' id='line_1_35' title="bbox 575 1874 2156 1941; baseline 0.006 -10"><span class='ocrx_word' id='word_1_235' title='bbox 575 1874 637 1931; x_wconf 86' lang='lat' dir='ltr'><strong>S.</strong></span> <span class='ocrx_word' id='word_1_236' title='bbox 658 1875 894 1932; x_wconf 87' lang='lat' dir='ltr'><strong>Baudelii</strong></span> <span class='ocrx_word' id='word_1_237' title='bbox 921 1877 1207 1934; x_wconf 90' lang='lat' dir='ltr'><strong>furibunda</strong></span> <span class='ocrx_word' id='word_1_238' title='bbox 1225 1878 1657 1937; x_wconf 83' lang='lat' dir='ltr'><strong>Normannorum</strong></span> <span class='ocrx_word' id='word_1_239' title='bbox 1691 1884 1840 1940; x_wconf 87' lang='lat' dir='ltr'><strong>rabie</strong></span> <span class='ocrx_word' id='word_1_240' title='bbox 1862 1896 2156 1941; x_wconf 86' lang='lat' dir='ltr'><strong>crematam</strong></span> 
     </span>
    </p>
   </div>
   <div class='ocr_carea' id='block_1_36' title="bbox 577 1968 2160 2047">
    <p class='ocr_par' dir='ltr' id='par_1_36' title="bbox 577 1968 2160 2047">
     <span class='ocr_line' id='line_1_36' title="bbox 577 1968 2160 2047; baseline 0.006 -25"><span class='ocrx_word' id='word_1_241' title='bbox 577 1977 634 2022; x_wconf 90' lang='lat' dir='ltr'><strong>et</strong></span> <span class='ocrx_word' id='word_1_242' title='bbox 654 1977 839 2037; x_wconf 90' lang='lat' dir='ltr'><strong>postea</strong></span> <span class='ocrx_word' id='word_1_243' title='bbox 867 1968 1091 2038; x_wconf 87' lang='lat' dir='ltr'><strong>lapsam,</strong></span> <span class='ocrx_word' id='word_1_244' title='bbox 1122 1984 1279 2025; x_wconf 90' lang='lat' dir='ltr'><strong>sacro</strong></span> <span class='ocrx_word' id='word_1_245' title='bbox 1309 1971 1476 2025; x_wconf 89' lang='lat' dir='ltr'><strong>divini</strong></span> <span class='ocrx_word' id='word_1_246' title='bbox 1521 1975 1722 2029; x_wconf 86' lang='lat' dir='ltr'><strong>amoris</strong></span> <span class='ocrx_word' id='word_1_247' title='bbox 1756 1984 1994 2031; x_wconf 90' lang='lat' dir='ltr'><strong>aestuans</strong></span> <span class='ocrx_word' id='word_1_248' title='bbox 2039 1977 2160 2047; x_wconf 82' lang='lat' dir='ltr'><strong>igne</strong></span> 
     </span>
    </p>
   </div>
   <div class='ocr_carea' id='block_1_37' title="bbox 575 2058 2160 2135">
    <p class='ocr_par' dir='ltr' id='par_1_37' title="bbox 575 2058 2160 2135">
     <span class='ocr_line' id='line_1_37' title="bbox 575 2058 2160 2135; baseline 0.008 -24"><span class='ocrx_word' id='word_1_249' title='bbox 575 2058 810 2127; x_wconf 81' lang='lat' dir='ltr'><strong>propriis</strong></span> <span class='ocrx_word' id='word_1_250' title='bbox 866 2058 1123 2129; x_wconf 89' lang='lat' dir='ltr'><strong>impensis</strong></span> <span class='ocrx_word' id='word_1_251' title='bbox 1172 2059 1241 2114; x_wconf 88' lang='lat' dir='ltr'><strong>ad</strong></span> <span class='ocrx_word' id='word_1_252' title='bbox 1293 2061 1661 2132; x_wconf 87' lang='lat' dir='ltr'><strong>integritatem</strong></span> <span class='ocrx_word' id='word_1_253' title='bbox 1712 2065 1922 2135; x_wconf 86' lang='lat' dir='ltr'><strong>pristini</strong></span> <span class='ocrx_word' id='word_1_254' title='bbox 1981 2075 2160 2123; x_wconf 88' lang='lat' dir='ltr'><strong>status</strong></span> 
     </span>
    </p>
   </div>
   <div class='ocr_carea' id='block_1_38' title="bbox 580 2145 2159 2223">
    <p class='ocr_par' dir='ltr' id='par_1_38' title="bbox 580 2145 2159 2223">
     <span class='ocr_line' id='line_1_38' title="bbox 580 2145 2159 2223; baseline 0.006 -22"><span class='ocrx_word' id='word_1_255' title='bbox 580 2145 899 2215; x_wconf 81' lang='lat' dir='ltr'><strong>reformare,</strong></span> <span class='ocrx_word' id='word_1_256' title='bbox 926 2164 1033 2203; x_wconf 90' lang='lat' dir='ltr'><strong>non</strong></span> <span class='ocrx_word' id='word_1_257' title='bbox 1059 2164 1222 2219; x_wconf 88' lang='lat' dir='ltr'><strong>parva</strong></span> <span class='ocrx_word' id='word_1_258' title='bbox 1248 2166 1530 2207; x_wconf 91' lang='lat' dir='ltr'><strong>munerum</strong></span> <span class='ocrx_word' id='word_1_259' title='bbox 1547 2152 1817 2210; x_wconf 89' lang='lat' dir='ltr'><strong>oblatione</strong></span> <span class='ocrx_word' id='word_1_260' title='bbox 1833 2156 2159 2223; x_wconf 88' lang='lat' dir='ltr'><strong>nobilitavit,</strong></span> 
     </span>
    </p>
   </div>
   <div class='ocr_carea' id='block_1_39' title="bbox 576 2235 2162 2315">
    <p class='ocr_par' dir='ltr' id='par_1_39' title="bbox 576 2235 2162 2315">
     <span class='ocr_line' id='line_1_39' title="bbox 576 2235 2162 2315; baseline 0.008 -25"><span class='ocrx_word' id='word_1_261' title='bbox 576 2235 807 2308; x_wconf 88' lang='lat' dir='ltr'><strong>largitus</strong></span> <span class='ocrx_word' id='word_1_262' title='bbox 849 2238 1048 2309; x_wconf 89' lang='lat' dir='ltr'><strong>quippe</strong></span> <span class='ocrx_word' id='word_1_263' title='bbox 1102 2239 1300 2295; x_wconf 88' lang='lat' dir='ltr'><strong>ibidem</strong></span> <span class='ocrx_word' id='word_1_264' title='bbox 1330 2249 1383 2295; x_wconf 90' lang='lat' dir='ltr'><strong>et</strong></span> <span class='ocrx_word' id='word_1_265' title='bbox 1422 2257 1584 2296; x_wconf 88' lang='lat' dir='ltr'><strong>unam</strong></span> <span class='ocrx_word' id='word_1_266' title='bbox 1634 2258 1854 2313; x_wconf 89' lang='lat' dir='ltr'><strong>capsam</strong></span> <span class='ocrx_word' id='word_1_267' title='bbox 1890 2247 2162 2315; x_wconf 83' lang='lat' dir='ltr'><strong>argenteis</strong></span> 
     </span>
    </p>
   </div>
   <div class='ocr_carea' id='block_1_40' title="bbox 579 2330 2163 2399">
    <p class='ocr_par' dir='ltr' id='par_1_40' title="bbox 579 2330 2163 2399">
     <span class='ocr_line' id='line_1_40' title="bbox 579 2330 2163 2399; baseline 0.005 -14"><span class='ocrx_word' id='word_1_268' title='bbox 579 2338 775 2386; x_wconf 87' lang='lat' dir='ltr'><strong>tectam</strong></span> <span class='ocrx_word' id='word_1_269' title='bbox 820 2330 1037 2387; x_wconf 87' lang='lat' dir='ltr'><strong>laminis</strong></span> <span class='ocrx_word' id='word_1_270' title='bbox 1062 2347 1124 2387; x_wconf 90' lang='lat' dir='ltr'><strong>ac</strong></span> <span class='ocrx_word' id='word_1_271' title='bbox 1150 2334 1483 2399; x_wconf 88' lang='lat' dir='ltr'><strong>deauratam,</strong></span> <span class='ocrx_word' id='word_1_272' title='bbox 1507 2346 1563 2389; x_wconf 87' lang='lat' dir='ltr'><strong>et</strong></span> <span class='ocrx_word' id='word_1_273' title='bbox 1591 2351 1753 2389; x_wconf 90' lang='lat' dir='ltr'><strong>unam</strong></span> <span class='ocrx_word' id='word_1_274' title='bbox 1800 2353 2019 2392; x_wconf 90' lang='lat' dir='ltr'><strong>erucem</strong></span> <span class='ocrx_word' id='word_1_275' title='bbox 2047 2355 2163 2393; x_wconf 80' lang='lat' dir='ltr'><strong>ma-</strong></span> 
     </span>
    </p>
   </div>
   <div class='ocr_carea' id='block_1_41' title="bbox 576 2420 2157 2491">
    <p class='ocr_par' dir='ltr' id='par_1_41' title="bbox 576 2420 2157 2491">
     <span class='ocr_line' id='line_1_41' title="bbox 576 2420 2157 2491; baseline 0.008 -19"><span class='ocrx_word' id='word_1_276' title='bbox 576 2435 739 2490; x_wconf 83' lang='lat' dir='ltr'><strong>gnam</strong></span> <span class='ocrx_word' id='word_1_277' title='bbox 767 2420 1016 2476; x_wconf 90' lang='lat' dir='ltr'><strong>similiter</strong></span> <span class='ocrx_word' id='word_1_278' title='bbox 1044 2432 1371 2491; x_wconf 73' lang='lat' dir='ltr'><strong>argenteam,</strong></span> <span class='ocrx_word' id='word_1_279' title='bbox 1408 2424 1584 2479; x_wconf 82' lang='lat' dir='ltr'><strong>instar</strong></span> <span class='ocrx_word' id='word_1_280' title='bbox 1625 2425 1803 2481; x_wconf 89' lang='lat' dir='ltr'><strong>crucis</strong></span> <span class='ocrx_word' id='word_1_281' title='bbox 1833 2428 2075 2484; x_wconf 70' lang='lat' dir='ltr'><strong>ecclesia:</strong></span> <span class='ocrx_word' id='word_1_282' title='bbox 2100 2428 2157 2485; x_wconf 93' lang='lat' dir='ltr'><strong>S.</strong></span> 
     </span>
    </p>
   </div>
   <div class='ocr_carea' id='block_1_42' title="bbox 579 2510 2163 2592">
    <p class='ocr_par' dir='ltr' id='par_1_42' title="bbox 579 2510 2163 2592">
     <span class='ocr_line' id='line_1_42' title="bbox 579 2510 2163 2592; baseline 0.008 -26"><span class='ocrx_word' id='word_1_283' title='bbox 579 2510 840 2582; x_wconf 83' lang='lat' dir='ltr'><strong>Stephani</strong></span> <span class='ocrx_word' id='word_1_284' title='bbox 870 2513 1189 2570; x_wconf 79' lang='lat' dir='ltr'><strong>fabricatam</strong></span> <span class='ocrx_word' id='word_1_285' title='bbox 1222 2525 1275 2570; x_wconf 80' lang='lat' dir='ltr'><strong>et</strong></span> <span class='ocrx_word' id='word_1_286' title='bbox 1306 2516 1594 2587; x_wconf 91' lang='lat' dir='ltr'><strong>sculptam.</strong></span> <span class='ocrx_word' id='word_1_287' title='bbox 1622 2518 1738 2573; x_wconf 91' lang='lat' dir='ltr'><strong>Duo</strong></span> <span class='ocrx_word' id='word_1_288' title='bbox 1759 2534 1973 2589; x_wconf 89' lang='lat' dir='ltr'><strong>quoque</strong></span> <span class='ocrx_word' id='word_1_289' title='bbox 1998 2537 2163 2592; x_wconf 90' lang='lat' dir='ltr'><strong>super</strong></span> 
     </span>
    </p>
   </div>
   <div class='ocr_carea' id='block_1_43' title="bbox 578 2603 2162 2682">
    <p class='ocr_par' dir='ltr' id='par_1_43' title="bbox 578 2603 2162 2682">
     <span class='ocr_line' id='line_1_43' title="bbox 578 2603 2162 2682; baseline 0.006 -25"><span class='ocrx_word' id='word_1_290' title='bbox 578 2603 752 2658; x_wconf 84' lang='lat' dir='ltr'><strong>altare</strong></span> <span class='ocrx_word' id='word_1_291' title='bbox 792 2605 885 2659; x_wconf 91' lang='lat' dir='ltr'><strong>Dei</strong></span> <span class='ocrx_word' id='word_1_292' title='bbox 939 2606 1135 2661; x_wconf 89' lang='lat' dir='ltr'><strong>obtulit</strong></span> <span class='ocrx_word' id='word_1_293' title='bbox 1181 2605 1340 2677; x_wconf 88' lang='lat' dir='ltr'><strong>pallia</strong></span> <span class='ocrx_word' id='word_1_294' title='bbox 1371 2609 1596 2677; x_wconf 87' lang='lat' dir='ltr'><strong>optima,</strong></span> <span class='ocrx_word' id='word_1_295' title='bbox 1628 2616 1683 2662; x_wconf 91' lang='lat' dir='ltr'><strong>et</strong></span> <span class='ocrx_word' id='word_1_296' title='bbox 1730 2609 1831 2663; x_wconf 89' lang='lat' dir='ltr'><strong>Iria</strong></span> <span class='ocrx_word' id='word_1_297' title='bbox 1883 2609 2162 2682; x_wconf 85' lang='lat' dir='ltr'><strong>facitergia</strong></span> 
     </span>
    </p>
   </div>
   <div class='ocr_carea' id='block_1_44' title="bbox 578 2695 2160 2770">
    <p class='ocr_par' dir='ltr' id='par_1_44' title="bbox 578 2695 2160 2770">
     <span class='ocr_line' id='line_1_44' title="bbox 578 2695 2160 2770; baseline 0.007 -22"><span class='ocrx_word' id='word_1_298' title='bbox 578 2708 702 2748; x_wconf 91' lang='lat' dir='ltr'><strong>cum</strong></span> <span class='ocrx_word' id='word_1_299' title='bbox 736 2695 903 2750; x_wconf 90' lang='lat' dir='ltr'><strong>calice</strong></span> <span class='ocrx_word' id='word_1_300' title='bbox 923 2706 974 2749; x_wconf 90' lang='lat' dir='ltr'><strong>et</strong></span> <span class='ocrx_word' id='word_1_301' title='bbox 1005 2706 1200 2766; x_wconf 87' lang='lat' dir='ltr'><strong>patena</strong></span> <span class='ocrx_word' id='word_1_302' title='bbox 1231 2707 1542 2770; x_wconf 82' lang='lat' dir='ltr'><strong>ex-argento</strong></span> <span class='ocrx_word' id='word_1_303' title='bbox 1579 2699 1874 2758; x_wconf 84' lang='lat' dir='ltr'><strong>fabrefacta</strong></span> <span class='ocrx_word' id='word_1_304' title='bbox 1902 2711 1955 2757; x_wconf 92' lang='lat' dir='ltr'><strong>et</strong></span> <span class='ocrx_word' id='word_1_305' title='bbox 1997 2720 2160 2759; x_wconf 89' lang='lat' dir='ltr'><strong>unam</strong></span> 
     </span>
    </p>
   </div>
   <div class='ocr_carea' id='block_1_45' title="bbox 575 2786 2164 2865">
    <p class='ocr_par' dir='ltr' id='par_1_45' title="bbox 575 2786 2164 2865">
     <span class='ocr_line' id='line_1_45' title="bbox 575 2786 2164 2865; baseline 0.003 -23"><span class='ocrx_word' id='word_1_306' title='bbox 575 2786 767 2842; x_wconf 82' lang='lat' dir='ltr'><strong>Albam</strong></span> <span class='ocrx_word' id='word_1_307' title='bbox 798 2787 1133 2858; x_wconf 87' lang='lat' dir='ltr'><strong>polymitam,</strong></span> <span class='ocrx_word' id='word_1_308' title='bbox 1161 2799 1216 2844; x_wconf 91' lang='lat' dir='ltr'><strong>et</strong></span> <span class='ocrx_word' id='word_1_309' title='bbox 1235 2788 1471 2844; x_wconf 87' lang='lat' dir='ltr'><strong>casulam</strong></span> <span class='ocrx_word' id='word_1_310' title='bbox 1500 2791 1796 2860; x_wconf 90' lang='lat' dir='ltr'><strong>prasinam,</strong></span> <span class='ocrx_word' id='word_1_311' title='bbox 1829 2807 1949 2847; x_wconf 92' lang='lat' dir='ltr'><strong>cum</strong></span> <span class='ocrx_word' id='word_1_312' title='bbox 1976 2809 2164 2865; x_wconf 89' lang='lat' dir='ltr'><strong>super-</strong></span> 
     </span>
    </p>
   </div>
   <div class='ocr_carea' id='block_1_46' title="bbox 580 2874 2163 2951">
    <p class='ocr_par' dir='ltr' id='par_1_46' title="bbox 580 2874 2163 2951">
     <span class='ocr_line' id='line_1_46' title="bbox 580 2874 2163 2951; baseline 0.004 -20"><span class='ocrx_word' id='word_1_313' title='bbox 580 2874 843 2931; x_wconf 82' lang='lat' dir='ltr'><strong>humerali</strong></span> <span class='ocrx_word' id='word_1_314' title='bbox 888 2883 944 2928; x_wconf 92' lang='lat' dir='ltr'><strong>et</strong></span> <span class='ocrx_word' id='word_1_315' title='bbox 995 2876 1231 2945; x_wconf 86' lang='lat' dir='ltr'><strong>cingulo,</strong></span> <span class='ocrx_word' id='word_1_316' title='bbox 1262 2887 1492 2946; x_wconf 90' lang='lat' dir='ltr'><strong>utraque</strong></span> <span class='ocrx_word' id='word_1_317' title='bbox 1515 2893 1649 2933; x_wconf 90' lang='lat' dir='ltr'><strong>auro</strong></span> <span class='ocrx_word' id='word_1_318' title='bbox 1670 2889 1918 2951; x_wconf 86' lang='lat' dir='ltr'><strong>compta;</strong></span> <span class='ocrx_word' id='word_1_319' title='bbox 1951 2898 2075 2936; x_wconf 88' lang='lat' dir='ltr'><strong>nam</strong></span> <span class='ocrx_word' id='word_1_320' title='bbox 2107 2891 2163 2937; x_wconf 91' lang='lat' dir='ltr'><strong>et</strong></span> 
     </span>
    </p>
   </div>
   <div class='ocr_carea' id='block_1_47' title="bbox 579 2966 2160 3038">
    <p class='ocr_par' dir='ltr' id='par_1_47' title="bbox 579 2966 2160 3038">
     <span class='ocr_line' id='line_1_47' title="bbox 579 2966 2160 3038; baseline 0.006 -20"><span class='ocrx_word' id='word_1_321' title='bbox 579 2966 861 3021; x_wconf 85' lang='lat' dir='ltr'><strong>monachis</strong></span> <span class='ocrx_word' id='word_1_322' title='bbox 911 2966 1080 3036; x_wconf 89' lang='lat' dir='ltr'><strong>ipsius</strong></span> <span class='ocrx_word' id='word_1_323' title='bbox 1125 2967 1252 3032; x_wconf 90' lang='lat' dir='ltr'><strong>loci,</strong></span> <span class='ocrx_word' id='word_1_324' title='bbox 1285 2968 1408 3037; x_wconf 86' lang='lat' dir='ltr'><strong>quia</strong></span> <span class='ocrx_word' id='word_1_325' title='bbox 1450 2971 1781 3038; x_wconf 88' lang='lat' dir='ltr'><strong>paupertatis</strong></span> <span class='ocrx_word' id='word_1_326' title='bbox 1819 2972 1994 3027; x_wconf 88' lang='lat' dir='ltr'><strong>inedia</strong></span> <span class='ocrx_word' id='word_1_327' title='bbox 2019 2973 2160 3029; x_wconf 92' lang='lat' dir='ltr'><strong>soliti</strong></span> 
     </span>
    </p>
   </div>
   <div class='ocr_carea' id='block_1_48' title="bbox 583 3056 2162 3130">
    <p class='ocr_par' dir='ltr' id='par_1_48' title="bbox 583 3056 2162 3130">
     <span class='ocr_line' id='line_1_48' title="bbox 583 3056 2162 3130; baseline 0.008 -21"><span class='ocrx_word' id='word_1_328' title='bbox 583 3063 741 3109; x_wconf 90' lang='lat' dir='ltr'><strong>erant</strong></span> <span class='ocrx_word' id='word_1_329' title='bbox 768 3057 912 3127; x_wconf 88' lang='lat' dir='ltr'><strong>angi,</strong></span> <span class='ocrx_word' id='word_1_330' title='bbox 938 3056 1105 3112; x_wconf 90' lang='lat' dir='ltr'><strong>multa</strong></span> <span class='ocrx_word' id='word_1_331' title='bbox 1126 3057 1440 3114; x_wconf 89' lang='lat' dir='ltr'><strong>conferebat</strong></span> <span class='ocrx_word' id='word_1_332' title='bbox 1463 3075 1528 3116; x_wconf 79' lang='lat' dir='ltr'><strong>ex</strong></span> <span class='ocrx_word' id='word_1_333' title='bbox 1553 3075 1652 3115; x_wconf 90' lang='lat' dir='ltr'><strong>suo</strong></span> <span class='ocrx_word' id='word_1_334' title='bbox 1679 3060 1954 3129; x_wconf 84' lang='lat' dir='ltr'><strong>alimenta,</strong></span> <span class='ocrx_word' id='word_1_335' title='bbox 1985 3080 2070 3130; x_wconf 89' lang='lat' dir='ltr'><strong>ac,</strong></span> <span class='ocrx_word' id='word_1_336' title='bbox 2094 3081 2162 3121; x_wconf 92' lang='lat' dir='ltr'><strong>ne</strong></span> 
     </span>
    </p>
   </div>
   <div class='ocr_carea' id='block_1_49' title="bbox 538 3145 2163 3225">
    <p class='ocr_par' dir='ltr' id='par_1_49' title="bbox 538 3145 2163 3225">
     <span class='ocr_line' id='line_1_49' title="bbox 538 3145 2163 3225; baseline 0.007 -26"><span class='ocrx_word' id='word_1_337' title='bbox 538 3145 877 3211; x_wconf 55' lang='lat' dir='ltr'><strong>,deticerent</strong></span> <span class='ocrx_word' id='word_1_338' title='bbox 923 3163 953 3201; x_wconf 90' lang='lat' dir='ltr'><strong>a</strong></span> <span class='ocrx_word' id='word_1_339' title='bbox 1003 3155 1262 3203; x_wconf 81' lang='lat' dir='ltr'><strong>semtute</strong></span> <span class='ocrx_word' id='word_1_340' title='bbox 1312 3149 1443 3216; x_wconf 89' lang='lat' dir='ltr'><strong>Dei,</strong></span> <span class='ocrx_word' id='word_1_341' title='bbox 1494 3150 1559 3205; x_wconf 91' lang='lat' dir='ltr'><strong>ad</strong></span> <span class='ocrx_word' id='word_1_342' title='bbox 1600 3152 1929 3209; x_wconf 80' lang='lat' dir='ltr'><strong>exercendas</strong></span> <span class='ocrx_word' id='word_1_343' title='bbox 1968 3169 2163 3225; x_wconf 87' lang='lat' dir='ltr'><strong>corpo-</strong></span> 
     </span>
    </p>
   </div>
   <div class='ocr_carea' id='block_1_50' title="bbox 556 3236 2167 3313">
    <p class='ocr_par' dir='ltr' id='par_1_50' title="bbox 556 3236 2167 3313">
     <span class='ocr_line' id='line_1_50' title="bbox 556 3236 2167 3313; baseline 0.007 -25"><span class='ocrx_word' id='word_1_344' title='bbox 556 3251 705 3289; x_wconf 19' lang='lat' dir='ltr'><strong>‘rum</strong></span> <span class='ocrx_word' id='word_1_345' title='bbox 754 3244 810 3289; x_wconf 85' lang='lat' dir='ltr'><strong>et</strong></span> <span class='ocrx_word' id='word_1_346' title='bbox 847 3237 1151 3291; x_wconf 88' lang='lat' dir='ltr'><strong>animarum</strong></span> <span class='ocrx_word' id='word_1_347' title='bbox 1207 3236 1420 3295; x_wconf 89' lang='lat' dir='ltr'><strong>labores</strong></span> <span class='ocrx_word' id='word_1_348' title='bbox 1457 3239 1563 3310; x_wconf 90' lang='lat' dir='ltr'><strong>piis</strong></span> <span class='ocrx_word' id='word_1_349' title='bbox 1603 3255 1696 3296; x_wconf 87' lang='lat' dir='ltr'><strong>eos</strong></span> <span class='ocrx_word' id='word_1_350' title='bbox 1745 3240 1998 3313; x_wconf 89' lang='lat' dir='ltr'><strong>alloquiis</strong></span> <span class='ocrx_word' id='word_1_351' title='bbox 2049 3245 2167 3299; x_wconf 88' lang='lat' dir='ltr'><strong>ani-</strong></span> 
     </span>
    </p>
   </div>
   <div class='ocr_carea' id='block_1_51' title="bbox 555 3329 835 3383">
    <p class='ocr_par' dir='ltr' id='par_1_51' title="bbox 555 3329 835 3383">
     <span class='ocr_line' id='line_1_51' title="bbox 555 3329 835 3383; baseline -0.004 0"><span class='ocrx_word' id='word_1_352' title='bbox 555 3329 783 3383; x_wconf 15' lang='lat' dir='ltr'><strong>amabat.</strong></span> <span class='ocrx_word' id='word_1_353' title='bbox 828 3347 835 3351; x_wconf 56' lang='grc' dir='ltr'><strong>ν</strong></span> 
     </span>
    </p>
   </div>
   <div class='ocr_carea' id='block_1_52' title="bbox 556 3416 2167 3482">
    <p class='ocr_par' dir='ltr' id='par_1_52' title="bbox 556 3416 2167 3482">
     <span class='ocr_line' id='line_1_52' title="bbox 556 3416 2167 3482; baseline 0.007 -12"><span class='ocrx_word' id='word_1_354' title='bbox 556 3445 561 3451; x_wconf 66' lang='grc' dir='ltr'><em>ι</em></span> <span class='ocrx_word' id='word_1_355' title='bbox 656 3416 870 3474; x_wconf 88' lang='lat' dir='ltr'><strong>Interea</strong></span> <span class='ocrx_word' id='word_1_356' title='bbox 899 3418 966 3474; x_wconf 89' lang='lat' dir='ltr'><strong>ad</strong></span> <span class='ocrx_word' id='word_1_357' title='bbox 1009 3422 1455 3478; x_wconf 86' lang='lat' dir='ltr'><strong>restaurationem</strong></span> <span class='ocrx_word' id='word_1_358' title='bbox 1479 3424 1724 3481; x_wconf 87' lang='lat' dir='ltr'><strong>ecclesiae</strong></span> <span class='ocrx_word' id='word_1_359' title='bbox 1750 3426 1923 3482; x_wconf 88' lang='lat' dir='ltr'><strong>sancti</strong></span> <span class='ocrx_word' id='word_1_360' title='bbox 1947 3426 2167 3482; x_wconf 86' lang='lat' dir='ltr'><strong>Eusebii</strong></span> 
     </span>
    </p>
   </div>
   <div class='ocr_carea' id='block_1_53' title="bbox 585 3508 2167 3584">
    <p class='ocr_par' dir='ltr' id='par_1_53' title="bbox 585 3508 2167 3584">
     <span class='ocr_line' id='line_1_53' title="bbox 585 3508 2167 3584; baseline 0.008 -23"><span class='ocrx_word' id='word_1_361' title='bbox 585 3508 642 3561; x_wconf 86' lang='lat' dir='ltr'><strong>in</strong></span> <span class='ocrx_word' id='word_1_362' title='bbox 672 3508 928 3564; x_wconf 87' lang='lat' dir='ltr'><strong>suburbio</strong></span> <span class='ocrx_word' id='word_1_363' title='bbox 955 3510 1190 3567; x_wconf 83' lang='lat' dir='ltr'><strong>civitatis</strong></span> <span class='ocrx_word' id='word_1_364' title='bbox 1222 3514 1340 3568; x_wconf 70' lang='lat' dir='ltr'><strong>sita:</strong></span> <span class='ocrx_word' id='word_1_365' title='bbox 1365 3514 1640 3584; x_wconf 88' lang='lat' dir='ltr'><strong>deputavit</strong></span> <span class='ocrx_word' id='word_1_366' title='bbox 1689 3516 1889 3572; x_wconf 91' lang='lat' dir='ltr'><strong>solidos</strong></span> <span class='ocrx_word' id='word_1_367' title='bbox 1915 3528 2167 3584; x_wconf 86' lang='lat' dir='ltr'><strong>centum;</strong></span> 
     </span>
    </p>
   </div>
   <div class='ocr_carea' id='block_1_54' title="bbox 585 3601 2171 3683">
    <p class='ocr_par' dir='ltr' id='par_1_54' title="bbox 585 3601 2171 3683">
     <span class='ocr_line' id='line_1_54' title="bbox 585 3601 2171 3683; baseline 0.008 -28"><span class='ocrx_word' id='word_1_368' title='bbox 585 3601 840 3657; x_wconf 88' lang='lat' dir='ltr'><strong>similiter</strong></span> <span class='ocrx_word' id='word_1_369' title='bbox 868 3602 995 3660; x_wconf 90' lang='lat' dir='ltr'><strong>fecit</strong></span> <span class='ocrx_word' id='word_1_370' title='bbox 1038 3615 1093 3660; x_wconf 91' lang='lat' dir='ltr'><strong>et</strong></span> <span class='ocrx_word' id='word_1_371' title='bbox 1134 3607 1379 3664; x_wconf 84' lang='lat' dir='ltr'><strong>ecclesiae</strong></span> <span class='ocrx_word' id='word_1_372' title='bbox 1416 3611 1587 3666; x_wconf 86' lang='lat' dir='ltr'><strong>sancti</strong></span> <span class='ocrx_word' id='word_1_373' title='bbox 1632 3610 1903 3677; x_wconf 89' lang='lat' dir='ltr'><strong>Gervasii,</strong></span> <span class='ocrx_word' id='word_1_374' title='bbox 1940 3628 2060 3683; x_wconf 74' lang='lat' dir='ltr'><strong>qum</strong></span> <span class='ocrx_word' id='word_1_375' title='bbox 2088 3622 2171 3670; x_wconf 87' lang='lat' dir='ltr'><strong>est</strong></span> 
     </span>
    </p>
   </div>
   <div class='ocr_carea' id='block_1_55' title="bbox 585 3691 2166 3769">
    <p class='ocr_par' dir='ltr' id='par_1_55' title="bbox 585 3691 2166 3769">
     <span class='ocr_line' id='line_1_55' title="bbox 585 3691 2166 3769; baseline 0.006 -23"><span class='ocrx_word' id='word_1_376' title='bbox 585 3692 723 3746; x_wconf 82' lang='lat' dir='ltr'><strong>citra</strong></span> <span class='ocrx_word' id='word_1_377' title='bbox 758 3691 975 3748; x_wconf 84' lang='lat' dir='ltr'><strong>fluvium</strong></span> <span class='ocrx_word' id='word_1_378' title='bbox 1002 3694 1266 3763; x_wconf 76' lang='lat' dir='ltr'><strong>lchaunte,</strong></span> <span class='ocrx_word' id='word_1_379' title='bbox 1292 3701 1462 3755; x_wconf 92' lang='lat' dir='ltr'><strong>ethoc</strong></span> <span class='ocrx_word' id='word_1_380' title='bbox 1482 3699 1593 3769; x_wconf 84' lang='lat' dir='ltr'><strong>jam</strong></span> <span class='ocrx_word' id='word_1_381' title='bbox 1623 3701 1767 3755; x_wconf 84' lang='lat' dir='ltr'><strong>circa</strong></span> <span class='ocrx_word' id='word_1_382' title='bbox 1799 3702 1920 3757; x_wconf 77' lang='lat' dir='ltr'><strong>vita:</strong></span> <span class='ocrx_word' id='word_1_383' title='bbox 1941 3703 2166 3757; x_wconf 60' lang='lat' dir='ltr'><strong>exitura.</strong></span> 
     </span>
    </p>
   </div>
   <div class='ocr_carea' id='block_1_56' title="bbox 588 3781 2166 3862">
    <p class='ocr_par' dir='ltr' id='par_1_56' title="bbox 588 3781 2166 3862">
     <span class='ocr_line' id='line_1_56' title="bbox 588 3781 2166 3862; baseline 0.008 -26"><span class='ocrx_word' id='word_1_384' title='bbox 588 3781 788 3838; x_wconf 69' lang='lat' dir='ltr'><strong>1Verum</strong></span> <span class='ocrx_word' id='word_1_385' title='bbox 819 3785 863 3841; x_wconf 90' lang='lat' dir='ltr'><strong>si</strong></span> <span class='ocrx_word' id='word_1_386' title='bbox 896 3787 1002 3842; x_wconf 84' lang='lat' dir='ltr'><strong>vita</strong></span> <span class='ocrx_word' id='word_1_387' title='bbox 1033 3789 1086 3843; x_wconf 92' lang='lat' dir='ltr'><strong>ei</strong></span> <span class='ocrx_word' id='word_1_388' title='bbox 1135 3790 1446 3860; x_wconf 83' lang='lat' dir='ltr'><strong>aliquandiu</strong></span> <span class='ocrx_word' id='word_1_389' title='bbox 1476 3792 1745 3862; x_wconf 86' lang='lat' dir='ltr'><strong>prolatata</strong></span> <span class='ocrx_word' id='word_1_390' title='bbox 1787 3803 1916 3847; x_wconf 89' lang='lat' dir='ltr'><strong>nutu</strong></span> <span class='ocrx_word' id='word_1_391' title='bbox 1949 3793 2041 3848; x_wconf 89' lang='lat' dir='ltr'><strong>Dei</strong></span> <span class='ocrx_word' id='word_1_392' title='bbox 2070 3809 2166 3848; x_wconf 71' lang='lat' dir='ltr'><strong>ex-</strong></span> 
     </span>
    </p>
   </div>
   <div class='ocr_carea' id='block_1_57' title="bbox 569 3875 2171 3954">
    <p class='ocr_par' dir='ltr' id='par_1_57' title="bbox 569 3875 2171 3954">
     <span class='ocr_line' id='line_1_57' title="bbox 569 3875 2171 3954; baseline 0.005 -24"><span class='ocrx_word' id='word_1_393' title='bbox 569 3875 838 3942; x_wconf 80' lang='lat' dir='ltr'><strong>stitisset,</strong></span> <span class='ocrx_word' id='word_1_394' title='bbox 870 3878 1055 3934; x_wconf 85' lang='lat' dir='ltr'><strong>ambas</strong></span> <span class='ocrx_word' id='word_1_395' title='bbox 1096 3880 1213 3933; x_wconf 86' lang='lat' dir='ltr'><strong>illas</strong></span> <span class='ocrx_word' id='word_1_396' title='bbox 1233 3880 1492 3935; x_wconf 87' lang='lat' dir='ltr'><strong>ecclesias</strong></span> <span class='ocrx_word' id='word_1_397' title='bbox 1524 3883 1755 3952; x_wconf 88' lang='lat' dir='ltr'><strong>propriis</strong></span> <span class='ocrx_word' id='word_1_398' title='bbox 1805 3883 2171 3954; x_wconf 84' lang='lat' dir='ltr'><strong>redintegras-</strong></span> 
     </span>
    </p>
   </div>
   <div class='ocr_carea' id='block_1_58' title="bbox 587 3970 2167 4038">
    <p class='ocr_par' dir='ltr' id='par_1_58' title="bbox 587 3970 2167 4038">
     <span class='ocr_line' id='line_1_58' title="bbox 587 3970 2167 4038; baseline 0.002 -13"><span class='ocrx_word' id='word_1_399' title='bbox 587 3977 673 4025; x_wconf 80' lang='lat' dir='ltr'><strong>set</strong></span> <span class='ocrx_word' id='word_1_400' title='bbox 702 3970 1146 4038; x_wconf 88' lang='lat' dir='ltr'><strong>impensionihus.</strong></span> <span class='ocrx_word' id='word_1_401' title='bbox 1171 3971 1225 4023; x_wconf 91' lang='lat' dir='ltr'><strong>In</strong></span> <span class='ocrx_word' id='word_1_402' title='bbox 1255 3971 1484 4025; x_wconf 85' lang='lat' dir='ltr'><strong>ecclesia</strong></span> <span class='ocrx_word' id='word_1_403' title='bbox 1515 3971 1687 4026; x_wconf 86' lang='lat' dir='ltr'><strong>sancti</strong></span> <span class='ocrx_word' id='word_1_404' title='bbox 1712 3972 1967 4027; x_wconf 86' lang='lat' dir='ltr'><strong>Germani</strong></span> <span class='ocrx_word' id='word_1_405' title='bbox 2002 3973 2167 4027; x_wconf 88' lang='lat' dir='ltr'><strong>multa</strong></span> 
     </span>
    </p>
   </div>
   <div class='ocr_carea' id='block_1_59' title="bbox 585 4058 2172 4133">
    <p class='ocr_par' dir='ltr' id='par_1_59' title="bbox 585 4058 2172 4133">
     <span class='ocr_line' id='line_1_59' title="bbox 585 4058 2172 4133; baseline 0.003 -18"><span class='ocrx_word' id='word_1_406' title='bbox 585 4058 782 4116; x_wconf 88' lang='lat' dir='ltr'><strong>crebro</strong></span> <span class='ocrx_word' id='word_1_407' title='bbox 807 4069 893 4114; x_wconf 89' lang='lat' dir='ltr'><strong>est</strong></span> <span class='ocrx_word' id='word_1_408' title='bbox 923 4060 1201 4131; x_wconf 83' lang='lat' dir='ltr'><strong>dilargitus</strong></span> <span class='ocrx_word' id='word_1_409' title='bbox 1257 4062 1470 4128; x_wconf 79' lang='lat' dir='ltr'><strong>exenia,</strong></span> <span class='ocrx_word' id='word_1_410' title='bbox 1514 4062 1656 4117; x_wconf 84' lang='lat' dir='ltr'><strong>inter</strong></span> <span class='ocrx_word' id='word_1_411' title='bbox 1706 4078 1824 4133; x_wconf 68' lang='lat' dir='ltr'><strong>quae</strong></span> <span class='ocrx_word' id='word_1_412' title='bbox 1875 4064 2172 4120; x_wconf 89' lang='lat' dir='ltr'><strong>rntilatar-</strong></span> 
     </span>
    </p>
   </div>
   <div class='ocr_carea' id='block_1_60' title="bbox 588 4147 2168 4220">
    <p class='ocr_par' dir='ltr' id='par_1_60' title="bbox 588 4147 2168 4220">
     <span class='ocr_line' id='line_1_60' title="bbox 588 4147 2168 4220; baseline 0.004 -18"><span class='ocrx_word' id='word_1_413' title='bbox 588 4157 784 4220; x_wconf 79' lang='lat' dir='ltr'><strong>gentea</strong></span> <span class='ocrx_word' id='word_1_414' title='bbox 819 4147 999 4202; x_wconf 86' lang='lat' dir='ltr'><strong>tabula</strong></span> <span class='ocrx_word' id='word_1_415' title='bbox 1032 4148 1084 4201; x_wconf 92' lang='lat' dir='ltr'><strong>in</strong></span> <span class='ocrx_word' id='word_1_416' title='bbox 1114 4148 1337 4204; x_wconf 89' lang='lat' dir='ltr'><strong>introitu</strong></span> <span class='ocrx_word' id='word_1_417' title='bbox 1373 4150 1618 4206; x_wconf 71' lang='lat' dir='ltr'><strong>ecclesiae</strong></span> <span class='ocrx_word' id='word_1_418' title='bbox 1643 4162 1770 4207; x_wconf 87' lang='lat' dir='ltr'><strong>ante</strong></span> <span class='ocrx_word' id='word_1_419' title='bbox 1802 4152 1973 4209; x_wconf 87' lang='lat' dir='ltr'><strong>altare</strong></span> <span class='ocrx_word' id='word_1_420' title='bbox 1995 4154 2168 4209; x_wconf 90' lang='lat' dir='ltr'><strong>sancti</strong></span> 
     </span>
    </p>
   </div>
   <div class='ocr_carea' id='block_1_61' title="bbox 589 4237 2170 4316">
    <p class='ocr_par' dir='ltr' id='par_1_61' title="bbox 589 4237 2170 4316">
     <span class='ocr_line' id='line_1_61' title="bbox 589 4237 2170 4316; baseline 0.006 -23"><span class='ocrx_word' id='word_1_421' title='bbox 589 4238 838 4302; x_wconf 83' lang='lat' dir='ltr'><strong>Joannis,</strong></span> <span class='ocrx_word' id='word_1_422' title='bbox 869 4237 1091 4308; x_wconf 85' lang='lat' dir='ltr'><strong>ejusque</strong></span> <span class='ocrx_word' id='word_1_423' title='bbox 1129 4240 1390 4296; x_wconf 89' lang='lat' dir='ltr'><strong>tutnnlum</strong></span> <span class='ocrx_word' id='word_1_424' title='bbox 1436 4243 1636 4313; x_wconf 85' lang='lat' dir='ltr'><strong>posita,</strong></span> <span class='ocrx_word' id='word_1_425' title='bbox 1691 4255 1745 4300; x_wconf 90' lang='lat' dir='ltr'><strong>et</strong></span> <span class='ocrx_word' id='word_1_426' title='bbox 1796 4256 2050 4316; x_wconf 82' lang='lat' dir='ltr'><strong>argentea</strong></span> <span class='ocrx_word' id='word_1_427' title='bbox 2076 4262 2170 4303; x_wconf 90' lang='lat' dir='ltr'><strong>co-</strong></span> 
     </span>
    </p>
   </div>
   <div class='ocr_carea' id='block_1_62' title="bbox 589 4329 2167 4406">
    <p class='ocr_par' dir='ltr' id='par_1_62' title="bbox 589 4329 2167 4406">
     <span class='ocr_line' id='line_1_62' title="bbox 589 4329 2167 4406; baseline 0.008 -23"><span class='ocrx_word' id='word_1_428' title='bbox 589 4344 745 4395; x_wconf 89' lang='lat' dir='ltr'><strong>rona,</strong></span> <span class='ocrx_word' id='word_1_429' title='bbox 784 4344 905 4398; x_wconf 64' lang='lat' dir='ltr'><strong>quae</strong></span> <span class='ocrx_word' id='word_1_430' title='bbox 948 4329 1176 4400; x_wconf 88' lang='lat' dir='ltr'><strong>dependi</strong></span> <span class='ocrx_word' id='word_1_431' title='bbox 1225 4332 1365 4388; x_wconf 89' lang='lat' dir='ltr'><strong>solet</strong></span> <span class='ocrx_word' id='word_1_432' title='bbox 1411 4343 1538 4390; x_wconf 89' lang='lat' dir='ltr'><strong>ante</strong></span> <span class='ocrx_word' id='word_1_433' title='bbox 1590 4348 1933 4406; x_wconf 89' lang='lat' dir='ltr'><strong>prospectum</strong></span> <span class='ocrx_word' id='word_1_434' title='bbox 1973 4339 2167 4397; x_wconf 87' lang='lat' dir='ltr'><strong>altaris</strong></span> 
     </span>
    </p>
   </div>
   <div class='ocr_carea' id='block_1_63' title="bbox 594 4418 2168 4497">
    <p class='ocr_par' dir='ltr' id='par_1_63' title="bbox 594 4418 2168 4497">
     <span class='ocr_line' id='line_1_63' title="bbox 594 4418 2168 4497; baseline 0.01 -24"><span class='ocrx_word' id='word_1_435' title='bbox 594 4418 768 4473; x_wconf 85' lang='lat' dir='ltr'><strong>sancti</strong></span> <span class='ocrx_word' id='word_1_436' title='bbox 812 4428 868 4474; x_wconf 88' lang='lat' dir='ltr'><strong>et</strong></span> <span class='ocrx_word' id='word_1_437' title='bbox 919 4419 1245 4477; x_wconf 87' lang='lat' dir='ltr'><strong>confessoris</strong></span> <span class='ocrx_word' id='word_1_438' title='bbox 1286 4424 1502 4495; x_wconf 81' lang='lat' dir='ltr'><strong>gloriosi</strong></span> <span class='ocrx_word' id='word_1_439' title='bbox 1549 4427 1747 4482; x_wconf 86' lang='lat' dir='ltr'><strong>Christi</strong></span> <span class='ocrx_word' id='word_1_440' title='bbox 1794 4428 2081 4497; x_wconf 82' lang='lat' dir='ltr'><strong>Germani;</strong></span> <span class='ocrx_word' id='word_1_441' title='bbox 2112 4443 2168 4489; x_wconf 89' lang='lat' dir='ltr'><strong>et</strong></span> 
     </span>
    </p>
   </div>
   <div class='ocr_carea' id='block_1_64' title="bbox 595 4511 2170 4587">
    <p class='ocr_par' dir='ltr' id='par_1_64' title="bbox 595 4511 2170 4587">
     <span class='ocr_line' id='line_1_64' title="bbox 595 4511 2170 4587; baseline 0.008 -22"><span class='ocrx_word' id='word_1_442' title='bbox 595 4526 718 4565; x_wconf 88' lang='lat' dir='ltr'><strong>cum</strong></span> <span class='ocrx_word' id='word_1_443' title='bbox 746 4511 956 4568; x_wconf 88' lang='lat' dir='ltr'><strong>delatus</strong></span> <span class='ocrx_word' id='word_1_444' title='bbox 977 4522 1061 4568; x_wconf 89' lang='lat' dir='ltr'><strong>est</strong></span> <span class='ocrx_word' id='word_1_445' title='bbox 1081 4514 1349 4570; x_wconf 76' lang='lat' dir='ltr'><strong>exanimis</strong></span> <span class='ocrx_word' id='word_1_446' title='bbox 1371 4517 1437 4570; x_wconf 90' lang='lat' dir='ltr'><strong>ad</strong></span> <span class='ocrx_word' id='word_1_447' title='bbox 1463 4516 1789 4587; x_wconf 88' lang='lat' dir='ltr'><strong>sepulcrum,</strong></span> <span class='ocrx_word' id='word_1_448' title='bbox 1820 4520 1989 4574; x_wconf 89' lang='lat' dir='ltr'><strong>isdem</strong></span> <span class='ocrx_word' id='word_1_449' title='bbox 2020 4520 2170 4579; x_wconf 87' lang='lat' dir='ltr'><strong>locus</strong></span> 
     </span>
    </p>
   </div>
   <div class='ocr_carea' id='block_1_65' title="bbox 593 4604 2167 4682">
    <p class='ocr_par' dir='ltr' id='par_1_65' title="bbox 593 4604 2167 4682">
     <span class='ocr_line' id='line_1_65' title="bbox 593 4604 2167 4682; baseline 0.01 -28"><span class='ocrx_word' id='word_1_450' title='bbox 593 4618 758 4657; x_wconf 91' lang='lat' dir='ltr'><strong>unum</strong></span> <span class='ocrx_word' id='word_1_451' title='bbox 806 4604 1107 4673; x_wconf 89' lang='lat' dir='ltr'><strong>pretiosum</strong></span> <span class='ocrx_word' id='word_1_452' title='bbox 1148 4606 1217 4660; x_wconf 88' lang='lat' dir='ltr'><strong>ab</strong></span> <span class='ocrx_word' id='word_1_453' title='bbox 1261 4604 1379 4674; x_wconf 80' lang='lat' dir='ltr'><strong>ejus</strong></span> <span class='ocrx_word' id='word_1_454' title='bbox 1411 4608 1645 4680; x_wconf 84' lang='lat' dir='ltr'><strong>capitulo</strong></span> <span class='ocrx_word' id='word_1_455' title='bbox 1669 4611 2167 4682; x_wconf 85' lang='lat' dir='ltr'><strong>suscepitpallium.</strong></span> 
     </span>
    </p>
   </div>
   <div class='ocr_carea' id='block_1_66' title="bbox 590 4692 2171 4769">
    <p class='ocr_par' dir='ltr' id='par_1_66' title="bbox 590 4692 2171 4769">
     <span class='ocr_line' id='line_1_66' title="bbox 590 4692 2171 4769; baseline 0.008 -23"><span class='ocrx_word' id='word_1_456' title='bbox 590 4692 862 4769; x_wconf 60' lang='lat' dir='ltr'><strong>Bratterea</strong></span> <span class='ocrx_word' id='word_1_457' title='bbox 896 4695 1035 4751; x_wconf 84' lang='lat' dir='ltr'><strong>hanc</strong></span> <span class='ocrx_word' id='word_1_458' title='bbox 1083 4697 1136 4750; x_wconf 91' lang='lat' dir='ltr'><strong>in</strong></span> <span class='ocrx_word' id='word_1_459' title='bbox 1194 4712 1291 4751; x_wconf 84' lang='lat' dir='ltr'><strong>sua</strong></span> <span class='ocrx_word' id='word_1_460' title='bbox 1329 4699 1566 4755; x_wconf 86' lang='lat' dir='ltr'><strong>instituit</strong></span> <span class='ocrx_word' id='word_1_461' title='bbox 1602 4701 1833 4758; x_wconf 87' lang='lat' dir='ltr'><strong>ecclesia</strong></span> <span class='ocrx_word' id='word_1_462' title='bbox 1874 4705 2171 4760; x_wconf 85' lang='lat' dir='ltr'><strong>saluberri-</strong></span> 
     </span>
    </p>
   </div>
   <div class='ocr_carea' id='block_1_67' title="bbox 592 4787 2170 4865">
    <p class='ocr_par' dir='ltr' id='par_1_67' title="bbox 592 4787 2170 4865">
     <span class='ocr_line' id='line_1_67' title="bbox 592 4787 2170 4865; baseline 0.007 -26"><span class='ocrx_word' id='word_1_463' title='bbox 592 4799 739 4839; x_wconf 86' lang='lat' dir='ltr'><strong>mam</strong></span> <span class='ocrx_word' id='word_1_464' title='bbox 801 4787 1291 4856; x_wconf 83' lang='lat' dir='ltr'><strong>consuetudinem,</strong></span> <span class='ocrx_word' id='word_1_465' title='bbox 1342 4799 1403 4843; x_wconf 89' lang='lat' dir='ltr'><strong>ut</strong></span> <span class='ocrx_word' id='word_1_466' title='bbox 1449 4805 1639 4847; x_wconf 91' lang='lat' dir='ltr'><strong>omnes</strong></span> <span class='ocrx_word' id='word_1_467' title='bbox 1692 4794 1775 4847; x_wconf 86' lang='lat' dir='ltr'><strong>sui</strong></span> <span class='ocrx_word' id='word_1_468' title='bbox 1826 4794 2170 4865; x_wconf 83' lang='lat' dir='ltr'><strong>episcopatus</strong></span> 
     </span>
    </p>
   </div>
   <div class='ocr_carea' id='block_1_68' title="bbox 591 4873 2171 4955">
    <p class='ocr_par' dir='ltr' id='par_1_68' title="bbox 591 4873 2171 4955">
     <span class='ocr_line' id='line_1_68' title="bbox 591 4873 2171 4955; baseline 0.008 -26"><span class='ocrx_word' id='word_1_469' title='bbox 591 4873 890 4930; x_wconf 74' lang='lat' dir='ltr'><strong>dimcesani</strong></span> <span class='ocrx_word' id='word_1_470' title='bbox 920 4875 1229 4931; x_wconf 87' lang='lat' dir='ltr'><strong>sacerdotes</strong></span> <span class='ocrx_word' id='word_1_471' title='bbox 1250 4892 1371 4933; x_wconf 91' lang='lat' dir='ltr'><strong>cum</strong></span> <span class='ocrx_word' id='word_1_472' title='bbox 1408 4881 1520 4935; x_wconf 89' lang='lat' dir='ltr'><strong>suis</strong></span> <span class='ocrx_word' id='word_1_473' title='bbox 1550 4884 1894 4953; x_wconf 88' lang='lat' dir='ltr'><strong>parochianis</strong></span> <span class='ocrx_word' id='word_1_474' title='bbox 1935 4901 2032 4955; x_wconf 91' lang='lat' dir='ltr'><strong>per</strong></span> <span class='ocrx_word' id='word_1_475' title='bbox 2054 4886 2171 4942; x_wconf 85' lang='lat' dir='ltr'><strong>dies</strong></span> 
     </span>
    </p>
   </div>
   <div class='ocr_carea' id='block_1_69' title="bbox 591 4963 2169 5044">
    <p class='ocr_par' dir='ltr' id='par_1_69' title="bbox 591 4963 2169 5044">
     <span class='ocr_line' id='line_1_69' title="bbox 591 4963 2169 5044; baseline 0.008 -26"><span class='ocrx_word' id='word_1_476' title='bbox 591 4963 945 5022; x_wconf 86' lang='lat' dir='ltr'><strong>Pentec0stes</strong></span> <span class='ocrx_word' id='word_1_477' title='bbox 976 4963 1218 5031; x_wconf 85' lang='lat' dir='ltr'><strong>festivos,</strong></span> <span class='ocrx_word' id='word_1_478' title='bbox 1270 4982 1394 5023; x_wconf 94' lang='lat' dir='ltr'><strong>cum</strong></span> <span class='ocrx_word' id='word_1_479' title='bbox 1441 4972 1695 5028; x_wconf 81' lang='lat' dir='ltr'><strong>crucibus</strong></span> <span class='ocrx_word' id='word_1_480' title='bbox 1744 4983 1905 5044; x_wconf 86' lang='lat' dir='ltr'><strong>atque</strong></span> <span class='ocrx_word' id='word_1_481' title='bbox 1936 4975 2169 5041; x_wconf 79' lang='lat' dir='ltr'><strong>vexillis,</strong></span> 
     </span>
    </p>
   </div>
   <div class='ocr_carea' id='block_1_70' title="bbox 594 5056 2171 5131">
    <p class='ocr_par' dir='ltr' id='par_1_70' title="bbox 594 5056 2171 5131">
     <span class='ocr_line' id='line_1_70' title="bbox 594 5056 2171 5131; baseline 0.003 -17"><span class='ocrx_word' id='word_1_482' title='bbox 594 5058 664 5114; x_wconf 88' lang='lat' dir='ltr'><strong>ad</strong></span> <span class='ocrx_word' id='word_1_483' title='bbox 707 5056 1064 5128; x_wconf 82' lang='lat' dir='ltr'><strong>principalem</strong></span> <span class='ocrx_word' id='word_1_484' title='bbox 1113 5059 1283 5113; x_wconf 85' lang='lat' dir='ltr'><strong>sancti</strong></span> <span class='ocrx_word' id='word_1_485' title='bbox 1319 5058 1576 5131; x_wconf 86' lang='lat' dir='ltr'><strong>Stephani</strong></span> <span class='ocrx_word' id='word_1_486' title='bbox 1608 5065 1930 5120; x_wconf 79' lang='lat' dir='ltr'><strong>conveniant</strong></span> <span class='ocrx_word' id='word_1_487' title='bbox 1968 5065 2171 5131; x_wconf 90' lang='lat' dir='ltr'><strong>aulam,</strong></span> 
     </span>
    </p>
   </div>
   <div class='ocr_carea' id='block_1_71' title="bbox 595 5148 2173 5224">
    <p class='ocr_par' dir='ltr' id='par_1_71' title="bbox 595 5148 2173 5224">
     <span class='ocr_line' id='line_1_71' title="bbox 595 5148 2173 5224; baseline 0.006 -23"><span class='ocrx_word' id='word_1_488' title='bbox 595 5148 845 5203; x_wconf 74' lang='lat' dir='ltr'><strong>lustratis</strong></span> <span class='ocrx_word' id='word_1_489' title='bbox 898 5148 952 5203; x_wconf 91' lang='lat' dir='ltr'><strong>in</strong></span> <span class='ocrx_word' id='word_1_490' title='bbox 981 5156 1119 5220; x_wconf 82' lang='lat' dir='ltr'><strong>gyro‘</strong></span> <span class='ocrx_word' id='word_1_491' title='bbox 1143 5151 1353 5206; x_wconf 85' lang='lat' dir='ltr'><strong>eunetis</strong></span> <span class='ocrx_word' id='word_1_492' title='bbox 1382 5150 1640 5218; x_wconf 84' lang='lat' dir='ltr'><strong>abbatiis,</strong></span> <span class='ocrx_word' id='word_1_493' title='bbox 1669 5152 1850 5224; x_wconf 79' lang='lat' dir='ltr'><strong>ibique</strong></span> <span class='ocrx_word' id='word_1_494' title='bbox 1889 5156 1957 5209; x_wconf 87' lang='lat' dir='ltr'><strong>ab</strong></span> <span class='ocrx_word' id='word_1_495' title='bbox 1989 5155 2173 5210; x_wconf 80' lang='lat' dir='ltr'><strong>archi-</strong></span> 
     </span>
    </p>
   </div>
   <div class='ocr_carea' id='block_1_72' title="bbox 597 5238 2173 5314">
    <p class='ocr_par' dir='ltr' id='par_1_72' title="bbox 597 5238 2173 5314">
     <span class='ocr_line' id='line_1_72' title="bbox 597 5238 2173 5314; baseline 0.006 -23"><span class='ocrx_word' id='word_1_496' title='bbox 597 5238 828 5295; x_wconf 85' lang='lat' dir='ltr'><strong>diacono</strong></span> <span class='ocrx_word' id='word_1_497' title='bbox 881 5240 1180 5312; x_wconf 86' lang='lat' dir='ltr'><strong>spiritualis</strong></span> <span class='ocrx_word' id='word_1_498' title='bbox 1217 5243 1368 5297; x_wconf 86' lang='lat' dir='ltr'><strong>verbi</strong></span> <span class='ocrx_word' id='word_1_499' title='bbox 1408 5242 1721 5299; x_wconf 77' lang='lat' dir='ltr'><strong>reficiantur</strong></span> <span class='ocrx_word' id='word_1_500' title='bbox 1764 5246 1967 5314; x_wconf 88' lang='lat' dir='ltr'><strong>epulis;</strong></span> <span class='ocrx_word' id='word_1_501' title='bbox 1996 5255 2050 5300; x_wconf 90' lang='lat' dir='ltr'><strong>et</strong></span> <span class='ocrx_word' id='word_1_502' title='bbox 2084 5248 2173 5301; x_wconf 81' lang='lat' dir='ltr'><strong>dc-</strong></span> 
     </span>
    </p>
   </div>
   <div class='ocr_carea' id='block_1_73' title="bbox 2197 4378 2246 4438">
    <p class='ocr_par' dir='ltr' id='par_1_73' title="bbox 2197 4378 2246 4438">
     <span class='ocr_line' id='line_1_73' title="bbox 2197 4378 2246 4438; baseline 0 0"><span class='ocrx_word' id='word_1_503' title='bbox 2197 4378 2246 4438; x_wconf 81' lang='grc' dir='ltr'><strong>Ι)</strong></span> 
     </span>
    </p>
   </div>
   <div class='ocr_carea' id='block_1_74' title="bbox 2258 1782 3801 1863">
    <p class='ocr_par' dir='ltr' id='par_1_74' title="bbox 2258 1782 3801 1863">
     <span class='ocr_line' id='line_1_74' title="bbox 2258 1782 3801 1863; baseline -0.004 -22"><span class='ocrx_word' id='word_1_504' title='bbox 2258 1795 2351 1841; x_wconf 87' lang='lat' dir='ltr'><strong>aut</strong></span> <span class='ocrx_word' id='word_1_505' title='bbox 2390 1787 2687 1857; x_wconf 85' lang='lat' dir='ltr'><strong>integrum,</strong></span> <span class='ocrx_word' id='word_1_506' title='bbox 2738 1793 2831 1840; x_wconf 91' lang='lat' dir='ltr'><strong>aut</strong></span> <span class='ocrx_word' id='word_1_507' title='bbox 2864 1785 3140 1840; x_wconf 88' lang='lat' dir='ltr'><strong>dimidium</strong></span> <span class='ocrx_word' id='word_1_508' title='bbox 3199 1801 3416 1856; x_wconf 86' lang='lat' dir='ltr'><strong>panem,</strong></span> <span class='ocrx_word' id='word_1_509' title='bbox 3472 1799 3591 1863; x_wconf 88' lang='lat' dir='ltr'><strong>cum</strong></span> <span class='ocrx_word' id='word_1_510' title='bbox 3636 1782 3801 1853; x_wconf 85' lang='lat' dir='ltr'><strong>optimo</strong></span> 
     </span>
    </p>
   </div>
   <div class='ocr_carea' id='block_1_75' title="bbox 2258 1876 3799 1945">
    <p class='ocr_par' dir='ltr' id='par_1_75' title="bbox 2258 1876 3799 1945">
     <span class='ocr_line' id='line_1_75' title="bbox 2258 1876 3799 1945; baseline -0.005 -11"><span class='ocrx_word' id='word_1_511' title='bbox 2258 1879 2429 1935; x_wconf 82' lang='lat' dir='ltr'><strong>calice</strong></span> <span class='ocrx_word' id='word_1_512' title='bbox 2483 1880 2624 1944; x_wconf 87' lang='lat' dir='ltr'><strong>vini;</strong></span> <span class='ocrx_word' id='word_1_513' title='bbox 2703 1889 2758 1933; x_wconf 91' lang='lat' dir='ltr'><strong>et</strong></span> <span class='ocrx_word' id='word_1_514' title='bbox 2823 1894 2944 1933; x_wconf 91' lang='lat' dir='ltr'><strong>cum</strong></span> <span class='ocrx_word' id='word_1_515' title='bbox 3004 1879 3108 1933; x_wconf 93' lang='lat' dir='ltr'><strong>hoc</strong></span> <span class='ocrx_word' id='word_1_516' title='bbox 3155 1876 3355 1932; x_wconf 83' lang='lat' dir='ltr'><strong>faceret</strong></span> <span class='ocrx_word' id='word_1_517' title='bbox 3388 1876 3799 1945; x_wconf 86' lang='lat' dir='ltr'><strong>omnitempore,</strong></span> 
     </span>
    </p>
   </div>
   <div class='ocr_carea' id='block_1_76' title="bbox 2260 1966 3802 2039">
    <p class='ocr_par' dir='ltr' id='par_1_76' title="bbox 2260 1966 3802 2039">
     <span class='ocr_line' id='line_1_76' title="bbox 2260 1966 3802 2039; baseline -0.005 -14"><span class='ocrx_word' id='word_1_518' title='bbox 2260 1970 2315 2025; x_wconf 91' lang='lat' dir='ltr'><strong>in</strong></span> <span class='ocrx_word' id='word_1_519' title='bbox 2369 1968 2791 2039; x_wconf 84' lang='lat' dir='ltr'><strong>Quadragesima</strong></span> <span class='ocrx_word' id='word_1_520' title='bbox 2866 1977 3075 2033; x_wconf 90' lang='lat' dir='ltr'><strong>tamen,</strong></span> <span class='ocrx_word' id='word_1_521' title='bbox 3117 1968 3360 2039; x_wconf 89' lang='lat' dir='ltr'><strong>pluribus</strong></span> <span class='ocrx_word' id='word_1_522' title='bbox 3417 1966 3644 2037; x_wconf 88' lang='lat' dir='ltr'><strong>plurima</strong></span> <span class='ocrx_word' id='word_1_523' title='bbox 3705 1979 3802 2019; x_wconf 87' lang='lat' dir='ltr'><strong>ero-</strong></span> 
     </span>
    </p>
   </div>
   <div class='ocr_carea' id='block_1_77' title="bbox 2261 2058 3800 2132">
    <p class='ocr_par' dir='ltr' id='par_1_77' title="bbox 2261 2058 3800 2132">
     <span class='ocr_line' id='line_1_77' title="bbox 2261 2058 3800 2132; baseline -0.005 -17"><span class='ocrx_word' id='word_1_524' title='bbox 2261 2060 2454 2132; x_wconf 82' lang='lat' dir='ltr'><strong>gabat,</strong></span> <span class='ocrx_word' id='word_1_525' title='bbox 2487 2058 2755 2129; x_wconf 90' lang='lat' dir='ltr'><strong>aliquibus</strong></span> <span class='ocrx_word' id='word_1_526' title='bbox 2782 2058 3035 2113; x_wconf 88' lang='lat' dir='ltr'><strong>denarios</strong></span> <span class='ocrx_word' id='word_1_527' title='bbox 3071 2059 3400 2113; x_wconf 86' lang='lat' dir='ltr'><strong>distribuens</strong></span> <span class='ocrx_word' id='word_1_528' title='bbox 3433 2065 3652 2127; x_wconf 79' lang='lat' dir='ltr'><strong>excepto</strong></span> <span class='ocrx_word' id='word_1_529' title='bbox 3675 2071 3800 2109; x_wconf 87' lang='lat' dir='ltr'><strong>man-</strong></span> 
     </span>
    </p>
   </div>
   <div class='ocr_carea' id='block_1_78' title="bbox 2261 2148 3802 2218">
    <p class='ocr_par' dir='ltr' id='par_1_78' title="bbox 2261 2148 3802 2218">
     <span class='ocr_line' id='line_1_78' title="bbox 2261 2148 3802 2218; baseline -0.006 -9"><span class='ocrx_word' id='word_1_530' title='bbox 2261 2154 2387 2209; x_wconf 89' lang='lat' dir='ltr'><strong>dato</strong></span> <span class='ocrx_word' id='word_1_531' title='bbox 2437 2153 2491 2207; x_wconf 93' lang='lat' dir='ltr'><strong>in</strong></span> <span class='ocrx_word' id='word_1_532' title='bbox 2544 2152 2633 2208; x_wconf 86' lang='lat' dir='ltr'><strong>die</strong></span> <span class='ocrx_word' id='word_1_533' title='bbox 2681 2166 2849 2207; x_wconf 67' lang='lat' dir='ltr'><strong>canta:</strong></span> <span class='ocrx_word' id='word_1_534' title='bbox 2899 2151 3133 2218; x_wconf 91' lang='lat' dir='ltr'><strong>Domini,</strong></span> <span class='ocrx_word' id='word_1_535' title='bbox 3191 2166 3313 2205; x_wconf 91' lang='lat' dir='ltr'><strong>cum</strong></span> <span class='ocrx_word' id='word_1_536' title='bbox 3375 2150 3687 2205; x_wconf 88' lang='lat' dir='ltr'><strong>vestimenta</strong></span> <span class='ocrx_word' id='word_1_537' title='bbox 3727 2148 3802 2201; x_wconf 85' lang='lat' dir='ltr'><strong>da-</strong></span> 
     </span>
    </p>
   </div>
   <div class='ocr_carea' id='block_1_79' title="bbox 2261 2241 3803 2315">
    <p class='ocr_par' dir='ltr' id='par_1_79' title="bbox 2261 2241 3803 2315">
     <span class='ocr_line' id='line_1_79' title="bbox 2261 2241 3803 2315; baseline -0.008 -14"><span class='ocrx_word' id='word_1_538' title='bbox 2261 2246 2487 2315; x_wconf 74' lang='lat' dir='ltr'><strong>bantur,</strong></span> <span class='ocrx_word' id='word_1_539' title='bbox 2528 2254 2584 2301; x_wconf 93' lang='lat' dir='ltr'><strong>et</strong></span> <span class='ocrx_word' id='word_1_540' title='bbox 2629 2242 2950 2299; x_wconf 90' lang='lat' dir='ltr'><strong>luculentior</strong></span> <span class='ocrx_word' id='word_1_541' title='bbox 2988 2243 3138 2298; x_wconf 89' lang='lat' dir='ltr'><strong>cibus</strong></span> <span class='ocrx_word' id='word_1_542' title='bbox 3181 2250 3236 2298; x_wconf 87' lang='lat' dir='ltr'><strong>et</strong></span> <span class='ocrx_word' id='word_1_543' title='bbox 3263 2251 3420 2314; x_wconf 88' lang='lat' dir='ltr'><strong>potus</strong></span> <span class='ocrx_word' id='word_1_544' title='bbox 3449 2241 3803 2312; x_wconf 83' lang='lat' dir='ltr'><strong>apponebatur.</strong></span> 
     </span>
    </p>
   </div>
   <div class='ocr_carea' id='block_1_80' title="bbox 2265 2329 3803 2407">
    <p class='ocr_par' dir='ltr' id='par_1_80' title="bbox 2265 2329 3803 2407">
     <span class='ocr_line' id='line_1_80' title="bbox 2265 2329 3803 2407; baseline -0.007 -14"><span class='ocrx_word' id='word_1_545' title='bbox 2265 2337 2341 2393; x_wconf 86' lang='lat' dir='ltr'><strong>De</strong></span> <span class='ocrx_word' id='word_1_546' title='bbox 2370 2336 2553 2392; x_wconf 90' lang='lat' dir='ltr'><strong>multis</strong></span> <span class='ocrx_word' id='word_1_547' title='bbox 2587 2350 2758 2407; x_wconf 88' lang='lat' dir='ltr'><strong>pauca</strong></span> <span class='ocrx_word' id='word_1_548' title='bbox 2784 2335 3038 2400; x_wconf 78' lang='lat' dir='ltr'><strong>diximus,</strong></span> <span class='ocrx_word' id='word_1_549' title='bbox 3064 2334 3260 2406; x_wconf 90' lang='lat' dir='ltr'><strong>quibus</strong></span> <span class='ocrx_word' id='word_1_550' title='bbox 3287 2334 3340 2388; x_wconf 92' lang='lat' dir='ltr'><strong>in</strong></span> <span class='ocrx_word' id='word_1_551' title='bbox 3364 2334 3475 2388; x_wconf 87' lang='lat' dir='ltr'><strong>vita</strong></span> <span class='ocrx_word' id='word_1_552' title='bbox 3524 2330 3709 2387; x_wconf 88' lang='lat' dir='ltr'><strong>mundo</strong></span> <span class='ocrx_word' id='word_1_553' title='bbox 3728 2329 3803 2383; x_wconf 83' lang='lat' dir='ltr'><strong>ilo-</strong></span> 
     </span>
    </p>
   </div>
   <div class='ocr_carea' id='block_1_81' title="bbox 2263 2424 3806 2491">
    <p class='ocr_par' dir='ltr' id='par_1_81' title="bbox 2263 2424 3806 2491">
     <span class='ocr_line' id='line_1_81' title="bbox 2263 2424 3806 2491; baseline -0.008 -5"><span class='ocrx_word' id='word_1_554' title='bbox 2263 2431 2371 2486; x_wconf 88' lang='lat' dir='ltr'><strong>ruit</strong></span> <span class='ocrx_word' id='word_1_555' title='bbox 2399 2430 2811 2484; x_wconf 88' lang='lat' dir='ltr'><strong>famosissimus.</strong></span> <span class='ocrx_word' id='word_1_556' title='bbox 2845 2428 3055 2483; x_wconf 90' lang='lat' dir='ltr'><strong>Tribuit</strong></span> <span class='ocrx_word' id='word_1_557' title='bbox 3084 2436 3261 2482; x_wconf 89' lang='lat' dir='ltr'><strong>autem</strong></span> <span class='ocrx_word' id='word_1_558' title='bbox 3285 2427 3546 2482; x_wconf 83' lang='lat' dir='ltr'><strong>Dominus</strong></span> <span class='ocrx_word' id='word_1_559' title='bbox 3566 2424 3697 2479; x_wconf 89' lang='lat' dir='ltr'><strong>Deus</strong></span> <span class='ocrx_word' id='word_1_560' title='bbox 3720 2436 3806 2491; x_wconf 86' lang='lat' dir='ltr'><strong>quo</strong></span> 
     </span>
    </p>
   </div>
   <div class='ocr_carea' id='block_1_82' title="bbox 2264 2515 3807 2588">
    <p class='ocr_par' dir='ltr' id='par_1_82' title="bbox 2264 2515 3807 2588">
     <span class='ocr_line' id='line_1_82' title="bbox 2264 2515 3807 2588; baseline -0.008 -12"><span class='ocrx_word' id='word_1_561' title='bbox 2264 2520 2367 2576; x_wconf 88' lang='lat' dir='ltr'><strong>ista</strong></span> <span class='ocrx_word' id='word_1_562' title='bbox 2399 2518 2610 2588; x_wconf 89' lang='lat' dir='ltr'><strong>aliaque</strong></span> <span class='ocrx_word' id='word_1_563' title='bbox 2638 2517 3001 2573; x_wconf 88' lang='lat' dir='ltr'><strong>eminentiora</strong></span> <span class='ocrx_word' id='word_1_564' title='bbox 3036 2516 3102 2571; x_wconf 92' lang='lat' dir='ltr'><strong>de</strong></span> <span class='ocrx_word' id='word_1_565' title='bbox 3132 2516 3243 2571; x_wconf 91' lang='lat' dir='ltr'><strong>suis</strong></span> <span class='ocrx_word' id='word_1_566' title='bbox 3285 2515 3597 2570; x_wconf 86' lang='lat' dir='ltr'><strong>scribantur</strong></span> <span class='ocrx_word' id='word_1_567' title='bbox 3630 2525 3807 2567; x_wconf 62' lang='lat' dir='ltr'><strong>succos»</strong></span> 
     </span>
    </p>
   </div>
   <div class='ocr_carea' id='block_1_83' title="bbox 2262 2603 3802 2681">
    <p class='ocr_par' dir='ltr' id='par_1_83' title="bbox 2262 2603 3802 2681">
     <span class='ocr_line' id='line_1_83' title="bbox 2262 2603 3802 2681; baseline -0.01 -13"><span class='ocrx_word' id='word_1_568' title='bbox 2262 2611 2497 2668; x_wconf 78' lang='lat' dir='ltr'><strong>scribus.</strong></span> <span class='ocrx_word' id='word_1_569' title='bbox 2525 2610 2722 2681; x_wconf 83' lang='lat' dir='ltr'><strong>ltaque‘</strong></span> <span class='ocrx_word' id='word_1_570' title='bbox 2740 2610 2843 2680; x_wconf 89' lang='lat' dir='ltr'><strong>piis</strong></span> <span class='ocrx_word' id='word_1_571' title='bbox 2871 2610 3184 2664; x_wconf 89' lang='lat' dir='ltr'><strong>honestatus</strong></span> <span class='ocrx_word' id='word_1_572' title='bbox 3207 2606 3380 2662; x_wconf 90' lang='lat' dir='ltr'><strong>felicis</strong></span> <span class='ocrx_word' id='word_1_573' title='bbox 3403 2606 3528 2661; x_wconf 73' lang='lat' dir='ltr'><strong>vitte</strong></span> <span class='ocrx_word' id='word_1_574' title='bbox 3544 2603 3802 2667; x_wconf 72' lang='lat' dir='ltr'><strong>laboribus,</strong></span> 
     </span>
    </p>
   </div>
   <div class='ocr_carea' id='block_1_84' title="bbox 2262 2691 3807 2775">
    <p class='ocr_par' dir='ltr' id='par_1_84' title="bbox 2262 2691 3807 2775">
     <span class='ocr_line' id='line_1_84' title="bbox 2262 2691 3807 2775; baseline -0.007 -15"><span class='ocrx_word' id='word_1_575' title='bbox 2262 2691 2519 2775; x_wconf 83' lang='lat' dir='ltr'><strong>languore</strong></span> <span class='ocrx_word' id='word_1_576' title='bbox 2544 2714 2823 2773; x_wconf 86' lang='lat' dir='ltr'><strong>correptus</strong></span> <span class='ocrx_word' id='word_1_577' title='bbox 2842 2701 3083 2758; x_wconf 87' lang='lat' dir='ltr'><strong>Creatori</strong></span> <span class='ocrx_word' id='word_1_578' title='bbox 3106 2700 3335 2756; x_wconf 88' lang='lat' dir='ltr'><strong>reddidit</strong></span> <span class='ocrx_word' id='word_1_579' title='bbox 3349 2698 3607 2762; x_wconf 88' lang='lat' dir='ltr'><strong>animam,</strong></span> <span class='ocrx_word' id='word_1_580' title='bbox 3626 2696 3807 2762; x_wconf 79' lang='lat' dir='ltr'><strong>suisque</strong></span> 
     </span>
    </p>
   </div>
   <div class='ocr_carea' id='block_1_85' title="bbox 2265 2785 3808 2882">
    <p class='ocr_par' dir='ltr' id='par_1_85' title="bbox 2265 2785 3808 2882">
     <span class='ocr_line' id='line_1_85' title="bbox 2265 2785 3808 2882; baseline -0.01 -31"><span class='ocrx_word' id='word_1_581' title='bbox 2265 2796 2509 2867; x_wconf 88' lang='lat' dir='ltr'><strong>corporis</strong></span> <span class='ocrx_word' id='word_1_582' title='bbox 2539 2795 2591 2849; x_wconf 94' lang='lat' dir='ltr'><strong>in</strong></span> <span class='ocrx_word' id='word_1_583' title='bbox 2617 2793 2843 2849; x_wconf 85' lang='lat' dir='ltr'><strong>ecclesia</strong></span> <span class='ocrx_word' id='word_1_584' title='bbox 2874 2792 3044 2848; x_wconf 89' lang='lat' dir='ltr'><strong>sancti</strong></span> <span class='ocrx_word' id='word_1_585' title='bbox 3082 2790 3338 2847; x_wconf 91' lang='lat' dir='ltr'><strong>Germani</strong></span> <span class='ocrx_word' id='word_1_586' title='bbox 3366 2788 3600 2844; x_wconf 90' lang='lat' dir='ltr'><strong>nobilem</strong></span> <span class='ocrx_word' id='word_1_587' title='bbox 3622 2785 3808 2882; x_wconf 76' lang='lat' dir='ltr'><strong>sortitus</strong></span> 
     </span>
    </p>
   </div>
   <div class='ocr_carea' id='block_1_86' title="bbox 2264 2878 3809 2956">
    <p class='ocr_par' dir='ltr' id='par_1_86' title="bbox 2264 2878 3809 2956">
     <span class='ocr_line' id='line_1_86' title="bbox 2264 2878 3809 2956; baseline -0.011 -14"><span class='ocrx_word' id='word_1_588' title='bbox 2264 2896 2348 2942; x_wconf 90' lang='lat' dir='ltr'><strong>est</strong></span> <span class='ocrx_word' id='word_1_589' title='bbox 2387 2884 2735 2956; x_wconf 87' lang='lat' dir='ltr'><strong>sepulturam.</strong></span> <span class='ocrx_word' id='word_1_590' title='bbox 2788 2881 2938 2937; x_wconf 90' lang='lat' dir='ltr'><strong>Sedit</strong></span> <span class='ocrx_word' id='word_1_591' title='bbox 2982 2882 3035 2935; x_wconf 91' lang='lat' dir='ltr'><strong>in</strong></span> <span class='ocrx_word' id='word_1_592' title='bbox 3086 2879 3376 2951; x_wconf 87' lang='lat' dir='ltr'><strong>episcopali</strong></span> <span class='ocrx_word' id='word_1_593' title='bbox 3412 2878 3662 2934; x_wconf 87' lang='lat' dir='ltr'><strong>cathedra</strong></span> <span class='ocrx_word' id='word_1_594' title='bbox 3682 2878 3809 2928; x_wconf 82' lang='lat' dir='ltr'><strong>annis</strong></span> 
     </span>
    </p>
   </div>
   <div class='ocr_carea' id='block_1_87' title="bbox 2266 2962 3804 3041">
    <p class='ocr_par' dir='ltr' id='par_1_87' title="bbox 2266 2962 3804 3041">
     <span class='ocr_line' id='line_1_87' title="bbox 2266 2962 3804 3041; baseline -0.009 -12"><span class='ocrx_word' id='word_1_595' title='bbox 2266 2975 2355 3041; x_wconf 82' lang='lat' dir='ltr'><strong>l5,</strong></span> <span class='ocrx_word' id='word_1_596' title='bbox 2393 2974 2582 3029; x_wconf 90' lang='lat' dir='ltr'><strong>diebus</strong></span> <span class='ocrx_word' id='word_1_597' title='bbox 2606 2972 2698 3036; x_wconf 71' lang='grc'><strong>24,</strong></span> <span class='ocrx_word' id='word_1_598' title='bbox 2724 2980 2780 3026; x_wconf 90' lang='lat' dir='ltr'><strong>et</strong></span> <span class='ocrx_word' id='word_1_599' title='bbox 2821 2971 3037 3026; x_wconf 90' lang='lat' dir='ltr'><strong>transiit</strong></span> <span class='ocrx_word' id='word_1_600' title='bbox 3077 2971 3143 3024; x_wconf 92' lang='lat' dir='ltr'><strong>ad</strong></span> <span class='ocrx_word' id='word_1_601' title='bbox 3197 2968 3481 3024; x_wconf 81' lang='lat' dir='ltr'><strong>Christum</strong></span> <span class='ocrx_word' id='word_1_602' title='bbox 3525 2982 3579 3021; x_wconf 73' lang='grc' dir='ltr'>χι</span> <span class='ocrx_word' id='word_1_603' title='bbox 3613 2962 3804 3020; x_wconf 80' lang='lat' dir='ltr'><strong>Kalend.</strong></span> 
     </span>
    </p>
   </div>
   <div class='ocr_carea' id='block_1_88' title="bbox 2267 3051 3810 3128">
    <p class='ocr_par' dir='ltr' id='par_1_88' title="bbox 2267 3051 3810 3128">
     <span class='ocr_line' id='line_1_88' title="bbox 2267 3051 3810 3128; baseline -0.008 -10"><span class='ocrx_word' id='word_1_604' title='bbox 2267 3061 2414 3118; x_wconf 82' lang='lat' dir='ltr'><strong>Maii.</strong></span> <span class='ocrx_word' id='word_1_605' title='bbox 2452 3061 2576 3116; x_wconf 81' lang='lat' dir='ltr'><strong>Fuit</strong></span> <span class='ocrx_word' id='word_1_606' title='bbox 2627 3070 2809 3116; x_wconf 89' lang='lat' dir='ltr'><strong>autem</strong></span> <span class='ocrx_word' id='word_1_607' title='bbox 2866 3059 3107 3114; x_wconf 78' lang='lat' dir='ltr'><strong>Ecclesia</strong></span> <span class='ocrx_word' id='word_1_608' title='bbox 3148 3058 3264 3113; x_wconf 90' lang='lat' dir='ltr'><strong>sine</strong></span> <span class='ocrx_word' id='word_1_609' title='bbox 3298 3055 3552 3128; x_wconf 85' lang='lat' dir='ltr'><strong>episc0po</strong></span> <span class='ocrx_word' id='word_1_610' title='bbox 3590 3054 3652 3110; x_wconf 87' lang='lat' dir='ltr'><strong>ab</strong></span> <span class='ocrx_word' id='word_1_611' title='bbox 3671 3051 3810 3124; x_wconf 79' lang='lat' dir='ltr'><strong>ipsius</strong></span> 
     </span>
    </p>
   </div>
   <div class='ocr_carea' id='block_1_89' title="bbox 2267 3144 3810 3221">
    <p class='ocr_par' dir='ltr' id='par_1_89' title="bbox 2267 3144 3810 3221">
     <span class='ocr_line' id='line_1_89' title="bbox 2267 3144 3810 3221; baseline -0.007 -13"><span class='ocrx_word' id='word_1_612' title='bbox 2267 3153 2446 3208; x_wconf 85' lang='lat' dir='ltr'><strong>obitus</strong></span> <span class='ocrx_word' id='word_1_613' title='bbox 2469 3150 2557 3205; x_wconf 91' lang='lat' dir='ltr'><strong>die</strong></span> <span class='ocrx_word' id='word_1_614' title='bbox 2580 3164 2750 3221; x_wconf 86' lang='lat' dir='ltr'><strong>usque</strong></span> <span class='ocrx_word' id='word_1_615' title='bbox 2779 3149 2846 3204; x_wconf 88' lang='lat' dir='ltr'><strong>ad</strong></span> <span class='ocrx_word' id='word_1_616' title='bbox 2891 3163 2983 3204; x_wconf 78' lang='lat' dir='ltr'><strong>xw</strong></span> <span class='ocrx_word' id='word_1_617' title='bbox 3007 3148 3126 3204; x_wconf 84' lang='lat' dir='ltr'><strong>Kal.</strong></span> <span class='ocrx_word' id='word_1_618' title='bbox 3175 3147 3356 3215; x_wconf 84' lang='lat' dir='ltr'><strong>Junii,</strong></span> <span class='ocrx_word' id='word_1_619' title='bbox 3385 3149 3489 3204; x_wconf 93' lang='lat' dir='ltr'><strong>hoc</strong></span> <span class='ocrx_word' id='word_1_620' title='bbox 3528 3158 3609 3203; x_wconf 87' lang='lat' dir='ltr'><strong>est</strong></span> <span class='ocrx_word' id='word_1_621' title='bbox 3655 3144 3810 3201; x_wconf 73' lang='lat' dir='ltr'><strong>diebus</strong></span> 
     </span>
    </p>
   </div>
   <div class='ocr_carea' id='block_1_90' title="bbox 2268 3242 2710 3314">
    <p class='ocr_par' dir='ltr' id='par_1_90' title="bbox 2268 3242 2710 3314">
     <span class='ocr_line' id='line_1_90' title="bbox 2268 3242 2710 3314; baseline -0.002 -17"><span class='ocrx_word' id='word_1_622' title='bbox 2268 3242 2455 3314; x_wconf 78' lang='lat' dir='ltr'><strong>viginti</strong></span> <span class='ocrx_word' id='word_1_623' title='bbox 2481 3250 2710 3312; x_wconf 90' lang='lat' dir='ltr'><strong>septem.</strong></span> 
     </span>
    </p>
   </div>
   <div class='ocr_carea' id='block_1_91' title="bbox 2338 3329 3812 3403">
    <p class='ocr_par' dir='ltr' id='par_1_91' title="bbox 2338 3329 3812 3403">
     <span class='ocr_line' id='line_1_91' title="bbox 2338 3329 3812 3403; baseline -0.003 -18"><span class='ocrx_word' id='word_1_624' title='bbox 2338 3333 2382 3385; x_wconf 88' lang='lat' dir='ltr'><strong>A</strong></span> <span class='ocrx_word' id='word_1_625' title='bbox 2409 3332 2570 3387; x_wconf 84' lang='lat' dir='ltr'><strong>beato</strong></span> <span class='ocrx_word' id='word_1_626' title='bbox 2595 3331 2836 3388; x_wconf 85' lang='lat' dir='ltr'><strong>Palladio</strong></span> <span class='ocrx_word' id='word_1_627' title='bbox 2859 3348 3029 3403; x_wconf 90' lang='lat' dir='ltr'><strong>usque</strong></span> <span class='ocrx_word' id='word_1_628' title='bbox 3053 3333 3119 3388; x_wconf 91' lang='lat' dir='ltr'><strong>ad</strong></span> <span class='ocrx_word' id='word_1_629' title='bbox 3153 3332 3223 3387; x_wconf 73' lang='grc'>12</span> <span class='ocrx_word' id='word_1_630' title='bbox 3266 3346 3466 3387; x_wconf 89' lang='lat' dir='ltr'><strong>annum</strong></span> <span class='ocrx_word' id='word_1_631' title='bbox 3496 3339 3551 3384; x_wconf 91' lang='lat' dir='ltr'><strong>et</strong></span> <span class='ocrx_word' id='word_1_632' title='bbox 3575 3329 3610 3384; x_wconf 75' lang='lat'><strong>2</strong></span> <span class='ocrx_word' id='word_1_633' title='bbox 3636 3339 3812 3383; x_wconf 80' lang='lat' dir='ltr'><strong>menses</strong></span> 
     </span>
    </p>
   </div>
   <div class='ocr_carea' id='block_1_92' title="bbox 2268 3416 3811 3493">
    <p class='ocr_par' dir='ltr' id='par_1_92' title="bbox 2268 3416 3811 3493">
     <span class='ocr_line' id='line_1_92' title="bbox 2268 3416 3811 3493; baseline -0.005 -17"><span class='ocrx_word' id='word_1_634' title='bbox 2268 3421 2612 3493; x_wconf 87' lang='lat' dir='ltr'><strong>episcopatus</strong></span> <span class='ocrx_word' id='word_1_635' title='bbox 2662 3422 2875 3478; x_wconf 89' lang='lat' dir='ltr'><strong>Domini</strong></span> <span class='ocrx_word' id='word_1_636' title='bbox 2923 3423 3185 3479; x_wconf 89' lang='lat' dir='ltr'><strong>Guidouis</strong></span> <span class='ocrx_word' id='word_1_637' title='bbox 3235 3438 3319 3488; x_wconf 84' lang='lat' dir='ltr'><strong>tu,</strong></span> <span class='ocrx_word' id='word_1_638' title='bbox 3358 3422 3567 3476; x_wconf 87' lang='lat' dir='ltr'><strong>scilicet</strong></span> <span class='ocrx_word' id='word_1_639' title='bbox 3619 3416 3811 3474; x_wconf 82' lang='lat' dir='ltr'><strong>Kalend.</strong></span> 
     </span>
    </p>
   </div>
   <div class='ocr_carea' id='block_1_93' title="bbox 2267 3512 3813 3584">
    <p class='ocr_par' dir='ltr' id='par_1_93' title="bbox 2267 3512 3813 3584">
     <span class='ocr_line' id='line_1_93' title="bbox 2267 3512 3813 3584; baseline -0.01 -12"><span class='ocrx_word' id='word_1_640' title='bbox 2267 3513 2523 3583; x_wconf 78' lang='lat' dir='ltr'><strong>AugIISt.,</strong></span> <span class='ocrx_word' id='word_1_641' title='bbox 2571 3530 2678 3584; x_wconf 92' lang='lat' dir='ltr'><strong>quo</strong></span> <span class='ocrx_word' id='word_1_642' title='bbox 2719 3514 2969 3569; x_wconf 88' lang='lat' dir='ltr'><strong>videlicet</strong></span> <span class='ocrx_word' id='word_1_643' title='bbox 2995 3514 3081 3568; x_wconf 90' lang='lat' dir='ltr'><strong>die</strong></span> <span class='ocrx_word' id='word_1_644' title='bbox 3122 3514 3261 3568; x_wconf 90' lang='lat' dir='ltr'><strong>idem</strong></span> <span class='ocrx_word' id='word_1_645' title='bbox 3297 3512 3583 3583; x_wconf 86' lang='lat' dir='ltr'><strong>cpiscopus</strong></span> <span class='ocrx_word' id='word_1_646' title='bbox 3621 3523 3813 3579; x_wconf 71' lang='lat' dir='ltr'><strong>corpora</strong></span> 
     </span>
    </p>
   </div>
   <div class='ocr_carea' id='block_1_94' title="bbox 2270 3597 3814 3675">
    <p class='ocr_par' dir='ltr' id='par_1_94' title="bbox 2270 3597 3814 3675">
     <span class='ocr_line' id='line_1_94' title="bbox 2270 3597 3814 3675; baseline -0.007 -16"><span class='ocrx_word' id='word_1_647' title='bbox 2270 3615 2578 3660; x_wconf 89' lang='lat' dir='ltr'><strong>sanctorum</strong></span> <span class='ocrx_word' id='word_1_648' title='bbox 2610 3604 2921 3675; x_wconf 75' lang='lat' dir='ltr'><strong>pontificum</strong></span> <span class='ocrx_word' id='word_1_649' title='bbox 2949 3604 3170 3659; x_wconf 87' lang='lat' dir='ltr'><strong>Palladii</strong></span> <span class='ocrx_word' id='word_1_650' title='bbox 3207 3612 3261 3657; x_wconf 83' lang='lat' dir='ltr'><strong>et</strong></span> <span class='ocrx_word' id='word_1_651' title='bbox 3288 3603 3489 3657; x_wconf 88' lang='lat' dir='ltr'><strong>Tretici</strong></span> <span class='ocrx_word' id='word_1_652' title='bbox 3519 3604 3571 3657; x_wconf 93' lang='lat' dir='ltr'><strong>in</strong></span> <span class='ocrx_word' id='word_1_653' title='bbox 3623 3597 3814 3655; x_wconf 85' lang='lat' dir='ltr'><strong>ecclesia</strong></span> 
     </span>
    </p>
   </div>
   <div class='ocr_carea' id='block_1_95' title="bbox 2270 3694 3813 3765">
    <p class='ocr_par' dir='ltr' id='par_1_95' title="bbox 2270 3694 3813 3765">
     <span class='ocr_line' id='line_1_95' title="bbox 2270 3694 3813 3765; baseline -0.007 -13"><span class='ocrx_word' id='word_1_654' title='bbox 2270 3697 2443 3752; x_wconf 82' lang='lat' dir='ltr'><strong>sancti</strong></span> <span class='ocrx_word' id='word_1_655' title='bbox 2474 3697 2688 3752; x_wconf 89' lang='lat' dir='ltr'><strong>Eusebii</strong></span> <span class='ocrx_word' id='word_1_656' title='bbox 2739 3695 2830 3751; x_wconf 88' lang='lat' dir='ltr'><strong>diu</strong></span> <span class='ocrx_word' id='word_1_657' title='bbox 2875 3698 3116 3761; x_wconf 89' lang='lat' dir='ltr'><strong>humata,</strong></span> <span class='ocrx_word' id='word_1_658' title='bbox 3145 3705 3256 3750; x_wconf 89' lang='lat' dir='ltr'><strong>uta</strong></span> <span class='ocrx_word' id='word_1_659' title='bbox 3285 3694 3494 3765; x_wconf 90' lang='lat' dir='ltr'><strong>populis</strong></span> <span class='ocrx_word' id='word_1_660' title='bbox 3523 3704 3813 3747; x_wconf 69' lang='lat' dir='ltr'><strong>veneraren»</strong></span> 
     </span>
    </p>
   </div>
   <div class='ocr_carea' id='block_1_96' title="bbox 2272 3780 3813 3858">
    <p class='ocr_par' dir='ltr' id='par_1_96' title="bbox 2272 3780 3813 3858">
     <span class='ocr_line' id='line_1_96' title="bbox 2272 3780 3813 3858; baseline -0.006 -16"><span class='ocrx_word' id='word_1_661' title='bbox 2272 3797 2381 3854; x_wconf 90' lang='lat' dir='ltr'><strong>tur,</strong></span> <span class='ocrx_word' id='word_1_662' title='bbox 2408 3797 2461 3843; x_wconf 89' lang='lat' dir='ltr'><strong>et</strong></span> <span class='ocrx_word' id='word_1_663' title='bbox 2485 3788 2587 3858; x_wconf 88' lang='lat' dir='ltr'><strong>ipsi</strong></span> <span class='ocrx_word' id='word_1_664' title='bbox 2611 3788 2843 3842; x_wconf 87' lang='lat' dir='ltr'><strong>alacrius</strong></span> <span class='ocrx_word' id='word_1_665' title='bbox 2872 3787 3241 3851; x_wconf 82' lang='lat' dir='ltr'><strong>subvenirent,</strong></span> <span class='ocrx_word' id='word_1_666' title='bbox 3274 3801 3394 3840; x_wconf 89' lang='lat' dir='ltr'><strong>cum</strong></span> <span class='ocrx_word' id='word_1_667' title='bbox 3422 3785 3635 3856; x_wconf 80' lang='lat' dir='ltr'><strong>hymnis</strong></span> <span class='ocrx_word' id='word_1_668' title='bbox 3658 3791 3707 3837; x_wconf 91' lang='lat' dir='ltr'><strong>et</strong></span> <span class='ocrx_word' id='word_1_669' title='bbox 3724 3780 3813 3833; x_wconf 77' lang='lat' dir='ltr'><strong>latt-</strong></span> 
     </span>
    </p>
   </div>
   <div class='ocr_carea' id='block_1_97' title="bbox 2270 3870 3819 3948">
    <p class='ocr_par' dir='ltr' id='par_1_97' title="bbox 2270 3870 3819 3948">
     <span class='ocr_line' id='line_1_97' title="bbox 2270 3870 3819 3948; baseline -0.008 -15"><span class='ocrx_word' id='word_1_670' title='bbox 2270 3879 2429 3934; x_wconf 90' lang='lat' dir='ltr'><strong>dibus</strong></span> <span class='ocrx_word' id='word_1_671' title='bbox 2458 3895 2487 3932; x_wconf 91' lang='lat' dir='ltr'><strong>a</strong></span> <span class='ocrx_word' id='word_1_672' title='bbox 2515 3879 2688 3932; x_wconf 88' lang='lat' dir='ltr'><strong>bustis</strong></span> <span class='ocrx_word' id='word_1_673' title='bbox 2719 3878 2949 3948; x_wconf 90' lang='lat' dir='ltr'><strong>propriis</strong></span> <span class='ocrx_word' id='word_1_674' title='bbox 2977 3877 3169 3942; x_wconf 79' lang='lat' dir='ltr'><strong>erexit,</strong></span> <span class='ocrx_word' id='word_1_675' title='bbox 3188 3887 3242 3931; x_wconf 89' lang='lat' dir='ltr'><strong>et</strong></span> <span class='ocrx_word' id='word_1_676' title='bbox 3273 3890 3436 3946; x_wconf 90' lang='lat' dir='ltr'><strong>super</strong></span> <span class='ocrx_word' id='word_1_677' title='bbox 3459 3875 3629 3929; x_wconf 86' lang='lat' dir='ltr'><strong>altare</strong></span> <span class='ocrx_word' id='word_1_678' title='bbox 3650 3870 3819 3943; x_wconf 80' lang='lat' dir='ltr'><strong>posuit.</strong></span> 
     </span>
    </p>
   </div>
   <div class='ocr_carea' id='block_1_98' title="bbox 2271 3970 3817 4039">
    <p class='ocr_par' dir='ltr' id='par_1_98' title="bbox 2271 3970 3817 4039">
     <span class='ocr_line' id='line_1_98' title="bbox 2271 3970 3817 4039; baseline -0.007 -13"><span class='ocrx_word' id='word_1_679' title='bbox 2271 3970 2410 4026; x_wconf 91' lang='lat' dir='ltr'><strong>Sunt</strong></span> <span class='ocrx_word' id='word_1_680' title='bbox 2426 3971 2549 4025; x_wconf 88' lang='lat' dir='ltr'><strong>anni</strong></span> <span class='ocrx_word' id='word_1_681' title='bbox 2567 3970 2695 4034; x_wconf 73' lang='lat'><strong>5:25,</strong></span> <span class='ocrx_word' id='word_1_682' title='bbox 2724 3984 2937 4025; x_wconf 90' lang='lat' dir='ltr'><strong>menses</strong></span> <span class='ocrx_word' id='word_1_683' title='bbox 2958 3972 3012 4034; x_wconf 74' lang='grc' dir='ltr'><strong>ὅ,</strong></span> <span class='ocrx_word' id='word_1_684' title='bbox 3033 3971 3146 4025; x_wconf 91' lang='lat' dir='ltr'><strong>dies</strong></span> <span class='ocrx_word' id='word_1_685' title='bbox 3171 3984 3223 4023; x_wconf 76' lang='lat' dir='ltr'><strong>vr</strong></span> <span class='ocrx_word' id='word_1_686' title='bbox 3241 3977 3722 4039; x_wconf 73' lang='lat' dir='ltr'><strong>przetcrnutnerum</strong></span> <span class='ocrx_word' id='word_1_687' title='bbox 3742 3976 3817 4014; x_wconf 85' lang='lat' dir='ltr'><strong>an-</strong></span> 
     </span>
    </p>
   </div>
   <div class='ocr_carea' id='block_1_99' title="bbox 2270 4053 3817 4129">
    <p class='ocr_par' dir='ltr' id='par_1_99' title="bbox 2270 4053 3817 4129">
     <span class='ocr_line' id='line_1_99' title="bbox 2270 4053 3817 4129; baseline -0.008 -15"><span class='ocrx_word' id='word_1_688' title='bbox 2270 4074 2465 4115; x_wconf 89' lang='lat' dir='ltr'><strong>norum</strong></span> <span class='ocrx_word' id='word_1_689' title='bbox 2522 4060 2810 4129; x_wconf 77' lang='lat' dir='ltr'><strong>prtesulum</strong></span> <span class='ocrx_word' id='word_1_690' title='bbox 2846 4060 3096 4123; x_wconf 91' lang='lat' dir='ltr'><strong>duorum,</strong></span> <span class='ocrx_word' id='word_1_691' title='bbox 3129 4056 3511 4113; x_wconf 88' lang='lat' dir='ltr'><strong>Theoderanni</strong></span> <span class='ocrx_word' id='word_1_692' title='bbox 3559 4053 3750 4111; x_wconf 86' lang='lat' dir='ltr'><strong>scilicet</strong></span> <span class='ocrx_word' id='word_1_693' title='bbox 3773 4058 3817 4103; x_wconf 89' lang='lat' dir='ltr'><strong>et</strong></span> 
     </span>
    </p>
   </div>
   <div class='ocr_carea' id='block_1_100' title="bbox 2271 4141 3814 4221">
    <p class='ocr_par' dir='ltr' id='par_1_100' title="bbox 2271 4141 3814 4221">
     <span class='ocr_line' id='line_1_100' title="bbox 2271 4141 3814 4221; baseline -0.006 -17"><span class='ocrx_word' id='word_1_694' title='bbox 2271 4149 2612 4217; x_wconf 86' lang='lat' dir='ltr'><strong>Quintiliani,</strong></span> <span class='ocrx_word' id='word_1_695' title='bbox 2634 4151 2739 4220; x_wconf 80' lang='lat' dir='ltr'><strong>qui</strong></span> <span class='ocrx_word' id='word_1_696' title='bbox 2770 4150 2872 4206; x_wconf 92' lang='lat' dir='ltr'><strong>hoc</strong></span> <span class='ocrx_word' id='word_1_697' title='bbox 2906 4150 3150 4221; x_wconf 80' lang='lat' dir='ltr'><strong>catalogo</strong></span> <span class='ocrx_word' id='word_1_698' title='bbox 3177 4147 3419 4218; x_wconf 90' lang='lat' dir='ltr'><strong>inscripti</strong></span> <span class='ocrx_word' id='word_1_699' title='bbox 3451 4147 3506 4201; x_wconf 92' lang='lat' dir='ltr'><strong>in</strong></span> <span class='ocrx_word' id='word_1_700' title='bbox 3545 4141 3814 4215; x_wconf 64' lang='lat' dir='ltr'><strong>pretitula-</strong></span> 
     </span>
    </p>
   </div>
   <div class='ocr_carea' id='block_1_101' title="bbox 2271 4238 2740 4295">
    <p class='ocr_par' dir='ltr' id='par_1_101' title="bbox 2271 4238 2740 4295">
     <span class='ocr_line' id='line_1_101' title="bbox 2271 4238 2740 4295; baseline 0 -1"><span class='ocrx_word' id='word_1_701' title='bbox 2271 4239 2418 4295; x_wconf 89' lang='lat' dir='ltr'><strong>tione</strong></span> <span class='ocrx_word' id='word_1_702' title='bbox 2452 4238 2740 4295; x_wconf 85' lang='lat' dir='ltr'><strong>habentur.</strong></span> 
     </span>
    </p>
   </div>
   <div class='ocr_carea' id='block_1_102' title="bbox 2642 4325 3457 4388">
    <p class='ocr_par' dir='ltr' id='par_1_102' title="bbox 2642 4325 3457 4388">
     <span class='ocr_line' id='line_1_102' title="bbox 2642 4325 3457 4388; baseline -0.006 0"><span class='ocrx_word' id='word_1_703' title='bbox 2642 4331 2772 4388; x_wconf 73' lang='lat' dir='ltr'><strong>Car.</strong></span> <span class='ocrx_word' id='word_1_704' title='bbox 2796 4329 2955 4385; x_wconf 75' lang='lat' dir='ltr'><strong>XLV.</strong></span> <span class='ocrx_word' id='word_1_705' title='bbox 2986 4358 3059 4371; x_wconf 89' lang='lat'><strong><em>—</em></strong></span> <span class='ocrx_word' id='word_1_706' title='bbox 3084 4329 3163 4383; x_wconf 83' lang='lat' dir='ltr'><strong>De</strong></span> <span class='ocrx_word' id='word_1_707' title='bbox 3200 4325 3457 4383; x_wconf 79' lang='lat' dir='ltr'><strong>Guidone.</strong></span> 
     </span>
    </p>
   </div>
   <div class='ocr_carea' id='block_1_103' title="bbox 2342 4415 3820 4490">
    <p class='ocr_par' dir='ltr' id='par_1_103' title="bbox 2342 4415 3820 4490">
     <span class='ocr_line' id='line_1_103' title="bbox 2342 4415 3820 4490; baseline -0.009 -9"><span class='ocrx_word' id='word_1_708' title='bbox 2342 4424 2539 4490; x_wconf 89' lang='lat' dir='ltr'><strong>Guido,</strong></span> <span class='ocrx_word' id='word_1_709' title='bbox 2568 4423 2681 4479; x_wconf 88' lang='lat' dir='ltr'><strong>sola</strong></span> <span class='ocrx_word' id='word_1_710' title='bbox 2733 4422 2827 4479; x_wconf 89' lang='lat' dir='ltr'><strong>Dei</strong></span> <span class='ocrx_word' id='word_1_711' title='bbox 2882 4420 3167 4476; x_wconf 89' lang='lat' dir='ltr'><strong>clementia</strong></span> <span class='ocrx_word' id='word_1_712' title='bbox 3202 4430 3482 4489; x_wconf 89' lang='lat' dir='ltr'><strong>operante,</strong></span> <span class='ocrx_word' id='word_1_713' title='bbox 3518 4415 3820 4475; x_wconf 82' lang='lat' dir='ltr'><strong>Antissiodo—</strong></span> 
     </span>
    </p>
   </div>
   <div class='ocr_carea' id='block_1_104' title="bbox 2277 4511 3822 4586">
    <p class='ocr_par' dir='ltr' id='par_1_104' title="bbox 2277 4511 3822 4586">
     <span class='ocr_line' id='line_1_104' title="bbox 2277 4511 3822 4586; baseline -0.01 -13"><span class='ocrx_word' id='word_1_714' title='bbox 2277 4517 2452 4573; x_wconf 86' lang='lat' dir='ltr'><strong>reusis</strong></span> <span class='ocrx_word' id='word_1_715' title='bbox 2493 4517 2800 4586; x_wconf 89' lang='lat' dir='ltr'><strong>episcopus,</strong></span> <span class='ocrx_word' id='word_1_716' title='bbox 2834 4511 3105 4568; x_wconf 90' lang='lat' dir='ltr'><strong>Senonico</strong></span> <span class='ocrx_word' id='word_1_717' title='bbox 3145 4526 3286 4582; x_wconf 83' lang='lat' dir='ltr'><strong>pago</strong></span> <span class='ocrx_word' id='word_1_718' title='bbox 3341 4519 3495 4565; x_wconf 91' lang='lat' dir='ltr'><strong>ortus</strong></span> <span class='ocrx_word' id='word_1_719' title='bbox 3541 4517 3642 4574; x_wconf 90' lang='lat' dir='ltr'><strong>est,</strong></span> <span class='ocrx_word' id='word_1_720' title='bbox 3695 4514 3822 4578; x_wconf 81' lang='lat' dir='ltr'><strong>patre</strong></span> 
     </span>
    </p>
   </div>
   <div class='ocr_carea' id='block_1_105' title="bbox 2274 4599 3822 4675">
    <p class='ocr_par' dir='ltr' id='par_1_105' title="bbox 2274 4599 3822 4675">
     <span class='ocr_line' id='line_1_105' title="bbox 2274 4599 3822 4675; baseline -0.007 -15"><span class='ocrx_word' id='word_1_721' title='bbox 2274 4607 2504 4671; x_wconf 81' lang='lat' dir='ltr'><strong>Bosone,</strong></span> <span class='ocrx_word' id='word_1_722' title='bbox 2532 4614 2721 4660; x_wconf 88' lang='lat' dir='ltr'><strong>.matre</strong></span> <span class='ocrx_word' id='word_1_723' title='bbox 2747 4603 2977 4675; x_wconf 78' lang='lat' dir='ltr'><strong>Abigail.</strong></span> <span class='ocrx_word' id='word_1_724' title='bbox 3009 4602 3110 4658; x_wconf 90' lang='lat' dir='ltr'><strong>Hic</strong></span> <span class='ocrx_word' id='word_1_725' title='bbox 3129 4602 3224 4656; x_wconf 23' lang='lat' dir='ltr'><strong>Avir</strong></span> <span class='ocrx_word' id='word_1_726' title='bbox 3253 4601 3521 4671; x_wconf 65' lang='lat' dir='ltr'><strong>primaevae</strong></span> <span class='ocrx_word' id='word_1_727' title='bbox 3539 4599 3708 4655; x_wconf 70' lang='lat' dir='ltr'><strong>aetatis</strong></span> <span class='ocrx_word' id='word_1_728' title='bbox 3724 4609 3822 4650; x_wconf 56' lang='lat' dir='ltr'><strong>creo</strong></span> 
     </span>
    </p>
   </div>
   <div class='ocr_carea' id='block_1_106' title="bbox 2254 4685 3822 4769">
    <p class='ocr_par' dir='ltr' id='par_1_106' title="bbox 2254 4685 3822 4769">
     <span class='ocr_line' id='line_1_106' title="bbox 2254 4685 3822 4769; baseline -0.007 -20"><span class='ocrx_word' id='word_1_729' title='bbox 2254 4698 2488 4769; x_wconf 85' lang='lat' dir='ltr'><strong>.puudiis</strong></span> <span class='ocrx_word' id='word_1_730' title='bbox 2508 4697 2753 4752; x_wconf 64' lang='lat' dir='ltr'><strong>ecclesiae</strong></span> <span class='ocrx_word' id='word_1_731' title='bbox 2800 4695 2858 4751; x_wconf 90' lang='lat' dir='ltr'><strong>S.</strong></span> <span class='ocrx_word' id='word_1_732' title='bbox 2905 4693 3168 4766; x_wconf 84' lang='lat' dir='ltr'><strong>Stephani</strong></span> <span class='ocrx_word' id='word_1_733' title='bbox 3212 4690 3695 4749; x_wconf 80' lang='lat' dir='ltr'><strong>Antissiodorensis</strong></span> <span class='ocrx_word' id='word_1_734' title='bbox 3739 4685 3822 4741; x_wconf 85' lang='lat' dir='ltr'><strong>sub</strong></span> 
     </span>
    </p>
   </div>
   <div class='ocr_carea' id='block_1_107' title="bbox 2274 4786 3816 4858">
    <p class='ocr_par' dir='ltr' id='par_1_107' title="bbox 2274 4786 3816 4858">
     <span class='ocr_line' id='line_1_107' title="bbox 2274 4786 3816 4858; baseline -0.009 -14"><span class='ocrx_word' id='word_1_735' title='bbox 2274 4788 2536 4856; x_wconf 85' lang='lat' dir='ltr'><strong>regimine</strong></span> <span class='ocrx_word' id='word_1_736' title='bbox 2558 4788 2765 4843; x_wconf 91' lang='lat' dir='ltr'><strong>Domini</strong></span> <span class='ocrx_word' id='word_1_737' title='bbox 2815 4786 3066 4843; x_wconf 87' lang='lat' dir='ltr'><strong>ilerifridi</strong></span> <span class='ocrx_word' id='word_1_738' title='bbox 3095 4786 3339 4858; x_wconf 87' lang='lat' dir='ltr'><strong>praesulis</strong></span> <span class='ocrx_word' id='word_1_739' title='bbox 3372 4786 3598 4840; x_wconf 86' lang='lat' dir='ltr'><strong>traditus</strong></span> <span class='ocrx_word' id='word_1_740' title='bbox 3639 4796 3699 4836; x_wconf 87' lang='lat' dir='ltr'><strong>ac</strong></span> <span class='ocrx_word' id='word_1_741' title='bbox 3722 4788 3816 4832; x_wconf 87' lang='lat' dir='ltr'><strong>ton-</strong></span> 
     </span>
    </p>
   </div>
   <div class='ocr_carea' id='block_1_108' title="bbox 2279 4868 3823 4947">
    <p class='ocr_par' dir='ltr' id='par_1_108' title="bbox 2279 4868 3823 4947">
     <span class='ocr_line' id='line_1_108' title="bbox 2279 4868 3823 4947; baseline -0.008 -13"><span class='ocrx_word' id='word_1_742' title='bbox 2279 4890 2497 4934; x_wconf 88' lang='lat' dir='ltr'><strong>suratus</strong></span> <span class='ocrx_word' id='word_1_743' title='bbox 2520 4888 2622 4944; x_wconf 87' lang='lat' dir='ltr'><strong>est,</strong></span> <span class='ocrx_word' id='word_1_744' title='bbox 2655 4878 2745 4932; x_wconf 89' lang='lat' dir='ltr'><strong>ubi</strong></span> <span class='ocrx_word' id='word_1_745' title='bbox 2775 4879 2969 4933; x_wconf 89' lang='lat' dir='ltr'><strong>litteris</strong></span> <span class='ocrx_word' id='word_1_746' title='bbox 2993 4887 3099 4933; x_wconf 87' lang='lat' dir='ltr'><strong>tam</strong></span> <span class='ocrx_word' id='word_1_747' title='bbox 3126 4878 3340 4943; x_wconf 89' lang='lat' dir='ltr'><strong>divinis,</strong></span> <span class='ocrx_word' id='word_1_748' title='bbox 3388 4890 3550 4947; x_wconf 88' lang='lat' dir='ltr'><strong>quam</strong></span> <span class='ocrx_word' id='word_1_749' title='bbox 3601 4868 3823 4930; x_wconf 87' lang='lat' dir='ltr'><strong>humanis</strong></span> 
     </span>
    </p>
   </div>
   <div class='ocr_carea' id='block_1_109' title="bbox 2279 4967 3824 5043">
    <p class='ocr_par' dir='ltr' id='par_1_109' title="bbox 2279 4967 3824 5043">
     <span class='ocr_line' id='line_1_109' title="bbox 2279 4967 3824 5043; baseline -0.003 -17"><span class='ocrx_word' id='word_1_750' title='bbox 2279 4987 2375 5042; x_wconf 90' lang='lat' dir='ltr'><strong>pro</strong></span> <span class='ocrx_word' id='word_1_751' title='bbox 2399 4987 2556 5043; x_wconf 89' lang='lat' dir='ltr'><strong>posse</strong></span> <span class='ocrx_word' id='word_1_752' title='bbox 2579 4972 2826 5026; x_wconf 89' lang='lat' dir='ltr'><strong>eruditus</strong></span> <span class='ocrx_word' id='word_1_753' title='bbox 2867 4981 2970 5038; x_wconf 84' lang='lat' dir='ltr'><strong>est,</strong></span> <span class='ocrx_word' id='word_1_754' title='bbox 3013 4986 3290 5041; x_wconf 87' lang='lat' dir='ltr'><strong>quousque</strong></span> <span class='ocrx_word' id='word_1_755' title='bbox 3318 4972 3387 5026; x_wconf 91' lang='lat' dir='ltr'><strong>ibi</strong></span> <span class='ocrx_word' id='word_1_756' title='bbox 3424 4972 3620 5041; x_wconf 84' lang='lat' dir='ltr'><strong>degens</strong></span> <span class='ocrx_word' id='word_1_757' title='bbox 3640 4967 3703 5022; x_wconf 88' lang='lat' dir='ltr'><strong>ad</strong></span> <span class='ocrx_word' id='word_1_758' title='bbox 3722 4979 3824 5036; x_wconf 82' lang='lat' dir='ltr'><strong>per-</strong></span> 
     </span>
    </p>
   </div>
   <div class='ocr_carea' id='block_1_110' title="bbox 2282 5056 3825 5134">
    <p class='ocr_par' dir='ltr' id='par_1_110' title="bbox 2282 5056 3825 5134">
     <span class='ocr_line' id='line_1_110' title="bbox 2282 5056 3825 5134; baseline -0.004 -18"><span class='ocrx_word' id='word_1_759' title='bbox 2282 5061 2475 5117; x_wconf 85' lang='lat' dir='ltr'><strong>fectam</strong></span> <span class='ocrx_word' id='word_1_760' title='bbox 2509 5062 2755 5134; x_wconf 89' lang='lat' dir='ltr'><strong>pervenit</strong></span> <span class='ocrx_word' id='word_1_761' title='bbox 2795 5072 3030 5129; x_wconf 76' lang='lat' dir='ltr'><strong>:ctatem,</strong></span> <span class='ocrx_word' id='word_1_762' title='bbox 3063 5063 3256 5117; x_wconf 90' lang='lat' dir='ltr'><strong>dehinc</strong></span> <span class='ocrx_word' id='word_1_763' title='bbox 3285 5062 3443 5116; x_wconf 84' lang='lat' dir='ltr'><strong>rebus</strong></span> <span class='ocrx_word' id='word_1_764' title='bbox 3466 5060 3708 5115; x_wconf 91' lang='lat' dir='ltr'><strong>omnibus</strong></span> <span class='ocrx_word' id='word_1_765' title='bbox 3735 5056 3825 5110; x_wconf 74' lang='lat' dir='ltr'><strong>D€o</strong></span> 
     </span>
    </p>
   </div>
   <div class='ocr_carea' id='block_1_111' title="bbox 2266 5145 3823 5225">
    <p class='ocr_par' dir='ltr' id='par_1_111' title="bbox 2266 5145 3823 5225">
     <span class='ocr_line' id='line_1_111' title="bbox 2266 5145 3823 5225; baseline -0.008 -15"><span class='ocrx_word' id='word_1_766' title='bbox 2266 5169 2339 5209; x_wconf 76' lang='lat' dir='ltr'><strong>se</strong></span> <span class='ocrx_word' id='word_1_767' title='bbox 2391 5163 2705 5225; x_wconf 75' lang='lat' dir='ltr'><strong>protegente</strong></span> <span class='ocrx_word' id='word_1_768' title='bbox 2750 5154 3064 5224; x_wconf 86' lang='lat' dir='ltr'><strong>postpositis</strong></span> <span class='ocrx_word' id='word_1_769' title='bbox 3109 5154 3372 5224; x_wconf 83' lang='lat' dir='ltr'><strong>Rodulphi</strong></span> <span class='ocrx_word' id='word_1_770' title='bbox 3403 5153 3543 5223; x_wconf 86' lang='lat' dir='ltr'><strong>regis</strong></span> <span class='ocrx_word' id='word_1_771' title='bbox 3567 5160 3620 5207; x_wconf 92' lang='lat' dir='ltr'><strong>et</strong></span> <span class='ocrx_word' id='word_1_772' title='bbox 3660 5145 3823 5204; x_wconf 77' lang='lat' dir='ltr'><strong>uxoris</strong></span> 
     </span>
    </p>
   </div>
   <div class='ocr_carea' id='block_1_112' title="bbox 2256 5242 3825 5315">
    <p class='ocr_par' dir='ltr' id='par_1_112' title="bbox 2256 5242 3825 5315">
     <span class='ocr_line' id='line_1_112' title="bbox 2256 5242 3825 5315; baseline -0.005 -17"><span class='ocrx_word' id='word_1_773' title='bbox 2256 5274 2259 5279; x_wconf 94' lang='lat'><strong><em>-</em></strong></span> <span class='ocrx_word' id='word_1_774' title='bbox 2280 5245 2398 5315; x_wconf 84' lang='lat' dir='ltr'><strong>ejus</strong></span> <span class='ocrx_word' id='word_1_775' title='bbox 2420 5246 2624 5300; x_wconf 70' lang='lat' dir='ltr'><strong>Etntnte</strong></span> <span class='ocrx_word' id='word_1_776' title='bbox 2650 5246 2869 5299; x_wconf 88' lang='lat' dir='ltr'><strong>servitio</strong></span> <span class='ocrx_word' id='word_1_777' title='bbox 2892 5260 2953 5301; x_wconf 88' lang='lat' dir='ltr'><strong>se</strong></span> <span class='ocrx_word' id='word_1_778' title='bbox 2976 5246 3326 5315; x_wconf 87' lang='lat' dir='ltr'><strong>mancipavit,</strong></span> <span class='ocrx_word' id='word_1_779' title='bbox 3367 5244 3543 5314; x_wconf 88' lang='lat' dir='ltr'><strong>ibique</strong></span> <span class='ocrx_word' id='word_1_780' title='bbox 3570 5242 3825 5296; x_wconf 87' lang='lat' dir='ltr'><strong>diversans</strong></span> 
     </span>
    </p>
   </div>
  </div>
