3918 6316
163 412 246 490 269

1029 420 1117 475 DE
1154 417 1396 476 cssrzs
1433 415 1647 473 EPiSC.
1682 388 2063 477 turtssmo.
2094 418 2354 476 —PARS
2389 394 2427 475 ιζ

3245 427 3350 483 270

160 540 404 599 Dominicte
428 535 531 603 die,
565 551 594 590 a
615 542 942 589 monasterio
964 535 1020 588 ὃ.
1050 534 1304 589 Germani
1332 532 1383 586 in
1410 531 1677 587 Antissio-
1708 518 1753 574 Α
1782 532 1947 586 altum
1989 533 2209 601 extulit,
2234 549 2451 589 camera
2476 550 2743 591 exornans
2768 546 2821 592 et
2851 537 2902 592 in
2931 539 3228 609 parietibus
3252 560 3353 614 pa-

160 634 415 693 dorensem,
444 636 499 680 ut
548 625 714 680 moris
738 633 844 691 est,
877 624 933 679 S.
990 623 1245 694 Stephani
1283 623 1678 677 inthronizatus

157 732 224 780 est
243 718 519 784 ecclesiam,
544 716 696 786 cujus
740 715 1029 785 possessio,
1060 713 1309 784 quamvis
1337 721 1481 770 esset
1499 712 1674 778 exilis,

158 822 375 886 quantum
420 809 613 879 potuit,
659 816 718 862 ut
745 813 1018 862 cresceret
1044 805 1295 869 ecclesia;
1321 803 1405 859 cui
1436 802 1677 875 praefuit,

154 917 197 961 et
222 896 548 961 decoraretur
588 899 997 971 vigilantissime
1042 898 1267 968 sategit;
1297 896 1393 951 sed
1430 895 1574 965 quod
1604 893 1678 949 ibi

136 972 365 1067 toperatus
397 1001 497 1056 est,
530 1007 600 1047 ne
629 990 768 1045 forte
807 989 1061 1045 oblivioni
1097 990 1340 1044 tradatur
1381 995 1436 1041 et
1475 987 1681 1057 cupidi-

152 1099 239 1145 tate
260 1100 619 1143 successorum
650 1093 705 1138 et
744 1083 1110 1138 ministrorum
1134 1080 1202 1136 ab
1241 1079 1483 1135 ecclesiae
1512 1077 1682 1134 domi-

151 1180 222 1233 nio
246 1177 598 1241 subtrahatur,
623 1174 746 1229 huic
774 1171 1032 1244 Opusculo
1055 1180 1230 1227 ratum
1258 1170 1511 1226 duximus
1531 1170 1680 1225 inse-

148 1270 352 1335 rendum,
368 1266 601 1322 scientes
617 1265 745 1335 quia
767 1251 1014 1319 facientis
1041 1277 1145 1318 non
1178 1262 1352 1318 deerit
1370 1261 1678 1330 praemium.

200 1359 411 1412 Primum
438 1369 674 1424 namque
700 1352 881 1407 villam
930 1351 1268 1406 Crevennum
1324 1357 1514 1405 sancto
1561 1348 1683 1403 Ste-

143 1454 289 1521 phano
309 1447 571 1504 sublatam
608 1461 728 1501 cum
792 1444 905 1501 suis
960 1442 1291 1514 appendiciis
1340 1457 1436 1524 per
1481 1455 1681 1510 praece-

138 1532 262 1614 ptum
290 1540 459 1612 regale
485 1538 629 1608 regis
647 1536 986 1593 conniventia
1020 1535 1138 1591 loco
1156 1534 1399 1619 restituit
1418 1531 1679 1604 ’pristino,

145 1634 323 1688 tradens
346 1630 689 1685 medietatem
735 1627 905 1699 ipsius
952 1627 1090 1681 villa:
1140 1625 1438 1691 canonicis,
1482 1632 1537 1679 et
1585 1638 1683 1694 pro

142 1726 436 1782 absolutione
470 1722 663 1777 animae
700 1721 869 1792 ipsius
911 1720 1212 1792 pontificis;
1263 1715 1492 1773 alteram
1551 1731 1682 1772 vero

1780 623 1943 680 radisi
1975 632 2182 682 turmas
2213 642 2278 682 ac
2298 628 2448 683 erebi
2495 636 2761 684 tormenta
2806 630 3100 704 depingens
3135 644 3354 704 gratum

1764 714 2110 772 intuentibus
2138 717 2368 787 przebuit
2393 720 2720 790 ingressum;
2772 720 2881 776 illic
2905 737 3056 777 suam
3088 723 3356 781 infodiens

1764 806 2133 875 sepulturam,
2161 823 2321 877 quam
2343 819 2527 879 postea
2553 818 2679 866 ante
2702 811 2905 866 vultum
2955 813 3252 872 Salvatoris
3294 827 3351 874 et

1780 894 1952 951 altare
2006 895 2065 953 S.
2112 898 2405 964 Laurentii,
2455 902 2596 971 quod
2633 911 2755 972 post
2801 905 3064 961 ustionem
3119 908 3357 966 civitatis

1781 993 1837 1041 et
1894 985 2076 1057 templi
2118 1002 2229 1043 sua:
2274 988 2627 1047 desudatione
2673 992 2968 1051 honorifice
3001 999 3358 1055 adornavitet

1783 1078 2069 1145 dedicavit,
2098 1095 2376 1136 removere
2410 1080 2593 1151 jussit.
2638 1083 2812 1156 Supra
2870 1103 3031 1157 quam
3091 1091 3352 1160 capellam

1782 1169 2069 1249 aedificavit
2089 1171 2143 1225 iu
2170 1171 2372 1227 honore
2395 1182 2705 1229 sanctorum
2728 1191 2959 1246 quorum
2985 1182 3248 1236 memoria
3268 1182 3358 1237 in—

1782 1257 1867 1312 fra
1892 1260 2168 1316 civitatem
2196 1260 2283 1316 vel
2327 1271 2479 1317 extra
2529 1263 2619 1317 vix
2660 1273 2752 1318 aut
2791 1281 2913 1321 raro
2963 1250 3356 1339 celebrabatur,

1785 1364 2013 1418 quorum
2041 1350 2155 1405 haec
2189 1359 2315 1405 sunt
2365 1352 2580 1406 nomina
2624 1351 2924 1420 Matthaeus,
2942 1354 3202 1426 Thomas,
3232 1357 3359 1415 Phi-

1785 1438 1979 1509 lippus,
1999 1439 2269 1507 Matthias,
2297 1433 2604 1512 Dionysius,
2627 1444 2937 1512 Mauricius,
2961 1445 3222 1516 lgnatius,
3252 1447 3354 1504 De-

1786 1530 2036 1593 metrius,
2063 1530 2391 1597 Desidertus,
2431 1532 2821 1605 Hieronymus,
2852 1536 3146 1608 Sylvester,
3177 1539 3359 1610 Augu-

1786 1625 1981 1689 stinus,
2012 1624 2257 1697 Vigilius,
2287 1626 2547 1697 Eugenio,
2574 1628 2881 1697 Anastasia,
2914 1629 3224 1702 Margarita,
3252 1632 3360 1687 Lu—

1786 1717 1891 1783 cia,
1918 1716 2151 1788 Agatho,
2183 1716 2473 1785 Genovcfa,
2504 1718 2784 1786 Columna,
2813 1736 2918 1790 quo
2941 1736 3126 1777 eorum
3150 1739 3364 1779 earum-

140 1818 441 1873 mcdietatent
470 1812 740 1886 praedictis
764 1812 1038 1867 canonicis
1060 1810 1113 1865 in
1132 1810 1217 1866 die
1246 1809 1426 1864 obitus
1448 1806 1685 1879 praefata:
1712 1809 1760 1870 B
1788 1824 1893 1878 que
1924 1809 2228 1863 interventu
2252 1808 2447 1864 civitas
2467 1816 2623 1864 extra
2666 1810 2905 1866 salvetur
2942 1821 2997 1868 et
3038 1813 3198 1881 intra,
3231 1815 3366 1871 dans

138 1909 319 1980 mginm,
341 1915 393 1963 et
419 1922 526 1977 pro
549 1904 922 1961 recordatione
949 1903 1141 1956 animae
1169 1898 1460 1971 supradicti
1501 1897 1682 1969 ponti-

138 2003 246 2058 ficis.
270 2000 571 2057 Piscatores
598 1988 774 2053 tamen
800 1998 859 2051 in
902 1994 1123 2051 servitio
1161 1994 1415 2048 maneant
1445 1990 1683 2061 episcopi

134 2092 515 2163 periussionem
541 2087 813 2160 praepositi
839 2085 1241 2141 canonicorum.
1279 2082 1576 2137 Ambonem
1611 2081 1684 2136 ibi

132 2184 260 2238 vilem
282 2183 550 2253 aspiciens
587 2181 789 2251 cryptis
811 2180 1037 2234 honeste
1076 2174 1388 2248 compositis
1432 2174 1682 2245 desuper,

133 2278 386 2333 honoritice
413 2284 789 2332 constructum
812 2272 1032 2338 locavit,
1067 2281 1122 2327 et
1143 2270 1296 2341 juxta
1329 2269 1475 2325 illum
1515 2270 1685 2326 altare

133 2371 173 2424 in
195 2372 376 2424 honore
399 2368 580 2424 sancti
613 2365 837 2422 Joannis
866 2362 1210 2435 evangelistae
1234 2370 1287 2419 et
1322 2362 1495 2417 sancti
1538 2360 1681 2417 Lau-

126 2462 259 2515 rentii
283 2459 575 2532 martyris,
607 2473 670 2512 ac
714 2450 953 2512 Omnium
1002 2453 1331 2510 Sanctorum
1371 2448 1598 2519 honore,
1625 2458 1684 2506 ut

129 2551 183 2603 ab
207 2550 474 2621 episcopo,
500 2549 545 2603 si
572 2546 830 2611 adfuerit,
867 2556 921 2601 et
957 2561 987 2598 a
1038 2544 1184 2599 clero
1229 2534 1475 2599 eccleSiat
1519 2544 1681 2598 missa

124 2634 411 2708 celebretur,
429 2655 548 2711 quo
574 2653 761 2693 eorum
786 2638 1096 2693 interventu
1124 2635 1352 2691 viventis
1372 2643 1428 2691 et
1453 2635 1684 2690 morien-

131 2733 186 2787 tis
206 2732 611 2789 necessitatibus
657 2729 966 2785 subveniret
1020 2726 1365 2783 tlevotissime
1414 2725 1678 2792 sacravit;

131 2823 382 2880 instituens
423 2825 516 2879 his
568 2821 740 2876 tribus
775 2819 964 2875 diebus
990 2834 1098 2888 quo
1121 2817 1366 2874 canonici
1392 2815 1683 2886 quotannis

123 2933 206 2989 pro
228 2919 409 2973 anima:
438 2931 557 2973 suae
602 2915 839 2970 remedio
887 2914 1218 2979 reficiantur,
1267 2911 1564 2984 impetratis
1614 2909 1682 2965 ab

128 3010 504 3082 archiepiscopo
566 3017 621 3063 et
672 3007 939 3079 episcopis
999 3005 1101 3062 sibi
1142 3000 1402 3074 subjectis
1444 3002 1683 3058 decimas

129 3101 262 3157 trium
285 3103 660 3165 ecclesiarum,
677 3115 782 3170 qua
791 3096 903 3153 rum
918 3098 981 3153 in
1007 3095 1335 3169 Aggliviaco,
1348 3092 1554 3151 scilicet
1574 3108 1678 3147 una

128 3205 406 3252 consecrata
433 3204 523 3250 est
555 3195 607 3248 in
638 3193 845 3248 honore
871 3190 1043 3261 sancti
1075 3187 1334 3260 Stephani
1355 3187 1406 3241 in
1425 3186 1681 3241 Matriaco

126 3286 277 3342 aliain
310 3289 523 3343 honore
554 3284 727 3340 sancti
754 3281 971 3348 Felicis,
1002 3280 1105 3335 alia
1133 3280 1189 3334 in
1221 3279 1422 3335 domini
1468 3275 1679 3330 Martini

126 3374 302 3431 honore
337 3385 574 3442 structa,
609 3373 899 3429 instituens
945 3381 1006 3427 ut
1029 3370 1096 3426 de
1122 3370 1205 3427 his
1222 3371 1402 3426 tribus
1427 3368 1682 3424 Ecclesiis

123 3474 217 3521 tres
244 3466 369 3522 ﬁant
412 3467 683 3521 fratribus
716 3463 1063 3527 re‘fectiones,
1109 3476 1238 3526 una,
1284 3460 1336 3514 in
1386 3459 1683 3514 festivitate

127 3556 268 3611 sancti
288 3554 521 3612 Joannis
547 3553 910 3624 evangelista,
940 3567 976 3606 ιι
1000 3550 1180 3606 Nonas
1213 3548 1358 3614 Maii,
1387 3546 1602 3619 quando
1629 3547 1681 3600 in

118 3648 350 3706 ferventis
375 3651 485 3706 olei
529 3647 732 3702 dolium
765 3647 961 3702 missus
988 3644 1115 3707 fuit;
1146 3641 1272 3707 alia,
1298 3640 1516 3697 Octavis
1559 3654 1684 3693 san-

126 3744 182 3797 cti
207 3743 505 3809 Laurentii,
535 3742 692 3799 tertia
733 3738 1021 3796 festivitate
1074 3738 1251 3794 sancti
1290 3734 1525 3791 Matthtei
1561 3750 1686 3805 apo-

123 3836 223 3889 stoli
242 3845 291 3891 et
318 3834 692 3907 evangelistae,
719 3842 773 3888 et
801 3831 943 3903 quod
980 3818 1304 3900 superfuerit
1348 3841 1411 3882 ex
1461 3824 1685 3881 decimis

122 3928 448 3984 ecclesiarum
474 3928 546 3982 ad
567 3925 830 3996 stipendia
858 3926 930 3979 sit
952 3922 1469 3991 canonicorum,pro
1492 3917 1685 3974 animae

122 4030 212 4072 sua:
262 4014 600 4090 acquirendo
651 4013 1006 4068 absolutione.
1058 4010 1391 4081 Pnepositus
1453 4007 1685 4079 denique

117 4111 485 4166 canonicorum
518 4108 577 4163 S.
614 4106 872 4176 Stephani
916 4101 1408 4159 Antissiodorensis
1461 4100 1687 4171 presby-

122 4210 244 4257 teros
267 4203 317 4258 in
357 4202 575 4259 eisdem
616 4199 860 4255 ecclesiae
891 4186 1155 4252 consensu
1206 4194 1436 4249 fratrum
1475 4191 1683 4263 eligat,

120 4295 196 4363 qui
228 4304 279 4351 et
329 4270 569 4352 fideliter
624 4292 862 4347 decimas
907 4288 1257 4345 ecclesiarum
1310 4284 1375 4339 ad
1426 4300 1580 4340 suum
1634 4293 1688 4337 ct

117 4374 491 4441 canonicorum
525 4398 660 4454 opus
689 4381 968 4452 recipiant,
994 4387 1051 4434 et
1088 4375 1491 4446 archiepise0po
1516 4372 1688 4429 Seno-

120 4476 247 4530 ncnsi
278 4473 543 4547 synodale
571 4463 849 4529 servitium
870 4470 1125 4535 reddant,
1157 4469 1297 4523 sicut
1323 4462 1687 4533 circumjectaz

118 4567 362 4631 ccclesim,
386 4554 453 4622 et.
476 4564 611 4619 nihil
659 4563 803 4617 aliud
834 4561 1139 4633 requiratur
1168 4559 1237 4613 ab
1281 4555 1686 4625 archiepiscopo

117 4656 233 4711 vela
259 4658 372 4713 suis
404 4653 693 4711 ministris.
725 4652 791 4706 Et
817 4660 875 4706 ut
911 4650 1013 4705 hoc
1037 4649 1248 4703 firmum
1287 4656 1342 4703 et
1385 4640 1592 4701 stabile
1630 4645 1683 4699 in

116 4758 417 4818 perpetuum
461 4751 795 4817 permaneat,
843 4741 957 4812 ipse
1008 4736 1471 4801 Archembaudus,
1517 4734 1690 4789 Seno-

118 4839 282 4892 nensis
311 4834 791 4904 archiepiscopus,
820 4830 1078 4902 scriptum
1112 4829 1329 4901 propria
1386 4842 1549 4882 manu
1596 4826 1689 4880 [ir-

118 4926 284 4993 atavit,
312 4936 367 4982 et
407 4918 852 4994 coepiscopOrnm
880 4936 1098 4976 suorum
1143 4919 1390 4974 manibus
1424 4917 1686 4974 corrobo-

116 5016 213 5070 rari
243 5004 521 5089 poposcit,
553 5030 615 5070 ac
637 5012 1142 5068 archidiaconorum
1194 5027 1440 5075 suorum,
1485 5008 1690 5065 Proda—

116 5103 199 5173 gii,
224 5104 492 5162 Bernardi
514 5116 570 5160 et
589 5102 929 5167 Theoderici,
954 5110 1377 5169 ceterorumque
1403 5101 1690 5155 canonico-

118 5188 222 5249 rum
237 5182 555 5269 nominibus
571 5192 906 5251 corroborari
924 5192 1196 5263 praecepit,
1216 5192 1409 5246 tabulis
1422 5191 1693 5260 argenteis

116 5280 258 5341 bases
272 5288 651 5358 discoopertas
674 5285 782 5355 opti
790 5303 874 5339 me
887 5283 1173 5346 decoravit,
1190 5280 1464 5352 lampades
1484 5298 1697 5351 quoque

114 5372 179 5427 ibi
201 5386 409 5448 septem
435 5366 666 5445 optimas
687 5390 752 5429 ex
784 5382 1005 5443 argento
1034 5372 1616 5443 Composuit,habentcs
1642 5374 1692 5427 in

102 5477 170 5547 tse
191 5482 309 5522 cum
335 5467 486 5521 fuste
506 5458 596 5521 lib.
623 5462 1048 5531 xv,'candelabra
1076 5465 1181 5520 duo
1202 5474 1426 5537 argento
1455 5476 1691 5535 compta,

106 5553 276 5629 fustes
305 5560 449 5613 duos
477 5555 1078 5628 dcargentatos,quibus
1104 5555 1351 5610 feruntur
1384 5570 1571 5611 cruces
1598 5572 1692 5609 au-

104 5658 234 5723 reae,
263 5662 506 5702 coronas
531 5647 664 5702 duas
686 5663 751 5703 ex
797 5655 1021 5718 argento
1055 5645 1314 5702 habentes
1342 5644 1436 5700 lib.
1468 5662 1537 5712 x;
1568 5646 1694 5700 clio.

116 5736 321 5791 tedrum
345 5736 609 5808 optimum
636 5754 769 5791 auro
808 5747 1135 5806 argentoque
1159 5744 1551 5791 constructum.

181 5826 491 5895 lntroitnm,
515 5833 652 5900 quod
686 5830 991 5885 Waldricns
1028 5828 1297 5884 aedificare
1342 5837 1610 5897 coeperat,
1637 5828 1692 5884 iit

1708 3160 1752 3223 C

1718 4510 1765 4570 D

1786 1899 1837 1954 ei
1898 1898 2134 1954 alodium
2192 1900 2245 1953 itt
2301 1896 2573 1955 Cavannis
2631 1899 2983 1977 villahquam
3018 1900 3366 1959 Hildebertus

1772 1986 1849 2044 'S.
1872 1988 2142 2059 Stephani
2193 2003 2384 2044 servus
2426 1990 2773 2059 acquisierat,
2806 1992 2874 2045 ad
2923 1991 3205 2048 luminaria
3258 1994 3369 2050 illic

1785 2096 1885 2152 pro
1918 2081 2112 2135 animae
2140 2095 2249 2136 su:e
2274 2080 2513 2135 remedio
2542 2090 2699 2137 nocte
2729 2074 2924 2153 dieque
2963 2085 3316 2155 prmparanda
3350 2104 3364 2140 :

1786 2171 1966 2242 sitque
1995 2171 2134 2228 idem
2164 2170 2397 2226 alodium
2425 2172 2476 2226 in
2522 2187 2682 2227 manu
2727 2175 3048 2248 presbyteri,
3082 2176 3172 2248 qui
3203 2192 3369 2250 supra

1774 2262 1870 2319 ‘vel
1899 2261 2038 2318 infra
2073 2263 2356 2318 missarum
2384 2261 2760 2329 celebraverit,
2794 2265 3057 2321 solemnia
3098 2269 3364 2339 ιιι-πονιιί-

1775 2361 1925 2409 'nans
1951 2354 2118 2409 etiam
2142 2361 2199 2408 ut
2226 2353 2272 2408 is
2306 2353 2398 2423 qui
2443 2354 2648 2408 tenebit
2685 2356 2920 2423 vineam,
2948 2373 3108 2428 quam
3145 2359 3360 2430 planta-

1783 2444 1862 2498 vit
1889 2444 1943 2497 in
1966 2444 2108 2509 loco,
2136 2442 2229 2512 qui
2260 2442 2457 2497 dicitur
2486 2442 2730 2511 Plantas,
2764 2445 2816 2499 in
2854 2444 3150 2503 festivitate
3182 2450 3370 2508 unius-

1782 2537 2044 2609 cujusque
2071 2549 2383 2597 sanctorum
2414 2543 2949 2613 praenominatorum‘
2975 2547 3248 2603 canonicis
3289 2547 3369 2603 vi-

1784 2629 1966 2701 giliam
2009 2641 2061 2686 et
2093 2632 2311 2687 missam
2347 2634 2748 2690 celebrantibus
2796 2652 2891 2690 sex
2936 2634 3204 2693 sextarios
3255 2632 3367 2694 vitii

1782 2722 1851 2777 ad
1897 2722 2256 2778 exhibendam
2304 2725 2626 2780 cltaritatem
2676 2741 2777 2797 pro
2826 2742 2890 2782 co
2926 2728 3218 2799 persolvat,
3249 2738 3371 2800 post

1784 2812 1919 2867 duos
1956 2828 2169 2883 quoque
2193 2821 2469 2884 parentes,
2499 2814 2585 2869 vel
2619 2814 2805 2870 lideles
2842 2831 2969 2871 suos
3002 2818 3198 2888 quibus
3231 2834 3365 2889 prte-

1784 2903 1984 2961 diCtam
2023 2905 2261 2975 plantam
2284 2905 2586 2976 reliquerit,
2607 2907 2855 2962 canonici
2882 2908 2933 2962 in
2959 2923 3054 2964 sua
3085 2909 3365 2979 recipiant,

1784 3008 1836 3053 et
1861 2997 1961 3069 ipsi
1988 2998 2132 3069 quod
2168 2995 2403 3053 instituit
2429 3012 2527 3067 pro
2558 3012 2617 3053 se
2646 2998 2932 3069 expleant;
2989 3000 3132 3070 quod
3170 3001 3214 3055 si
3262 3018 3369 3055 non

1784 3086 2037 3155 fecerint,
2062 3102 2269 3144 merces
2303 3088 2372 3144 ab
2396 3103 2460 3143 eo
2488 3103 2596 3143 non
2630 3087 2850 3143 tollatur
2894 3098 2950 3144 et
2999 3089 3138 3143 Deus
3166 3090 3235 3145 ab
3266 3089 3370 3145 illis

1786 3185 2046 3254 requirat.
2104 3183 2347 3255 Denique
2392 3184 2640 3240 abbatias
2686 3185 2860 3241 sancti
2910 3185 3132 3253 luliani,
3165 3187 3372 3244 scilicet

1781 3277 1956 3332 sancti
1986 3276 2262 3332 Amatoris
2289 3292 2354 3332 ac
2396 3268 2597 3332 sancta:
2638 3276 2822 3333 Maria:
2867 3278 2937 3333 ab
2993 3279 3368 3350 episcoporum

1781 3378 2050 3441 potestate
2078 3369 2240 3440 longo
2273 3370 2388 3442 jam
2418 3379 2658 3440 tempore
2685 3371 2994 3427 subtractas
3020 3374 3120 3442 p'er
3163 3372 3372 3443 supple—

1774 3455 2024 3517 mentum
2048 3461 2250 3517 domini
2291 3462 2532 3532 Hugonis
2561 3461 2808 3518 Francize
2828 3463 3007 3530 ducis,
3033 3478 3132 3535 per
3166 3480 3370 3534 praece-

1782 3562 1933 3624 ptum
1963 3553 2150 3624 regale
2173 3553 2314 3625 regis
2332 3551 2595 3609 Ludovici
2614 3570 2777 3611 manu
2808 3554 3102 3622 firmatum,
3123 3557 3368 3613 ecclesia

1783 3658 1917 3713 quas
1948 3644 2227 3708 amiserat,
2264 3644 2435 3698 multo
2456 3645 2634 3699 studio
2664 3646 2941 3716 multoque
2976 3646 3160 3702 labore
3207 3649 3370 3704 resti-

1784 3732 2120 3798 tuit;altare
2172 3734 2345 3788 sancti
2395 3732 2655 3804 Stephani
2704 3736 2940 3791 medium
2962 3722 3201 3808 purpura
3235 3740 3371 3795 ima-

1784 3824 1999 3895 ginibus
2014 3823 2193 3878 aureis
2215 3824 2428 3894 penitus
2449 3833 2704 3895 cooperta
2719 3827 3099 3883 honestissime
3122 3831 3371 3894 ambivit,

1783 3917 1973 3972 videns
2001 3918 2165 3972 etiam
2193 3925 2248 3973 et
2277 3917 2520 3973 ccclesize
2539 3918 2796 3973 ambitum
2824 3934 2927 3976 non
2954 3921 3086 3975 adeo
3114 3937 3233 3978 esse
3256 3938 3371 3977 ma-

1784 4026 1968 4081 gnum,
1997 4026 2182 4064 arcunt
2215 4010 2357 4066 inter
2382 4011 2488 4065 duo
2539 4012 2674 4066 ostia
2707 4027 2905 4068 novum
2945 4015 3183 4071 condidit
3209 4032 3373 4088 prope

1786 4099 1979 4164 altare,
2003 4099 2204 4169 apertis
2227 4100 2477 4154 maceriis
2498 4100 2601 4155 duo
2622 4096 2693 4157 ibi
2728 4102 2782 4156 in
2807 4104 3025 4160 modum
3046 4106 3225 4161 crucis
3249 4123 3373 4162 ora-

1788 4191 1921 4244 toria
1952 4200 2010 4245 ut
2040 4191 2114 4272 ibi
2160 4191 2343 4262 plures
2380 4193 2494 4247 Deo
2525 4194 2733 4249 servire
2766 4205 2984 4264 possent
3027 4208 3370 4254 construens.

1778 4281 1938 4350 'Qnod
1969 4297 2090 4337 cum
2132 4292 2337 4355 ageret,
2367 4283 2589 4350 invidia,
2626 4294 2685 4339 ut
2721 4286 2979 4354 arbitror,
3014 4288 3211 4344 diaboli
3254 4305 3369 4344 ma-

1778 4366 1931 4453 ceria
1980 4380 2195 4428 vetusta
2235 4370 2360 4429 cum
2410 4388 2548 4429 nova
2588 4373 2657 4429 ab
2699 4390 2828 4431 arcu
2859 4391 3031 4449 usque
3074 4380 3141 4434 ad
3187 4396 3374 4436 arcum

1790 4463 1956 4520 fundo
2003 4473 2158 4520 tenus
2207 4464 2441 4532 corruit;
2475 4482 2637 4536 quam
2694 4484 2816 4523 mox
2868 4472 3118 4526 renovari
3169 4474 3374 4544 absque

1792 4569 1942 4608 mora
1969 4569 2074 4609 non
2121 4548 2324 4625 piguit;
2381 4558 2521 4612 sicut
2567 4559 2710 4613 enim
2747 4561 3001 4629 praedicta
3045 4566 3222 4620 sancti
3254 4565 3375 4622 Ste-

1791 4644 1955 4714 phani
1984 4644 2211 4700 ecclesia
2230 4642 2352 4716 post
2380 4644 2684 4702 incendium
2720 4651 2960 4705 lnuditus
2981 4662 3066 4707 est
3088 4664 3272 4716 eruta;
3301 4656 3373 4710 ita

1791 4746 1913 4805 post
1935 4735 2152 4790 modum
2178 4735 2248 4791 ab
2271 4751 2335 4791 eo
2359 4736 2425 4811 ab
2441 4737 2568 4806 ipsis
2594 4745 2675 4792 est
2701 4737 2907 4794 elevata
2940 4740 3303 4799 fundamentis
3326 4755 3381 4799 et

1776 4820 2040 4898 ampliori
2059 4828 2253 4883 decore
2277 4844 2436 4899 quam
2455 4829 2630 4883 fuerat
2660 4839 2844 4898 antea,
2875 4832 3061 4889 vitreis
3089 4835 3296 4907 magnis
3323 4845 3379 4890 et

1792 4932 2009 4972 camera
2045 4927 2334 4985 exornata;
2365 4918 2596 4973 oratoria
2628 4936 2841 4991 quoque
2868 4922 2975 4979 duo
3005 4925 3194 4981 dextra
3218 4935 3272 4980 et
3301 4926 3375 4979 si-

1794 5007 1963 5062 nistra
1995 5008 2060 5061 ad
2096 5007 2283 5075 instar,
2311 5009 2450 5078 quod
2498 5010 2648 5079 prius
2674 5009 2849 5066 fuerat
2882 5015 3244 5079 mtetliﬁcavit,
3286 5031 3379 5069 su-

1794 5096 2151 5169 peradjiciens
2184 5108 2401 5169 cryptas
2440 5099 2570 5170 ipsis
2600 5103 2877 5170 oratoriis,
2907 5106 2960 5159 in
2987 5106 3186 5177 quibus
3215 5106 3378 5162 etiam

1776 5186 1852 5247 ‘et
1871 5191 2062 5247 altaria
2098 5194 2349 5257 instituit,
2381 5202 2439 5248 ut
2469 5194 2647 5264 populi
2679 5199 3027 5255 advenientes
3057 5199 3381 5264 invenirent,

1780 5280 1906 5354 ‘qno
1958 5294 2179 5356 possent
2206 5284 2522 5358 lacrymosis
2570 5274 2845 5344 immorari
2903 5291 3149 5361 suspiriis
3185 5292 3378 5361 depre-

1800 5375 1974 5427 cando
2002 5383 2055 5429 et
2102 5374 2396 5432 obtinendo
2425 5379 2515 5437 Dei
2571 5391 2627 5436 et
2669 5390 3000 5445 sanctorum,
3052 5381 3106 5435 in
3151 5398 3382 5451 quorum

1778 5462 2000 5542 honore
2016 5462 2132 5533 ipsa
2157 5474 2282 5520 sunt
2303 5467 2493 5523 altaria
2515 5470 2962 5526 misericordiam.
2982 5471 3075 5525 llis
3095 5486 3224 5541 ergo
3238 5487 3385 5527 eom-

1796 5554 2041 5624 ptissime
2060 5553 2318 5621 dilatatis,
2342 5559 2453 5616 haec
2465 5561 2654 5617 eadem
2681 5560 2903 5616 basilica
2933 5560 2985 5617 in
3011 5562 3384 5632 superioribus

1796 5643 1876 5699 sui
1909 5643 2153 5715 partibus
2174 5649 2406 5718 speciem
2437 5651 2721 5719 praetendit
2748 5662 2950 5708 sanctte
2973 5652 3245 5720 crucis,in
3271 5669 3384 5710 me-

1795 5735 1884 5790 dio
1912 5753 2040 5794 vero
2060 5737 2306 5794 ecclesiae
2329 5739 2486 5808 podia
2512 5740 2808 5805 constituit,
2837 5743 3112 5799 etvultum
3133 5742 3382 5800 Salvato-

1796 5830 1870 5883 ris
1885 5831 2031 5886 cruci
2047 5829 2262 5885 aﬂixum
2287 5828 2571 5885 collocavit
2602 5828 2766 5898 inibi;
2792 5832 2958 5889 altare
2973 5849 3193 5905 quoque
3217 5832 3381 5889 deco-
