3918 6316
574 362 679 421 HI

1467 363 1759 423 nemo.
1791 364 1883 423 an
1927 363 2100 422 sec.
2144 365 2210 422 x.
2250 395 2319 407 —
2360 364 2582 423 orem
2626 371 3015 423 ΔΔεΣηοτιιίΔ.
3681 334 3764 432 tu

581 476 722 531 ravit
780 476 959 532 tabula
1007 485 1261 549 argentea
1314 477 1521 534 elevata
1569 479 1891 552 imaginibus
1932 488 1989 535 et
2037 479 2156 536 aliis
2184 468 2232 527 Α
2260 477 2576 549 przedictum
2619 474 2795 532 locum
2823 479 2891 531 ad
2937 475 3200 547 regularis
3241 476 3377 535 beati
3404 477 3650 540 Benedicti
3676 499 3763 544 tra-

581 567 825 636 picturis,
855 584 1182 626 consecrans
1209 569 1338 625 illud
1368 570 1468 626 sub
1492 570 1579 626 die
1607 587 1637 624 v
1685 571 1808 627 ldus
1830 571 2057 643 August.
2103 572 2158 627 in

581 658 787 715 honore
807 670 1008 716 sanctae
1035 661 1215 716 crucis
1243 669 1296 716 et
1327 662 1498 717 sancti
1546 661 1783 718 Matthaei
1829 661 2057 733 apostoli
2105 671 2159 718 et

580 751 936 822 evangelistze.
963 763 1017 809 et
1055 748 1226 809 sancti
1260 753 1489 809 Romani
1544 753 1730 810 militis
1775 762 1831 809 et
1877 754 2155 825 martyris.

576 839 706 894 Fuit
754 839 915 911 igitur
942 842 1231 911 praedictus
1278 841 1452 898 Guido
1495 844 1778 914 episcopus
1823 842 2154 913 simplicitati

579 929 835 996 innitens,
868 932 1158 987 moderatae
1201 933 1521 1001 prudentiae,
1571 943 1733 1002 atque
1787 932 1841 988 in
1892 941 2154 1002 quantum

576 1019 745 1074 valuit
772 1035 875 1075 non
904 1021 1075 1091 magis
1096 1036 1329 1091 praeesse
1359 1037 1522 1092 quam
1553 1022 1811 1094 prodesse
1840 1021 2007 1077 voluit
2035 1022 2154 1076 uui-

575 1112 778 1179 versis;
840 1128 962 1168 nam
1013 1114 1157 1168 inter
1199 1122 1392 1169 caetera
1435 1113 1732 1169 honestatis
1758 1129 1921 1184 opera
1951 1113 2150 1168 dictata

572 1202 805 1271 propriae
832 1217 1025 1257 manus
1069 1202 1237 1257 edidit
1285 1202 1625 1272 respousoria
1674 1218 1797 1258 cum
1845 1201 2155 1271 antipbonis

573 1293 816 1351 cauenda
848 1294 902 1349 iu
940 1293 1279 1350 solemnitate
1307 1295 1479 1350 sancti
1508 1295 1762 1366 martyris
1807 1293 2029 1359 Juliani,
2071 1293 2155 1347 iu-

572 1394 689 1441 star
720 1394 901 1441 tamen
945 1385 1238 1440 harmoniae
1282 1386 1534 1441 habentia
1580 1385 1866 1442 melodiam
1897 1384 2153 1441 Germani

570 1476 789 1547 gloriosi
817 1476 887 1532 ob
913 1475 1017 1532 hoc
1037 1477 1336 1547 praecipue,
1362 1478 1505 1548 quod
1544 1477 1717 1532 eidem
1760 1475 1996 1547 pontifex
2030 1490 2154 1531 sau-

570 1567 846 1623 ctissimus
878 1566 1019 1622 sicut
1048 1567 1294 1637 ingestis
1338 1567 1508 1639 ipsius
1561 1567 1853 1636 invenitur,
1911 1567 2152 1637 praedicti

568 1658 831 1729 martyris
851 1654 1114 1715 solemnis
1144 1659 1370 1714 natalitii
1399 1659 1539 1714 diem
1588 1659 1858 1715 universis
1903 1658 2152 1730 incogni-

569 1762 684 1807 tum
714 1751 941 1808 Domino
966 1751 1068 1807 sibi
1117 1750 1373 1807 reVelauti
1421 1751 1661 1808 ostendit
1710 1752 2089 1807 celebrandum
2136 1770 2148 1804 :

2263 567 2411 623 mitis
2440 566 2749 622 informavit
2789 567 3001 635 callem,
3025 583 3183 638 quem
3213 570 3485 639 praedictus
3511 573 3760 645 episcopus,

2256 656 2362 712 nec
2385 672 2493 713 non
2522 666 2576 714 et
2612 658 2782 714 frater
2806 658 2923 728 ejus
2940 661 3045 713 dux
3084 656 3348 715 Henricus
3376 663 3531 718 nimio
3554 679 3661 720 cum
3680 669 3768 724 suis

2261 747 2566 804 dilexerunt
2622 762 2837 814 amore;
2896 750 3028 815 sed,
3086 759 3144 803 ut
3190 749 3524 819 praediximus
3568 755 3764 809 saeculari

2257 854 2468 910 pompae
2496 839 2693 909 oppido
2726 839 2993 906 innitens,
3035 840 3183 912 larga
3232 841 3479 897 militibus
3518 844 3624 912 plus
3652 844 3771 914 justo

2257 928 2543 983 exhibebat
2573 929 2844 995 donativa,
2878 930 2930 984 in
2960 940 3164 985 tantum
3194 931 3415 998 scilicet,
3445 941 3502 988 ut
3526 932 3628 989 Odo
3659 934 3766 990 Car-

2257 1018 2520 1082 uotensis,
2544 1029 2597 1072 et
2619 1018 2955 1087 Heribertns,
2983 1020 3275 1076 Trecorum
3299 1022 3515 1077 comites
3536 1025 3685 1094 gratia
3698 1025 3771 1080 be-

2257 1105 2573 1161 neficiorum
2605 1109 2720 1178 ejus
2746 1107 2936 1164 ditioui
2966 1119 3246 1180 parerent,
3278 1110 3331 1164 in
3359 1112 3563 1182 propria
3581 1114 3769 1183 denique

2258 1196 2477 1252 ditecesi
2507 1197 2647 1253 nulla
2694 1200 3046 1270 compclleute
3095 1203 3319 1258 terroris
3359 1203 3646 1274 indigentia,
3670 1207 3771 1275 quin

2255 1286 2437 1355 pntius
2474 1289 2701 1345 venandi
2745 1289 2965 1346 lascivia
3007 1293 3112 1348 duo
3137 1294 3413 1349 stabilieus
3441 1305 3606 1349 castra
3630 1297 3772 1350 muni-

2255 1378 2365 1443 vit,
2413 1394 2578 1433 unum
2626 1380 2680 1435 in
2729 1381 2866 1437 Rivo
2894 1382 3106 1439 Lauuto
3152 1386 3293 1456 apud
3344 1384 3555 1441 Ferredi
3595 1386 3773 1455 villam,

2256 1472 2400 1527 aliud
2424 1488 2454 1527 a
2487 1473 2707 1528 civitate
2734 1490 2768 1529 x
2802 1476 3054 1533 milliario
3083 1477 3375 1533 Tuciacum
3402 1478 3658 1544 vocabulo,
3681 1494 3774 1549 qua:

2254 1561 2505 1617 videlicet
2548 1572 2727 1619 castra
2767 1564 3019 1633 dicebat,
3063 1583 3167 1622 non
3213 1568 3393 1622 minus
3437 1568 3659 1624 ecclesiae
3695 1569 3773 1624 sibi

2253 1653 2577 1721 commissae,
2607 1669 2770 1725 quam
2803 1656 2871 1710 ad
2915 1657 3191 1712 munimen
3238 1660 3400 1714 totius
3439 1659 3554 1730 pagi
3584 1658 3716 1713 valde
3734 1658 3773 1712 in

2253 1741 2468 1815 longum
2495 1743 2812 1814 profutura;
2845 1747 2938 1802 sed
2974 1748 3334 1819 nequidquam
3364 1768 3377 1804 :
3407 1749 3474 1806 ab
3500 1750 3640 1805 initio
3662 1751 3774 1804 enim

569 1843 757 1913 simne
783 1858 904 1898 cum
943 1852 1084 1899 esset
1117 1843 1493 1913 religiosorum
1532 1860 1594 1898 ac
1631 1844 1893 1899 bonorum
1945 1851 2154 1898 amamr
2181 1826 2227 1886 B
2257 1832 2544 1887 seminium
2586 1835 2885 1892 altitudinis
2923 1837 3105 1892 carnis
3135 1837 3385 1895 humanae
3428 1839 3774 1908 corruptionem

567 1947 966 2003 pravorumquc
1011 1946 1236 1987 severus
1273 1922 1626 2003 redargntor,
1650 1932 1759 2004 egit
1792 1933 2029 2002 quandiu
2059 1948 2151 1986 ex—

567 2022 729 2077 stitit.
760 2020 912 2078 Sedit
938 2031 1118 2077 autem
1149 2026 1202 2078 in
1240 2024 1551 2095 episcoliatu
1575 2025 1733 2080 annis
1761 2023 1829 2081 29
1858 2033 1913 2079 et
1940 2025 2071 2079 obiit
2097 2024 2149 2078 in

566 2114 704 2181 pace
733 2127 828 2167 vm
852 2109 976 2168 Idus
1002 2110 1251 2178 Januar.,
1278 2124 1331 2167 et
1374 2114 1615 2183 sepultus
1664 2122 1748 2170 cst
1810 2115 1863 2169 in
1922 2113 2151 2170 ecclesia

573 2201 633 2258 S.
696 2199 958 2272 Stephani
1012 2203 1240 2274 majore,
1304 2218 1466 2273 quam
1528 2204 1644 2275 ipse
1686 2204 2149 2265 .reaediﬁcaveral.

568 2294 802 2368 Fuitque
843 2297 1038 2353 civitas
1073 2297 1190 2353 sine
1231 2298 1506 2369 episcopo,
1538 2313 1750 2355 menses
1786 2301 1819 2354 5
1849 2308 1903 2361 et
1955 2300 2069 2355 dies
2094 2298 2147 2354 8.

923 2388 1050 2444 CAP.
1085 2384 1268 2442 XLVI.
1305 2416 1374 2427 --
1395 2387 1473 2442 De
1502 2387 1790 2443 llic/tardo.

640 2478 981 2545 Richardus,
1016 2479 1235 2533 natione
1292 2477 1812 2543 Autissiodurensis,
1866 2495 1931 2535 ex
1998 2489 2151 2549 patre

564 2568 790 2634 Joanne,
821 2579 875 2624 et
904 2578 1077 2624 matre
1116 2567 1304 2635 Maria,
1335 2570 1423 2639 qui
1464 2569 1610 2625 beati
1661 2568 1916 2625 Germani
1957 2584 1987 2623 a
2021 2578 2148 2640 pne;

569 2661 694 2715 ritia
729 2662 939 2716 exstitit
962 2661 1282 2725 monachus,
1311 2669 1472 2731 atque
1501 2668 1561 2715 ut
1579 2676 1610 2716 e
1637 2659 2151 2732 pluribus‘superio-

567 2750 719 2806 ribus
749 2750 865 2807 fieri
894 2752 1145 2819 contigit,
1177 2766 1240 2805 ex
1271 2748 1514 2820 ejusdem
1542 2750 1789 2821 praesulis
1819 2750 2151 2807 monasterio

566 2851 790 2913 rogatus
817 2850 924 2896 tam
952 2856 982 2895 a
1005 2842 1152 2897 clero
1174 2857 1334 2912 quam
1358 2857 1387 2896 a
1410 2840 1565 2913 plebe
1585 2842 1910 2898 constitutus
1933 2852 2016 2896 est
2039 2842 2150 2910 cpi-

565 2951 797 3004 scopus;
839 2944 958 2990 erat
984 2935 1130 2991 enim
1178 2935 1358 2989 nimim
1408 2934 1771 3006 simplicitatis
1824 2945 1873 2988 et
1925 2934 2151 2989 minoris

566 3024 867 3090 industriae,
896 3033 951 3080 et
991 3024 1195 3080 idcirco
1229 3025 1648 3095 prmdeccssoris
1682 3025 1762 3080 sui
1798 3024 1949 3078 valde
1976 3023 2151 3093 impar

568 3114 920 3169 incrementis
946 3114 1048 3170 sibi
1093 3116 1397 3171 commissa:
1447 3114 1723 3169 Ecclesiae.
1784 3113 1905 3168 Fuit
1967 3121 2147 3166 autem

2256 1927 2514 1991 messuit,
2565 1927 2692 1997 quia
2739 1926 2883 1983 Deus
2913 1928 3018 1983 alta
3050 1945 3078 1982 a
3113 1928 3270 2001 longe
3313 1930 3579 1999 cognoscit
3623 1925 3774 2001 (Paul.

2254 2030 2491 2084 cxxxvu,
2525 2017 2601 2091 6).
2632 2018 2855 2074 Multum
2881 2020 3024 2076 enim
3053 2008 3395 2092 aliter’quam
3438 2023 3683 2078 aestimare
3703 2036 3777 2091 po-

2255 2105 2355 2159 tuit
2385 2107 2688 2162 mortalium
2711 2109 2992 2179 quisquam
3025 2112 3368 2181 postmodum
3397 2112 3627 2182 contigit.
3651 2110 3779 2165 Deni-

2254 2211 2358 2267 que
2375 2198 2653 2269 tyrannica
2671 2201 2969 2272 rapacitate
2981 2201 3197 2258 fuerunt
3210 2202 3547 2274 postmodum
3567 2204 3627 2257 ad
3641 2212 3782 2256 exter-

2254 2290 2481 2344 minium
2505 2290 2744 2363 ejusdem
2765 2293 3061 2363 proviucim‘
3077 2334 3093 2360 ,
3123 2301 3179 2348 et
3205 2293 3335 2349 facti
3360 2303 3484 2350 sunt
3504 2293 3781 2348 habitatores

2253 2381 2468 2438 illorum
2509 2382 2735 2439 rebelles
2762 2384 3028 2455 episcopis
3058 2394 3113 2441 et
3133 2401 3457 2456 pervasores
3495 2382 3780 2440 ecclesiasti-

2254 2491 2439 2532 corum
2466 2517 2480 2543 ,
2517 2477 2586 2532 ad
2633 2490 2955 2534 ornamenta
3007 2489 3185 2535 tamen
3238 2478 3483 2535 ecclesia:
3506 2519 3520 2544 ,
3550 2491 3657 2547 quae
3684 2483 3783 2527 tunc

2252 2568 2504 2640 perplura
2532 2579 2712 2637 erant,
2742 2580 2850 2625 tam
2900 2572 2952 2625 in
2996 2569 3148 2626 libris
3174 2570 3465 2625 multorum
3510 2574 3784 2629 auctorum,

2253 2674 2413 2730 quam
2440 2659 2493 2714 in
2524 2659 2744 2731 reliquis
2772 2660 3091 2716 utensilibus
3116 2658 3299 2715 minus
3319 2674 3537 2715 manum
3566 2654 3781 2714 extendit,

2255 2762 2400 2807 utea
2427 2753 2774 2824 exstirpando
2801 2755 3158 2827 dispergeret,
3204 2765 3260 2809 et
3302 2754 3406 2809 hoc
3448 2767 3513 2807 ex
3554 2757 3689 2820 parte
3710 2743 3786 2799 fuit

2253 2844 2635 2914 approbabile,
2664 2846 2917 2916 quoniam
2950 2844 2995 2900 si
3034 2860 3098 2899 ea
3141 2844 3323 2900 studio
3366 2859 3464 2900 suo
3493 2857 3592 2897 non
3635 2835 3785 2898 auxit,

2254 2950 2595 3006 nequaquam
2629 2945 2809 2994 tamen
2840 2953 3000 3008 supra
3045 2936 3265 2991 modum
3312 2934 3525 2990 minuit.
3565 2927 3785 2985 Ecclesia-

2254 3025 2418 3081 Sticas
2447 3041 2511 3083 ac
2538 3028 2949 3084 monasteriales
2984 3027 3352 3083 institutiones
3375 3025 3787 3097 praedecessorum

2257 3133 2477 3173 suorum
2498 3117 2652 3188 juxta
2697 3135 2902 3175 morem
2930 3121 3238 3190 antiquum,
3266 3118 3434 3174 alacri
3469 3117 3683 3171 animoa
3705 3108 3792 3165 clc-

565 3203 902 3272 temporibus
960 3217 1145 3275 regum
1193 3203 1437 3259 Lot‘harii
1495 3202 1757 3262 Juuioris,
1785 3218 1849 3257 ac
1896 3201 2150 3256 Ludovici
2178 3177 2224 3240 (ἶ
2255 3209 2384 3264 riuis
2410 3177 2614 3264 servari
2644 3212 2933 3265 consensit.
2965 3177 3091 3265 Εὐῑί
3116 3212 3260 3266 enim
3291 3208 3621 3279 temporibus
3642 3215 3790 3272 regum
3886 3192 3887 3255 ἶ

572 3290 666 3345 ﬁlii
693 3289 811 3361 ejus
834 3292 925 3364 qui
954 3294 1117 3349 linem
1145 3292 1401 3362 regnandi
1433 3306 1533 3349 suo
1553 3292 1737 3365 generi
1759 3292 2149 3363 imposuerunt.

575 3383 727 3438 Sedit
754 3396 970 3455 quoque
1017 3385 1071 3440 in
1122 3385 1657 3456 episcopatu'auuos
1710 3386 1767 3452 9,
1810 3398 2049 3440 mensem
2096 3385 2151 3451 l,

566 3475 682 3531 dies
695 3475 754 3541 2,
770 3485 824 3532 et
852 3476 985 3555 o_biit
1010 3490 1117 3531 xvu
1140 3475 1366 3532 Kalend.
1391 3475 1584 3545 Junii.,
1615 3476 1961 3548 sepultusque
1986 3485 2068 3532 est
2097 3477 2152 3531 in

565 3566 793 3621 ecclesia
816 3567 961 3622 beati
980 3565 1254 3633 Germani,
1281 3566 1487 3638 fuitque
1508 3566 1701 3623 civitas
1730 3560 1847 3623 sine
1875 3567 2149 3637 episc0po,

566 3672 784 3713 menses
813 3658 844 3711 7
868 3666 923 3712 et
952 3657 1068 3713 dies
1088 3657 1179 3713 24.
1859 3727 1865 3732 _

902 3750 1032 3806 Car.
1064 3748 1269 3806 XLVII.
1295 3780 1366 3790 —-
1403 3749 1479 3805 De
1515 3749 1810 3805 Heriberlo.

634 3843 973 3909 I’Ieribertus,
1019 3841 1373 3915 Francigena,
1405 3842 1548 3898 filius
1579 3842 1818 3914 llugonis
1864 3841 2039 3907 ducis,
2061 3854 2153 3895 co-

566 3945 860 4013 gnomento
890 3934 1088 4006 Magni,
1128 3950 1195 3990 ex
1224 3935 1545 4000 concubina,
1574 3933 1879 4003 ltaingarda
1907 3933 2147 3998 nomine,

564 4030 900 4087 nobilitatem
930 4037 1245 4103 paternam,
1278 4035 1517 4080 materna
1555 4025 1868 4096 disparitate
1899 4023 2148 4095 obliqua-

563 4120 675 4186 vit;
710 4136 773 4177 ex
797 4128 951 4191 patre
972 4118 1115 4173 enim
1139 4116 1448 4187 supradicto
1471 4115 1691 4186 Ilugoue
1717 4114 1885 4170 frater
1913 4115 2152 4187 Hugonis

564 4212 912 4290 postmodum
963 4210 1108 4279 regis
1157 4224 1222 4264 ac
1264 4209 1491 4264 duorum
1542 4209 1738 4264 ducum
1802 4207 2148 4280 Burgundize,

563 4304 783 4361 Ottonis
828 4302 1035 4359 scilicet
1075 4308 1236 4374 atque
1285 4300 1541 4368 Heurici,
1584 4301 1763 4357 editus
1804 4301 2034 4367 exstitit,
2060 4299 2150 4371 qui

581 4406 787 4470 quanto
810 4411 1045 4467 persona
1072 4408 1282 4451 corneae
1312 4394 1473 4449 molis
1504 4393 1819 4465 elegantior,
1847 4402 1998 4448 tanto
2020 4408 2149 4463 pro-

576 4468 697 4551 nior
725 4483 1376 4543 siccularihusdesideriis
1400 4498 1463 4539 ac
1491 4483 1855 4552 voluptatibus
1876 4483 2147 4553 apparuit.

557 4581 857 4652 .Religiosis
886 4589 1062 4634 t:nneu
1089 4576 1389 4647 quibusque
1416 4575 1649 4642 clericis,
1671 4583 1726 4630 et
1746 4575 2016 4646 praecipue
2040 4589 2150 4628 mo-

556 4674 765 4736 .nachis
834 4671 1194 4728 reverentiam
1252 4668 1448 4724 summi
1497 4667 1840 4738 impendebat
1888 4665 2148 4721 honoris:

574 4764 735 4834 hujus
771 4779 900 4835 ergo
943 4760 1290 4836 pontificatus
1316 4768 1557 4830 tempore
1600 4760 1705 4814 dux
1742 4758 2006 4814 Henricus
2036 4758 2153 4829 ejus

574 4857 764 4919 frater,
796 4864 857 4911 ut
883 4860 1000 4908 erat
1024 4851 1191 4909 totius
1227 4848 1591 4919 religiositatis
1621 4857 1851 4911 amator,
1882 4858 2154 4903 monaste-

571 4949 711 5003 rium
741 4945 885 5000 beati
907 4942 1163 5005 Germaui
1185 4940 1403 4995 domino
1429 4937 1624 4996 Maiolo
1647 4937 1917 4995 commisit
1950 4937 2149 5005 abbati,

573 5038 810 5110 qualiter
853 5033 1103 5089 videlicet
1153 5029 1419 5102 regularis
1451 5044 1655 5084 normae
1703 5029 1972 5085 tramitem
2022 5027 2152 5083 inibi

574 5129 973 5193 constitueret,
1006 5123 1167 5179 sicuti
1189 5137 1296 5193 per
1332 5120 1500 5174 multa
1545 5119 1662 5174 loca
1687 5159 1702 5184 ,
1742 5128 1849 5179 tam
1900 5120 1952 5178 in
2000 5118 2154 5177 italia

568 5236 732 5292 quam
768 5219 822 5279 in
856 5215 1026 5275 Gallia
1074 5211 1491 5285 dignoscebatur
1515 5209 1721 5280 fecisse,
1741 5211 2149 5268 monachorum.

569 5313 759 5384 Longo
797 5310 940 5366 enim
963 5306 1076 5377 jam
1123 5313 1397 5359 transacto
1448 5312 1727 5373 tempore,
1759 5298 1910 5359 locus
1954 5303 2152 5359 ibidem

573 5403 780 5473 absque
805 5400 999 5455 abbate
1024 5412 1055 5451 a
1081 5391 1386 5467 praepositis
1414 5393 1720 5463 regebatur,
1750 5392 1840 5462 qui
1878 5399 2184 5462 gratanter'

574 5492 724 5547 illum
758 5490 1061 5561 suscipiens
1103 5482 1335 5555 regulari
1368 5480 1705 5536 districtione
1748 5496 1973 5552 quaeque
2004 5497 2155 5552 repe-

575 5593 727 5641 rorat
756 5583 908 5649 devia
933 5624 948 5649 ,
982 5581 1048 5636 ad
1094 5593 1324 5650 unguem
1362 5576 1620 5632 correxit.
1652 5575 1997 5631 Postmodum
2027 5591 2157 5632 vero

577 5674 664 5727 vir
706 5680 927 5727 sanctus
950 5686 1036 5727 :ac
1068 5668 1393 5726 venerabilis
1422 5665 1648 5723 Maiolus
1678 5664 1917 5739 praefecit
1960 5666 2157 5722 ibidem

576 5760 751 5820 virum
775 5760 1171 5828 honorabilem,
1198 5760 1532 5826 lleldricum,
1554 5761 1828 5825 abbatem,
1854 5760 1944 5830 qui
1972 5770 2025 5816 et
2047 5760 2159 5831 ipse

2178 4533 2231 4593 D

2254 3300 2500 3373 Hugonis
2521 3300 2707 3356 fratris
2736 3303 2819 3356 sui
2851 3318 2915 3357 ac
2953 3302 3048 3357 filii
3081 3303 3198 3374 ejus
3221 3301 3491 3365 Roberti;
3524 3293 3794 3370 pontificum
3886 3368 3887 3379 χ

2254 3408 2468 3464 quoque
2495 3392 2859 3448 Romanorum
2883 3393 3096 3459 Marini,
3124 3401 3493 3464 cognomento
3517 3388 3671 3453 Petri,
3695 3384 3795 3438 Ser-
3886 3402 3887 3463 ξ

2252 3482 2325 3553 gii
2359 3490 2523 3553 atque
2554 3480 2846 3547 Brunouis,
2879 3493 3234 3554 cognomento
3256 3480 3560 3545 Bouil‘acii;
3602 3478 3795 3545 impm-
3886 3492 3887 3557 ξ

2255 3581 2434 3627 torum
2457 3581 2637 3627 autem
2655 3572 2868 3629 Ottonis
2886 3572 3105 3629 secundi
3122 3578 3176 3627 et
3200 3573 3377 3639 tertii,
3396 3563 3796 3640 archipraesulum
3886 3562 3887 3565 “

2255 3660 2563 3728 Senonum,
2594 3677 2724 3718 vero
2773 3661 3043 3717 Anastasii
3092 3663 3195 3717 viri
3227 3662 3460 3731 optimi,
3506 3666 3561 3715 et
3607 3648 3793 3711 Sewini.

2254 3755 2407 3812 Sedit
2452 3765 2630 3812 autem
2677 3757 2731 3811 in
2771 3757 3080 3828 cpisc0patu
3127 3772 3300 3811 annos
3337 3755 3432 3823 25,
3485 3747 3803 3809 menses'iet
3886 3790 3887 3793 η

2252 3845 2368 3901 dies
2396 3846 2483 3901 16.
2510 3845 2762 3916 Obiitque
2788 3846 2928 3916 apud
2952 3855 3190 3901 castrum
3223 3844 3544 3909 Tociacum,
3574 3838 3723 3911 quod,
3749 3840 3796 3887 ut
3886 3838 3887 3841 “

2254 3940 2502 4009 superius
2514 3940 2769 4006 diximus,
2784 3938 2897 4010 ipse
2911 3946 3314 4004 construxerat,
3334 3954 3368 3992 ι
3383 3938 3504 3993 Kal.
3530 3927 3800 4003 Septemb:

2253 4028 2396 4098 quod
2442 4029 2604 4084 etiam
2653 4025 2808 4084 valde
2856 4028 3125 4098 displicuit
3175 4028 3488 4098 quibusque
3536 4018 3800 4093 religiosis.

2253 4119 2396 4190 quod
2420 4120 2544 4175 dum
2572 4120 2736 4190 coepit
2764 4118 3062 4183 infirmari,
3096 4133 3200 4172 uon
3233 4133 3292 4172 se
3319 4118 3574 4188 protinus
3610 4106 3803 4184 propria

2253 4213 2368 4268 sedi
2417 4211 2616 4267 deferri
2657 4209 2954 4265 mandavit.
3001 4209 3362 4281 Sepultusqne
3404 4209 3572 4265 estin
3614 4200 3802 4261 ecclesia

2256 4310 2458 4358 sancta
2470 4300 2650 4356 Maria:
2666 4301 2803 4356 infra
2826 4317 3007 4356 muros
3029 4301 3281 4357 civitatis.
3298 4300 3431 4356 Fuit
3447 4309 3626 4356 autem
3647 4293 3806 4353 civitas

2255 4393 2375 4448 sine
2396 4392 2650 4465 episcopo
2674 4408 2887 4449 menses
2910 4394 2941 4447 7
2962 4400 3016 4448 et
3043 4394 3157 4448 dies
3186 4394 3272 4448 lii.

2614 4483 2745 4540 Car.
2775 4483 3000 4539 XLVIII.
3039 4514 3110 4525 —
3154 4484 3228 4539 De
3247 4484 3486 4540 Joanne.

2328 4575 2585 4641 Joannes,
2618 4575 2832 4630 natione
2856 4575 3369 4641 Antissiodorensis,
3399 4584 3560 4647 patre
3586 4568 3807 4629 Ansaldo.

2259 4675 2432 4722 matre
2475 4664 2812 4736 Raingarda,
2865 4665 3182 4735 parentibus
3225 4665 3447 4736 quidem
3480 4659 3810 4720 mediocribus

2260 4756 2466 4820 editus,
2497 4754 2591 4810 sed
2638 4756 2933 4809 secundum
2984 4756 3184 4826 proprii
3227 4753 3469 4809 nominis
3515 4755 3596 4809 sui
3637 4748 3813 4817 insigne

2258 4847 2601 4920 praesagium,
2627 4846 2807 4901 divina
2840 4846 2941 4902 sibi
2972 4847 3144 4917 gratia
3191 4844 3484 4918 largiente,
3526 4839 3714 4897 mentis
3738 4849 3814 4890 no-

2257 4940 2486 5006 bilitate,
2510 4955 2630 5010 qua:
2654 4939 2833 4995 carnis
2863 4939 3150 5010 pretiosior
3177 4946 3280 5002 est,
3295 4936 3634 4992 excellenter
3653 4927 3815 5000 viguit.

2260 5037 2566 5092 litterarum
2590 5035 2784 5090 studiis
2815 5050 2845 5087 a
2868 5034 3136 5104 primaeva:
3179 5031 3359 5086 aetatis
3395 5028 3581 5086 indole
3625 5033 3815 5098 operam

2258 5126 2424 5189 dans,
2462 5124 2657 5193 quibus
2701 5122 3127 5177 luculentissime
3176 5119 3464 5175 institutus
3505 5115 3723 5177 claruit,
3768 5120 3818 5162 ac

2257 5216 2598 5287 postmodum
2643 5195 2809 5269 inter.
2834 5213 3189 5269 scholasticos
3234 5210 3381 5267 illius
3424 5206 3678 5266 Gerberti
3705 5198 3815 5256 viri.

2258 5316 2531 5372 utcunque
2560 5302 2890 5367 doctissimi,
2923 5311 3048 5357 tunc
3076 5301 3373 5357 Remorum
3417 5290 3817 5369 archipracsulis.

2256 5395 2784 5462 dehinc‘Ravenuae,
2811 5394 2877 5450 ad
2914 5393 3159 5449 ultimum
3186 5392 3453 5448 Romana:
3483 5390 3630 5446 sedis
3655 5384 3819 5442 catheo

2259 5492 2412 5545 dram
2441 5488 2713 5558 indeptus,
2749 5486 2986 5559 petalum
3016 5485 3324 5558 pontificale
3350 5485 3583 5540 meruit.
3625 5477 3823 5535 Culmen

2260 5580 2499 5637 scientiae
2524 5581 2720 5635 artium
2749 5579 3049 5634 liberalium
3075 5575 3310 5634 Joannes
3349 5574 3663 5646 perorando
3686 5571 3820 5625 robo-

2264 5676 2442 5740 ravit;
2499 5672 2695 5737 dehinc
2742 5671 3148 5727 etlicaci-ssimus
3192 5684 3492 5742 puerorum
3546 5658 3824 5724 didascalus

2265 5764 2534 5836 primitus,
2563 5773 2683 5836 post
2708 5763 2822 5819 haec
2853 5761 3173 5835 paedagogus
3200 5763 3382 5819 clarus
3424 5758 3673 5823 refulsit,
3698 5764 3744 5808 et
3771 5747 3824 5803 ad
