3910 5336
131 394 214 460 ω
1007 388 1093 452 DE
1131 389 1374 449 GESTIS
1397 388 1611 446 EPISC.
1650 387 1742 444 AN
1763 382 2039 442 l'lSSlOD.
2072 407 2141 426 -—-
2171 376 2351 441 PARS
2381 378 2419 440 l.

3235 377 3340 432 ιιι

135 514 355 566 honorem
383 504 1315 578 perlectus.estarcbidiaconatus,
1363 498 1663 561 decedente
1695 488 1737 542 Α
1768 499 2000 553 villando
2043 497 2527 553 cachinuahantur.
2587 495 2966 551 Verumtamen
3025 491 3163 547 Deus
3190 531 3205 556 ,
3248 491 3340 560 qni

134 612 331 666 namque
352 598 419 652 ab
461 597 566 652 bac
595 596 714 654 luce
739 596 1050 667 supradicto
1078 592 1312 665 praesule
1354 592 1661 658 Heriberto,

132 685 331 743 nonnulli
357 684 678 741 clericorum
706 701 842 755 quos
867 684 1097 741 altitudo
1128 682 1311 738 saeculi
1340 683 1407 737 ad
1429 682 1533 737 hoc
1562 680 1663 734 illi-

130 781 246 832 ciens
266 775 465 845 impulit
483 775 720 844 qualiter
742 777 793 830 iu
814 774 1170 846 episcopalem
1196 773 1535 836 cathedram,
1554 780 1660 826 tam

130 868 236 924 fastu
259 866 536 935 parentelaa
570 881 733 936 quam
775 864 1204 935 protnulgatioue
1230 862 1473 935 pecuniae
1508 862 1660 916 inve-

129 958 363 1012 herentur.
393 954 641 1026 Cumque
670 956 781 1027 regi
821 955 1063 1011 Roberto
1109 955 1175 1011 de
1202 952 1526 1024 quibusdam
1553 994 1569 1019 ,
1598 970 1662 1009 ac

127 1046 353 1117 precipue
371 1045 437 1100 de
464 1047 701 1116 quodam
723 1046 969 1103 Guidone
996 1045 1223 1104 nimium
1246 1045 1661 1101 saacularissimo

129 1152 203 1207 per
228 1135 502 1191 Hearicum
534 1136 727 1192 ducem
773 1152 996 1193 suasum
1039 1136 1248 1198 fuisset,
1278 1146 1335 1190 ut
1372 1151 1660 1191 consecra-

127 1233 242 1278 retur
262 1224 572 1293 episcopus,
614 1233 671 1281 et
716 1212 808 1280 rex
840 1226 1293 1295 quemadmodum
1321 1240 1443 1280 eum
1476 1226 1657 1281 horta-

125 1313 264 1377 batur,
311 1327 591 1369 assensum
634 1314 929 1383 praeberet,
963 1330 1029 1370 ac
1057 1314 1173 1384 jam
1213 1314 1659 1385 metropolitanus

127 1401 351 1456 Senonum
377 1402 643 1472 pontifex,
674 1403 928 1459 videlicet
952 1401 1202 1459 Sewiuus
1231 1412 1453 1459 vocatus
1490 1412 1655 1469 esset,

125 1500 168 1545 ut
191 1490 246 1544 de
285 1506 428 1546 more
467 1494 788 1563 perficeret,
826 1494 1028 1550 cessari
1062 1494 1307 1566 contigit.
1347 1492 1658 1563 Conquere-

125 1582 247 1636 batur
269 1597 388 1653 ergo
411 1599 576 1654 super
598 1586 702 1641 hoc
748 1594 864 1641 tota
906 1585 1178 1640 unanimis
1208 1586 1398 1642 concio
1433 1585 1658 1641 canoni-

125 1688 267 1728 corum
304 1672 551 1741 fratrum,
601 1690 669 1732 ac
707 1675 898 1746 reliqui
934 1676 1100 1731 tutius
1146 1675 1317 1746 plebis
1345 1691 1537 1730 sanum
1568 1690 1660 1731 sa-

125 1766 288 1831 pientes
329 1765 553 1820 abusive
603 1765 720 1820 fieri
768 1765 1109 1822 testabantur
1133 1806 1150 1832 ,
1190 1765 1393 1822 idcirco
1423 1766 1657 1821 maxime

125 1855 231 1922 quod
267 1854 581 1912 clericorum
612 1856 916 1923 electione,
940 1865 1001 1912 ut
1034 1856 1290 1927 antiquus
1318 1871 1436 1912 mos
1472 1855 1656 1936 habet,

125 1943 300 1998 deberet
326 1944 531 2001 institui
578 1955 764 2017 pastor
797 1946 1072 2003 Ecclesiae.
1118 1946 1271 2015 Quod
1314 1946 1655 2018 comperiens

125 2033 509 2104 archiepiscopus
539 2038 607 2091 ad
628 2038 845 2107 propria
868 2037 1049 2103 rediit,
1079 2036 1264 2093 dicens
1284 2036 1424 2093 nolle
1449 2053 1508 2093 se
1535 2037 1653 2093 loco

127 2125 316 2190 pastoris
340 2126 465 2181 ovili
489 2127 694 2183 Christi
720 2127 928 2183 leonem
966 2142 1064 2185 seu
1094 2127 1278 2199 lupum
1303 2129 1653 2186 constituere.

125 2213 287 2274 Interea
315 2215 547 2270 mittitur
572 2216 640 2271 ad
667 2230 869 2285 regem,
900 2217 1142 2288 aperitur
1165 2218 1213 2273 ei
1248 2216 1465 2287 querela
1492 2219 1651 2276 simul

124 2309 162 2354 et
184 2315 437 2358 commune
471 2307 749 2362 decretum
785 2309 1066 2379 utriusque
1109 2309 1434 2365 conditionis
1479 2310 1655 2366 homi-

126 2406 218 2445 num
237 2408 384 2449 scxus
404 2404 459 2450 et
490 2396 721 2462 ordinis,
760 2412 952 2468 nempe
976 2397 1239 2467 Joannem
1285 2414 1349 2454 ex
1386 2409 1508 2455 voto
1536 2398 1655 2456 illo-

127 2498 213 2536 run:
247 2487 473 2542 omnium
508 2490 763 2545 idoneum
811 2490 929 2546 fore
976 2490 1309 2562 pontificem.
1351 2491 1505 2559 Quod
1555 2508 1647 2549 rex

125 2582 166 2626 ut
191 2575 367 2631 audivit
410 2577 770 2637 libentissime
805 2596 1084 2648 annuens,
1136 2582 1228 2652 qui
1254 2597 1396 2638 eum
1426 2597 1527 2653 pro
1554 2598 1651 2639 sua

126 2664 301 2721 scientia
338 2677 392 2725 et
445 2670 801 2741 religiositate
847 2670 1051 2727 affatim
1097 2671 1372 2743 diligebat,
1416 2688 1515 2728 nec
1569 2689 1651 2729 re-

125 2767 218 2808 vera
253 2767 430 2813 contra
476 2761 572 2832 jus
617 2760 806 2832 fasque
854 2761 1057 2832 absque
1097 2761 1227 2818 cleri
1276 2761 1538 2817 electione
1570 2762 1651 2819 vel

125 2841 253 2908 plebis
277 2848 584 2919 episcopum
609 2849 823 2905 volebat
862 2851 1227 2917 constituere;
1272 2866 1400 2906 mox
1429 2865 1557 2907 vero
1594 2861 1653 2907 ut

126 2944 346 3004 comperta
374 2947 458 2993 est
480 2939 625 3011 regis
648 2940 896 2997 voluntas
914 2983 930 3010 ,
958 2957 990 2997 a
1033 2942 1242 2999 civibus
1282 2958 1473 2999 rursus
1499 2944 1654 3000 deni-

125 3038 200 3089 que
225 3040 489 3087 revocatur
516 3034 892 3103 archipraesul.
918 3052 983 3092 ac
1014 3036 1091 3110 sic
1120 3054 1183 3093 ex
1222 3053 1373 3094 more
1401 3047 1649 3096 sacratus

122 3112 306 3174 Joannes
329 3120 379 3175 in
408 3137 469 3177 se
494 3124 562 3178 de
603 3125 896 3193 pontiﬁcali
915 3166 930 3193 ,
967 3126 1327 3196 gaudentibus
1354 3128 1645 3196 universis,

124 3205 434 3264 constituitur.
482 3210 681 3269 Factus
724 3229 854 3270 vero
885 3216 1115 3271 antistes
1158 3232 1263 3272 non
1315 3219 1546 3273 mutavit
1590 3219 1645 3275 in

122 3290 470 3357 illosublimitas
489 3302 816 3371 pontificalis
830 3305 1033 3360 cultum
1049 3307 1340 3364 anterioris
1364 3309 1435 3364 hu
1445 3308 1645 3364 milita-

125 3385 279 3449 tis,sed
295 3392 467 3459 potius
498 3394 647 3449 omni
687 3396 961 3468 diligentia
988 3397 1270 3455 elaborare
1296 3400 1552 3468 studens,
1591 3412 1650 3457 ut

123 3474 344 3548 humilior,
364 3500 527 3554 quam
556 3496 715 3542 antea
758 3487 966 3555 fuerat,
991 3490 1203 3547 cunctis
1228 3504 1543 3562 appareret,
1591 3494 1647 3548 in

120 3565 315 3627 doctrina
327 3574 552 3640 scilicet,
577 3577 630 3633 in
653 3577 1103 3649 confabulatione,
1123 3582 1174 3638 in
1191 3582 1376 3638 habitu
1390 3585 1643 3653 veStium,

121 3659 159 3710 in
180 3666 491 3729 parcimonia
515 3670 780 3737 ciborum,
811 3673 866 3727 iu
905 3685 1172 3729 conventu
1220 3674 1450 3730 fratrum
1497 3692 1647 3733 com-

117 3751 307 3808 munium
336 3757 593 3813 horarum
635 3761 707 3816 ita
752 3775 812 3817 se
836 3761 1212 3820 conformabat
1259 3765 1644 3833 humillimum,

116 3848 159 3890 at
177 3844 246 3897 vix
266 3845 580 3918 dignoscere
599 3859 833 3922 poterat,
860 3854 962 3908 nisi
987 3869 1106 3909 cum
1134 3865 1321 3927 ageret
1342 3857 1644 3927 principale

116 3927 297 3987 cilicium
323 3976 337 3999 ,
367 3936 542 3994 fuisse
587 3955 710 3996 eum
742 3943 831 4013 qui
875 3943 1103 4000 vidisset
1145 3946 1480 4016 episcopum.
1515 3946 1646 4003 Erat

118 4019 226 4074 enim
251 4027 554 4093 psalmodize
578 4046 682 4087 non
725 4042 834 4089 tam
865 4033 1137 4107 frequens,
1168 4053 1329 4109 quam
1362 4021 1658 4107 assiduus,

118 4116 158 4207 et
182 4110 222 4207 in
244 4118 542 4175 orationum
562 4123 803 4179 excubiis
829 4126 1054 4197 pervigil
1104 4135 1161 4183 et
1179 4137 1433 4186 strenuus
1459 4147 1473 4184 :
1503 4140 1646 4188 tran-

119 4201 277 4294 figebat
316 4209 462 4263 enim
506 4209 786 4283 plerasque
812 4214 1055 4270 noctium
1102 4231 1451 4274 commanens
1496 4220 1644 4276 solus

124 4292 162 4337 in
188 4292 384 4350 ecclesia
410 4307 710 4356 metanceas
730 4304 938 4373 agendo
960 4305 1113 4375 juxta
1136 4307 1312 4363 altare
1341 4308 1483 4364 beati
1518 4310 1639 4365 Ste-

125 4375 265 4444 phani,
287 4400 450 4455 usque
478 4389 601 4444 dum
625 4394 904 4462 generales
950 4394 1176 4450 fratrum
1203 4396 1644 4467 significarentur

1760 592 1939 663 potius
1968 599 2201 644 mentem
2247 588 2395 659 eligit
2444 602 2604 657 quam
2647 594 2891 659 gentem,
2942 581 3187 655 praevidit
3234 580 3339 636 sibi

1762 679 1830 735 de
1860 679 2058 733 talibus
2086 677 2345 732 ultionem
2375 676 2427 731 in
2461 684 2736 746 posterum
2767 674 3024 729 futuram.
3050 671 3186 727 Nam
3213 685 3337 726 eos-

1761 774 1883 831 dem
1912 774 2012 829 viri
2038 771 2317 827 humillimi
2353 771 2722 844 derogatores,
2766 770 3108 842 postmodum
3153 784 3342 838 supera-

1759 865 1847 920 Lia
1869 862 2141 920 saecularis
2161 877 2369 932 pompa:
2387 878 2509 918 cum
2534 879 2628 919 sua
2646 863 2814 932 stirpe
2837 861 3053 918 detrivit
3076 861 3142 916 ad
3166 860 3339 916 solum

1759 970 1961 1026 usque;
1986 957 2261 1030 privilegia
2287 956 2430 1016 enim
2463 971 2581 1024 qua:
2609 962 2981 1009 antecessores
3010 951 3155 1006 illius
3178 952 3339 1004 beato

1758 1042 2035 1100 Germano
2067 1056 2175 1101 tam
2204 1044 2520 1102 lleribertus
2564 1058 2726 1114 quam
2760 1041 2942 1097 caeteri
2971 1041 3036 1095 de
3076 1038 3339 1094 altaribus

1760 1132 1813 1187 in
1842 1150 1939 1189 sua
1975 1132 2199 1190 dimeesi
2229 1124 2539 1191 constitutis
2563 1132 2950 1203 perpetualiter
2978 1129 3117 1185 facta
3145 1136 3339 1183 contu-

1758 1223 1959 1291 lerant,
1995 1242 2090 1281 sua
2137 1227 2460 1283 auctoritate
2510 1224 2819 1285 roboravit,
2869 1223 3029 1292 eique
3058 1220 3245 1275 vineas
3273 1233 3337 1273 ac

1758 1314 2032 1370 volumina
2098 1316 2362 1371 librorum
2420 1316 2633 1387 egregia
2686 1312 2937 1378 tradidit;
2990 1311 3128 1381 apud
3174 1323 3335 1381 quem

1758 1405 1923 1458 etiam
1964 1405 2346 1476 humili‘prece
2378 1404 2643 1468 obtinuit,
2676 1402 2977 1473 utsepeliri
3011 1411 3333 1456 mereretur.

1757 1493 1939 1549 Mense
1961 1510 2174 1566 quoque
2194 1494 2453 1552 Januario
2482 1494 2667 1549 dolore
2696 1502 2870 1548 tactus
2896 1491 3139 1561 corporis
3169 1489 3335 1558 cmpit

1757 1584 2059 1648 infirmari,
2111 1585 2203 1653 qui
2246 1586 2509 1641 deductus
2557 1599 2727 1654 usque
2775 1583 2862 1637 adv
2897 1581 3147 1636 ultimum
3196 1592 3338 1650 pene

1757 1670 2121 1730 exhalationis
2151 1675 2398 1747 spiritum
2454 1684 2637 1745 raptus
2666 1673 2725 1728 in
2760 1673 2960 1728 exstasi
3004 1672 3135 1725 satis
3176 1670 3340 1725 deco-

1759 1783 1874 1821 ram
1902 1767 2162 1822 visionem
2191 1768 2343 1832 vidit,
2375 1767 2466 1837 qui
2493 1767 2739 1837 protinus
2764 1779 2996 1821 evocans
3023 1763 3194 1817 virum
3227 1760 3337 1817 cla-

1758 1856 2029 1911 rissimum
2073 1856 2282 1927 sibique
2318 1857 2705 1913 amicissimum
2736 1855 3042 1911 Achardum
3074 1863 3200 1913 tunc
3222 1868 3338 1908 mo-

1758 1947 1977 2002 nasterii
2025 1948 2166 2003 beati
2198 1946 2455 2003 Germani
2499 1946 2876 2018 prmpositum,
2924 1947 3175 2002 abbatem
3206 1958 3336 1998 vero

1756 2042 2121 2113 postmodum,
2151 2043 2201 2097 ei
2229 2040 2537 2111 hujusmodi
2567 2041 2830 2097 visionem
2880 2039 3063 2095 retulit
3105 2039 3290 2095 dicens
3315 2053 3333 2091 :

1757 2131 1910 2186 Ilodo
1933 2173 1946 2197 ,
1995 2132 2197 2202 inquit,
2242 2132 2372 2187 mihi
2406 2132 2658 2204 apparuit
2693 2131 2951 2187 Dominus
2989 2144 3141 2185 meus
3175 2128 3337 2184 Iesus

1753 2222 2026 2290 Christus,
2055 2222 2326 2294 simulque
2368 2238 2492 2278 cum
2522 2237 2588 2278 eo
2625 2220 2927 2279 Germanus
2954 2218 3298 2276 beatissimus
3317 2246 3341 2282 ,ι

1754 2317 1953 2387 aliique
1976 2317 2325 2390 quamplures
2351 2315 2774 2389 splendidissimi
2797 2314 2919 2381 viri,
2936 2327 3166 2384 quorum
3195 2323 3356 2381 ρης-ο.

1753 2411 1926 2464 sentin
1956 2408 2352 2480 permaximum
2400 2408 2631 2466 contulit
2680 2407 2811 2462 mihi
2843 2448 2859 2474 ,
2888 2415 2942 2461 et
2981 2405 3087 2460 mei
3132 2402 3335 2458 doloris

1754 2497 1996 2554 levamen
2025 2508 2081 2554 et
2125 2498 2291 2554 animi
2336 2499 2686 2570 SOSpitatem,
2727 2496 2819 2568 qui
2847 2496 3011 2553 etiam
3042 2494 3173 2548 mihi
3206 2508 3331 2563 spo-

1753 2591 2062 2660 ponderunt
2102 2590 2331 2646 Domino
2364 2592 2679 2655 miserante,
2726 2604 2851 2644 mox
2897 2595 2957 2641 ut
3001 2595 3258 2641 evocatus
3299 2600 3335 2639 a

1752 2698 1980 2754 corpore
2011 2682 2184 2749 fuero,
2213 2685 2461 2753 protinus
2489 2682 2543 2737 in
2579 2681 2795 2737 illorum
2834 2676 3061 2734 adunari
3110 2690 3331 2731 consor-

1754 2772 1908 2825 tium.
1938 2770 2035 2827 His
2060 2771 2219 2827 dictis
2247 2772 2451 2827 orando
2478 2759 2708 2828 summis
2740 2769 2896 2824 labiis
2936 2766 3158 2824 nomina
3204 2780 3333 2820 sau-

1750 2870 1960 2917 ctorum
2005 2860 2328 2930 depromens
2354 2903 2368 2927 ,
2413 2861 2726 2931 crebrisque
2770 2858 3019 2930 suspiriis
3064 2873 3126 2914 ac
3154 2857 3333 2926 lact-y-

1751 2953 1918 3008 mosis
1941 2951 2113 3008 oculis
2159 2953 2226 3007 ad
2276 2952 2474 3008 caelum
2505 2953 2825 3022 respiciens,
2869 2949 3104 3006 excessit
3147 2964 3177 3002 a
3208 2963 3332 3003 coro

1750 3056 1903 3114 pore,
1935 3059 2008 3097 xu
2048 3042 2166 3098 Kal.
2196 3042 2384 3111 Febr.,
2427 3044 2774 3115 sepultusque
2811 3051 2896 3099 est
2917 3042 3059 3113 apud
3092 3040 3153 3095 Β.
3196 3038 3333 3096 Ger-

1752 3150 2014 3199 manum,
2072 3150 2179 3190 non
2230 3133 2371 3190 infra
2418 3135 2748 3201 ecclesiam,
2788 3135 2885 3190 sed
2935 3131 3139 3189 deforis
3170 3131 3328 3201 juxta
3400 3164 3424 3181 κ

1750 3232 2033 3300 parietem,
2064 3239 2125 3286 ut
2167 3232 2282 3302 ipse
2330 3239 2638 3304 rogaverat,
2671 3232 2968 3287 decernens
3008 3227 3331 3284 humilitatis

1748 3321 1939 3393 gratia.
1968 3320 2314 3377 Postmodum
2339 3336 2474 3377 vero
2502 3337 2531 3374 a
2573 3320 2852 3377 monachis
2881 3320 3007 3376 dum
3034 3317 3330 3388 ampliﬁca-

1748 3423 1900 3469 retur
1924 3413 2153 3470 ecclesia
2188 3415 2327 3469 intra
2356 3415 2615 3469 ambitum
2659 3414 2827 3484 ipsius
2853 3420 2980 3469 ante
3023 3411 3209 3475 altare,
3249 3410 3329 3464 vi-

1748 3503 1942 3558 delicet
1973 3503 2113 3559 beati
2138 3503 2281 3560 Petri
2313 3504 2570 3560 decenter
2596 3513 2681 3560 est
2710 3503 2937 3559 locatus.
2968 3501 3118 3557 Sedit
3147 3510 3331 3555 autem

1748 3592 1802 3645 in
1830 3592 2138 3663 episcopatu
2169 3609 2311 3648 anno
2336 3608 2464 3659 uno,
2497 3593 2771 3649 mensibus
2797 3593 2907 3647 7‘et
2931 3592 3117 3648 diebus
3148 3589 3245 3652 10;
3275 3598 3330 3642 et

1748 3678 1850 3736 fuit
1874 3683 2067 3739 civitas
2092 3685 2209 3739 sine
2241 3684 2493 3754 episcopo
2523 3698 2663 3739 anno
2691 3698 2819 3749 uno,
2848 3692 2902 3739 et
2934 3698 3118 3739 mense
3140 3698 3246 3737 uno
3274 3688 3329 3735 et

1748 3770 1936 3828 diebus
1965 3772 2259 3829 sexdecim.

2173 3864 2301 3921 CAP.
2343 3862 2694 3921 XLIX—De
2736 3864 2977 3937 Hugone.

1818 3957 1971 4030 llugo
1997 3956 2411 4024 Cabillonensis,
2445 3971 2509 4012 ex
2555 3966 2709 4029 patre
2737 3955 3025 4011 Lamberto
3067 3953 3329 4009 comitum

1748 4048 2210 4105 venerabilissimo
2238 4087 2254 4112 ,
2283 4057 2337 4103 et
2381 4058 2556 4104 matre
2602 4045 2857 4103 Adelaide
2888 4045 3325 4117 generosissima,

1745 4140 1897 4211 cujus
1937 4147 2125 4210 pater,
2153 4138 2404 4194 videlicet
2444 4138 2766 4196 Lambertus
2794 4152 2973 4193 comes
2995 4136 3108 4207 jam
3154 4136 3330 4191 dictus

1745 4231 2048 4287 construxit
2067 4230 2453 4286 monasterium
2479 4230 2679 4286 Paredi
2696 4229 3063 4286 coenobiorum
3091 4226 3331 4283 luculen-

1732 4318 2034 4387 ‘tissimum,
2081 4321 2318 4391 illudque
2367 4321 2684 4393 largissimis
2712 4319 3060 4375 facultatibus
3109 4318 3325 4382 ditavit,

1746 4412 2051 4483 ibidemque
2096 4412 2485 4468 honorabiliter
2528 4413 2834 4482 requiescit.
2877 4410 2977 4466 Hic
3017 4411 3181 4483 igitur
3209 4420 3330 4480 post

127 4471 345 4573 matutini.
374 4476 528 4532 Dedit
546 4480 709 4551 igitur
735 4483 788 4537 in
822 4485 967 4540 victu
995 4484 1225 4541 fratrum
1254 4490 1638 4545 canonicorum

1753 4503 1914 4572 patris
1934 4471 2161 4566 obitum,
2199 4502 2329 4555 dum
2355 4505 2423 4557 ad
2449 4471 2824 4573 regis-curiam
2845 4471 3112 4573 pergcrEt,
3142 4471 3330 4555 habuit

128 4552 313 4650 ψει-ἱαεῖ
326 4581 440 4620 cum
455 4569 564 4625 suis
579 4573 896 4640 redditibus,
909 4575 960 4629 id
975 4576 1375 4644 estPulvereui,
1391 4580 1643 4650 Partiaci,

129 4641 355 4721 Gargiaci,
382 4657 739 4719 Mouasterioli
759 4705 775 4729 ,
810 4665 1140 4737 Campiniaci
1161 4710 1175 4735 ,
1205 4680 1262 4725 et
1287 4641 1385 4726 sub
1428 4641 1646 4732 anathe;

131 4746 236 4835 litate
265 4742 521 4806 interdixit
544 4763 600 4807 ut
621 4754 802 4809 nullus
816 4771 1185 4814 successorum
1202 4776 1424 4817 suorum
1443 4781 1646 4835 praesu-

134 4820 213 4878 lum
230 4834 303 4920 vel
320 4835 532 4895 aliorum
554 4844 840 4914 quisquaru
866 4847 1137 4902 hominum
1165 4820 1519 4920 praesumeret
1547 4856 1647 4910 ali-

138 4918 360 5014 suze
385 4926 672 5000 largitionis
699 4933 899 4988 donum
933 4936 1144 4992 irritum
1166 4918 1378 5008 facere,
1407 4960 1473 4999 ue
1505 4946 1645 5004 forte

137 5003 321 5067 Videlicet
336 5024 784 5095 propterinopiam
803 5024 1235 5097 indigentiaemon
1254 5003 1457 5089 valeret
1469 5036 1645 5093 clerus

141 5096 322 5188 ecclesiae
341 5108 496 5168 ollicia
536 5115 646 5172 Deo
692 5117 856 5188 digna
896 5096 1219 5187 persolvere,
1253 5122 1377 5179 dum
1421 5126 1547 5183 licet
1585 5130 1638 5185 in

143 5194 223 5281 ιιξςξι
245 5193 350 5247 sede
370 5202 692 5264 potissimum
721 5205 843 5261 fore
876 5221 939 5260 ac
965 5209 1175 5265 caeteris
1194 5209 1499 5281 elegantius
1528 5219 1642 5274 olli-

147 5272 242 5330 ῢθιθ
276 5284 592 5336 ηΙίΙιῘςιριιίιιηι
638 5296 969 5336 ρΙριοίρηιιιιιη
1010 5298 1134 5336 nlim
1178 5272 1514 5336 (liminando..-
1563 5311 1612 5336 ..:

1750 4591 1979 4646 transire
2010 4607 2105 4660 per
2133 4590 2402 4645 civitatem
2451 4589 2902 4657 Autissiodorum,
2932 4591 3021 4660 qui
3053 4591 3329 4645 divertens

1747 4679 1935 4733 orandi
1986 4679 2199 4750 gratia,
2242 4680 2367 4733 dum
2420 4680 2647 4735 intraret
2690 4679 2979 4735 ecclesiam
3029 4679 3090 4733 Β.
3142 4688 3318 4750 proto-

1749 4772 2003 4841 martyris
2033 4771 2313 4840 Stephani.
2342 4772 2472 4826 Erat
2503 4784 2628 4827 tunc
2656 4772 2828 4841 prima
2862 4773 2993 4827 hora
3018 4772 3190 4841 ipsius
3218 4773 3324 4827 diei

1748 4873 1868 4913 cum
1890 4860 2120 4914 orationi
2145 4859 2462 4915 incumbens
2489 4861 2699 4916 audiret
2729 4862 2954 4917 chorum
2977 4861 3322 4931 psallentium

1749 4948 2006 5020 hymnum
2049 4951 2286 5018 ejusdem
2329 4949 2475 5005 horae
2515 4951 2747 5006 dulciter
2788 4965 3066 5016 resonare,
3111 4958 3167 5003 ut
3205 4958 3325 5003 erat

1745 5036 1819 5104 pii
1862 5038 2042 5092 cordis
2088 5053 2153 5092 ac
2198 5038 2555 5107 lacrymarum
2601 5035 2863 5095 effusione
2910 5037 3083 5092 facilis
3120 5037 3324 5106 gratior

1745 5124 1970 5181 effectus
2018 5126 2286 5182 referebat
2318 5127 2458 5181 idem
2498 5127 2842 5197 postmodum
2891 5143 2952 5183 se
2991 5126 3190 5181 dixisse
3229 5125 3317 5179 :0

1747 5214 1996 5295 Domine,
2032 5235 2127 5275 rex
2152 5218 2274 5276 (εωιὶ
2317 5228 2373 5274 et
2402 5228 2580 5288 terrae,
2618 5229 2834 5276 creator
2867 5219 3106 5276 omnium
3149 5217 3320 5272 bono-

1746 5325 1862 5336 ..ι-Μ
1920 5318 1967 5336 Α.
2014 5308 2331 5336 Aha—21".“...
2366 5309 2629 5336 ιιΑηΑ-...ιι
2701 5313 2746 5336 ..ε
2794 5311 2877 5336 -.Ι-
2907 5311 3006 5336 lgna
3044 5316 3131 5336 ..ιη
3178 5321 3288 5336 ἰς-ω
