3918 6316
548 290 654 348 375

1433 293 1719 351 ΑΡΡΕΝΙ).
1752 294 1845 346 AD
1884 292 2056 346 SAZC.
2100 292 2110 342 ἶ

2212 323 2265 332 -
2302 294 2525 352 OPEItA
2563 308 2947 358 ΑΑεΣιιοΤιιςΑ.
3659 316 3744 374 276

552 405 886 463 nobilitatem
915 422 943 461 a
976 407 1189 474 multis;
1238 407 1531 463 decedente
1577 424 1707 463 vero
1750 411 1818 463 ab
1861 412 1963 466 hac
2010 410 2128 464 luce
2157 390 2206 446 Α
2234 423 2352 463 cem
2418 412 2677 480 ipsorum,
2738 431 3020 493 occupans
3064 425 3356 474 devastavtt
3404 436 3744 490 permaximam

550 495 760 553 Joanne
790 498 1036 568 priesule,
1072 515 1194 554 cum
1227 499 1292 554 de
1319 500 1674 554 restaurando
1701 501 1953 570 pontiﬁce
1993 516 2126 556 con-

549 595 889 655 quereretur,
916 586 1132 643 favente
1173 586 1406 644 llcnrico
1451 590 1606 655 duce,
1638 600 1803 660 atque
1851 602 2135 648 annuente

549 676 789 732 Roberto
827 691 974 748 rege,
1009 678 1209 732 electus
1243 687 1326 733 est
1356 694 1420 733 ex
1465 695 1614 735 more
1654 682 1942 761 praedictus
1973 682 2126 753 [Iugo

548 781 613 822 ac
642 778 986 823 consecratus
1035 769 1085 821 iu
1128 768 1355 823 ecclesia
1388 768 1530 824 beati
1573 770 1850 835 Germani,
1894 773 2126 844 indeque

547 859 830 929 principali
880 860 992 916 sedi
1038 860 1399 917 Autissiodori
1435 861 1595 916 datus
1636 864 1941 935 episcopus.
1989 866 2126 921 lluic

546 966 654 1007 non
693 934 934 1021 pancrat
961 951 1221 1008 aliiuitate
1258 969 1549 1025 germanus
1583 955 1770 1019 frater,
1810 934 1899 1026 qui
1936 958 2127 1012 videli-

544 1049 634 1097 cet
662 1042 1001 1097 haereditario
1037 1043 1164 1113 jure
1199 1060 1288 1099 res
1318 1054 1571 1115 paternas
1602 1062 1793 1116 regere
1838 1049 2120 1119 potuisset,

543 1132 744 1189 idcirco
784 1134 1119 1190 multimodis
1148 1137 1641 1205 perturbationibus
1690 1138 1951 1207 irretitus,
1993 1143 2121 1198 dum

542 1224 827 1294 utriusque
849 1226 1070 1281 honoris
1096 1237 1455 1297 occuparetur
1475 1230 1643 1295 curis,
1668 1231 1847 1286 minus
1868 1234 2124 1302 prodesse

541 1325 756 1385 poterat
786 1317 1045 1387 singulis;
1088 1319 1313 1390 contigit
1358 1320 1521 1375 etiam
1553 1329 1680 1377 tunc
1718 1325 1973 1395 temporis
2003 1336 2124 1396 post

542 1414 771 1460 mortem
809 1408 1015 1462 scilicet
1054 1407 1269 1465 Ilenriei
1318 1410 1493 1479 ducis,
1531 1414 1621 1480 qni
1661 1412 1777 1481 ejus
1808 1430 2120 1484 germanam

540 1514 766 1554 uxorem
788 1499 1038 1565 duxerat,
1078 1511 1136 1555 ut
1173 1502 1610 1575 Burgundionum
1645 1508 1964 1576 permaximi
2007 1509 2120 1581 regi

542 1588 780 1651 Roberto
802 1590 1029 1647 rebelles
1058 1593 1377 1657 existerent,
1405 1595 1475 1648 ita
1509 1606 1567 1651 ut
1599 1596 1743 1653 illius
1774 1599 1962 1655 ditioui
2002 1602 2122 1656 nol-

540 1679 654 1735 lent
681 1681 1007 1737 omnimodis
1033 1698 1155 1738 esse
1194 1684 1412 1748 subditi,
1444 1701 1546 1741 nec
1572 1686 1689 1757 ejus
1725 1704 1919 1757 parere
1952 1690 2122 1762 impe-

538 1770 666 1837 riis;
714 1772 1044 1842 praeripuere
1090 1774 1313 1844 insuper
1340 1775 1555 1831 sibimet
1588 1788 1914 1847 usurpantes
1958 1781 2115 1836 sedes

537 1870 596 1915 et
635 1872 811 1918 castra
860 1864 1069 1933 prmfati
1111 1865 1286 1932 ducis,
1329 1868 1579 1945 avunculi
1627 1869 1839 1925 scilicet
1876 1869 2115 1940 ejusdem

538 1953 705 2023 regis.
738 1953 837 2011 Hic
861 1956 1077 2012 tandem
1108 1972 1228 2013 cum
1259 1959 1371 2014 suis
1401 1961 1656 2015 omnibus
1685 1960 2117 2033 irrefragabilem

537 2059 638 2100 suo
662 2047 771 2115 regi
797 2062 1020 2103 servans
1045 2049 1224 2114 ﬁdem,
1248 2065 1311 2105 ac
1335 2050 1558 2120 perinde
1591 2060 1908 2108 cancrorum
1938 2053 2119 2109 inimi-

537 2135 695 2191 citias
721 2135 846 2192 forti
874 2137 1178 2195 animodiu
1210 2140 1548 2212 multumque
1573 2142 1854 2208 sustinuit,
1884 2159 1948 2197 ac
1973 2142 2114 2198 mnl-
2173 2188 2181 2195 .

536 2225 698 2281 toties
741 2241 771 2280 a
800 2228 927 2282 sede
958 2229 1176 2299 propria
1205 2230 1513 2299 prohibitus
1558 2239 1783 2301 paterna
1830 2241 2117 2288 contentus

534 2316 878 2385 possessione
900 2332 1140 2382 suorum,
1169 2318 1262 2389 qui
1287 2319 1434 2374 illum
1467 2320 1622 2374 valde
1653 2320 1970 2392 diligebant,
1999 2320 2108 2376 ful-

534 2416 622 2462 tus
669 2406 871 2462 auxilio
918 2409 1137 2462 mansit.
1185 2409 1408 2476 Quoties
1444 2426 1573 2465 vero
1606 2412 1829 2482 contigit
1877 2411 1952 2466 illi
1989 2428 2112 2468 cum

530 2498 781 2554 hostibus
808 2499 914 2554 illis
942 2501 1216 2571 prtedictis
1263 2502 1558 2572 nugaeibns
1587 2502 1865 2568 dimicare,
1901 2520 2114 2574 semper

532 2590 860 2647 omnimodis
886 2592 1065 2646 victor
1094 2582 1326 2658 exstitit,
1355 2602 1410 2648 et
1443 2610 1547 2649 non
1575 2594 1867 2661 immerito,
1918 2613 2112 2666 nempe

526 2680 1035 2753 juxtaprtnceptnm
1059 2683 1287 2754 apostoli
1320 2702 1333 2738 :
1370 2684 1652 2738 Dominum
1700 2687 1873 2740 timete
1893 2727 1908 2750 ,
1941 2704 2111 2756 regem

528 2773 873 2842 honoriﬁcam
899 2759 950 2846 (Ι
983 2773 1127 2829 Patr.
1160 2792 1219 2841 tt,
1252 2777 1336 2847 l7)
1365 2794 1383 2843 ;
1411 2785 1465 2831 et
1498 2778 1625 2832 item
1657 2796 1668 2831 :
1706 2778 1890 2831 Omnis
1929 2781 2110 2832 animo

528 2869 867 2935 potestatibus
891 2868 1282 2923 sublimioribus
1311 2870 1520 2925 subdita
1559 2873 1625 2924 sit
1672 2871 1844 2941 (Rom.
1876 2888 1993 2937 ιιιιι,
2037 2874 2106 2944 l).

529 2958 611 3011 Ac
630 2957 758 3013 licet
784 2957 1063 3029 Scriptura
1095 2962 1239 3015 dicat
1269 2976 1517 3032 semper:
1552 2962 1660 3017 Pax
1685 2981 1808 3019 cum
1843 2967 2020 3031 bonis,
2053 2975 2108 3021 et

2230 496 2553 569 Burgundite
2595 511 2830 572 partem.
2875 505 3117 575 Cumque
3145 508 3389 576 primitus
3414 513 3477 566 ad
3514 514 3743 572 civitatem

2229 590 3127 662 Antissiodorensem'devenissct,
3172 598 3353 654 volens
3403 616 3519 657 eam
3568 618 3749 676 capere,

2228 681 2369 751 quod
2399 682 2568 737 fertur
2589 682 2707 738 urbi
2735 684 2813 740 illi
2844 701 3121 756 nunquam
3149 689 3454 757 contigisse,
3481 691 3613 746 cives
3629 692 3747 761 ejus-

2228 772 2347 828 dem
2394 775 2546 830 urbis
2589 775 2808 831 fortiter
2853 778 2901 832 ei
2951 779 3285 833 restiterunt.
3329 780 3540 856 Dehinc,
3567 797 3672 836 cum
3696 785 3751 838 ad

2228 863 2366 918 beati
2414 863 2674 921 Germani
2721 876 2963 922 castrum
3025 871 3437 939 eXpuguandum
3480 880 3583 925 tota
3637 876 3753 943 regis
3884 866 3885 941 ι

2225 954 2481 1024 phalanx,
2538 956 2790 1028 idemque
2839 972 2937 1014 rex
2989 958 3250 1016 loricatus
3292 961 3598 1027 intenderet,
3644 974 3758 1019 nutu
3884 948 3885 1013 ἶ

2225 1046 2406 1101 divino
2443 1047 2682 1113 territus,
2713 1065 2836 1104 cum
2884 1050 3049 1105 multa
3085 1050 3241 1107 crede
3273 1068 3486 1106 suorum
3532 1053 3645 1109 inde
3683 1072 3754 1110 re»
3884 1044 3885 1055 “

2224 1135 2397 1202 diens,
2429 1126 2732 1206 penetravit
2773 1140 2991 1194 Ararim
3037 1156 3210 1211 usque
3254 1143 3525 1211 superiora
3552 1142 3757 1215 Burgun-

2223 1224 2345 1289 diae,
2376 1227 2633 1296 praedicto
2657 1227 2885 1297 Hngoue
2932 1245 3056 1285 cum
3085 1246 3150 1286 eo
3180 1233 3494 1302 gradiente;
3525 1245 3759 1291 revertens

2222 1329 2437 1385 quoque
2491 1332 2587 1371 rex
2638 1317 2948 1384 Franciam,
3014 1335 3114 1375 nec
3170 1330 3293 1376 tunc
3348 1322 3625 1392 quidquam
3671 1326 3761 1394 egit

2223 1415 2421 1475 praeter
2471 1406 2678 1461 cladem
2733 1409 2989 1478 regionis.
3038 1410 3169 1466 Post
3215 1413 3419 1481 aliquot
3462 1428 3585 1467 vero
3622 1428 3765 1471 annos

2223 1496 2450 1563 dierum,
2471 1499 2581 1569 jam
2611 1499 2735 1554 dicti
2782 1501 3053 1567 primores
3097 1503 3421 1574 Burgundite
3459 1503 3509 1557 iu
3552 1504 3763 1560 dilectio-

2222 1606 2343 1644 nem
2379 1591 2521 1662 regis
2564 1592 2788 1662 paciliee
2818 1593 3179 1659 devenerunt;
3210 1609 3308 1663 per
3337 1594 3571 1665 [ingenis
3614 1602 3770 1648 tamen

2223 1680 2525 1746 consilium,
2581 1680 2841 1752 quidquid
2892 1681 3031 1736 idem
3082 1697 3177 1736 rex
3229 1683 3414 1737 facere
3468 1685 3763 1748 decreverat,

2221 1772 2515 1842 disposuit;
2548 1774 2727 1842 eique,
2763 1774 2903 1843 quod
2940 1774 3187 1843 accipere
3236 1774 3458 1844 placuit,
3508 1774 3765 1830 libentissi-

2218 1877 2339 1917 mus
2377 1863 2722 1917 condonavit.
2758 1861 3050 1918 Constituit
3078 1878 3208 1933 ergo
3243 1879 3344 1934 pro
3393 1863 3771 1929 redintegranala

2218 1969 2316 2009 seu
2350 1952 2610 2008 ﬁrmanda
2637 1968 2766 2023 pace
2792 1953 3080 2009 concilium
3110 1955 3489 2023 episcoporum
3516 1969 3576 2009 ac
3602 1953 3768 2007 multo-

2219 2057 2340 2096 rum
2365 2050 2472 2095 tam
2503 2043 2761 2097 nobilium
2792 2058 2955 2112 quam
2986 2043 3321 2111 plebeiorum
3351 2043 3640 2096 innumera:
3658 2042 3769 2096 mul-

2220 2133 2465 2188 titudinis
2479 2134 2531 2187 in
2547 2132 2831 2198 comitatu,
2848 2148 3005 2203 quem
3030 2135 3394 2205 gubernabat,
3411 2132 3771 2194 Cabillonensc,

2220 2223 2272 2277 in
2309 2223 2448 2289 loco,
2477 2223 2567 2293 qui
2599 2222 2892 2278 Viridunus
2916 2223 3140 2287 dicitur,
3173 2223 3261 2279 ubi
3290 2224 3456 2278 etiam
3493 2230 3769 2277 sanctorum

2217 2314 2456 2384 reliquiae
2485 2314 2713 2368 diversis
2759 2313 3071 2384 regionibus
3106 2314 3304 2369 delatae
3335 2314 3574 2369 diversas
3598 2311 3769 2366 sanita-

2217 2415 2296 2461 tes
2348 2406 2567 2475 mgrotis
2610 2404 2977 2459 contulerunt.
3030 2405 3277 2475 Itemque
3326 2403 3473 2459 aliud
3510 2401 3766 2458 concilium

2215 2511 2313 2567 pro
2338 2497 2527 2550 eadem
2564 2510 2623 2550 re
2653 2496 2706 2550 in
2740 2510 2878 2565 pago
2903 2495 3403 2561 Antissiodorense,
3448 2494 3585 2565 apud
3619 2491 3771 2547 Airia-

2214 2604 2336 2644 cum
2380 2588 2558 2641 villam
2592 2588 2733 2642 beati
2781 2586 3061 2653 Germani,
3116 2588 3168 2642 in
3223 2602 3338 2657 quo
3387 2602 3484 2641 rex
3538 2585 3775 2639 Rohertus

2212 2695 2334 2735 cum
2361 2678 2628 2749 episcopis
2654 2693 2718 2733 ac
2744 2676 3031 2733 abbatibus
3055 2677 3254 2743 adluit,
3278 2677 3444 2733 simul
3474 2685 3529 2730 et
3557 2675 3771 2728 innume-

2212 2770 2404 2824 rabilia
2451 2778 2762 2824 sanctorum
2809 2760 3031 2839 pignora
3079 2769 3246 2822 totius
3296 2782 3443 2839 pene
3491 2763 3770 2836 provincia.

2210 2859 2300 2914 ubi
2342 2860 2468 2913 dum
2507 2860 2725 2928 quidam
2755 2865 3003 2928 peterent
3036 2865 3096 2910 ut
3132 2857 3358 2927 gloriosi
3393 2854 3644 2912 Germani
3671 2866 3775 2905 cor-

2210 2968 2309 3023 pus
2331 2952 2456 3006 illuc
2485 2950 2808 3017 deferretur,
2838 2949 3116 3020 respondit
3138 2949 3299 3021 llugo
3328 2949 3616 3019 episcOpus
3639 2962 3652 2998 :
3678 2943 3770 2997 Ab-

528 3050 731 3105 bellum
764 3066 886 3106 cum
909 3053 1087 3118 vitiis;
1118 3061 1280 3122 atque
1316 3055 1497 3110 utilius
1524 3056 1595 3110 sit
1630 3058 1758 3111 oriri
1792 3059 2103 3112 scandalum

2214 3042 2372 3096 situt
2415 3054 2538 3095 ossa
2588 3039 3024 3109 incomparabilis
3074 3039 3174 3093 viri
3224 3055 3327 3108 pro
3371 3049 3685 3110 quacunque
3725 3047 3775 3085 re

529 3154 695 3210 quam
748 3141 1052 3213 relinquere
1083 3144 1388 3213 veritatem,
1426 3146 1472 3200 si
1525 3147 1685 3202 aliter
1730 3150 1918 3219 nequit
1966 3150 2112 3217 ﬁeri,

532 3241 712 3286 tamen
742 3234 812 3287 ob
837 3235 1084 3291 timorem
1111 3238 1270 3306 hujus
1313 3238 1388 3293 rei
1416 3253 1649 3310 pergens
1680 3241 1747 3295 ad
1776 3257 1971 3312 papam
1996 3242 2109 3298 Ro-

532 3338 763 3378 manum—
781 3327 981 3381 acriter
1017 3343 1077 3382 se
1117 3330 1381 3398 poenitere
1426 3331 1697 3395 clamavit,
1738 3333 2016 3403 indignum
2052 3350 2111 3390 se

527 3415 834 3473 vociferans
878 3435 941 3474 ac
986 3410 1139 3475 reum
1169 3437 1314 3476 cura:
1358 3423 1648 3492 pastoralis
1683 3440 1747 3479 ac
1785 3425 2109 3494 pontiﬁcalis

526 3506 855 3576 dignitatis;
921 3510 1011 3579 qui
1071 3511 1264 3566 dehinc
1315 3512 1417 3568 tale
1468 3513 1729 3583 scriptum
1782 3513 1852 3568 ab
1917 3516 2104 3569 eodem

529 3599 768 3671 suscepit
796 3616 812 3659 :
853 3619 871 3653 ι
908 3598 1166 3666 Joannes,
1195 3604 1367 3674 gratia
1398 3604 1490 3659 Dei
1517 3605 1776 3660 Romanae
1814 3607 1957 3661 sedis
1988 3607 2105 3676 cpi-

470 3733 482 3749 .
528 3691 1059 3759 scopus,,universis
1088 3693 1139 3746 in
1190 3694 1320 3747 orbe
1367 3701 1640 3749 terrarum
1663 3694 1916 3750 Ecclesia:
1958 3695 2101 3752 ﬁliis.

528 3780 742 3835 Nullum
767 3783 818 3836 iu
843 3781 1103 3837 catholica
1131 3782 1368 3838 Ecclesia
1393 3784 1565 3852 majus
1578 3794 1758 3854 potest
1783 3800 1903 3840 esse
1929 3786 2101 3851 nefas,

526 3886 688 3941 quam
721 3873 1036 3927 existimare
1063 3873 1289 3942 alicujus
1318 3890 1528 3929 nrevum
1555 3875 1798 3930 criminis
1829 3875 2101 3946 prreeipue

527 3962 861 4029 pmnitcntis,
923 3962 1065 4031 quod
1119 3979 1222 4017 non
1278 3972 1440 4032 queat
1497 3965 1793 4020 dissolvere
1844 3980 2101 4020 concessa

524 4051 688 4107 Petro
725 4069 756 4108 a
795 4052 1022 4107 Domino
1057 4054 1246 4121 clavis.
1294 4056 1560 4109 Debemus
1583 4056 1725 4109 enim
1760 4065 1887 4110 ante
1915 4058 2102 4112 oculos

526 4141 725 4196 mentis
754 4155 1007 4197 revocare
1053 4143 1261 4211 lapsum
1305 4143 1472 4214 ipsius
1516 4146 1672 4214 primi
1703 4147 1956 4215 pastoris,
1984 4149 2100 4217 qui,

526 4231 654 4286 dum
684 4230 1000 4302 Magistrum
1032 4233 1268 4301 negavit,
1315 4235 1563 4304 protinus
1594 4247 1651 4290 ut
1682 4238 1956 4307 pmnituit,
1994 4256 2100 4293 non

521 4322 698 4378 solum
727 4323 950 4393 gradum
978 4322 1062 4379 vel
1081 4324 1395 4394 dignitatem
1416 4327 1694 4395 apostolici
1721 4329 1972 4383 culminis
1995 4346 2099 4384 non

2213 3132 2501 3202 aliquando
2545 3140 3035 3197 commoveantur;
3064 3131 3205 3201 quod
3258 3131 3453 3187 caeteri
3522 3127 3777 3182 audientes

2212 3234 2491 3294 gratanter
2535 3232 2945 3278 consenserunt.
2999 3221 3268 3277 Similiter
3310 3232 3369 3276 et
3417 3236 3518 3292 per
3553 3219 3776 3273 universa

2210 3310 2352 3383 loca,
2403 3326 2459 3371 ut
2502 3317 2555 3371 in
2601 3317 2756 3387 pagis
2812 3316 3137 3371 Divionense
3185 3324 3243 3369 et
3293 3314 3584 3376 Belnense,
3638 3318 3783 3377 atque

2209 3408 2563 3480 Lugdunense
2610 3409 2839 3463 concilia
2875 3408 3072 3478 srepius
3102 3407 3375 3462 celebrari
3432 3404 3584 3459 fecit.
3632 3398 3779 3467 Hujus

2207 3501 2260 3556 in
2318 3510 2556 3569 tempore
2601 3501 2801 3555 civitas
2844 3499 3282 3553 Antissiodorum
3336 3495 3633 3553 exitialiter
3674 3491 3780 3560 igne

2206 3601 2445 3648 cremata
2486 3602 2588 3657 est,
2643 3601 2696 3647 et
2745 3608 2833 3645 res
2883 3592 3136 3646 humanae
3191 3591 3246 3645 in
3302 3590 3528 3644 favillas
3574 3585 3781 3641 redactae

2207 3693 2405 3755 prmter
2448 3684 2732 3739 ecclesiam
2783 3683 2923 3738 beati
2972 3682 3165 3737 Albani
3217 3682 3519 3752 martyris,
3567 3694 3595 3732 a
3641 3677 3785 3731 beato

2205 3777 2475 3832 Germano
2527 3784 2927 3841 constructam;
2995 3783 3125 3828 tunc
3186 3773 3520 3843 principalis
3572 3766 3779 3825 ecclesia

2205 3867 2625 3937 protomartyris
2652 3864 2910 3934 Stephani
2948 3863 3190 3919 funditus
3217 3866 3461 3927 corruit,
3495 3876 3650 3931 quem
3677 3870 3782 3927 pro-

2176 3956 2351 4012 -tinus
2380 3957 2519 4011 idem
2552 3956 2747 4026 praesul
2790 3955 2955 4025 coepit
2997 3957 3200 4023 majore
3232 3956 3453 4009 ambitu
3484 3970 3551 4009 ac
3587 3957 3784 4022 crypta-

2204 4064 2323 4103 rum
2350 4048 2658 4103 curvaturis
2700 4049 2922 4118 quadris
2950 4047 3219 4116 lapidibus
3260 4048 3531 4102 certatim
3570 4041 3779 4099 retediﬁ-

2191 4130 2361 4208 Icare;
2413 4160 2537 4198 nam
2590 4143 2741 4213 prius
2785 4142 3099 4198 delicatiore
3154 4143 3396 4197 materia
3450 4139 3783 4197 constiterat,

2207 4236 2548 4305 minimisque
2579 4234 2811 4305 lapillis;
2834 4234 2946 4304 jam
2980 4248 3111 4288 vero
3140 4233 3305 4289 altius
3353 4249 3528 4305 opere
3561 4226 3785 4287 ecclesia:

2206 4325 2369 4388 edito,
2414 4340 2602 4380 rursus
2627 4324 2819 4378 civitas
2847 4323 3128 4377 reinceusa
3161 4332 3268 4386 est,
3304 4324 3407 4379 sed
3442 4335 3642 4378 novum
3669 4327 3787 4385 opus

522 4413 731 4480 amisit,
760 4417 852 4471 sed
880 4415 1060 4485 potius
1091 4416 1171 4471 sui
1202 4418 1358 4471 ovdis
1395 4420 1692 4475 custodiam
1734 4421 1985 4475 Christus
2026 4423 2096 4476 illi
2132 4420 2178 4479 Β
2204 4414 2446 4470 ecclesia“.
2485 4415 2685 4469 mansit
2715 4412 3000 4468 incolume.
3034 4414 3188 4465 Anno
3234 4412 3415 4483 igitur
3462 4412 3613 4467 circa
3661 4420 3784 4461 non-

521 4507 865 4575 postmodum
893 4508 1196 4563 evidentius
1225 4511 1519 4580 assignavit
1560 4530 1572 4563 :
1619 4511 1762 4580 quod
1809 4511 1885 4565 nil
1933 4512 2099 4578 aliud,

523 4607 584 4652 ut
608 4598 903 4664 credimus,
934 4614 1095 4667 quam
1126 4580 1397 4669 lapsorum
1430 4601 1694 4654 medicina
1723 4598 1843 4654 fuit.
1870 4600 2103 4656 Proinde

523 4687 679 4742 fratri
707 4696 892 4743 nostro
937 4688 1172 4760 llugoui,
1220 4690 1673 4746 Antissiodorensi
1714 4690 1950 4760 praesuli,
1991 4692 2102 4747 Deo

519 4787 574 4832 ct
606 4777 762 4832 nobis
784 4792 881 4832 sua
926 4789 1144 4847 peccata
1174 4779 1478 4843 conﬁtenti,
1522 4796 1747 4850 seseque
1775 4779 2098 4849 culpabilem

524 4867 794 4931 reddenti,
826 4866 1121 4935 plenarlam
1158 4884 1188 4921 a
1239 4869 1349 4923 Deo
1398 4870 1686 4940 pollicente
1732 4863 2100 4938 promittimus

520 4960 779 5029 consequi
804 4960 1399 5031 indulgentizcveniam,
1429 4965 1722 5018 secundum
1753 4964 2097 5032 sponsionem

521 5049 785 5118 ejusdem,
815 5065 919 5118 qua
951 5050 1087 5105 dixit
1113 5068 1126 5103 :
1164 5050 1283 5104 Non
1315 5052 1426 5105 veni
1447 5068 1632 5107 vocare
1645 5051 1837 5129 justas,
1868 5050 1958 5105 sed
1980 5068 2099 5121 pec-

520 5150 719 5193 catores
742 5139 811 5193 ad
830 5142 1185 5209 paenitentiam
1210 5141 1424 5212 (.lluttlt.
1453 5160 1524 5204 Ix,
1558 5142 1662 5212 l5).
1691 5141 1918 5212 Ideoque
1944 5143 2097 5197 nobis

520 5231 681 5286 debet
709 5229 846 5287 elﬁci
874 5230 1248 5296 eharissimus,
1297 5234 1420 5305 quia
1457 5235 1546 5299 Dei
1582 5234 1774 5289 timore
1817 5243 2099 5304 correptus

517 5332 742 5392 apparet
789 5324 1141 5390 humillimus,
1198 5334 1255 5379 et
1299 5326 1422 5396 quia
1472 5327 1524 5381 in
1571 5326 1765 5380 talibus
1811 5328 2103 5396 requiescit

517 5414 679 5469 Deus.
716 5433 735 5466 ι

592 5501 858 5559 Prmterea
886 5520 981 5562 rex
1011 5505 1304 5571 Robertus,
1331 5505 1558 5562 collecto
1586 5506 1639 5562 in
1663 5522 1826 5560 unum
1854 5507 2095 5562 exercitu

524 5592 700 5647 valido
730 5601 838 5648 tam
885 5596 953 5650 de
984 5606 1141 5666 gente
1188 5597 1518 5653 Francorum
1564 5612 1725 5667 quam
1759 5596 2095 5653 Norrnanno-

523 5699 662 5751 smn,
697 5685 901 5742 habens
930 5704 1112 5743 secum
1142 5689 1490 5757 Ri<_-inardum,
1526 5689 1957 5761 potentissimum
1993 5691 2087 5744 du-

2206 4508 2565 4577 geutcsimum
2597 4514 2807 4561 sextum
2837 4520 2865 4558 a
2892 4504 3142 4574 passione
3164 4503 3464 4558 Dominica
3497 4498 3789 4558 coenobium

2208 4599 2512 4663 Milarense,
2537 4597 2761 4666 jubente
2798 4596 3070 4659 llcldrico,
3099 4595 3431 4649 monasterii
3466 4592 3644 4648 sancti
3671 4588 3788 4642 Ger-

2182 4678 2349 4743 mani
2394 4687 2605 4753 abbate,
2643 4703 2739 4757 per
2791 4686 3068 4741 dominum
3117 4683 3389 4738 Tcaldum
3448 4682 3791 4740 monachum.

2178 4767 2293 4850 qui
2341 4779 2514 4833 eidem
2558 4778 2748 4832 tertius
2793 4777 2852 4829 in
2880 4776 3117 4845 regimen
3150 4775 3457 4842 successit,
3510 4768 3792 4829 honoriﬁce

2204 4869 2586 4939 ampliﬁcatmn
2626 4878 2786 4937 atque
2828 4866 3172 4920 sublimatum
3214 4874 3320 4928 est,
3366 4873 3603 4935 tamque
3641 4855 3793 4916 tedii!-

2205 4960 2305 5014 ciis
2354 4974 2515 5028 quam
2567 4957 3018 5027 possessionibus,
3069 4971 3132 5009 ac
3178 4954 3520 5024 supellectili
3573 4950 3688 5006 auri
3719 4962 3794 5000 ar-

2205 5050 2458 5121 gentique
2486 5049 2682 5117 oppido
2724 5049 3058 5111 decoratum,
3088 5055 3249 5115 atque
3283 5046 3362 5099 ab
3392 5046 3595 5100 eodem
3625 5039 3791 5113 ponti-

2207 5143 2305 5196 ﬁce
2337 5141 2670 5205 solemniler,
2701 5147 2756 5193 ut
2800 5140 3044 5204 decebat,
3083 5148 3297 5193 constat
3332 5156 3467 5195 esse
3506 5146 3794 5193 sacratum,

2206 5236 2258 5289 in
2307 5250 2412 5305 qua
2446 5233 2607 5287 etiam
2654 5232 3064 5286 consecratione
3095 5228 3387 5284 interdixit
3437 5229 3547 5283 sub
3578 5224 3792 5280 anathe-

2207 5335 2373 5389 mate,
2435 5333 2489 5379 ut
2542 5323 2721 5378 nullus
2770 5322 3079 5377 mortalium
3130 5336 3483 5391 praesumere
3553 5321 3797 5385 deinerps

2203 5394 2425 5472 auderet
2452 5415 2584 5480 vim,
2613 5429 2708 5469 seu
2734 5413 3083 5476 calumniam,
3115 5426 3211 5465 nec
3235 5409 3493 5479 aliquam
3533 5403 3796 5465 tortitudi-

2204 5524 2325 5562 nem
2361 5509 2559 5562 inferre
2586 5519 2686 5576 pro
2715 5502 2907 5575 quavis
2925 5502 3211 5558 occasione
3236 5500 3413 5556 rebus
3440 5499 3692 5572 ejusdem
3714 5511 3807 5577 ρε-¹

2201 5599 2396 5656 clusim.
3014 5590 3015 5595 η

2271 5687 2508 5757 Contigit
2539 5699 2663 5741 vero
2688 5686 2948 5757 posthaec,
2979 5692 3039 5738 ut
3078 5682 3226 5741 beati
3270 5680 3564 5736 Desiderii
3607 5672 3801 5749 egregii
