3918 6316
185 384 277 444 277

1058 383 1146 443 DE
1196 384 1438 445 GESTIS
1478 385 1691 444 EPISC.
1734 382 2123 442 ANTISSIOD.
2162 417 2231 427 —
2260 384 2438 447 PARS
2470 389 2511 446 1.

3300 394 3405 457 278

183 502 429 577 pontiﬁcis
454 500 937 557 Antissiodorensis
972 517 1190 572 corpus,
1229 504 1372 572 quod
1415 502 1468 557 in
1499 502 1728 558 ecclesia
1759 484 1804 542 Α
1835 500 2000 558 limbo
2028 503 2283 558 deaurato
2311 504 2535 560 miriﬁce
2561 504 2890 576 pontiﬁcalia
2915 505 3139 579 vestigia
3166 510 3433 580 campie-~-

181 594 308 650 beati
350 591 598 647 Germani
643 591 909 662 sepultum
948 592 1270 659 habebatur,
1309 594 1434 649 illuc
1467 592 1665 650 deferri
1699 607 1730 648 a

182 683 404 740 ﬁdelibus
456 693 760 753 rogaretur,
822 684 1092 755 prtecipue
1150 693 1329 740 tamen
1385 700 1415 739 a
1470 684 1729 756 prtedicto

179 773 330 831 fratre
378 773 601 839 Tealdo,
647 775 739 843 qui
790 775 1037 830 eumdem
1093 774 1477 830 sublimaverat
1526 775 1726 830 locum.

180 864 270 920 Sed
298 863 429 917 utin
463 863 657 919 talibus
708 863 823 919 ﬁeri
875 864 1095 930 assolet,
1143 866 1284 919 inter
1312 865 1543 935 partium
1593 863 1730 919 velle

177 970 258 1009 seu
302 953 437 1007 nolle
474 952 687 1023 aliquod
733 954 989 1023 temporis
1027 955 1262 1023 spatium
1297 954 1568 1008 evolutum
1609 962 1724 1018 est;

176 1045 368 1100 tandem
398 1055 726 1114 procurante
751 1046 1002 1117 episcopo
1029 1060 1345 1102 concessum
1371 1054 1454 1101 est
1480 1061 1511 1099 a
1544 1059 1732 1098 mona-

175 1135 275 1190 chis
302 1150 392 1189 seu
439 1151 469 1188 a
521 1143 719 1190 calere
755 1136 900 1190 clero
942 1145 1000 1191 et
1047 1137 1211 1192 totius
1257 1136 1380 1208 pagi
1424 1135 1639 1207 pepulo,
1671 1147 1731 1191 ut

173 1233 428 1280 exoratum
480 1224 675 1290 fuerat,
716 1224 956 1292 deferri;
1010 1227 1307 1296 repositum
1362 1241 1595 1296 namque
1646 1235 1732 1282 est

173 1314 443 1384 supradicti
475 1315 749 1385 pontiﬁcis
774 1316 1081 1371 venerabile
1127 1331 1323 1386 corpus
1368 1316 1420 1370 in
1469 1328 1729 1387 argentea

174 1406 305 1458 theca
332 1414 550 1460 centum
581 1404 915 1475 appendente
949 1405 1135 1473 libras,
1169 1406 1356 1475 sicque
1381 1422 1502 1461 cum
1544 1406 1726 1462 exsul—

173 1494 353 1548 tatione
396 1494 563 1549 totius
606 1495 778 1565 plebis
825 1495 1159 1565 deportatum
1206 1504 1285 1551 est
1320 1495 1617 1551 honoriﬁce
1661 1496 1728 1552 ad

171 1586 537 1642 monasterium
566 1586 881 1652 Melerense,
909 1596 1264 1657 cognomento
1284 1587 1435 1642 vallis
1464 1587 1727 1652 Pentane,

170 1674 454 1743 ibidemque
493 1675 543 1727 in
590 1675 818 1730 ecclesia
859 1676 1137 1747 genitricis
1167 1676 1259 1732 Dei
1309 1676 1491 1732 Maria:
1518 1686 1732 1733 constat

170 1781 272 1818 esse
297 1764 567 1830 locatum;
608 1782 713 1835 quo
745 1767 795 1821 in
827 1767 946 1823 loco
968 1768 1157 1822 eodem
1185 1776 1467 1833 exorante,
1500 1769 1728 1839 plurima

1832 592 2098 649 ctebatur.
2129 595 2204 650 De
2233 595 2370 650 stola
2396 611 2612 667 quoque
2644 605 2701 653 et
2724 598 2961 653 manuali
2990 599 3058 655 ad
3084 615 3279 668 purum
3304 601 3413 657 ali-"
3438 634 3443 639 ο

1829 681 1959 751 quid
1996 684 2173 739 dicere
2201 684 2438 740 fabulam
2479 695 2670 753 sonat,
2700 702 2825 765 cum
2869 689 3139 761 siquidem
3180 700 3409 764 utraque

1830 770 1898 825 de
1925 786 2059 827 auro
2096 774 2386 853 purissimo
2409 784 2530 830 eum
2558 776 2713 832 malis
2752 777 2964 848 punicis
2994 779 3211 835 condita
3249 778 3403 834 inex-

1830 863 2063 933 plicabili
2093 866 2326 922 artiﬁcio
2358 881 2493 937 opus
2529 868 2882 933 ostendebant
2909 869 3406 940 elegantissimum;

1829 954 2007 1010 casula
2034 964 2211 1011 autem
2234 956 2431 1013 coloris
2452 957 2659 1014 :etbcrii
2690 958 2922 1031 Phrygio
2946 959 3178 1030 palmum
3210 961 3411 1017 haben-

1833 1053 1884 1099 te
1908 1085 1922 1112 ,
1955 1046 2416 1117 superbumeralis
2450 1032 2505 1104 et
2536 1049 2813 1105 rationalis
2842 1049 3068 1120 eﬁigiem
3095 1050 3162 1106 ad
3192 1051 3410 1105 modum

1831 1136 1976 1206 pallii
2023 1137 2498 1210 archiepiscopalis
2556 1140 2947 1196 honorabiliter
3002 1140 3409 1211 prmtendebat;

1830 1227 2012 1281 omnia
2059 1238 2321 1298 prieterea
2362 1243 2699 1300 quiscunque
2744 1229 2849 1285 illis
2902 1229 3203 1285 intererant
3240 1229 3413 1285 vesti-

1832 1316 2032 1371 mentis
2065 1316 2189 1386 jure
2237 1326 2292 1373 et
2340 1318 2600 1373 decenter
2632 1317 2951 1374 excellentia
3007 1318 3149 1373 intra
3208 1318 3410 1374 Sancta

1831 1418 2141 1464 sanctorum
2195 1410 2447 1479 portabat
2507 1410 2811 1480 episcOpus.
2878 1410 3175 1465 Honoravit
3217 1410 3412 1466 iterum

1832 1499 2006 1553 sancti
2052 1498 2311 1568 Stephani
2359 1499 2642 1554 ecclesiam
2678 1499 2797 1554 aliis
2827 1498 3068 1555 ecclesiae
3093 1499 3416 1554 necessariis

1831 1588 2189 1654 ornamentis,
2236 1588 2380 1643 inter
2411 1604 2531 1658 qua:
2575 1588 2736 1643 etiam
2783 1587 3002 1644 missale
3048 1587 3195 1643 dedit
3237 1583 3415 1641 aureis

1833 1680 2028 1735 litteris
2053 1687 2392 1745 annotatum,
2418 1678 2730 1749 pontiﬁcum
2756 1678 2976 1734 servitio
2998 1684 3053 1731 et
3086 1675 3261 1733 oﬁicio
3284 1675 3416 1731 satis

1835 1780 2017 1841 aptum
2044 1789 2058 1825 :
2092 1770 2239 1825 dedit
2261 1777 2316 1825 et
2341 1771 2565 1825 calicem
2589 1786 2755 1824 unum
2776 1786 2897 1825 cum
2919 1778 3113 1839 patena
3133 1768 3415 1833 eximium,

170 1864 477 1923 praestantur
503 1832 848 1925 poscentibus
875 1856 1155 1911 beneﬁcia.
1184 1856 1316 1911 Illud
1338 1832 1730 1912 etiam'memo-
1762 1832 1807 1891 Β
1834 1832 1992 1931 qnem
2041 1862 2365 1930 quantitatis
2411 1870 2462 1917 et
2513 1861 2768 1931 ponderis
2811 1832 3195 1928 ntagiiifactum
3226 1860 3292 1914 de
3336 1872 3420 1912 ar-

170 1944 248 1997 riat
269 1944 586 1999 tradendum
615 1946 758 2015 quod
783 1947 1033 2016 primitus
1059 1964 1088 2001 a
1127 1947 1462 2014 Quintiliano
1485 1949 1603 2003 viro
1635 1964 1732 2003 no—

167 2032 428 2105 bilissimo,
465 2036 607 2091 binm
631 2036 870 2092 ecclesia:
899 2038 1026 2092 inibi
1052 2048 1378 2094 constructa:
1409 2038 1593 2103 fuere;
1624 2054 1731 2094 una

169 2128 409 2197 siquidem
444 2128 506 2182 in
552 2130 757 2187 honore
794 2137 996 2183 sanctae
1039 2130 1230 2185 matris
1274 2128 1482 2186 Domini
1516 2129 1727 2195 Marim;

170 2215 316 2272 altera
345 2233 569 2289 quoque
608 2218 661 2272 in
703 2218 904 2289 egregii
933 2218 1181 2290 przesulis
1205 2218 1460 2275 Germani
1506 2235 1732 2275 venera-

171 2307 318 2375 tione,
348 2326 479 2381 qnzn
515 2309 763 2365 videlicet
811 2325 956 2363 nunc
1005 2324 1111 2364 uno
1160 2311 1365 2365 ambitu
1412 2312 1734 2382 spatiosiore

167 2401 369 2457 collecta
398 2402 666 2457 tredecim
692 2401 1007 2455 altariorum
1036 2400 1146 2456 aris
1175 2417 1297 2456 cum
1321 2401 1434 2456 suis
1461 2400 1734 2456 absidibus

167 2494 483 2549 examussim
515 2493 791 2563 diSpertita
825 2500 938 2558 est;
973 2491 1140 2546 claret
1182 2491 1325 2546 enim
1371 2489 1521 2547 locus
1551 2490 1636 2545 ille
1666 2488 1735 2544 ab

171 2583 307 2639 initio
329 2584 597 2637 virtutum
627 2582 899 2637 miraculis
924 2592 1086 2651 atque
1116 2581 1505 2635 inﬁrmantium
1531 2581 1735 2636 sanita-

169 2674 309 2729 tibus.
357 2673 606 2744 Contigit
645 2674 789 2728 enim
833 2673 1167 2744 plerumque,
1221 2680 1278 2726 ut
1323 2673 1422 2742 ipsi
1477 2672 1732 2735 vidimu',

171 2766 279 2820 dum
321 2765 511 2822 ﬁdeles
542 2766 718 2820 devoti
756 2766 819 2819 ad
854 2766 1102 2820 eumdem
1133 2765 1310 2819 locum
1338 2763 1404 2818 de
1448 2763 1605 2834 longe
1640 2777 1731 2818 ve-

170 2859 357 2921 nientes
397 2856 660 2913 candelas
708 2856 911 2927 absque
941 2855 1145 2910 lumine
1175 2855 1229 2909 in
1274 2853 1523 2909 manibus
1555 2864 1735 2925 gesta-

171 2958 271 3002 rent
299 2949 415 3018 plus
448 2949 702 3003 minusve
728 2947 903 3002 stadio
935 2956 1222 3016 antequam
1247 2944 1314 2998 ad
1339 2943 1734 3000 monasterium

167 3040 517 3111 pervenirent,
550 3047 608 3093 ut
634 3052 695 3093 ex
728 3038 926 3093 eisdem
970 3035 1208 3092 candelis
1252 3035 1392 3105 ignis
1432 3033 1733 3089 ﬂammivo-

170 3145 250 3185 rus
275 3140 577 3193 eructaret,
608 3129 652 3184 si
677 3128 930 3200 quislibet
952 3143 1080 3182 vero
1107 3143 1172 3181 ex
1200 3127 1363 3183 rebus
1394 3128 1461 3182 ad
1483 3126 1732 3182 eumdem

1833 1960 1997 2021 gente
2021 1966 2158 2021 opus
2189 1950 2480 2020 insignibat
2517 1951 2832 2006 deauratum
2858 1966 2872 2003 :
2923 1946 3053 2003 fecit
3074 1955 3337 2019 praeterea
3364 1954 3420 2002 et

1834 2040 1888 2094 in
1912 2041 2104 2095 eadem
2133 2039 2361 2096 ecclesia
2390 2040 2505 2094 ﬁeri
2534 2039 2638 2095 duo
2659 2040 2811 2109 signa
2841 2039 3161 2110 quantitatis
3188 2051 3418 2110 magna,

1837 2144 1956 2197 qua:
1983 2130 2281 2185 secundum
2303 2130 2661 2199 quantitatem
2689 2128 2849 2200 digna
2878 2128 2988 2185 Deo
3013 2142 3269 2185 sonorum
3291 2142 3420 2183 con-

1831 2219 2104 2275 venientia
2145 2220 2362 2275 etdulci
2411 2228 2661 2290 coaptata
2711 2227 2835 2276 sunt
2882 2218 3267 2285 modulatione,
3294 2218 3421 2275 inde

1838 2310 1980 2364 inter
2007 2321 2202 2365 caetera
2246 2309 2394 2365 nulla
2426 2310 2646 2381 dignum
2674 2309 2926 2365 duximus
2961 2309 3261 2374 oblivione,
3288 2308 3418 2380 quia

1834 2400 1973 2472 apud
2002 2410 2239 2457 castrum
2272 2400 2593 2456 Varziacum
2624 2415 2735 2457 sure
2761 2409 2815 2455 et
2856 2408 3263 2455 antecessorum
3294 2413 3422 2455 suo-

1835 2508 1953 2548 rum
1996 2495 2275 2564 proprium
2323 2494 2526 2548 ditione
2553 2501 2754 2547 sancta:
2777 2490 3031 2561 Eugeniae
3060 2489 3341 2546 ecclesiam
3387 2504 3419 2544 a
3462 2556 3469 2559 Α

1833 2584 2008 2639 beata:
2031 2583 2418 2639 recordationis
2446 2582 2689 2638 antistite
2720 2580 3016 2637 Gualdrico
3038 2580 3417 2647 constitutam,

1835 2678 1926 2748 qui
1957 2687 2012 2732 et
2040 2676 2301 2746 reliquias
2325 2676 2495 2746 ipsius
2520 2684 2723 2730 sancta:
2747 2673 2974 2745 virginis
2998 2688 3028 2727 a
3053 2671 3261 2728 Joanne
3294 2686 3421 2744 apo-

1836 2765 2027 2821 stolico
2083 2765 2402 2835 impetratos
2446 2765 2760 2828 devexerat,
2807 2778 2928 2832 quae
2971 2776 3070 2831 per
3115 2769 3414 2832 temporum

1834 2855 2234 2926 longmvitatem
2265 2857 2587 2924 subrepente
2618 2852 2840 2908 Patrum
2877 2851 3233 2922 quorumdam
3266 2849 3421 2905 incn-

1835 2949 1939 3011 ria,
1985 2946 2185 3002 nullius
2228 2961 2363 3016 pene
2403 2944 2609 3001 servitii
2663 2942 2928 2999 Dontinici
2979 2939 3422 3011 frequentabatur

1836 3037 2118 3101 instantia,
2161 3036 2227 3090 ad
2278 3042 2484 3089 tantam
2514 3033 2751 3089 donante
2796 3031 2910 3088 Deo
2941 3032 3267 3087 restauravit
3303 3032 3419 3103 glo-
3500 3048 3509 3051 μ

1837 3128 1997 3194 riam,
2025 3135 2164 3182 utet
2197 3126 2342 3182 intus
2369 3133 2421 3181 et
2463 3123 2596 3180 foris
2643 3121 2760 3193 ejus
2802 3137 2977 3194 usque
3001 3122 3055 3178 in
3101 3122 3418 3178 bodiemum

168 3218 324 3274 locum
349 3194 787 3291 pertinentibus,
813 3219 865 3274 vi
909 3234 1003 3274 seu
1043 3217 1187 3273 furto
1231 3218 1476 3274 fraudem
1523 3217 1731 3283 fecerit,
1763 3194 1809 3259 Ο
1839 3218 1984 3274 diem
2031 3220 2082 3274 in
2113 3233 2176 3275 ea
2229 3216 2384 3274 labor
2435 3222 2711 3289 appareat.
2746 3212 2883 3268 Nam
2912 3212 3147 3283 parietes
3182 3210 3419 3267 dealbari

169 3311 401 3365 continuo
429 3310 838 3366 evidentissime
866 3312 1330 3382 rectorjustorum
1360 3310 1502 3367 ultor
1528 3311 1734 3377 existit,

169 3414 223 3453 ac
273 3402 537 3472 quidquid
583 3401 781 3457 ibidem
811 3402 1042 3459 ﬁdeliter
1068 3404 1272 3475 petitur
1317 3402 1522 3458 affatim
1568 3404 1737 3474 impe-

170 3499 341 3550 tratur.

227 3581 492 3638 Praeterea
563 3584 839 3639 tricesimo
895 3585 1127 3656 septimo
1195 3600 1305 3640 sua:
1371 3585 1738 3642 ordinationis

166 3687 309 3739 anno,
335 3677 580 3745 perrexit
609 3677 899 3747 praedictus
927 3677 1080 3747 llugo
1121 3676 1445 3742 Jerusalem,
1475 3678 1609 3732 satis
1637 3678 1738 3731 lto—

167 3765 367 3821 ttoriﬁee
414 3768 488 3821 ad
543 3768 851 3837 sepulcrum
896 3768 1108 3823 Domini
1152 3779 1431 3835 oraturus,
1489 3783 1554 3824 ac
1611 3769 1734 3824 inde

166 3858 361 3913 rediens
394 3860 679 3923 alacriter,
709 3860 940 3930 propriae
969 3861 1081 3915 sedi
1116 3861 1355 3915 innitens
1401 3861 1737 3914 mansuetior

166 3944 312 4015 degit.
343 3948 607 4004 Ecclesia:
641 3949 828 4005 matris
855 3951 1060 4014 sedem,
1097 3967 1259 4021 quam
1304 3959 1461 4006 antea
1493 3950 1737 4006 mdiliciis

164 4038 558 4104 sublimaverat,
583 4042 891 4097 accuratius
918 4043 1124 4097 studuit
1143 4051 1332 4113 postea
1363 4044 1651 4108 adornare,
1679 4053 1734 4097 et

164 4130 304 4187 donis
330 4132 422 4188 Dei
451 4134 595 4203 aptis
626 4135 848 4190 servitio
875 4135 1171 4191 studiosius
1209 4140 1420 4190 curavit
1450 4134 1734 4206 insignire,

165 4222 289 4280 unde
313 4235 367 4281 et
408 4216 520 4282 duo
560 4227 709 4282 mira:
738 4226 1150 4283 artiﬁciositatis
1187 4229 1419 4299 mirique
1455 4228 1635 4298 operis
1680 4237 1735 4283 et

162 4317 304 4383 pretii
334 4319 660 4374 vestimenta
689 4320 1009 4390 episcopalis
1046 4320 1325 4392 dignitatis
1354 4321 1731 4376 convenientia

161 4405 338 4475 cilicio,
371 4411 553 4465 eidem
580 4420 912 4482 coeperante
943 4412 1043 4466 sibi
1076 4411 1166 4466 Dei
1196 4411 1368 4481 gratia
1402 4410 1601 4465 meruit
1633 4411 1732 4464 im-

162 4498 361 4565 pertiri;
398 4500 593 4554 borum
624 4516 811 4565 unum,
834 4501 976 4570 quod
1006 4500 1160 4571 quasi
1187 4500 1415 4556 minoris
1448 4499 1609 4570 pretii
1645 4500 1726 4553 vi-
1756 4542 1807 4600 Β

162 4583 392 4655 debatur,
429 4598 600 4644 totmn
646 4606 779 4645 auro
808 4591 1041 4663 Phrygio
1088 4591 1319 4646 miriﬁco
1347 4592 1494 4646 circa
1529 4590 1726 4646 eollmn

163 4666 400 4745 amictus,
436 4690 492 4736 et
525 4682 791 4737 cervicem
821 4697 993 4753 usque
1022 4683 1087 4737 ad
1131 4683 1258 4745 ima,
1291 4682 1451 4747 stola,
1485 4682 1728 4752 manipu-

165 4761 238 4832 lis,
278 4769 328 4824 in
365 4769 488 4827 loco
535 4788 634 4828 suo
671 4774 1082 4829 decentissimus
1125 4773 1490 4843 operiebatur.
1536 4772 1729 4829 Casula

164 4869 362 4927 quoque
408 4875 679 4932 purpurea
723 4862 955 4932 grandes
1000 4861 1209 4933 aquilas
1250 4862 1446 4919 coloris
1489 4863 1726 4918 coccinei

164 4946 384 5006 intextas
411 4942 834 5025 circumquaque
856 4956 1214 5019 monstrabat,
1239 4956 1393 5025 cujus
1412 4954 1728 5025 superﬁcies

172 5040 280 5094 auri
300 5041 519 5116 Bbrygii
547 5045 1098 5101 circumductionibus
1127 5045 1465 5101 stellantibus
1492 5046 1731 5115 resplen-

166 5128 343 5198 dcbat;
399 5134 628 5190 alterum
679 5138 943 5206 siquidem
998 5138 1173 5211 qualis
1224 5137 1383 5193 fuerit
1435 5138 1731 5208 imperialis

166 5214 368 5278 Ottonis
414 5218 798 5282 muniﬁcentia
829 5268 844 5293 ,
902 5226 1054 5297 cujus
1127 5228 1256 5284 illud
1309 5228 1359 5283 ei
1416 5229 1598 5284 datum
1651 5237 1734 5284 est

168 5319 337 5379 mann,
396 5315 736 5382 testiﬁcatur,
785 5332 977 5387 nempe
1028 5317 1172 5373 velut
1223 5319 1276 5374 in
1327 5319 1505 5389 capite
1560 5318 1732 5374 sancti

168 5401 335 5459 Aaron
366 5406 581 5473 dicitur,
631 5409 685 5463 in
726 5410 924 5464 amictu
959 5410 1155 5465 lamina
1203 5426 1366 5466 aurea
1418 5410 1728 5481 margaritis

170 5502 219 5545 et
268 5486 527 5566 lapidibus
599 5501 852 5570 pretiosis
925 5502 1258 5568 intertexta,
1332 5503 1485 5574 quasi
1557 5500 1724 5573 regali

175 5580 462 5641 diademate
513 5589 709 5644 summi
780 5588 1079 5646 sacerdotis
1145 5600 1308 5661 caput
1388 5591 1726 5656 illustrabat,

173 5672 302 5737 Palla
358 5692 483 5734 vero
540 5683 795 5737 carbasea
855 5697 1019 5737 aureo
1095 5684 1238 5737 circa
1310 5691 1499 5752 pectus
1574 5683 1727 5737 cﬁ‘u’l-

174 5777 295 5828 gens
324 5771 562 5827 rationali
598 5790 627 5827 a
660 5775 884 5842 genibus
923 5774 990 5829 ad
1039 5774 1173 5830 talos
1209 5789 1379 5844 usque
1424 5774 1723 5829 ltoloserica

1839 3308 2067 3376 faciens,
2095 3309 2284 3364 vitreis
2310 3319 2365 3364 ct
2403 3304 2747 3379 laquearibus
2788 3301 3116 3374 honestat/it,
3150 3317 3204 3362 et
3236 3300 3418 3377 pallia,

1839 3401 2024 3467 libros,
2068 3409 2124 3457 et
2165 3408 2485 3455 ornamenta
2520 3400 2715 3456 diversi
2763 3398 2977 3469 generis
3018 3397 3149 3452 inibi
3178 3396 3418 3460 donavit,

1837 3491 1996 3549 simul
2024 3492 2186 3547 etiam
2218 3492 2283 3547 de
2331 3489 2630 3547 rcdditibus
2675 3488 3023 3561 proprietatis
3053 3503 3165 3544 suae
3199 3486 3425 3542 canoni-

1838 3583 1972 3639 calis
2013 3581 2221 3637 ordinis
2266 3596 2527 3652 personas
2569 3581 2826 3652 probatas
2868 3579 3093 3651 eligens,
3118 3577 3304 3632 decem
3351 3575 3419 3631 ad

1838 3672 2077 3727 divinum
2116 3671 2400 3726 servitium
2431 3669 2830 3742 praebendarios
2873 3669 2927 3723 in
2966 3675 3227 3722 teter-num
3254 3665 3422 3736 depu-

1839 3763 1991 3816 tavit.
2019 3762 2073 3816 ln
2105 3760 2321 3816 Canada
2359 3759 2608 3815 similiter
2637 3759 2857 3815 castello
2889 3774 2998 3814 sum
3028 3757 3222 3813 matris
3250 3755 3420 3822 sedis,

1839 3854 2009 3910 sancti
2041 3854 2296 3925 martyris
2322 3852 2602 3908 Laurentii
2630 3852 2913 3908 ecclesiam
2942 3860 3288 3914 construens,
3336 3848 3420 3903 dio

1837 3943 2076 3998 vinitatis
2098 3943 2299 3998 cultum
2330 3942 2598 4012 ampliari,
2626 3951 2679 3997 et
2726 3941 2816 3995 Dei
2860 3940 3095 3995 ﬁdelium
3134 3953 3323 3995 curam
3364 3946 3421 3992 et

1837 4033 2057 4089 servitia
2106 4031 2409 4088 honoriﬁce
2448 4032 2634 4087 haberi
2661 4032 2715 4086 in
2751 4046 2914 4085 manu
2959 4030 3320 4093 sacerdotum,
3352 4027 3419 4082 de

1837 4128 1953 4183 suis
1980 4126 2217 4196 largiens
2238 4125 2553 4196 imperavit;
2586 4123 2836 4194 deditque
2875 4122 2939 4178 ad
2968 4122 3171 4177 victum
3199 4119 3417 4175 canoni-

1835 4234 2021 4276 corum
2071 4200 2300 4273 fratrum
2344 4218 2573 4288 paredas
2621 4216 2864 4271 omnium
2910 4212 3262 4269 ecclesiarum
3318 4224 3416 4265 eo-

1838 4310 2079 4365 rumdem
2127 4326 2246 4381 qua:
2286 4309 2552 4366 habentur
2599 4308 2652 4362 in
2711 4307 3023 4377 episcopatu
3090 4302 3422 4359 Autissiodu-

1834 4402 1999 4467 rensi,
2029 4401 2283 4456 similiter
2304 4410 2360 4456 et
2399 4400 2638 4457 debitum
2681 4399 3024 4462 horreorum,
3051 4396 3104 4450 id
3145 4405 3228 4451 est
3266 4408 3417 4467 gran-

1835 4489 2089 4559 gaticum,
2118 4488 2260 4558 quod
2285 4487 2352 4543 ad
2376 4503 2434 4544 se
2450 4487 2773 4558 pertinebat,
2802 4486 2906 4541 illis
2925 4486 3125 4540 habere
3145 4483 3415 4555 permisit,

1834 4578 2198 4648 praecepitque
2226 4586 2288 4632 ut
2317 4578 2371 4631 in
2418 4576 2568 4632 silvis
2614 4575 2786 4631 sancti
2837 4574 3098 4644 Stephani
3136 4575 3205 4628 de
3237 4572 3418 4643 porcis

1834 4667 2044 4722 illorum
2089 4682 2363 4738 nunquam
2417 4667 2756 4737 acciperetur
2800 4664 3204 4736 pastinaticum.
3265 4660 3417 4717 Tunc

1828 4756 1995 4811 etiam
2039 4756 2322 4812 constituit
2347 4766 2407 4810 ut
2427 4755 2586 4811 annis
2615 4754 2841 4824 singulis
2888 4753 2957 4808 ab
3002 4751 3207 4809 eisdem
3250 4766 3410 4807 cano—

1832 4846 1969 4902 nicis
1992 4845 2211 4902 sublimi
2240 4845 2581 4901 solemnitate
2622 4843 2797 4900 sancti
2843 4843 3099 4911 martyris
3137 4840 3408 4897 Vincentii

1833 4937 2101 4993 festivitas
2124 4952 2293 5008 usque
2319 4937 2373 4991 in
2400 4946 2648 4991 octavum
2674 4930 2815 4991 diem
2841 4934 3232 4990 celebraretur.
3258 4932 3415 4988 Dedit

1829 5030 1994 5083 etiam
2026 5028 2092 5083 ad
2118 5028 2319 5083 victum
2360 5028 2747 5085 canonicorum
2777 5027 3007 5083 fratrum
3037 5034 3249 5098 partem
3286 5024 3417 5081 Gre—

1820 5117 2008 5173 ‘vennii
2061 5117 2190 5182 vici,
2236 5131 2398 5187 quam
2428 5117 2740 5173 redemerat
2768 5115 2836 5172 ab
2863 5116 3108 5173 Arduino
3145 5113 3414 5169 archidia-

1830 5221 1989 5271 cono,
2031 5221 2154 5262 cum
2203 5215 2385 5262 autem
2433 5206 2690 5278 cmpisset
2734 5207 3020 5273 inﬁrmari,
3070 5207 3312 5263 sentiens
3355 5220 3414 5259 se

1833 5296 2035 5352 diutius
2063 5310 2168 5350 non
2214 5296 2504 5363 victurum,
2527 5294 2686 5366 jussit
2712 5309 2777 5351 ex
2801 5297 2963 5352 rebus
2986 5296 3218 5367 propriis
3243 5295 3412 5350 hono-

1812 5385 1986 5441 riﬁce
2031 5384 2344 5441 reatdiﬁcari
2400 5401 2431 5441 a
2479 5385 2845 5442 fundamentis
2898 5385 3184 5442 ecclesiam
3241 5386 3414 5441 beatte

1810 5475 2037 5541 Mariae,
2068 5490 2187 5545 qua:
2227 5476 2520 5547 primatum
2569 5477 2770 5532 dicitur
2820 5485 3003 5531 tenere
3049 5477 3190 5531 intra
3229 5491 3414 5533 muros

1834 5566 2112 5622 civitatis:
2161 5566 2302 5636 quod
2350 5575 2528 5624 tamen
2574 5581 2711 5636 opus
2756 5565 3129 5636 imperfectum
3173 5566 3411 5636 reliquit.

1832 5657 2073 5713 Cernens
2096 5672 2310 5728 quoque
2335 5672 2489 5714 suum
2531 5657 2894 5729 propinquare
2928 5656 3154 5724 obitum,
3184 5657 3413 5714 contulit

1836 5771 1893 5808 se
1915 5754 2106 5809 devote
2128 5751 2193 5808 ad
2220 5752 2359 5808 beati
2387 5751 2641 5809 Germani
2668 5750 3409 5819 monasterium,-ibidemque
