3910 5336
511 345 617 416 3‘39

1382 354 1672 410 nemo.
1710 357 1801 410 AD
1854 352 2025 410 sec.
2079 353 2148 408 x.
2180 385 2250 395 —
2283 352 2511 410 OPERA
2548 331 2939 419 “manu;

513 469 887 547 monachalem
914 467 1371 534 induithahitum,
1403 470 1590 538 sicque
1617 477 1738 540 post
1762 470 1906 523 diem
1928 459 2160 539 quar—A
2188 471 2295 527 erit
2339 487 2405 527 eo
2450 472 2539 528 die
2585 482 2708 528 utar
2752 474 2819 529 ad
2867 470 3029 541 hujus
3075 471 3154 526 rei
3199 469 3569 527 testimonium
3598 471 3773 533 clero.

515 572 651 637 tum,
701 559 909 615 scilicet
936 557 1107 630 pridie
1153 557 1292 613 Non.
1331 558 1590 615 Novemb.
1634 569 1956 615 consecutus
2000 568 2086 615 est

514 650 792 722 praesentis
813 649 937 705 vitae
967 650 1279 715 terminum,
1309 650 1449 706 sedit
1478 660 1665 706 autem
1691 650 1743 705 in
1773 650 2084 721 episc0patu

514 758 686 797 annos
712 741 805 807 ιο,
835 755 1008 798 mens.
1040 740 1074 796 8
1102 748 1159 797 et
1181 740 1298 796 dies
1318 739 1371 806 4,
1401 749 1455 796 et
1486 740 1586 796 fuit
1616 740 1806 796 civitas
1832 740 1949 796 sine
1973 739 2089 810 epi-

511 850 677 906 scopo
703 834 817 891 dies
846 833 936 891 36.
1636 837 1650 851 ⁴

894 924 1020 981 CAP.
1053 923 1115 980 L.
1140 957 1211 967 --
1234 925 1308 982 De
1338 925 1619 982 Heriberlo
1649 924 1737 980 II.

588 1015 909 1074 Heribertus
945 1019 1243 1084 secundus,
1270 1020 1360 1090 qui
1401 1028 1484 1075 est
1520 1021 1570 1074 in
1601 1019 1847 1090 catalogo
1882 1020 2091 1090 cpisco-

513 1122 706 1175 porum
746 1106 834 1173 50,
867 1106 1084 1163 natione
1117 1108 1624 1175 Antissiodorensis,
1653 1124 1717 1163 ex
1766 1120 1920 1179 patre
1947 1109 2091 1164 Vau-

513 1196 670 1266 terio,
701 1205 757 1251 et
802 1206 974 1251 matre
1004 1196 1226 1253 llemma
1272 1198 1394 1263 fuit,
1433 1214 1592 1268 quem
1635 1208 1948 1254 antecessor
1975 1199 2090 1269 ejus

514 1284 666 1356 llugo
716 1285 768 1339 in
821 1285 1191 1355 pontificatum
1239 1286 1419 1358 elegit,
1468 1287 1554 1343 cui
1611 1289 1950 1359 postmodum
1997 1305 2087 1343 rex

514 1374 787 1432 llcnrieus
827 1392 949 1431 cum
981 1378 1215 1433 maximo
1252 1379 1491 1434 exercitu
1522 1381 1743 1436 veniens
1767 1381 1818 1435 in
1851 1381 2092 1451 Burgun-

487 1465 679 1530 .diam,
708 1465 1077 1535 episcopatum
1111 1454 1179 1522 ex
1234 1483 1385 1523 more
1406 1469 1569 1524 dedit.
1608 1467 1706 1524 Hic
1751 1470 1803 1524 in
1835 1470 1921 1525 die
1946 1470 2091 1526 ordi-

517 1555 754 1609 nationis
779 1570 909 1618 sum,
941 1572 1062 1611 cum
1094 1559 1384 1613 secundum
1417 1560 1839 1616 ecclesiasticam
1865 1577 2090 1618 consuco

514 1644 755 1700 tudinem
783 1647 1055 1703 cathedra:
1078 1649 1295 1705 innixus
1319 1650 1607 1721 episcopali
1636 1653 1702 1707 ad
1739 1654 1911 1709 sancti
1959 1652 2091 1707 Pro-

512 1732 778 1793 todiaconi
809 1736 1032 1793 Matrem
1075 1740 1254 1795 sedem
1306 1741 1562 1797 nobilium
1612 1741 1852 1798 humeris
1896 1744 2089 1813 depor-

2186 562 2401 630 quando
2447 561 2571 631 ipse
2605 561 2827 617 intravit
2874 561 3207 626 Eeclesiam,
3235 562 3316 617 sic
3359 561 3564 615 nudum
3604 560 3773 615 Vesti—

2188 651 2384 719 mentis
2405 652 2821 723 presbyterium,
2847 653 2926 708 sic
2948 652 3191 707 ecclesia:
3211 666 3408 721 corpus
3430 650 3773 707 ornamentis

2188 750 2435 804 emtum,
2478 740 2559 797 sic
2593 742 2818 796 chorum
2854 742 3038 813 cappis
3067 742 3423 812 exspoliatum
3454 742 3683 812 reperit,
3715 749 3775 795 ut

2192 832 2244 887 in
2266 832 2299 887 5
2330 842 2532 910 tantum
2564 834 2980 903 panniclerosis.
3018 846 3073 890 et
3109 843 3260 889 sexta
3290 848 3410 903 qua:
3439 832 3581 887 bona
3630 839 3771 894 erat,

2192 922 2388 978 chorus
2452 923 2729 992 psallendo
2799 923 3196 994 triumpharet,
3260 921 3517 989 nullaque
3573 926 3775 989 prmter

2193 1028 2356 1067 umtm
2398 1013 2688 1067 dersalinm
2745 1013 2980 1084 parietes
3027 1013 3321 1083 aperirent,
3373 1011 3478 1066 nisi
3522 1009 3775 1080 quaedam

2192 1102 2368 1165 lanea.
2396 1113 2451 1158 et
2476 1120 2598 1159 cum
2632 1104 2718 1158 his
2748 1119 2917 1174 pauca
2947 1103 3161 1173 palliOla
3184 1117 3303 1172 qua:
3326 1118 3395 1157 ex
3414 1116 3510 1155 sua
3533 1099 3777 1154 utilitate

2190 1202 2372 1247 essent
2403 1191 2655 1246 Ecclesiae
2689 1192 2931 1256 residua,
2982 1192 3127 1245 nulla
3155 1191 3385 1260 denique
3416 1186 3775 1258 pontificalia,

2192 1280 2245 1335 in
2284 1280 2481 1350 quibus
2521 1280 2634 1351 ipse
2682 1281 2901 1335 missam
2943 1280 3196 1335 decenter
3228 1278 3555 1340 celebraret,
3603 1276 3781 1330 habeo

2193 1380 2377 1426 rentur
2416 1369 2763 1424 indumenta:
2802 1369 3059 1424 incultam
3110 1369 3291 1438 itaque
3332 1366 3557 1436 recepit,
3588 1363 3687 1419 sed
3719 1370 3779 1416 ut

2190 1477 2320 1518 suns
2386 1461 2701 1516 dissimilem
2758 1477 3040 1517 successor
3100 1460 3412 1531 acciperet,
3479 1456 3777 1513 laboravit.

2192 1550 2324 1607 Nam
2399 1562 2454 1608 et
2499 1553 2722 1607 chorum
2768 1552 3011 1607 honestis
3089 1551 3157 1606 l5
3214 1550 3401 1620 cappis
3446 1547 3770 1608 lmtilicavit,

2191 1643 2460 1713 regiisque
2521 1642 2824 1697 dorsalibus
2887 1643 3124 1712 quinque
3171 1641 3407 1712 parietes
3461 1637 3771 1699 decoravit,

2187 1735 2431 1789 ordinem
2476 1749 2692 1804 quoque
2735 1733 3148 1804 ingredientium
3189 1733 3254 1786 ad
3292 1731 3465 1785 altare
3511 1729 3569 1782 in
3618 1726 3781 1782 festis

516 1836 662 1882 latus
688 1838 854 1894 esset,
878 1828 1024 1885 dedit
1050 1830 1303 1887 Ecclesiae
1333 1833 1549 1903 pallium
1588 1834 1774 1906 ingens
1801 1810 2087 1905 οριίιιίυηι,
2122 1810 2164 1868 Β
2193 1834 2355 1893 atque
2399 1824 2653 1894 profestis
2695 1824 2885 1878 diebus
2928 1821 3182 1894 congruis
3202 1821 3436 1877 cultibus
3466 1816 3781 1873 adornavit.

513 1919 657 1986 quod
712 1920 883 1992 vulgo
921 1921 1133 1978 dorsale
1174 1923 1393 1990 dicitur,
1438 1925 1582 1995 quod
1623 1926 1786 1982 etiam
1835 1941 2004 1996 usque
2039 1926 2090 1981 in

517 2010 836 2067 hodiermnn
870 2014 1009 2069 diem
1060 2015 1201 2072 inter
1227 2026 1421 2073 uetera
1454 2017 1706 2074 Ecclesia:
1738 2018 1908 2089 ipsius
1933 2014 2093 2074 orna-

514 2112 694 2156 menta
741 2104 909 2158 videri
955 2106 1299 2163 manifestum
1331 2118 1432 2164 est.
1465 2107 1522 2163 ln
1553 2109 1883 2179 temporibus
1912 2109 2092 2178 itaque

512 2191 673 2261 hujus
701 2192 949 2248 dominus
996 2192 1106 2249 Leo
1153 2210 1290 2266 papa
1339 2195 1393 2250 in
1423 2194 1625 2252 Gallias
1655 2197 1873 2253 veniens
1908 2198 2091 2254 Remis

514 2282 794 2353 metropoli
829 2284 1115 2339 concilium
1161 2285 1455 2342 celebravit
1479 2295 1535 2342 et
1578 2289 1840 2357 quosdam
1888 2288 2093 2358 episco-

511 2375 1007 2443 purumdehteresi
1046 2378 1342 2434 simoniaca
1384 2379 1436 2433 in
1470 2380 1661 2436 faciem
1712 2379 1963 2435 Ecclesiae
2009 2395 2093 2435 re-

511 2463 781 2533 darguens
819 2465 1127 2521 notabiliter
1155 2469 1336 2523 dedit:
1374 2468 1516 2525 inter
1551 2484 1689 2540 quos
1718 2468 2090 2523 Senonensem

512 2554 980 2627 archiepiscopum
1016 2555 1359 2623 Gelduiuum,
1392 2570 1447 2615 et
1477 2559 1865 2632 Liugonensem
1915 2559 2092 2632 [lngo-

513 2662 637 2703 nem
691 2648 982 2703 multarum
1036 2650 1377 2720 iniquitatum
1428 2652 1574 2708 vitiis
1614 2653 1923 2718 infamatus,
1971 2661 2026 2706 et
2060 2666 2089 2705 a

513 2737 628 2793 suis
655 2735 928 2796 multoties
957 2751 1292 2810 reverenter,
1321 2753 1378 2800 ut
1407 2745 1650 2807 decebat,
1691 2744 1880 2800 Patres
1909 2745 2092 2799 admo-

512 2829 687 2894 nitos,
731 2840 788 2886 et
809 2842 1113 2898 correctos,
1158 2835 1438 2893 volutabra
1487 2853 1596 2893 sua:
1633 2838 1921 2907 pravitatis
1956 2837 2094 2892 male

516 2920 1046 2990 inhrerentcs,.etiam
1071 2941 1208 2996 pene
1232 2937 1509 2997 apostatas
1535 2931 1600 2985 de
1625 2930 1831 2985 sodium
1871 2946 2092 2985 suarum

512 3019 782 3078 potestate
809 3014 1076 3082 deposuit,
1103 3024 1160 3071 ct
1188 3018 1238 3071 in
1272 3020 1514 3086 reprolue
1547 3021 1666 3074 vita:
1691 3021 1893 3074 diutina
1921 3020 2094 3090 putui-

516 3112 571 3155 tu
615 3103 702 3157 iue
751 3103 819 3157 ad
864 3106 1279 3162 examinandum
1327 3109 1558 3164 interdiu
1609 3110 1881 3175 dimissos,
1912 3111 2093 3166 divine

516 3194 783 3262 respectui
832 3197 1148 3261 reservavit,
1197 3213 1357 3267 quem
1408 3200 1459 3254 in
1510 3201 1783 3255 redeundo
1812 3210 1967 3270 pater
1993 3202 2095 3257 iste

517 3293 736 3340 secutus
763 3302 932 3356 usque
980 3289 1046 3342 ad
1093 3288 1371 3344 civitatem
1413 3288 1660 3355 Tullum,
1691 3292 1871 3361 inqua
1902 3292 2094 3346 beatus

508 3376 608 3447 .iilc
638 3388 763 3433 ante
793 3389 1043 3449 papatum
1075 3379 1290 3436 sederat
1313 3381 1621 3453 episcopus,
1647 3381 1929 3452 colloquiis
1955 3382 2095 3437 illius

505 3475 811 3531 recreatus,
841 3470 1012 3525 sacris
1034 3471 1473 3540 persuasionibus
1514 3471 1852 3535 informatus,
1880 3473 2097 3528 benedi-

516 3560 788 3615 (tionibus
829 3563 1177 3632 jucundatus,
1207 3564 1272 3619 ad
1321 3567 1501 3620 sedem
1532 3581 1685 3620 suam
1732 3565 2005 3635 repedavit
2041 3566 2093 3620 iu

516 3667 673 3720 pace,
724 3653 858 3709 satis
914 3653 1101 3710 hilaris
1153 3664 1207 3710 et
1255 3655 1437 3720 laetus,
1480 3656 1573 3711 sed
1622 3671 1727 3710 non
1781 3656 1936 3724 longo
1977 3664 2097 3726 post

519 3754 761 3814 tempore
807 3760 927 3800 cum
972 3760 1002 3799 a
1055 3745 1188 3800 duce
1234 3745 1557 3814 Burgundire
1611 3746 1870 3811 Ruherto,
1920 3747 2009 3816 qui
2043 3747 2095 3801 in

518 3843 761 3903 tempore
786 3836 960 3890 adhuc
987 3852 1086 3891 suo
1111 3836 1483 3892 Antissiodoro
1500 3837 1707 3892 civitati
1731 3837 2095 3907 imperitabat,

514 3924 716 3995 quique
740 3941 836 3981 sua
857 3937 911 3982 et
939 3926 1175 3982 fraterna
1200 3928 1340 3999 regis
1364 3927 1580 3983 lienrici
1608 3936 1875 3997 potestate
1901 3928 2094 3992 elatus,

505 4015 718 4070 .multas
745 4017 852 4072 sibi
876 4025 932 4072 et
967 4018 1036 4071 ob
1063 4017 1292 4074 clericos
1337 4032 1464 4072 suos
1503 4016 1780 4072 molestias
1809 4015 2095 4080 inferebat,
2132 4066 2136 4070 Α

516 4106 830 4179 aliquandiu
859 4108 1147 4166 infestatus
1186 4117 1365 4174 esset,
1399 4109 1734 4180 impatientia
1767 4109 1999 4179 quadam
2044 4118 2099 4163 et

518 4217 721 4273 angore
782 4201 946 4256 animi
997 4199 1388 4256 abrenuntians
1441 4199 1830 4266 saecularibus,
1881 4199 2101 4255 aeternis

508 4294 807 4356 .iuhiando,
827 4300 1112 4363 postquam
1135 4290 1247 4360 jam
1277 4301 1381 4361 per
1403 4291 1662 4346 tredecim
1693 4307 1864 4348 annos
1895 4292 2102 4363 episco-

521 4384 669 4453 patui
701 4382 1010 4454 praefuerat,
1056 4382 1196 4451 apud
1242 4389 1489 4437 sanctum
1520 4380 1858 4436 Salvatorem
1886 4382 1937 4435 in
1967 4396 2103 4452 pago

522 4474 811 4536 Senonico,
844 4472 1140 4528 monachus
1169 4470 1394 4528 etl‘ectus
1417 4480 1518 4538 est,
1550 4471 1638 4527 ubi
1668 4473 1721 4526 in
1753 4471 1845 4526 Dei
1877 4472 2101 4527 servit'o

523 4565 711 4619 inultis
744 4574 927 4635 postea
980 4564 1302 4634 regulariter
1348 4564 1535 4620 vivens
1576 4563 1758 4628 annis,
1802 4563 2098 4618 substituto

529 4658 628 4713 sibi
655 4655 765 4726 jam
797 4672 1109 4713 successore
1137 4654 1399 4721 Goffrido,
1426 4664 1483 4712 et
1512 4655 1824 4711 cathedram
1855 4654 1997 4710 illius
2028 4654 2102 4709 fe-

523 4746 699 4803 ficiter
772 4747 1070 4811 obtinente,
1118 4745 1374 4815 migravit
1422 4746 1490 4800 ad
1533 4744 1808 4800 Christum
1859 4758 1934 4797 vu
1977 4742 2094 4797 KaL

522 4838 679 4905 Εἶρα,
708 4847 762 4895 et
785 4838 1023 4908 sepultus
1044 4846 1128 4894 est
1158 4838 1209 4892 iu
1244 4837 1442 4893 eodem
1469 4835 1737 4891 emnobio.

958 4926 1086 4981 Car.
1114 4925 1198 4980 LI.
1218 4953 1287 4967 -—~
1314 4923 1389 4978 De
1423 4920 1682 4992 Goﬂ’ritlo.

597 5014 871 5072 Goffridus
900 5013 1056 5069 beata
1092 5014 1286 5083 dignus
1317 5010 1576 5066 memoria
1622 5010 1927 5080 cpiscopus,
1967 5008 2107 5065 filius

525 5109 768 5182 Hugonis
800 5107 1148 5164 Nivcrncusis
1186 5105 1527 5163 vicccomitis
1564 5103 1687 5171 fuit,
1742 5105 1809 5160 de
1852 5103 2103 5168 Castello,

2195 1912 2327 1968 Nam
2357 1915 2570 1968 casulas
2601 1912 2828 1969 contulit
2850 1914 2884 1967 4
2907 1927 3208 1983 purpureas
3228 1920 3284 1966 et
3309 1907 3661 1963 dalmaticam
3698 1906 3784 1959 in-

2193 2006 2423 2077 signem,
2452 2016 2508 2060 et
2530 2005 2741 2060 tunicas
2760 1992 3237 2065 luculentissimas,
3265 2001 3432 2056 stolas
3452 1998 3629 2060 albas,
3657 2011 3781 2049 cum

2192 2097 2546 2168 manutergiis
2596 2095 2922 2165 multiplices
2955 2109 3019 2148 ac
3066 2092 3352 2165 pretiosas,
3379 2089 3554 2143 altare
3581 2098 3783 2154 argen-

2194 2199 2340 2245 teum
2383 2190 2552 2253 dedit,
2600 2203 2700 2243 nec
2733 2202 2840 2242 non
2874 2184 3080 2250 omnia,
3106 2198 3227 2255 quae
3273 2182 3660 2240 subnotantur,
3696 2191 3781 2228 ar—

2190 2289 2421 2352 gentea:
2469 2279 2714 2343 calicem,
2761 2275 3115 2341 thuribulum,
3153 2289 3273 2329 cum
3318 2286 3530 2334 acerra,
3582 2265 3788 2322 cande-

2193 2372 2341 2426 labra
2385 2372 2513 2437 duo,
2559 2368 2820 2440 ampullas
2862 2367 2917 2432 2,
2967 2378 3188 2420 urceum
3231 2363 3299 2419 ad
3327 2376 3523 2432 aquam
3551 2357 3785 2413 benedia-

2191 2470 2355 2528 ctam,
2406 2469 2461 2517 et
2499 2474 2720 2516 urceum
2752 2458 2819 2513 ad
2848 2472 3039 2512 manus
3073 2455 3414 2510 sacerdotum
3460 2449 3787 2511 abluendas,

2194 2553 2390 2609 manile
2411 2553 2602 2616 etiam,
2622 2560 2676 2606 et
2691 2550 2900 2606 labrum
2922 2548 2988 2604 ad
3010 2562 3181 2619 aquas
3200 2546 3266 2601 de
3292 2543 3544 2599 manibus
3563 2540 3788 2595 abluen-

2196 2646 2328 2700 tium
2387 2642 2778 2712 suscipiendas,
2825 2639 2919 2696 sed
2949 2647 3006 2694 et
3054 2637 3158 2692 hoc
3180 2633 3439 2691 volumen
3473 2631 3576 2703 (De
3610 2629 3787 2685 Gesti:

2192 2736 2519 2810 pontiﬁcum)
2553 2732 2852 2790 renovavit.

2266 2827 2417 2894 Quod
2443 2826 2488 2880 si
2513 2834 2735 2885 czctera,
2763 2836 2883 2893 quas
2912 2820 2997 2876 his
3022 2820 3185 2891 digne
3214 2816 3456 2873 addenda
3488 2824 3621 2872 sunt
3645 2814 3794 2869 illius

2194 2914 2457 2972 beneficia
2485 2914 2667 2969 omnia
2707 2928 2773 2967 ex
2813 2919 2925 2965 toto
2960 2908 3137 2964 adhuc
3165 2907 3448 2963 scribenda
3477 2912 3632 2969 sunt,
3675 2920 3792 2957 ma-

2195 3021 2357 3078 gnam
2406 3002 2705 3074 oportuerit
2750 3015 2872 3057 esse
2916 2998 3135 3068 pellem,
3175 3012 3295 3067 qua:
3333 3010 3429 3065 pro
3478 3008 3711 3048 numero
3735 3001 3792 3046 et

2196 3094 2497 3164 quantitate
2526 3089 2791 3161 receperit
2817 3088 3065 3143 universa
3094 3103 3111 3139 :
3151 3101 3272 3139 nam
3310 3099 3432 3137 cum
3463 3082 3689 3137 dilectio
3719 3083 3794 3136 sit

2198 3186 2251 3241 in
2283 3184 2547 3239 mandatis
2572 3181 2866 3236 Dominicis
2890 3177 3140 3234 erunibus
3175 3174 3437 3238 diffusior,
3473 3188 3575 3228 nec
3602 3173 3660 3227 in
3684 3171 3797 3226 isto

2199 3277 2345 3332 circa
2375 3275 2580 3330 clerum
2605 3287 2761 3327 suum
2795 3270 3005 3325 modica
3034 3267 3197 3323 fuisse
3228 3282 3333 3321 non
3371 3265 3546 3321 solum
3579 3264 3636 3317 in
3664 3261 3798 3316 δαίμ

2196 3366 2404 3424 bilitale
2418 3362 2806 3434 jucundissima
2828 3360 3168 3431 probaretur,
3187 3357 3278 3412 sed
3297 3365 3348 3411 et
3371 3356 3423 3409 in
3447 3355 3563 3424 ipsa
3586 3369 3796 3409 mense

2199 3462 2601 3526 communione,
2637 3458 2804 3530 ipsius
2830 3456 3086 3513 facillime
3112 3453 3328 3509 dilectio
3355 3451 3571 3514 eadem,
3610 3449 3696 3503 vel
3721 3448 3795 3502 ab

2198 3550 2430 3608 incautis
2454 3555 2890 3621 cognosceretur.
2922 3544 3055 3600 Cum
3100 3542 3240 3596 ultra
3279 3539 3611 3611 regularium
3661 3551 3798 3606 epuo

2199 3646 2370 3700 larum
2398 3643 2641 3707 delicias,
2673 3653 3011 3710 non’paucos
3063 3636 3301 3706 quotidie
3323 3638 3657 3689 convocatos
3680 3628 3799 3684 cle-

2199 3736 2341 3791 ricos
2383 3733 2578 3789 nobilis
2624 3732 2762 3787 illius
2789 3730 3035 3786 reficeret
3058 3726 3265 3783 fictilia.
3296 3723 3436 3791 Quid
3474 3722 3643 3775 latius
3680 3720 3794 3774 hac

2199 3824 2529 3882 dilectione?
2558 3823 2625 3878 de
2655 3836 2718 3876 eo
2747 3819 3092 3875 scribendum
3125 3814 3350 3886 exsequi
3390 3813 3679 3873 debemus,
3713 3819 3799 3863 ta—

2199 3932 2321 3971 men
2372 3923 2433 3967 ut
2473 3928 2579 3968 non
2624 3909 2889 3965 adulando
2935 3907 3221 3962 veritatem
3277 3901 3500 3972 palpare
3552 3900 3711 3955 dicar
3756 3913 3797 3952 α

2200 4007 2519 4078 quibusdam
2550 4020 2656 4059 non
2684 4002 2846 4057 rectis
2874 4000 3071 4070 quippe
3093 3995 3390 4068 iudicibus,
3420 3994 3472 4049 in
3500 3993 3610 4049 hoc
3636 3991 3801 4063 quasi

2201 4115 2326 4156 rcus
2347 4098 2700 4170 arguebatur,
2749 4093 2845 4149 sed
2874 4093 3016 4147 sicut
3059 4087 3498 4159 frequentissime
3535 4084 3800 4140 audieba-

2202 4207 2324 4247 mus
2353 4189 2501 4244 illum
2532 4184 2919 4243 conscientiam
2953 4180 3076 4236 inde
3106 4194 3259 4234 suam
3296 4177 3398 4232 sub
3421 4174 3800 4232 obtestatione

2202 4278 2556 4344 reserantem,
2586 4276 2876 4335 credimus,
2902 4281 2956 4328 et
2979 4284 3102 4326 esse
3123 4269 3448 4325 credendum
3473 4265 3799 4325 asserimns.

2202 4390 2305 4429 nec
2333 4373 2518 4442 utique
2558 4350 2784 4440 propter
2805 4365 2949 4420 illius
2975 4362 3379 4419 excusationem
3414 4357 3592 4428 magis
3619 4354 3803 4412 credi-

2209 4480 2352 4528 mus,
2378 4477 2540 4533 quam
2564 4466 2785 4530 propter
2815 4457 2985 4526 ipsam
3012 4454 3091 4509 rei
3133 4458 3484 4522 apparentem
3510 4446 3801 4504 certitudi-

2211 4573 2333 4613 nem
2359 4574 2371 4608 :
2407 4553 2634 4616 Scilicet,
2665 4548 2807 4619 quod
2841 4545 2969 4601 nulli
2999 4559 3188 4600 eorum
3218 4543 3270 4596 in
3293 4540 3456 4597 corde
3489 4552 3591 4593 suo
3620 4535 3801 4591 inimi-

2210 4662 2326 4711 cus,
2359 4642 2485 4698 nulli
2521 4639 2749 4695 infectus
2777 4637 2886 4693 odii
2917 4634 3033 4689 zelo
3061 4633 3182 4697 fuit,
3208 4633 3301 4687 sed
3328 4630 3419 4701 qui
3443 4626 3649 4684 conscii
3704 4634 3804 4678 aut

2212 4739 2348 4794 iram
2384 4734 2525 4789 illus
2579 4746 2697 4786 sese
2739 4726 3127 4799 promeruisse,
3171 4724 3248 4778 sic
3304 4718 3656 4790 imponebant
3698 4714 3799 4776 illi,

2210 4844 2333 4886 cum
2364 4840 2464 4881 nec
2492 4824 2603 4894 ipse
2650 4817 2946 4875 malefactis
2990 4829 3178 4871 eorum
3216 4809 3545 4870 consentire,
3576 4821 3679 4861 nec
3724 4805 3800 4859 illi

2212 4917 2538 4990 correptioni
2590 4914 2760 4985 ipsius
2805 4918 3122 4981 paterentur
3166 4906 3533 4974 acquiescere.
3574 4898 3715 4954 Nam
3744 4908 3803 4951 ut.

2210 5012 2263 5067 in
2316 5010 2425 5064 Deo
2475 5012 2894 5071 sanctorumque
2949 4997 3055 5053 fide
3098 4997 3311 5065 loquar,
3358 4991 3593 5049 testibus
3627 4990 3798 5044 eviam

2211 5101 2440 5161 cunctis,
2499 5095 2696 5165 quibus
2739 5099 2859 5148 erat
2921 5090 2974 5143 in
3021 5089 3249 5143 veritate
3297 5083 3506 5154 cognita
3544 5080 3802 5136 voluntas
