3918 6316
155 328 241 385 281

1055 318 1143 377 DE
1173 318 1418 378 GESTlS
1456 317 1669 377 EPISC.
1710 316 2094 381 ANTISSIOD.
2118 353 2186 365 -—
2224 323 2401 384 PARS
2424 323 2465 379 Ι.

3285 322 3394 382 9.83

151 442 194 494 ri
253 435 576 494 clarissimus
641 432 858 504 reliquit
937 434 1174 491 moriens
1198 474 1214 498 ,
1291 434 1545 503 quoniam
1638 434 1707 490 de
1735 422 1780 474 Α
1810 436 1949 491 hanc
1967 435 2252 491 ecclesiam
2278 444 2479 491 tantam
2501 434 2717 491 biennio
2739 449 2906 505 prope
2930 445 3215 508 antequam
3241 446 3394 505 pater

148 526 292 583 feudo
364 541 471 580 suo
511 526 579 578 alt
623 525 875 594 episcopo
931 524 1075 577 illam
1128 525 1361 589 tenebat,
1435 524 1705 594 quomodo

147 616 239 671 nisi
292 615 496 671 clerum
563 628 719 669 suum
804 615 1030 669 multum
1099 615 1349 703 ldilexit,
1425 615 1541 670 haec
1598 614 1705 671 illis

150 716 281 760 tanta
310 706 363 759 in
390 703 627 774 generali
665 704 830 759 dedit.
870 703 1249 773 (lottscriptum
1285 712 1371 759 est
1411 714 1614 770 autem,
1671 720 1703 760 a

142 795 388 851 lntctibus
437 809 625 848 eorum
660 796 999 864 cognoscetis
1014 810 1108 850 eos
1127 836 1141 859 ,
1166 796 1260 850 sed
1286 795 1371 850 bis
1390 809 1494 849 non
1521 794 1700 862 aliter,

143 903 285 956 quam
326 887 529 941 dictum
573 896 677 951 est,
726 882 1114 945 constantibus.
1174 889 1326 944 Nunc
1364 889 1707 944 animadver-

144 984 242 1029 tant
284 990 628 1033 successores
674 977 912 1047 episcopi
963 978 1047 1033 sui
1101 979 1338 1048 ipsorum
1395 994 1662 1036 memores
1685 1019 1704 1044 ,

141 1067 305 1138 quanti
332 1068 570 1123 debeant
601 1076 656 1122 et
682 1068 779 1138 ipsi
820 1067 998 1123 facere
1024 1070 1338 1124 memoriam
1386 1070 1564 1135 illius;
1612 1086 1704 1126 ac-

139 1157 335 1227 quisivit
362 1158 512 1211 enim
537 1172 662 1212 cum
694 1157 895 1222 labore,
928 1160 1125 1229 quibus
1154 1159 1225 1213 illi
1260 1159 1366 1214 frui
1410 1160 1616 1231 possint
1648 1160 1702 1215 in

139 1248 294 1315 quiete
324 1264 339 1301 :
372 1263 499 1303 nam
530 1248 947 1305 consuetudines
973 1250 1181 1305 castelli
1214 1251 1469 1317 Conadae,
1495 1253 1707 1323 episco-

138 1337 365 1407 palesque
392 1338 661 1404 redditus,
701 1353 838 1409 quos
887 1340 1001 1394 sive
1041 1356 1153 1411 pra:
1192 1342 1535 1412 negligentia,
1588 1344 1704 1397 sive

137 1427 318 1482 incuria
349 1442 448 1483 sua
487 1428 637 1483 dives
666 1431 906 1498 potentia
948 1432 1364 1500 praecedentium
1414 1432 1702 1503 pnesulnm

136 1516 390 1571 fastidiens
419 1516 549 1572 illuc
578 1518 681 1584 ire,
720 1518 835 1586 jam
877 1536 1048 1590 usque
1077 1522 1145 1575 ad
1174 1522 1498 1579 oblivionem
1548 1540 1705 1596 repe-

138 1616 231 1662 tere
257 1608 644 1675 intermiserat,
675 1618 836 1682 atque
877 1612 997 1668 ideo
1027 1621 1301 1682 raptorum
1345 1618 1701 1686 quorumdam

136 1700 321 1755 interim
350 1704 792 1771 concupiscentia
827 1704 1087 1760 violenter
1111 1706 1413 1776 pervadens
1435 1708 1552 1764 illos
1575 1708 1699 1764 red-

135 1791 253 1845 ditus
301 1792 369 1847 ad
412 1807 542 1848 sese
593 1801 849 1864 tanquam
896 1796 1106 1852 debitos
1161 1806 1476 1865 retorserat,
1533 1801 1700 1855 multa

134 1881 324 1944 astutia,
356 1880 535 1936 multo
566 1885 850 1939 conamine
869 1894 926 1941 et
943 1886 1159 1952 sudore,
1194 1903 1317 1944 cum
1365 1888 1420 1944 iu
1463 1889 1701 1947 alienum

127 1969 313 2041 jttsjam
346 1974 694 2041 transissent,
726 1977 953 2033 viriliter
975 1979 1204 2035 reduxit.
1260 1981 1458 2037 Eodem
1486 1996 1701 2053 quoque

133 2064 264 2117 modo
285 2065 540 2122 abbatias
564 2067 700 2123 duas
721 2068 772 2123 in
795 2070 1057 2127 suburbio
1077 2074 1313 2129 civitatis
1335 2076 1485 2141 sitas,
1517 2077 1571 2132 id
1593 2086 1698 2145 est,

130 2157 275 2210 teata:
327 2156 523 2213 Maria:
580 2158 793 2216 Domini
854 2164 1024 2218 nostri
1088 2166 1365 2236 genitricis
1419 2170 1700 2240 sanctique

129 2244 369 2303 Amatoris
393 2250 782 2321 episcoporum
812 2254 1001 2310 ditioni
1047 2257 1347 2327 antiquitus
1394 2262 1619 2317 traditas
1642 2271 1699 2318 et

130 2335 389 2407 delegatas,
420 2353 558 2394 cum
598 2356 692 2396 eas
720 2351 981 2415 tyrannus
1003 2347 1225 2416 quidam
1257 2364 1301 2411 a_
1318 2351 1550 2419 quodam
1584 2353 1698 2424 epi-

129 2432 336 2498 scopoin
362 2432 640 2489 beneficio
677 2445 987 2507 susceptas,
1029 2438 1190 2511 longo
1230 2450 1473 2513 tempore
1512 2460 1698 2512 posse-

127 2517 269 2575 disset
300 2560 315 2586 ,
368 2537 590 2594 suoque
643 2526 857 2582 cuidam
916 2528 1029 2584 filio
1065 2570 1080 2594 ,
1140 2531 1392 2603 episcopo
1449 2535 1700 2591 videlicet

128 2610 325 2667 Eduensi
359 2654 375 2678 ,
425 2614 559 2684 lege
605 2615 944 2674 hatreditaria
989 2630 1112 2690 post
1157 2638 1216 2679 se
1265 2626 1517 2680 donasset
1547 2667 1562 2692 ,
1615 2627 1699 2681 vir

125 2701 296 2770 probus
329 2706 469 2762 inde
506 2706 800 2774 multoties,
842 2711 982 2766 sicut
1020 2712 1271 2780 vidimus,
1302 2718 1541 2785 probatis
1573 2733 1697 2787 per-

127 2794 269 2859 sonis,
306 2804 415 2850 tatn
467 2795 812 2865 clericorum,
858 2817 1021 2871 quant
1058 2802 1317 2860 laicorum
1361 2809 1691 2872 convocatis.

129 2893 407 2938 sanctorum
467 2900 689 2956 quoque
746 2902 1016 2945 canonum
1068 2893 1324 2949 revolutis
1376 2896 1695 2967 collatisque

131 2975 399 3039 sententiis,
432 2987 560 3032 rato
588 2987 643 3034 et
671 2982 1160 3053 eonstantijudicio
1185 2986 1250 3040 ad
1274 2989 1478 3057 justum
1528 3001 1581 3046 et
1601 2995 1693 3046 de.

1733 1760 1780 1820 Β

1808 526 1947 581 idem
1977 526 2328 583 charissimus
2365 534 2685 590 moreretur,
2718 525 2966 581 incendio
2994 537 3389 595 consumptam,

1806 615 1862 672 in
1895 617 2073 671 subito
2104 626 2367 687 tempore,
2415 617 2467 671 id
2504 625 2588 672 est
2626 603 2765 671 infra
2809 617 3027 672 brevem
3066 617 3391 686 sphacrulaut

1805 706 1965 762 unius
1992 707 2141 771 anui,
2168 706 2410 761 trabibus
2438 716 2493 762 et
2531 706 2722 776 tegulis
2748 706 2975 777 ipsemet
3002 708 3216 763 assidua
3240 707 3391 762 solli-

1804 794 2041 851 citudine
2073 796 2159 852 vel
2183 811 2314 851 cura
2343 797 2716 866 carpentarios
2740 806 2833 852 attt
2860 797 3090 852 famulos
3117 814 3266 862 suos,
3295 814 3392 853 seu

1803 894 2028 947 caeteros
2058 886 2454 942 collaborantes
2491 896 2743 957 satagens
2774 887 3118 949 restauravit,
3150 888 3392 956 quinque

1803 992 1932 1036 vero
1958 977 2225 1033 fenestras
2250 994 2371 1049 quae
2396 986 2524 1033 sunt
2563 978 2616 1031 in
2646 979 2882 1048 supremi
2923 978 3144 1033 cancelli
3187 978 3393 1034 fornice

1803 1067 2042 1136 quinque
2073 1068 2138 1122 de
2165 1067 2325 1122 domo
2362 1083 2460 1123 sua
2509 1066 2813 1133 clientibus,
2859 1077 2918 1124 ttt
2967 1069 3197 1139 quisque
3236 1085 3389 1124 suam

1802 1156 2081 1227 vitrearet,
2112 1156 2385 1212 distribuit
2417 1175 2430 1211 :
2469 1168 2677 1213 sextam
2707 1174 2921 1228 quoque
2950 1158 3230 1228 majorem,
3261 1176 3395 1215 cuu-

1803 1255 2127 1316 ctarutnque
2151 1248 2477 1318 praecipuam
2506 1247 2678 1303 altare
2701 1250 2872 1302 sancti
2902 1249 3192 1305 Alexandri
3228 1250 3392 1306 clari-

1803 1334 2077 1403 ficantem,
2108 1344 2166 1390 ut
2195 1351 2324 1392 suus
2351 1335 2660 1405 capellanus
2693 1335 2918 1402 faceret,
2965 1340 3229 1393 exaravit.
3283 1337 3391 1394 Ne-

1801 1446 1908 1500 que
1930 1430 1996 1485 de
2021 1444 2220 1485 corona
2255 1430 2394 1484 muri
2424 1429 2726 1485 claudentis
2763 1430 2933 1485 altare
2975 1439 3393 1500 sanctorumque

1802 1519 2089 1590 przcsulum
2118 1520 2290 1590 pietas
2328 1519 2578 1574 habentis
2604 1517 2804 1590 efﬁgies
2848 1520 3010 1575 silere
3050 1518 3254 1588 justum
3285 1529 3391 1588 est,

1802 1625 1963 1681 quem
2002 1609 2317 1665 canentium
2352 1610 2523 1665 oculis
2548 1611 2895 1665 sacerdotum
2938 1626 3043 1665 non
3073 1610 3246 1665 solum
3274 1610 3394 1666 ideo

1803 1702 2075 1772 opposuit,
2109 1711 2166 1755 ut
2208 1700 2278 1754 ab
2316 1702 2396 1756 eis
2427 1702 2572 1756 visus
2607 1702 2794 1757 inanes
2825 1711 2880 1756 et
2907 1701 3122 1758 illicitos
3150 1703 3398 1757 excluda-

1805 1802 1907 1858 ret,
1946 1807 2133 1848 verum
2162 1801 2217 1848 et
2240 1793 2465 1857 idcirco,
2502 1801 2560 1846 ιιι
2586 1791 2628 1847 si
2659 1792 2781 1863 quis
2824 1794 3063 1847 vanitate
3107 1791 3191 1847 vel
3237 1792 3395 1847 tmdio

1803 1897 2056 1960 gravatus
2095 1895 2249 1941 extra
2298 1901 2357 1941 se
2395 1887 2686 1942 duceretur
2719 1886 2861 1940 sicut
2908 1900 3050 1955 saepe
3081 1886 3395 1954 contingere

1801 1995 1869 2035 ex
1916 1989 2115 2035 nostrae
2155 1978 2466 2050 fragilitatis
2504 1977 2632 2031 vitio
2664 1976 2801 2032 solet
2830 2017 2844 2040 ,
2895 1976 2982 2030 illa
3015 1979 3265 2045 praesenti
3315 1974 3398 2028 vi-

1801 2073 1977 2136 sione,
2008 2081 2062 2126 ct
2087 2078 2270 2139 aperta
2305 2077 2381 2123 tot
2405 2069 2670 2124 bonorum
2705 2083 2803 2138 per
2837 2067 3102 2137 picturam
3133 2064 3393 2119 memoria

1801 2168 2037 2215 mentem
2072 2169 2127 2214 et
2160 2159 2399 2213 omnium
2433 2158 2587 2227 quasi
2614 2157 2735 2212 vivo
2760 2166 3044 2212 revocatus
3074 2155 3297 2211 consilio
3325 2154 3395 2209 ad

1798 2250 2169 2308 fortitudinem
2202 2251 2417 2321 pietatis
2444 2251 2729 2305 relevaret.

1872 2342 1966 2398 His
1994 2353 2050 2397 et
2082 2341 2389 2417 ltujusmodi
2429 2341 2562 2394 alias
2609 2342 2692 2395 vir
2732 2340 2989 2409 providus
3028 2347 3083 2394 et
3130 2337 3393 2409 benignus

1798 2434 2117 2504 excogitans
2145 2432 2384 2487 ecclesia:
2413 2447 2522 2485 suae
2548 2444 2904 2502 quascunque
2950 2437 3161 2498 poterat
3190 2437 3395 2496 tempo-

1800 2527 1964 2589 rales,
1993 2535 2302 2582 ctmternas
2327 2526 2606 2590 utilitates,
2657 2525 2816 2593 elegit
2854 2525 3020 2579 etiam
3064 2540 3185 2579 cum
3232 2522 3393 2576 laude

1797 2624 1854 2670 et
1900 2631 2023 2670 cum
2074 2616 2371 2685 gratiarum
2426 2614 2645 2683 capituli
2699 2614 2783 2668 sui
2829 2615 3077 2679 actione,
3128 2611 3391 2681 quosdam

1798 2698 1934 2779 quos
1979 2707 2149 2778 gratis
2195 2708 2485 2760 canonicos
2531 2708 2598 2760 ad
2650 2708 2969 2777 praefinitam
3028 2706 3391 2762 obedientiam

1796 2798 2099 2861 constituit,
2142 2796 2511 2866 presbyterum
2551 2797 2761 2852 scilicet
2795 2799 3011 2868 dignum
3041 2806 3098 2851 et
3136 2797 3387 2853 idoneum

1796 2890 1886 2960 qui
1923 2888 2164 2958 quotidie
2204 2902 2301 2957 pro
2336 2886 2607 2943 defunctis
2644 2890 2919 2944 canonicis
2969 2889 3172 2944 nostris
3196 2932 3210 2955 ,
3253 2906 3382 2959 pro-

1794 2981 1910 3050 prie
1945 2978 2206 3043 offerret,
2243 2976 2573 3033 aurifabrum
2612 2979 2915 3035 mirabilem
2941 3021 2956 3046 ,
2994 2981 3255 3051 pictorem
3292 2982 3389 3034 duo

130 3060 273 3117 bittun
301 3066 369 3119 ab
395 3066 594 3122 illicito
620 3068 858 3126 dominio
889 3075 1180 3130 revocavit.
1221 3076 1371 3132 Licet
1404 3080 1568 3134 etiam
1603 3082 1689 3135 hic

1795 3082 1962 3138 ctum,
2002 3071 2317 3125 vitrearium
2354 3085 2626 3142 sagacem,
2662 3071 2798 3126 alios
2836 3087 2938 3126 nec
2976 3088 3103 3137 non,
3146 3073 3237 3143 qui
3278 3073 3391 3127 sin-

131 3153 422 3224 subjnngere
464 3160 612 3227 quod
642 3160 801 3217 talem
843 3162 1093 3221 habuerit
1120 3167 1310 3238 ipsein
1341 3171 1691 3228 saecularibus

131 3247 278 3301 causis
306 3248 655 3313 industriam,
703 3260 957 3324 tantaque
1002 3270 1216 3326 semper
1254 3275 1381 3313 usus
1409 3270 1494 3315 est
1524 3261 1690 3317 libere

131 3332 349 3405 loquendi
385 3341 640 3406 audacia,
672 3351 731 3397 ut
761 3360 861 3400 nec
885 3345 982 3414 ipsi
1011 3348 1280 3418 principes
1306 3350 1520 3406 tucntiri
1549 3367 1688 3420 prac-

131 3440 397 3497 sumerent,
440 3447 512 3487 eo
555 3434 827 3491 audiente.
865 3436 1045 3492 Tertia
1074 3451 1203 3496 vero
1226 3455 1346 3508 quae
1382 3452 1484 3506 est,
1517 3443 1690 3497 sancti

131 3514 315 3576 Eusebii
343 3523 624 3578 abbatiam
653 3525 705 3579 in
726 3527 916 3583 ordine
942 3530 1201 3584 canonico
1222 3530 1290 3584 ab
1310 3533 1536 3586 exordio
1561 3548 1693 3588 con-

130 3609 360 3679 stitutam,
386 3615 486 3671 sed
525 3616 798 3698 delapsam
827 3634 996 3690 usque
1040 3621 1108 3675 ad
1153 3637 1324 3676 suum
1358 3631 1586 3692 tempus,
1636 3635 1692 3695 et

132 3708 234 3759 tunc
256 3706 471 3763 demum
498 3709 852 3765 anuihilatam
880 3713 1146 3768 restitutis
1185 3714 1461 3769 canonicis
1504 3726 1559 3770 ct
1596 3716 1693 3771 ab-

128 3794 247 3860 bate,
292 3800 431 3855 sicut
460 3801 520 3855 iu
549 3800 828 3873 privilegio
852 3802 1089 3871 ejusdem
1139 3805 1490 3862 restitutionis
1526 3808 1692 3862 habeo

131 3896 216 3949 tur.
241 3893 534 3960 reparavit.
578 3894 893 3950 Varziacum
920 3897 1102 3960 etiam,
1135 3898 1259 3969 quia
1281 3900 1432 3953 sinus
1459 3910 1544 3955 est
1572 3901 1688 3970 cpi-

129 3994 407 4050 seuporum,
450 3992 513 4038 et
551 3984 700 4040 locus
746 3986 1012 4050 amabilis,
1061 3987 1129 4041 ab
1172 3989 1403 4046 inimicis
1443 3990 1692 4060 primitus

128 4079 404 4140 purgatum,
436 4072 637 4128 deinde
667 4074 892 4132 feliciter
926 4076 1269 4144 mdiﬁcatttm,
1302 4079 1514 4134 tandem
1550 4081 1687 4136 inte-

127 4159 220 4214 rius
241 4162 589 4233 exteriusque
628 4180 904 4220 murorum
931 4167 1264 4236 protcctioue
1288 4170 1543 4236 munivit,
1572 4186 1692 4241 quae

126 4251 334 4315 quandiu
372 4253 656 4323 proderint
686 4254 883 4310 futuris
910 4256 1273 4324 pontiﬁcibus.
1320 4259 1504 4314 tandiu
1537 4266 1690 4328 opta-

128 4352 229 4394 mus
255 4340 397 4396 illum
442 4342 768 4398 circumdari
799 4346 1037 4399 omnium
1066 4346 1551 4415 benedictionibus,
1595 4349 1686 4418 qui

1792 3164 1900 3233 guli
1922 3204 1936 3229 ,
1973 3172 2134 3234 prout
2166 3165 2362 3234 cuique
2396 3173 2514 3217 erat
2547 3163 2777 3219 facultas
2800 3206 2814 3230 ,
2859 3164 2910 3219 in
2947 3166 3123 3221 cilicio
3156 3182 3255 3220 suo
3295 3167 3388 3219 dc-

1791 3255 2099 3328 servirent;
2151 3253 2338 3323 plenus
2382 3254 2564 3323 itaque
2620 3254 2767 3308 omni
2825 3255 3197 3309 benevolentia
3255 3270 3383 3326 erga

1791 3346 2075 3400 ecclesiam
2106 3362 2256 3400 suam
2295 3360 2358 3400 ea
2398 3345 2512 3399 sola
2553 3355 2841 3401 contentus
2877 3346 3191 3412 attentione,
3223 3347 3387 3416 erepit

1790 3447 2072 3493 crescente
2105 3437 2351 3493 ciborqu
2391 3437 2607 3491 fastidio
2641 3438 2900 3507 paulatim
2929 3447 3213 3507 mgrotare,
3245 3437 3388 3491 unde

1790 3528 2103 3582 convocatis
2136 3526 2203 3581 ad
2240 3542 2299 3583 se
2331 3525 2537 3581 decano
2573 3542 2694 3592 suo,
2731 3529 3163 3598 quibusdamque
3199 3526 3387 3585 fratri-

1791 3618 1892 3673 bus
1918 3618 2057 3684 aliis,
2092 3618 2330 3687 ipsisque
2356 3619 2714 3688 praesentibus
2741 3618 3082 3692 elcemosyna
3121 3636 3219 3675 sua
3260 3637 3388 3690 pru-

1791 3709 1980 3763 denter
2014 3708 2294 3776 disposita,
2345 3707 2634 3777 multisque
2655 3708 2911 3773 dimissis,
2941 3719 3101 3778 prottt
3132 3711 3387 3779 poscebat

1790 3799 2057 3854 instanter
2082 3799 2196 3868 ipsa
2230 3799 2542 3864 necessitas,
2567 3814 2690 3853 cum
2725 3799 2912 3853 osculo
2936 3801 3085 3869 pacis
3112 3812 3167 3856 et
3197 3802 3383 3871 signa-

1791 3889 1913 3946 culo
1948 3888 2338 3944 benedictionis
2380 3889 2658 3954 recedens,
2688 3900 2807 3945 erat
2830 3890 2971 3944 enim
3001 3892 3088 3946 hic
3114 3892 3254 3961 apud
3287 3906 3384 3945 nos

1790 3992 1946 4054 pater
1971 3983 2262 4054 piissimus,
2290 3998 2411 4037 cum
2435 3982 2681 4038 ubertate
2708 3981 3069 4051 lacrymarum
3094 3983 3291 4038 deferri
3322 3998 3382 4038 se

1794 4071 2109 4129 Varziacum
2143 4072 2288 4136 fecit,
2323 4081 2381 4126 ut
2412 4072 2532 4127 inde
2570 4073 2635 4126 ad
2674 4074 3057 4127 monasterium
3101 4073 3384 4128 charitatis

1791 4178 1953 4233 super
1991 4163 2224 4234 Ligerim
2275 4161 2490 4218 facilius
2539 4170 2849 4231 portaretur
2898 4159 2970 4215 ibi
3024 4162 3380 4232 sepeliendus.

1789 4255 1964 4313 Locus
1995 4258 2083 4314 ille
2108 4266 2331 4313 sanctus
2357 4272 2478 4312 cum
2519 4256 2640 4312 aliis
2666 4256 2984 4325 quibusdam
3011 4256 3277 4326 religiosis
3303 4255 3382 4308 lo-

1788 4350 1868 4405 cis
1892 4349 1946 4404 in
1970 4348 2424 4404 Antissiodorensi
2448 4361 2586 4417 pago
2609 4362 2707 4402 suo
2730 4356 2970 4416 tempore
2992 4347 3259 4416 inemptas
3274 4355 3377 4410 est.

125 4428 331 4500 denique
351 4433 396 4486 si
426 4432 695 4488 voluerint
731 4435 867 4490 bene
893 4444 1041 4505 gesta
1085 4436 1227 4491 illius
1268 4437 1500 4502 imitari,
1541 4440 1685 4509 piam
1716 4451 1763 4510 ι)
1789 4440 2015 4497 consilio
2051 4441 2286 4510 quidem,
2313 4441 2421 4494 imo
2453 4440 2654 4494 auxilio
2678 4455 2778 4494 suo
2800 4456 3076 4510 nunquam
3104 4441 3189 4493 vix
3213 4439 3381 4494 desti-

126 4516 225 4586 ejus
262 4520 660 4587 humilitatem,
707 4538 812 4592 qua
858 4524 1049 4580 diebus
1090 4524 1313 4595 singulis
1356 4542 1453 4595 per
1495 4542 1685 4583 omnes

128 4607 561 4682 Quadragesituas
601 4615 928 4685 pauperibus
977 4616 1232 4672 tredecim
1281 4617 1464 4673 lavare
1519 4621 1684 4687 pedes

128 4702 351 4759 mnibus
378 4705 636 4774 propriis,
660 4717 714 4759 et
731 4705 950 4775 jejunus
986 4706 1314 4770 ministrare,
1346 4707 1439 4762 sed
1469 4715 1524 4763 ct
1564 4723 1685 4764 eos-

129 4792 229 4849 dem
254 4797 305 4850 in
327 4798 537 4853 Pascha
564 4800 761 4854 vestire
789 4800 1096 4864 consuevit,
1140 4816 1209 4856 ne
1245 4802 1480 4865 tradant,
1527 4803 1685 4858 obse-

128 4900 339 4954 cramus,
371 4905 608 4960 unquam
634 4891 888 4947 oblivioni
915 4909 928 4946 :
959 4893 1026 4948 ad
1053 4892 1242 4948 horum
1280 4894 1545 4963 siquidem
1585 4895 1683 4950 llo-

130 4987 286 5033 rentes
315 4980 364 5033 in
394 4989 659 5034 aeternum
687 4995 819 5036 usus
841 4981 1098 5050 capellam
1126 4984 1297 5038 sancti
1330 4982 1603 5054 Peregrini
1629 4985 1681 5038 in

130 5065 228 5134 ripa
251 5067 484 5126 ﬂuminis
507 5071 623 5126 urbi
652 5086 819 5142 prope
842 5073 1150 5143 contiguam
1195 5089 1315 5130 cum
1350 5076 1684 5146 appendiciis

132 5158 226 5210 suis
253 5159 405 5230 longa
444 5175 792 5231 pervasurum
827 5162 1021 5233 injuria
1057 5164 1490 5234 supradictorttm
1522 5169 1685 5223 modo

133 5248 420 5319 subreptam
453 5252 743 5309 victorioso
779 5255 1076 5310 certamine
1116 5263 1369 5311 strenuus
1410 5272 1685 5327 expugna-

132 5339 222 5403 vit;
253 5343 344 5397 sed
368 5344 490 5397 dum
522 5344 611 5400 hic
636 5346 779 5402 solos
812 5346 1097 5413 delectent,
1127 5362 1248 5419 qua:
1272 5364 1369 5404 sua
1394 5358 1540 5414 sunt,
1563 5352 1681 5420 epi-

124 5440 323 5498 impos,
354 5434 548 5489 iterum
579 5437 859 5505 providere
887 5439 1162 5505 debemus,
1196 5455 1265 5495 ne
1292 5440 1505 5511 longius
1532 5440 1683 5496 diti‘e-

137 5522 300 5585 rendo,
316 5538 437 5592 quae
462 5527 711 5581 omnibus
737 5525 848 5582 fere
864 5536 1120 5596 przesunt,
1144 5530 1323 5599 plures
1346 5530 1683 5586 incurramus

140 5606 378 5668 inimicos.
412 5616 548 5687 Ergo
581 5627 638 5671 ut
668 5618 1161 5690 dequamplurimis
1191 5622 1358 5692 ipsius
1387 5621 1681 5679 benefactis

144 5702 295 5759 adhuc
321 5707 489 5777 aliqua
519 5710 871 5779 proferamus,
898 5712 1025 5768 illud
1069 5723 1327 5783 quantum
1375 5715 1489 5779 fuit,
1538 5716 1680 5785 quod

1787 4538 1957 4595 tutus,
1990 4539 2318 4601 quapropter
2341 4531 2386 4585 si
2416 4529 2488 4585 ibi
2519 4528 2812 4585 tumulatus
2852 4545 2973 4585 esse
3014 4530 3202 4595 voluit,
3248 4529 3378 4584 nulli

1787 4621 2028 4691 iniquum
2057 4622 2321 4687 videatur,
2360 4622 2515 4692 quasi
2558 4631 2743 4691 pateat
2782 4635 2905 4677 eum
2954 4622 3038 4677 vel
3084 4623 3211 4677 huic
3262 4622 3379 4677 loco

1786 4713 1935 4770 illum
1985 4714 2308 4786 praetulisse,
2341 4714 2422 4770 vel
2449 4716 2679 4785 amplius
2722 4715 2996 4780 dilexisse,
3042 4714 3138 4770 sed
3179 4714 3379 4784 cogitet

1785 4815 2027 4871 econtra,
2059 4807 2199 4862 sicut
2226 4814 2340 4872 est,
2369 4807 2512 4876 quod
2558 4805 2684 4876 quia
2720 4805 2864 4860 hunc
2907 4804 3035 4859 totis
3079 4803 3378 4859 visceribus

1785 4896 1990 4961 dilexit,
2025 4896 2148 4951 ideo
2189 4895 2339 4950 illum
2365 4895 2456 4964 qui
2487 4894 2552 4949 ad
2580 4902 2897 4963 perpetuum
2928 4893 3188 4948 honorem
3219 4892 3376 4947 istius

1780 4995 1839 5041 et
1859 4986 2183 5055 adjutorium
2207 4986 2316 5041 cito
2350 4995 2404 5040 et
2430 4985 2715 5056 magnifice
2746 4984 2872 5040 Jesu
2900 4984 3101 5041 Christi
3138 4984 3376 5041 elemen-

1787 5077 1860 5131 tia
1889 5077 2141 5132 visitante.
2165 5077 2462 5134 aedificatus
2490 5087 2594 5142 est,
2626 5077 2913 5147 plurimum
2952 5078 3175 5144 amavit,
3207 5092 3372 5131 unum

1785 5165 1889 5223 hoc
1916 5166 2219 5222 certissime
2250 5182 2496 5236 sperans,
2525 5176 2586 5221 ut
2613 5177 2879 5237 quotquot
2907 5168 3103 5223 habeat
3123 5168 3195 5223 ibi
3219 5166 3375 5221 Chri-

1784 5265 1902 5311 stus
1935 5257 2246 5322 servituros,
2300 5264 2378 5311 tot
2424 5257 2645 5313 habebit
2691 5260 2834 5329 apud
2867 5257 3151 5313 Dominum
3183 5255 3371 5313 Antis-

1784 5348 2117 5404 siodorensis
2160 5348 2401 5406 Ecclesia
2441 5348 2575 5403 fidos
2613 5348 2665 5403 in
2704 5348 3051 5420 sempiternis
3080 5347 3367 5401 orationi-

1783 5439 1884 5495 bus
1921 5436 2214 5508 adjutores.
2252 5436 2433 5508 Itaque
2467 5437 2581 5507 spei
2612 5446 2775 5509 tantae
2804 5436 3080 5491 consultus
3112 5436 3366 5495 remedio.

1783 5546 1905 5587 cum
1939 5532 2053 5602 jam
2088 5531 2389 5602 proximum
2425 5531 2651 5586 sentiret
2680 5529 2886 5601 lapsum
2922 5529 2988 5582 ad
3026 5529 3149 5583 vitae
3199 5531 3369 5583 novis.

1783 5629 1943 5694 sima,
1981 5628 2257 5701 Hugouem
2287 5627 2672 5683 Nivernensem
2703 5626 3039 5696 episcopum,
3066 5635 3226 5692 quem
3257 5620 3373 5691 ipse

1784 5719 1852 5776 ad
1880 5721 2238 5777 sacerdotium
2279 5728 2638 5791 promoverat,
2676 5725 2922 5787 nepotem
2959 5731 3140 5780 suum,
3182 5712 3370 5784 hujus:
