3918 6316
562 329 672 385 285

562 459 671 516 que
715 443 970 501 Ecclesiae
1017 438 1217 500 uestrae
1264 453 1391 499 tunc
1438 443 1694 514 temporis
1752 444 2094 513 praepositum
2129 482 2143 506 ,

566 536 741 590 virum
788 537 985 606 quippe
1020 545 1220 592 sancta:
1253 536 1682 591 conversationis
1720 550 1936 604 suaeque
1970 535 2148 590 crucis

565 625 920 697 bajulatorem
954 636 1074 697 post
1110 627 1402 694 Christum,
1434 643 1535 682 nec
1557 642 1661 682 non
1691 626 1979 682 Girardum
2005 628 2148 697 prio-

567 732 683 772 rem
710 715 822 786 jam
860 718 988 773 dicti
1025 718 1147 784 loci,
1183 727 1237 772 et
1270 717 1648 772 aedilicatorem
1685 727 1845 787 atque
1884 717 2150 771 habitato-

568 823 684 863 rem
723 809 777 863 in
815 809 1001 864 habitu
1037 796 1312 878 religionis
1351 808 1582 878 primum
1608 848 1622 870 ,
1661 816 1723 862 ut
1756 808 1896 862 inter
1934 817 2148 863 sanctas

569 897 782 952 illorum
822 914 1015 952 manus
1055 896 1194 952 facta
1222 897 1561 953 confessione
1589 897 1907 953 delictorum
1934 898 2149 953 redem-

568 988 707 1058 ptori
745 988 962 1044 Christo
999 989 1248 1058 spiritum
1289 990 1580 1055 redderet,
1630 990 1964 1045 convocavit.
2020 989 2152 1056 Qui-

566 1079 668 1134 bus
701 1087 1097 1148 consequenter
1143 1080 1372 1150 expletis
1404 1080 1615 1134 delatus
1648 1088 1735 1135 est
1772 1078 1897 1135 illuc
1924 1120 1940 1146 ,
1976 1087 2031 1134 et
2064 1094 2151 1136 se—

564 1167 746 1235 pultus
784 1176 866 1223 est
900 1168 953 1222 in
991 1183 1126 1238 pace
1162 1184 1270 1223 xvu
1308 1169 1428 1223 Kal.
1475 1164 1711 1236 0et0b.;
1752 1170 2151 1226 inthronizatus

565 1256 744 1317 autem
784 1278 816 1316 v
850 1263 968 1317 Kal.
1007 1263 1263 1331 Januar.;
1302 1264 1444 1320 rexit
1481 1264 1811 1335 episcopium
1849 1279 2019 1320 annos
2051 1264 2148 1332 24,

528 1344 777 1412 'menses
811 1355 844 1410 7
866 1397 881 1423 ,
918 1355 1034 1412 dies
1068 1357 1159 1411 21.

1194 1468 1531 1526 ΜΟΝΙΤΠΜ.

637 1559 1106 1616 Antissiodorensis
1140 1559 1386 1616 Ecclesia:
1412 1578 1516 1615 non
1548 1560 1794 1632 ignobilis
1830 1562 2149 1616 consuetudo

564 1661 659 1715 est,
687 1668 844 1721 quam
878 1653 978 1706 cito
1013 1652 1076 1705 de
1099 1650 1253 1706 swclo
1288 1653 1477 1721 migrat
1526 1652 1639 1723 ejus
1679 1652 1966 1722 episcopus,
2008 1650 2149 1705 illico

564 1742 840 1796 terminum
877 1743 1014 1805 vitat,
1042 1743 1179 1796 sedis
1220 1743 1513 1806 introitum,
1541 1759 1602 1796 ac
1628 1747 1889 1812 pra’cipue
1916 1741 2039 1796 bene
2060 1757 2146 1811 ge-

563 1841 646 1886 sta
669 1832 830 1902 ipsius
858 1835 1196 1889 conscribere.
1235 1832 1460 1905 Contigit
1494 1844 1669 1889 autem
1695 1851 1799 1888 non
1820 1834 1931 1888 sine
1956 1852 2144 1904 magno

563 1921 749 1988 patria:
787 1922 1091 1976 detrimento
1122 1922 1472 1977 clarissimum
1505 1922 2022 2003 ejusdemlEcrlesite
2054 1942 2148 1994 pa-

565 2021 776 2079 tronum
805 2014 991 2067 abiisse
1019 2013 1303 2068 Robertum
1332 2015 1649 2085 episcopum,
1696 2024 1750 2068 ut
1800 2013 1930 2068 nihil
1960 2015 2147 2068 horum

563 2116 683 2169 qua:
717 2100 946 2156 diximus
985 2113 1091 2157 toto
1130 2103 1350 2158 triennio
1387 2105 1639 2175 scriptum
1673 2104 1856 2173 fuisse:
1903 2117 1921 2156 :
1973 2113 2148 2158 tantus

564 2189 717 2243 dolor
767 2191 831 2244 de
885 2202 1048 2245 morte
1102 2192 1298 2261 ipsius,
1357 2202 1503 2247 tanta
1556 2193 1809 2248 dissensio
1865 2194 1929 2248 de
1982 2194 2151 2264 futuri

564 2282 930 2353 subrogatione
965 2284 1222 2353 ponti/iris
1256 2285 1564 2339 intercessit.
1617 2284 1848 2340 Tandem
1881 2302 1998 2339 vero
2032 2293 2149 2354 post

565 2372 845 2426 triennium
882 2383 1164 2443 temperato
1191 2375 1310 2444 jam
1347 2373 1525 2429 dolore
1553 2415 1568 2439 ,
1614 2391 1707 2429 nec
1757 2391 1861 2429 non
1912 2373 2151 2428 Ecclesia

564 2462 906 2533 tranquillata
944 2463 1008 2517 de
1041 2465 1267 2533 pastoris
1305 2464 1661 2520 consolatione
1683 2506 1697 2530 ,
1736 2465 1904 2535 frater
1935 2466 2151 2536 quidam

565 2552 827 2606 modicum
864 2553 1102 2608 eruditus
1196 2565 1243 2608 et
1278 2552 1405 2624 pene
1450 2555 1748 2610 illitteratus
1776 2597 1792 2622 ,
1830 2574 1862 2609 a
1902 2566 2151 2611 conventu

565 2645 781 2713 capituli
812 2634 1043 2715 rogatus,
1078 2655 1125 2700 et
1164 2636 1228 2700 ab
1266 2647 1503 2716 episcopo
1530 2647 1777 2712 monitus,
1805 2648 2150 2702 obedientiam

563 2748 765 2803 quoque
800 2734 964 2789 vitare
999 2752 1103 2789 non
1140 2751 1300 2790 ausus
1322 2777 1337 2801 ,
1378 2730 1495 2807 qua:
1532 2737 1631 2790 sibi
1663 2738 1727 2792 de
1761 2736 1852 2791 illo
1888 2739 1998 2793 visa
2029 2748 2151 2793 sunt

566 2821 778 2876 minime
813 2823 1035 2877 tacenda
1065 2865 1080 2890 ,
1117 2823 1234 2878 licet
1282 2834 1425 2879 tanto
1460 2825 1706 2897 indigne},
1739 2827 1950 2897 [quanto
1980 2830 2151 2881 minus

566 2921 747 2966 ornate
778 2912 1049 2983 minusque
1083 2914 1333 2983 facunde,
1372 2924 1546 2970 tamen
1583 2926 1639 2970 ut
1672 2918 1871 2986 potuit.
1907 2918 1983 2971 ita
2018 2917 2150 2986 style

564 3013 869 3071 prosecutus
906 3014 1003 3057 est.

971 3093 1099 3148 CAP.
1136 3094 1247 3149 Lll.
1280 3125 1349 3136 —
1386 3096 1463 3151 De
1500 3096 1744 3152 Roberto.

637 3180 906 3238 Bobertus
934 3184 1002 3238 de
1024 3193 1177 3254 patre
1201 3184 1500 3249 Guillelmo,
1534 3196 1730 3257 nepote
1762 3187 1902 3257 regis
1933 3186 2149 3243 Heurici

565 3274 798 3344 Philippi
827 3275 1013 3344 patris,
1043 3276 1259 3330 consule
1281 3274 1710 3341 Nivcrncnsium,
1746 3278 1812 3333 de
1855 3289 2026 3334 matre
2055 3296 2153 3334 au-

567 3373 676 3417 tem
703 3363 973 3418 comitissa
999 3363 1391 3420 Toruodorcnsi
1423 3365 1821 3438 Hermengarde
1850 3364 2153 3439 nuncupata

568 3460 728 3508 natus
754 3463 855 3507 est.
899 3454 976 3507 Ex
1018 3454 1171 3523 cujus
1208 3455 1434 3525 ingenua
1474 3459 1748 3527 progenie,
1779 3467 2039 3529 quotquot
2065 3454 2155 3529 pel

570 3542 659 3596 riti
712 3542 834 3610 viri,
883 3542 1104 3599 formosi
1158 3546 1393 3615 bonique
1440 3546 1655 3610 fuerint,
1703 3549 1780 3603 sic
1832 3564 1924 3604 eos
1969 3564 2156 3607 omnes

567 3632 812 3698 scientia,
843 3643 1128 3701 vetustate,
1157 3637 1396 3691 moribus
1426 3637 1512 3691 hic
1542 3640 1836 3708 superavit,
1875 3651 1932 3694 ut
1964 3639 2060 3696 llos
2087 3657 2155 3697 ex

568 3737 673 3790 qua
704 3723 967 3789 nascitur,
1003 3725 1271 3792 arborem,
1320 3726 1524 3781 fructus
1566 3727 1752 3784 ﬂorem
1780 3747 1793 3783 :
1826 3730 1963 3785 unde
2005 3732 2155 3802 prius

568 3826 728 3883 quam
757 3825 932 3873 :etate.
982 3815 1127 3870 visus
1169 3825 1253 3871 est
1294 3816 1482 3872 honori
1528 3834 1849 3891 congruens,
1896 3823 2152 3878 virtutum

567 3906 844 3977 dignitate.
901 3907 1039 3977 Ergo
1084 3900 1254 3963 beata:
1303 3910 1573 3964 memoriae
1621 3911 1871 3966 defuncto
1916 3911 2155 3968 Goli'rido

568 4011 751 4049 mense
791 3995 1094 4065 Septembri
1136 4014 1255 4051 mox
1290 3998 1341 4051 in
1372 4000 1680 4069 cpismpum
1710 4001 1913 4054 electus
1940 4013 2041 4067 cst,
2071 4003 2152 4057 di-

567 4084 675 4138 lata
708 4094 883 4139 tamen
912 4100 1082 4156 usque
1111 4087 1177 4139 ad
1208 4087 1504 4157 Augustum
1534 4091 1943 4145 consecratione
1989 4108 2154 4164 prope

570 4189 721 4229 aram
762 4176 903 4229 beati
949 4179 1360 4247 protomartyris
1412 4178 1638 4235 feliciter
1685 4182 2000 4239 soblimatus
2049 4194 2153 4251 est,

569 4262 727 4317 fortis
752 4265 1002 4333 deinceps
1026 4273 1297 4334 protector
1331 4267 1605 4333 Ecclesiae,
1647 4277 1930 4341 rectorque
1975 4274 2156 4328 mode-

572 4361 718 4406 ratus
745 4369 757 4404 :
792 4368 912 4404 nam
943 4369 1007 4406 ex
1032 4354 1281 4409 onuiibus
1304 4371 1423 4424 qua:
1452 4356 1504 4409 in
1530 4358 1755 4412 ecclesia
1788 4368 1895 4413 tam
1919 4362 2155 4416 exterius

572 4458 733 4513 quam
782 4442 1010 4499 interius
1044 4447 1264 4514 reperit,
1306 4462 1463 4503 nemo
1507 4449 1813 4503 mortalium
1859 4452 2151 4521 quidquam

572 4533 789 4588 demere
814 4535 895 4589 vel
923 4535 1202 4605 subripere
1232 4536 1319 4591 illo
1348 4539 1638 4607 superstite
1665 4555 1828 4596 ausus
1863 4550 1964 4607 est,
2005 4543 2152 4596 addi-

574 4625 653 4680 dit
694 4636 896 4683 autem'
922 4630 1168 4686 donando
1213 4632 1386 4700 aliqua
1429 4649 1492 4686 ac
1533 4634 1827 4691 laborando
1878 4638 2150 4701 nonnulla,

573 4715 802 4787 quorum
833 4718 1153 4775 discretione
1182 4722 1226 4775 si
1266 4723 1398 4775 tanti
1429 4732 1511 4777 est
1539 4741 1551 4776 :
1581 4724 1670 4793 qui
1700 4725 1838 4793 apud
1874 4725 2024 4779 illum
2073 4726 2150 4781 lc-

573 4809 733 4880 gcrit,
761 4815 937 4880 potcist
963 4813 1118 4866 modo
1147 4827 1492 4883 cognoscere.

645 4900 812 4969 igitur
864 4908 1053 4954 contra
1124 4902 1273 4956 dolos
1337 4902 1678 4957 Scuoncnses
1754 4904 1911 4971 hujus
1968 4905 2152 4959 hostes

575 4990 831 5045 Ecclesia:
877 5000 932 5044 et
981 4993 1130 5047 urbis
1179 5004 1468 5062 perpetuos
1519 4994 1923 5063 Apogniacum,
1987 5009 2145 5062 quam

575 5080 683 5134 cito
713 5080 888 5135 factus
916 5092 999 5136 est
1022 5082 1306 5152 cpiscopus
1345 5083 1398 5137 in
1429 5084 1680 5153 oppidum
1709 5084 1944 5153 erigens,
1983 5083 2149 5137 ﬁrmi-

575 5182 659 5227 ter
707 5175 966 5240 munivit,
1022 5174 1265 5229 solebant
1315 5176 1458 5229 enim
1515 5190 1613 5230 nos
1660 5184 1817 5229 antea
1866 5190 1963 5245 per
2012 5175 2151 5229 hanc

575 5264 856 5319 villam‘a’d
890 5280 1073 5319 muros
1119 5278 1292 5333 usque
1338 5264 1577 5319 civitatis
1624 5264 1891 5319 irruentes
1936 5262 2149 5318 furtivis

576 5354 871 5410 conatibus
922 5353 1235 5423 frequenter
1294 5363 1350 5408 et
1396 5354 1612 5424 impune
1660 5355 1912 5425 praedari,
1972 5354 2146 5425 ipsum

580 5460 795 5515 quoque
842 5446 1213 5516 Apoguiacum
1244 5444 1570 5500 omnimodis
1602 5454 1960 5517 aggravantes
1998 5445 2150 5500 dolo-

581 5536 731 5591 ribus
758 5536 811 5590 in
838 5544 1045 5590 tantum
1071 5549 1136 5591 co
1168 5542 1410 5605 tempore
1445 5534 1766 5602 amiserant,
1790 5544 1849 5589 ut
1877 5535 1948 5589 ibi
1971 5534 2148 5604 pauci,

580 5626 671 5694 qui
728 5624 924 5696 fugere
983 5627 1318 5695 nequibant,
1388 5627 1737 5682 mendicitate
1812 5635 1867 5682 et
1933 5628 2149 5681 miseria

576 5711 794 5783 repleti,
839 5714 919 5769 sic
959 5723 1012 5769 et
1042 5716 1121 5773 sic
1171 5715 1381 5775 illorum
1426 5716 1671 5772 servituti
1712 5724 1970 5786 quantum
1994 5715 2149 5785 jube-

1422 330 1709 387 APPEND.
1750 331 1841 385 AD
1881 328 2050 385 δερ.
2092 331 2159 384 Χ.

2200 360 2272 371 -
2306 329 2534 387 OPEBA
2560 340 2945 392 “sanorum.
3669 357 3749 416 εει

2175 435 2221 492 Δ
2250 444 2379 498 bant
2400 444 2597 499 addicti
2626 444 2770 500 solas
2799 446 3008 501 animas
3033 445 3123 501 vix
3168 455 3437 506 tuerentur
3463 472 3476 508 :
3508 466 3561 512 at
3580 474 3636 515 ex
3666 481 3749 534 quo

2248 536 2526 591 castellum
2571 537 2700 591 illud
2723 535 2941 592 aliixum
2969 547 3053 593 est
3078 547 3131 594 et
3165 541 3408 610 oppidani
3440 545 3510 601 illi
3545 555 3675 619 quasi
3699 560 3750 612 de

2247 637 2422 681 morte
2464 627 2710 682 suscitati
2758 628 3088 693 revixerunt,
3133 639 3189 684 et
3230 634 3394 687 nostri
3448 637 3581 693 cives
3622 645 3751 699 soluti

2248 716 2536 773 formidine
2562 726 2831 788 vagantur
2876 735 3019 775 nunc
3069 735 3384 791 quocunque
3428 726 3614 783 volunt.
3648 732 3753 789 Item

2248 811 2369 862 cum
2398 806 2755 864 Pulverenum
2797 809 3075 865 meliorem
3120 812 3278 881 hujus
3315 813 3552 872 Ecclesiae
3592 827 3754 878 terram

2246 898 2501 955 violentia
2527 901 2883 971 quorumdam
2934 910 3284 974 tyrannorum
3325 905 3549 975 iniquam
3573 910 3757 980 duplicis

2247 990 2561 1045 salvamenti
2612 991 3058 1047 consuetudinem
3103 994 3327 1065 singulis
3352 997 3502 1052 annis
3524 1001 3756 1069 rapiendo,

2246 1095 2414 1152 prope
2455 1082 2724 1140 desertam
2773 1083 3048 1149 ruricolis,
3093 1092 3147 1140 et
3176 1086 3296 1141 aliis
3342 1087 3491 1143 bonis
3517 1089 3759 1160 eﬂ'ecisset,

2248 1174 2505 1231 fortitudo
2534 1176 2780 1246 praesulis
2824 1176 2980 1233 istius
3007 1178 3332 1235 subveniens
3358 1181 3427 1235 ita
3455 1182 3762 1252 symphantas

2248 1266 2368 1323 illos
2394 1267 2512 1324 solo
2542 1268 2666 1324 belli
2712 1278 2859 1325 metu
2890 1270 3129 1326 simulati
3167 1273 3452 1340 exterruit,
3499 1282 3554 1328 ut
3578 1276 3655 1344 qui
3676 1276 3765 1346 pri-

2247 1359 2320 1413 mi
2330 1367 2415 1414 tus
2441 1361 2830 1416 canonicorum
2857 1377 3068 1433 preces,
3105 1362 3215 1417 imo
3236 1364 3509 1434 pecunias,
3532 1366 3609 1419 vel
3628 1367 3765 1421 susci-

2247 1464 2378 1520 pere
2403 1451 2470 1505 ad
2519 1451 2944 1523 redemptionem
2991 1453 3203 1522 iniusta:
3254 1456 3511 1525 partionis
3550 1456 3763 1526 dedigna-

2248 1541 2464 1608 bantur,
2519 1540 2660 1597 idem
2718 1543 2828 1612 ipsi
2861 1544 3077 1600 tandem
3126 1546 3281 1617 quasi
3334 1545 3556 1602 ultronei
3601 1556 3765 1602 etnon

2250 1629 2427 1696 inviti,
2458 1640 2637 1687 tamen
2681 1634 2855 1701 inviti,
2903 1650 3010 1691 non
3042 1635 3301 1703 ultronei,
3336 1636 3553 1691 liberam
3592 1638 3766 1707 penitus

2250 1723 2319 1776 ab
2368 1722 2456 1777 illa
2512 1726 2835 1794 pervasione
2906 1736 3106 1782 terram
3185 1736 3351 1783 totam
3415 1728 3766 1792 acclamarcnt,

2176 1784 2223 1846 Β
2253 1812 2425 1867 valeat
2454 1784 2715 1870 fortitudo
2740 1831 2863 1872 cum
2886 1814 3116 1886 iustitia,
3147 1834 3267 1889 quae
3290 1820 3602 1875 contemndo
3624 1829 3769 1874 sontes

2248 1905 2485 1961 servavit
2511 1907 2848 1971 innocentes,
2894 1908 3085 1964 habuit
3130 1924 3347 1980 quoque
3376 1909 3657 1965 conﬂictum
3692 1925 3769 1981 pro

2249 1996 2411 2051 rebus
2472 1996 2723 2052 Ecclesiae
2769 2007 2959 2053 contra
3010 1998 3416 2055 Tociacensium
3468 2000 3766 2070 fraugendam

2248 2084 2621 2152 rebellionem,
2648 2101 2786 2156 quos
2810 2097 2988 2144 tamen
3018 2104 3141 2145 cum
3176 2090 3289 2145 cito
3330 2090 3607 2160 subegerit,
3634 2090 3771 2159 patris

2249 2177 2779 2235 coactioni‘Partiaci
2826 2178 3029 2235 faciens
3059 2191 3320 2245 castrum,
3352 2190 3544 2235 terram
3570 2186 3768 2234 nostram

2249 2269 2535 2324 admodum
2567 2269 2723 2336 lmsit,
2757 2271 2901 2326 unde
2924 2281 2978 2327 et
3013 2272 3226 2343 culpam
3256 2280 3552 2343 prostratus
3589 2270 3637 2324 in
3657 2270 3773 2338 capi-

2250 2358 2363 2415 tulo
2406 2357 2570 2425 ﬂevit,
2605 2370 2660 2415 et
2705 2361 2961 2416 damnum
3004 2364 3331 2419 emendavit.
3378 2362 3619 2418 Promisit
3658 2361 3770 2414 enim

2250 2449 2405 2504 nobis
2433 2464 2491 2505 se
2516 2452 2765 2505 daturum
2809 2453 2854 2508 si
2905 2468 2936 2507 a
2987 2454 3182 2523 quibus
3225 2454 3447 2510 deberet
3491 2452 3773 2523 sapientibus

2251 2539 2352 2594 sibi
2379 2540 2679 2595 consultum
2711 2540 2852 2597 foret
2880 2543 3276 2599 restitutionem
3303 2559 3464 2613 quam
3485 2542 3773 2613 optabamus,

2251 2629 2455 2684 scilicet
2474 2630 2872 2699 praefecturam,
2899 2634 2991 2703 qui
3015 2642 3341 2703 personatus
3372 2649 3401 2687 a
3428 2632 3606 2688 diebus
3631 2628 3775 2683 multis

2246 2725 2361 2791 jam
2391 2722 2646 2777 Ecclesiae
2687 2724 3058 2778 communitati
3101 2723 3280 2794 magis
3305 2740 3370 2779 ac
3399 2722 3563 2793 magis
3588 2718 3772 2789 optaba-

2252 2825 2376 2882 tur;
2415 2817 2509 2871 sed
2534 2816 2787 2886 quoniam
2825 2805 3104 2885 superstes
3130 2825 3247 2870 erat
3290 2817 3467 2871 adhuc
3497 2825 3701 2885 persona
3724 2822 3774 2863 eo

2252 2915 2511 2975 tempore,
2571 2906 2718 2961 dedit
2771 2906 2925 2961 nobis
2969 2921 3073 2976 pro
3123 2908 3444 2961 investitura
3494 2902 3776 2974 prtefecturaa

2250 2999 2520 3053 abbatiam
2552 2998 2721 3051 beatae
2747 2997 2947 3060 Maria),
2985 2997 3174 3053 nolens
3218 3008 3280 3052 ut
3326 2995 3641 3052 infructuosa
3665 2990 3776 3044 intc-

2255 3091 2353 3145 rim
2400 3092 2734 3161 exspectatio
2782 3090 2985 3146 faceret
3034 3104 3134 3145 nos
3160 3091 3448 3147 adversum
3495 3095 3776 3142 semurmu-

2252 3189 2469 3245 rantes;
2503 3180 2647 3234 dedit
2684 3190 2739 3234 et
2778 3180 3091 3249 pmbendas
3120 3180 3273 3245 duas,
3304 3194 3439 3250 quas
3468 3179 3660 3238 darent,
3682 3168 3779 3240 qui-

2252 3268 2352 3324 bus
2388 3267 2626 3322 vcllent:
2679 3269 2804 3324 inde
2849 3284 2977 3325 vero
3027 3277 3227 3339 quanta
3282 3271 3516 3340 puritate
3542 3258 3780 3320 chan‘tatis

2253 3373 2353 3414 nos
2380 3358 2432 3412 in
2466 3367 2573 3412 tota
2598 3358 2708 3412 vita
2752 3358 3004 3414 dilexerit
3041 3359 3410 3413 testimonium
3456 3354 3646 3425 prabet
3680 3344 3780 3403 illud

2253 3450 2547 3519 egregium,
2576 3456 2629 3502 et
2668 3464 2831 3518 supra
2878 3459 3073 3504 cmtcra
3128 3446 3481 3503 memorabile
3521 3447 3715 3501 denunt,
3739 3437 3779 3489 iu

2253 3556 2360 3610 quo
2413 3541 2568 3595 nobis
2607 3555 2666 3596 se
2720 3551 2826 3595 tam
2877 3540 3442 3595 miscricordissimum
3480 3532 3781 3592 exbibuit,ut

2254 3630 2381 3684 dum
2432 3630 2643 3682 animas
2696 3638 2909 3682 nostras
2966 3629 3352 3695 amaverimus,
3393 3623 3533 3681 illius
3577 3612 3779 3676 obliviSCi

2254 3723 2565 3777 nullatenus
2590 3722 2900 3777 debeamus.
2936 3721 3068 3775 Nam
3107 3736 3232 3776 cum
3258 3721 3435 3777 sancti
3460 3719 3781 3773 antecessores

2252 3812 2369 3882 ejus
2409 3812 2725 3866 statuissent
2758 3812 3016 3882 episcopi,
3051 3821 3109 3866 ut
3139 3812 3270 3868 solis
3296 3813 3486 3867 diebus
3515 3804 3785 3874 Quadrage-

2253 3904 2403 3957 sima:
2430 3918 2493 3957 ex
2545 3903 2763 3971 proprio
2788 3903 3087 3972 praebenda:
3125 3901 3390 3958 beneficio
3430 3898 3607 3954 fratris
3641 3890 3784 3959 cilius-

2254 4008 2466 4061 cunque
2518 3994 2799 4057 memoria,
2830 4008 2952 4046 cum
2995 3992 3245 4059 obiisset,
3291 3992 3666 4048 celebraretur.
3706 3979 3785 4031 ίείθ

2248 4092 2401 4136 tanto
2427 4082 2745 4138 clementior
2771 4081 2876 4137 illis
2902 4082 3077 4138 factus
3110 4083 3163 4137 in
3196 4083 3299 4138 hac
3343 4082 3598 4142 bonitate,
3618 4077 3784 4144 quanto

2256 4172 2308 4226 in
2336 4174 2549 4227 caeteris
2581 4174 2861 4228 videbatur
2884 4173 3128 4238 inferior,
3155 4174 3363 4229 addidit
3384 4183 3441 4228 ct
3462 4166 3717 4226 stabilivit,
3742 4165 3786 4212 ιιι

2254 4262 2430 4316 nullus
2454 4264 2567 4330 jam
2596 4264 2664 4318 ab
2692 4264 2840 4318 obitu
2872 4278 2969 4318 suo
2994 4265 3290 4320 canonicus
3312 4277 3485 4333 usque
3520 4260 3584 4313 ad
3623 4264 3785 4310 annum

2254 4354 2565 4424 integritate
2591 4355 2889 4423 prtebenda:
2911 4355 3172 4424 privetur,
3211 4356 3303 4410 sed
3331 4363 3471 4409 totos
3501 4350 3620 4406 inde
3644 4339 3789 4400 reddi.

2259 4450 2342 4494 Ius
2385 4442 2683 4512 presbyter,
2738 4456 2844 4495 non
2899 4452 3082 4496 uoster
3139 4452 3316 4497 tamen
3373 4440 3671 4497 canonicus,
3711 4441 3787 4498 pro

2255 4532 2510 4586 defuncto
2558 4530 2839 4600 suscipiat,
2894 4532 2987 4600 qui
3035 4532 3254 4587 missam
3303 4530 3543 4601 quotidie
3567 4523 3787 4613 celebrat

2256 4622 2512 4675 horarum
2539 4620 2786 4675 victimas
2815 4621 3007 4686 solvat,
3035 4621 3236 4692 iugiter
3257 4632 3396 4685 oret,
3420 4635 3487 4675 ex
3513 4631 3614 4688 quo
3636 4613 3694 4666 de
3712 4607 3787 4660 Dei

2253 4711 2574 4765 confidimus
2604 4713 2822 4779 pietate,
2857 4726 3129 4780 nunquam
3155 4726 3376 4766 suorum
3405 4707 3607 4764 carebit
3630 4696 3788 4756 remis-

2254 4802 2406 4856 sione
2456 4810 2827 4870 peccatorum,
2876 4802 2969 4871 qui
3016 4811 3125 4855 tam
3177 4801 3445 4871 benignus
3467 4796 3567 4852 fuit
3615 4793 3666 4846 in
3705 4788 3788 4840 im-

2252 4894 2553 4964 petratione
2638 4893 2973 4948 remissionis
3038 4893 3141 4947 sibi
3212 4893 3587 4952 subditorum,
3644 4880 3790 4934 mihi":

2255 4991 2434 5036 autem
2475 4992 2532 5035 et
2567 4982 2708 5035 aliud
2741 5000 2757 5036 :
2802 4996 2925 5037 cum
2967 4997 3065 5036 suo
3096 4991 3333 5052 tempore
3382 4979 3541 5034 miles
3580 4970 3788 5044 quidam.

2253 5072 2380 5126 Atto
2408 5071 2607 5138 dictus,
2637 5082 2843 5141 partem
2891 5073 3341 5141 molendinorum,
3387 5084 3511 5139 quae
3552 5070 3671 5121 sunt
3709 5055 3791 5112 Sub

2256 5176 2433 5227 muro,
2469 5172 2523 5216 ct
2554 5162 2627 5216 ita
2655 5172 2934 5228 vocantur,
2985 5177 3147 5216 manu
3190 5162 3409 5216 ﬁrmata
3456 5158 3524 5213 ab
3559 5144 3791 5225 episcopis

2257 5263 2446 5309 tenens
2472 5252 2769 5319 canonicis,
2792 5267 3021 5322 quorum
3045 5261 3162 5307 erat
3189 5251 3359 5306 altera
3390 5262 3539 5319 pars,
3569 5240 3790 5315 placitum

2254 5350 2474 5421 egisset,
2505 5349 2619 5420 ipse
2644 5348 2907 5410 laudavit,
2954 5356 3182 5417 excepto
3205 5345 3346 5417 quod
3393 5334 3790 5399 anniversarimn

2254 5457 2411 5497 snum
2447 5440 2795 5511 promisimus
2840 5440 2962 5494 ideo
3002 5437 3294 5509 quotannis
3330 5433 3653 5490 faciendum.
3679 5422 3792 5476 Sunt

2256 5534 2361 5588 alia
2393 5534 2496 5605 pia:
2539 5531 2921 5588 sollicitudinis
2967 5530 3119 5599 ejus,
3168 5544 3290 5599 quae
3340 5527 3488 5582 circa
3540 5514 3792 5612 ecclesiam

2258 5626 2397 5680 hanc
2418 5624 2608 5679 habuit
2633 5623 2851 5687 indicia,
2875 5636 2994 5691 qua:
3017 5636 3145 5676 cum
3162 5627 3352 5675 ornent
3371 5616 3543 5685 ipsum
3566 5606 3791 5665 Ecclesia

2262 5732 2482 5788 corpus,
2509 5726 2602 5771 aut
2642 5717 2948 5782 instituant,
2998 5713 3286 5770 maluimus
3333 5710 3422 5766 illa
3469 5716 3638 5763 tamen
3674 5692 3791 5753 nuda

2183 4485 2231 4544 D
