3918 6316
153 363 244 423 285

1047 354 1137 412 DE
1159 351 1405 412 GESTIS
1436 348 1651 408 EPISC.
1676 347 2062 407 ANTISSIOD.
2100 379 2162 390 —-
2196 347 2376 405 PARS
2405 347 2448 403 l.

3266 337 3384 394 286

152 489 359 546 veritate
384 482 614 540 breviter
641 487 922 545 annotare,
955 493 1116 550 quam
1154 478 1441 532 verborum
1473 476 1695 535 tioribus
1723 455 1776 511 Α
1870 469 2175 525 Adnecténs
2204 466 2397 528 Frodo.
2429 460 2651 520 (ἰοστὶἀὶ
2681 460 2834 531 prius
2864 456 2986 550 inde
3017 455 3240 550 libb?!“

153 576 413 635 luculentis
449 572 514 627 ad
562 570 780 626 lectoris
826 569 1102 624 fastidium
1134 567 1398 623 colorare.
1444 568 1585 624 Ecce
1636 570 1690 624 in

151 667 350 725 introitu
388 679 486 729 suo
512 660 726 718 dorsale
770 659 971 716 coloris
1015 658 1298 728 sanguinei
1328 658 1541 721 obtulit,
1573 658 1695 728 pul-

150 759 299 827 pitum
330 752 434 809 alio
463 759 702 822 tempore
729 749 1138 820 quadringentis
1171 746 1360 804 solidis
1384 763 1448 803 ex
1478 747 1697 817 proprio

151 848 274 906 datis
300 845 411 900 fieri
439 844 589 910 fecit,
634 843 974 913 postmodum
1006 850 1234 912 excepto
1261 841 1438 911 capite
1462 840 1700 911 parietes

150 938 284 995 chori
332 934 573 991 ecclesiae
634 932 910 998 vitreavit,
964 933 1158 990 deinde
1234 940 1452 1003 cryptas
1539 937 1700 985 antea

149 1028 348 1084 nimium
383 1026 695 1081 tenebrosas
721 1023 949 1094 geminis
996 1022 1330 1093 ingressibus
1374 1021 1698 1086 illustravit;

150 1120 338 1174 demum
382 1117 661 1187 signorum
697 1122 878 1169 turres
924 1114 993 1167 ab
1044 1114 1170 1168 imis
1223 1112 1466 1168 ecclesia:
1501 1109 1702 1183 regulis

148 1223 338 1265 sursum
360 1206 658 1269 aedificans,
686 1204 1104 1262 consummavit.

205 1300 396 1355 Caetera
434 1298 552 1369 jam
580 1298 721 1353 illius
749 1298 889 1352 bona
919 1295 1218 1351 desinimus
1264 1294 1375 1359 hic,
1423 1309 1529 1349 non
1575 1293 1700 1364 quia

149 1390 269 1447 nulla
293 1391 415 1455 sint,
444 1405 790 1453 memorare;
841 1388 933 1443 sed
982 1388 1235 1458 quoniam
1282 1402 1445 1441 unum
1496 1387 1701 1455 habuit,

150 1481 333 1536 scilicet
354 1480 523 1534 animi
550 1480 1063 1550 temperamentum,
1094 1478 1160 1532 de
1183 1493 1293 1547 quo
1319 1478 1363 1532 si
1403 1475 1703 1531 differimus
1738 1514 1748 1524 .

150 1569 351 1625 ulterius
396 1568 572 1638 loqui,
621 1568 798 1623 scelus
840 1574 924 1622 est
975 1566 1378 1638 impiissimum,
1426 1565 1621 1619 nedum
1657 1563 1703 1618 si

147 1661 348 1717 velimus
394 1659 623 1715 omnino
661 1658 919 1714 reticere.
970 1656 1104 1711 Nam
1143 1656 1225 1710 vir
1255 1670 1482 1710 summa).
1509 1654 1703 1709 nobili-

150 1754 256 1808 tatis
296 1760 351 1808 et
396 1752 682 1806 immensae
746 1749 1021 1819 potentiae,
1072 1764 1234 1819 quem
1291 1749 1460 1818 gloria
1518 1746 1702 1801 mundi

149 1841 476 1910 sequebatur,
520 1848 577 1894 et
601 1841 780 1894 omnis
821 1838 1051 1895 felicitas
1081 1836 1394 1908 temporalis
1420 1836 1704 1901 adorabat,

149 1937 274 1983 tanta
299 1944 519 1998 semper
553 1927 793 1982 animum
824 1926 1097 1998 vigilantia
1141 1926 1451 1989 custodivit,
1502 1932 1563 1980 ut
1609 1939 1709 1980 nec

148 2018 289 2074 semel
330 2018 497 2073 [tedae
550 2016 843 2088 voluptatis
901 2017 1044 2072 actio
1095 2023 1313 2071 notaret
1361 2014 1554 2080 illum,
1610 2029 1709 2069 nec

148 2112 294 2182 ipsius
310 2112 419 2168 oris
445 2112 652 2167 locutio
666 2110 750 2167 vel
771 2110 895 2166 irati
925 2124 1250 2180 quemquam
1276 2108 1376 2163 sibi
1404 2107 1710 2163 lucraretur

148 2204 445 2270 inimicum;
504 2204 613 2258 imo
666 2202 943 2257 vidimus:
1000 2216 1103 2257 nec
1148 2199 1399 2254 inimicus
1456 2196 1710 2268 illius(si

147 2296 251 2365 quis
270 2294 391 2367 est)
444 2294 830 2350 contradicere
856 2292 1021 2358 valet,
1062 2291 1206 2362 quod
1234 2308 1354 2347 cum
1382 2291 1450 2346 ab
1491 2289 1713 2362 indigno

146 2385 355 2455 quolibet
382 2386 498 2441 sibi
550 2385 752 2441 videnti
789 2385 873 2441 vel
921 2384 1157 2440 audienti
1203 2384 1593 2446 detraheretur,
1619 2391 1715 2437 aut

148 2475 336 2545 aliquod
375 2474 729 2530 contumeliae
783 2474 1008 2529 verbum
1064 2473 1393 2537 inferretur;
1447 2472 1529 2526 sic
1568 2470 1715 2526 mitis

147 2575 191 2619 et
214 2579 527 2621 mansuetus
568 2579 689 2621 esse
731 2565 1020 2630 continuit,
1068 2572 1125 2619 ut
1155 2579 1297 2635 saepe
1344 2565 1390 2619 is
1411 2564 1501 2634 qui
1546 2563 1717 2619 male-

148 2656 281 2711 dictis
323 2656 483 2712 illum
533 2664 873 2727 provocaret,
931 2656 1245 2726 patientiam
1301 2654 1420 2725 ejus
1465 2654 1716 2721 intuitus,

147 2756 194 2803 et
229 2762 290 2801 ex
327 2762 391 2803 ea
456 2747 511 2801 in
565 2747 742 2817 seipse
781 2761 982 2816 pavore
1022 2755 1334 2816 correptus,
1381 2753 1530 2800 tanto
1585 2759 1715 2799 con-

151 2840 307 2897 testim
346 2840 717 2912 paenitudinis
742 2839 947 2906 dolere,
992 2839 1188 2910 pugnis
1234 2846 1424 2907 pectus
1473 2845 1530 2893 et
1577 2835 1717 2891 labia

151 2934 362 2988 tondens
404 2933 653 3003 seipsum
685 2930 942 2993 alliceret,
976 2938 1244 3000 quatenus
1275 2928 1453 2999 quivis
1494 2928 1722 2982 intuitus

152 3025 238 3081 hoc
257 3026 528 3096 judicaret
558 3024 786 3079 multum
817 3024 863 3078 ei
889 3024 1061 3094 parci,
1102 3024 1146 3078 si
1179 3022 1409 3078 meritos
1433 3034 1722 3091 ptenarum

154 3117 399 3171 cruciatus
443 3115 635 3186 potius
671 3113 740 3168 ad
783 3112 1077 3168 vindictam
1120 3111 1440 3182 susciperet.
1490 3110 1720 3166 Brevius

156 3207 325 3272 dicam,
379 3209 534 3265 nulla
582 3207 686 3262 fuit
731 3223 967 3278 unquam
1017 3208 1287 3278 asperitas
1345 3206 1719 3276 malignitatis,

156 3308 295 3367 quam
324 3315 432 3355 non
469 3308 659 3369 posset
698 3297 866 3352 lenire
890 3295 1007 3365 ejus
1035 3297 1373 3367 pulchritudo
1398 3295 1578 3352 blandi
1608 3311 1724 3351 ser-

156 3391 309 3445 monis
331 3408 346 3446 :
370 3391 468 3447 sed
501 3397 558 3445 et
585 3389 653 3443 de
691 3387 1028 3458 voluptuosis
1052 3388 1458 3449 tentatiouibus,
1489 3387 1594 3441 hoc
1635 3392 1724 3441 est

157 3478 349 3537 lascivis
395 3480 638 3536 motibus
677 3480 859 3534 carnis
887 3479 1058 3549 ipsius
1096 3479 1227 3549 quid
1258 3476 1546 3532 dicemus?
1587 3491 1725 3547 quos

159 3570 417 3627 refrenare
444 3580 614 3639 atque
636 3570 993 3638 comprimere
1040 3577 1148 3621 tam
1176 3567 1447 3622 studiosus
1493 3564 1609 3626 fuit,
1666 3576 1727 3620 ut

159 3661 234 3716 vix
277 3661 572 3734 aliquando
620 3661 803 3714 vinum
872 3661 1098 3715 biberet.
1152 3659 1396 3729 Cumque
1444 3659 1639 3727 saepius
1693 3671 1722 3711 a

159 3754 361 3810 medicis
387 3762 726 3817 moneretur,
757 3760 817 3806 ut
842 3767 969 3815 non,
1003 3751 1105 3806 nisi
1138 3751 1246 3806 cito
1272 3751 1406 3805 mori
1438 3750 1618 3813 vellet,
1646 3749 1726 3805 sic

158 3845 319 3899 vinum
347 3861 416 3901 ex
446 3830 562 3901 toto
592 3844 809 3910 vitaret,
849 3859 953 3899 non
983 3844 1107 3913 quia
1151 3845 1266 3912 ipse
1310 3844 1446 3898 mori
1489 3844 1724 3908 volebat,

159 3934 238 3987 sed
269 3949 491 3989 causam
528 3934 721 3987 mortis
761 3942 817 3987 et
858 3931 1098 3988 fomitem
1144 3931 1384 3987 libidinis
1433 3942 1623 3986 natura
1672 3941 1728 3987 et

158 4033 296 4080 aetate
313 4025 561 4080 fervidus
581 4025 873 4088 metuebat,
901 4023 1058 4078 nullis
1079 4024 1318 4088 monitis,
1349 4025 1506 4098 nullis
1533 4025 1729 4078 exhor-

161 4115 439 4171 tationibus
465 4130 662 4185 passus
689 4124 774 4169 est
798 4115 947 4185 prius
971 4114 1336 4183 acquiescere,
1365 4129 1524 4183 quam
1554 4112 1726 4168 absti-

158 4207 318 4262 nentia
364 4208 455 4263 illa
506 4207 587 4261 sie
634 4206 942 4260 infirmatus
985 4213 1070 4259 est
1103 4206 1258 4260 nobis
1306 4204 1634 4268 videntibus,
1668 4212 1730 4257 ut

155 4292 289 4364 juxta
317 4297 656 4353 medicorum
685 4296 1009 4350 sententiam
1032 4294 1245 4364 juvenis
1275 4294 1450 4348 adhuc
1482 4294 1724 4347 omnium

160 4389 529 4444 necessitatum
560 4388 849 4443 novissima
894 4395 1055 4457 atque
1083 4387 1333 4449 maxima,
1377 4394 1552 4439 morte
1579 4384 1727 4439 vide-

1870 561 2038 618 Fidus
2067 576 2162 617 eas
2196 560 2326 631 egit,
2357 557 2482 628 quia
2518 569 2624 609 non
2660 552 2762 607 nisi
2790 549 3005 620 cognita
3035 547 3212 602 dixit:

1834 696 1835 699 η
1871 654 1988 711 Νοιι
2028 654 2200 724 potuit
2228 665 2422 706 munus
2451 645 2698 704 Dominis
2720 657 2924 714 pauper
2948 640 3079 696 dare
3103 635 3277 705 majus

1871 750 2040 818 Quam
2061 747 2202 817 quod
2227 745 2276 800 ei
2304 752 2511 799 certum
2536 747 2719 795 servat
2740 748 3012 805 nunquam
3037 730 3379 803 moriturum,

1876 839 2028 897 Unde
2059 837 2172 892 Deo
2201 833 2399 891 mentis
2424 832 2519 887 des
2546 828 2732 884 laudes
2761 828 2946 893 utique
2973 821 3166 885 tristis,

1873 929 2073 992 Poscit,
2099 934 2155 983 et
2182 925 2234 980 in
2273 923 2451 979 verbis
2476 921 2617 976 Deus
2642 926 2705 973 ut
2730 916 2830 972 sibi
2860 920 3051 985 parcat
3073 919 3129 965 et
3164 907 3291 963 illis.

1967 1080 2307 1151 Epitaphium
2332 1075 2541 1130 Roberti
2567 1068 2807 1143 prwsulis
2831 1076 2878 1124 et
2912 1063 3227 1133 conquestio.

1926 1214 2102 1268 Consul
2129 1219 2181 1262 et
2205 1212 2430 1269 antistes,
2464 1208 2714 1271 geminato
2738 1204 2917 1266 dignus
2935 1202 3141 1261 honore,

1929 1298 1993 1350 Ut
2010 1299 2237 1347 minimus
2253 1294 2411 1358 quivis
2424 1293 2604 1354 migras
2625 1290 2862 1340 moriture
2879 1285 3116 1344 Roberte,

1926 1379 2239 1439 Quantalibet
2261 1378 2382 1425 bona
2405 1375 2519 1433 sint,
2551 1372 2796 1421 morituris
2817 1376 2872 1418 ut
2892 1368 3005 1428 quid
3025 1362 3265 1421 habenda,

1834 1442 1839 1447 ’
1928 1462 2210 1513 Acriderint
2230 1457 2408 1507 melius
2426 1456 2646 1514 victuris,
2671 1453 2851 1515 quippe
2875 1450 3080 1508 minora,

1927 1548 2009 1597 Sic
2041 1546 2223 1596 utinam
2247 1543 2409 1603 fieret,
2438 1550 2587 1602 pauca
2623 1549 2733 1586 cum
2769 1537 3092 1598 prosperitate

1929 1634 2179 1692 Quatenus
2210 1626 2470 1675 ailluereut
2492 1623 2653 1683 longe:
2676 1617 2928 1698 dispendia
2954 1617 3086 1664 vitae.

1929 1714 2046 1764 Cum
2070 1711 2256 1761 modica
2281 1709 2397 1768 vita,
2422 1706 2580 1769 potius
2612 1694 2754 1763 quam
2777 1699 2951 1761 gaudia
2976 1694 3144 1757 multa,

1928 1794 2028 1845 Sed
2055 1792 2191 1843 Deus
2213 1790 2337 1839 hanc
2360 1785 2507 1837 talem
2532 1783 2724 1835 confert
2747 1792 2836 1843 per
2858 1780 3216 1842 posteritatem,

1928 1877 1995 1927 Ut
2014 1887 2104 1938 per
2125 1881 2453 1924 transversum
2474 1872 2729 1933 contingat
2755 1869 2936 1931 optima
2959 1872 3145 1920 rerum,

1930 1961 1993 2012 Et
2016 1961 2093 2009 eui
2113 1957 2384 2019 spondetur
2407 1967 2555 2016 mors,
2580 1954 2648 2004 illi
2680 1956 2778 2007 vita
2807 1956 3025 2011 paretur,

1932 2044 2124 2105 Quique
2152 2045 2294 2102 putet
2316 2039 2413 2087 vita
2437 2036 2541 2087 fore
2564 2037 2720 2088 fretus
2735 2039 2800 2086 sit
2821 2034 2911 2084 sibi
2935 2037 3123 2082 contra.

1931 2127 2059 2179 Ecce
2080 2124 2246 2173 videte
2263 2121 2426 2183 modo,
2454 2122 2570 2183 quid
2593 2128 2660 2173 sit
2676 2121 2742 2170 de
2765 2116 2973 2182 praesule
2997 2118 3182 2172 nostro,

1932 2208 2121 2260 Nobilis
2141 2212 2194 2255 et
2214 2208 2430 2264 sapiens,
2445 2204 2658 2263 juvenis,
2694 2200 2952 2259 formosus,
2969 2194 3218 2248 amandus.

1938 2294 2188 2345 Prmterilt
2208 2299 2437 2354 tanquam
2459 2288 2501 2338 sl
2524 2298 2619 2336 nec
2640 2285 2838 2349 genitus
2859 2282 2986 2331 foret
3020 2287 3247 2340 unquam.
3308 2303 3313 2309 -

2165 2434 2295 2492 (ἔριν.
2331 2430 2463 2487 Llll.
2504 2458 2575 2471 ——
2608 2426 2683 2481 De
2713 2419 3053 2479 Humbaudo.

1887 2567 2240 2623 Humbaudus
2272 2565 2429 2619 boum
2465 2556 2740 2619 memoriae
2767 2570 2835 2610 cx
2859 2553 3066 2608 decano
3096 2546 3403 2617 episcopus,

1818 2660 2036 2715 natione
2056 2651 2568 2713 Autissiodurensis,
2596 2663 2663 2701 ex
2695 2653 2849 2716 patre
2873 2636 3199 2700 llumbaldo,
3229 2645 3405 2688 matre

1823 2750 2013 2816 Adcla,
2048 2748 2213 2805 nobili
2256 2744 2511 2801 videlicet
2539 2738 2787 2810 prosapia
2832 2745 3001 2798 ortus,
3052 2729 3191 2786 sedit
3232 2738 3406 2780 annos

1819 2843 1911 2908 2‘2,
1941 2855 2154 2897 menses
2182 2838 2239 2902 ὁ,
2270 2836 2384 2892 dies
2416 2834 2502 2889 17.
2537 2830 2664 2887 Fuit
2709 2836 2892 2882 autem
2938 2823 3079 2878 idem
3119 2818 3405 2908 cpiscopus

1823 2905 2155 3003 temporibus
2180 2928 2549 2983 Romanorum
2577 2918 2895 2993 pontificum
2925 2911 3128 3003 Urbani
3160 2905 3401 3003 paprell,

1822 2994 2102 3078 Paschalis
2143 3015 2385 3077 secundi,
2424 3010 2776 3082 regnantibus
2819 3003 2959 3073 apud
2990 3001 3230 3057 Francos
3271 2994 3407 3049 viris

1826 3109 2209 3168 illustrissimis
2259 3105 2508 3175 Philippo
2560 3101 2796 3172 glorioso
2865 3095 3200 3150 Francorum
3256 3100 3405 3157 rege,

1824 3211 1986 3272 atque
2015 3199 2289 3254 Ludovico
2332 3194 2443 3250 lilio
2485 3192 2604 3264 ejus
2647 3189 2894 3245 feliciter.
2940 3183 3040 3255 Hic
3084 3181 3152 3234 ab
3179 3176 3408 3272 infantia

1824 3268 2020 3351 studiis
2047 3290 2353 3345 litterarum
2384 3283 2619 3359 traditus
2664 3279 2734 3335 ab
2778 3276 3066 3333 Heriberto
3107 3268 3409 3359 praedeces-

1826 3399 1951 3442 sore
1979 3397 2080 3438 suo
2117 3379 2351 3435 clericus
2382 3356 2545 3445 atque
2579 3372 2875 3428 canonicos
2922 3365 3120 3426 factus,
3150 3356 3411 3427 simplici-

1826 3486 1954 3539 tate,
1982 3482 2036 3528 et
2065 3468 2374 3543 prudentia,
2397 3466 2648 3522 castitate
2673 3476 2739 3516 ac
2762 3455 3133 3527 temperantia,
3172 3447 3410 3504 caeteris-

1824 3583 1930 3640 que
1984 3540 2250 3621 virtutum
2302 3560 2526 3617 ﬂoribus
2581 3554 2794 3626 pollens
2871 3551 2925 3605 in
2980 3540 3407 3640 ecclesia-beati

1826 3633 2242 3731 protomartyris
2273 3649 2529 3721 Stephani
2562 3662 2658 3717 per
2682 3643 2865 3700 omnia
2893 3638 3138 3705 ordinem
3170 3633 3411 3731 militans

1825 3721 2022 3813 officia,
2079 3721 2326 3804 honeste.
2380 3741 2746 3805 decenterque
2806 3746 2872 3786 ac
2927 3727 3174 3797 religiose
3212 3721 3408 3813 ibidem

1826 3841 1939 3895 Deo
1988 3811 2195 3892 servire
2246 3831 2490 3895 studuit;
2546 3827 2842 3883 decedente
2894 3830 3074 3874 autem
3127 3830 3157 3869 a
3210 3811 3410 3868 sacculo

1826 3926 2329 4003 praecellentissimo
2355 3919 2669 3992 pontificum
2699 3912 2972 3987 pontifice,
3006 3909 3264 3969 Robcrto,
3295 3917 3411 4003 mo-

1827 3994 1981 4083 ribus
2001 4032 2059 4078 et
2085 4017 2439 4092 generatione
2474 4010 2729 4068 nobilium
2777 4001 3133 4062 nobilissimo;
3175 3994 3412 4092 pruden-

1829 4118 1904 4172 tia
1934 4130 2001 4170 ae
2024 4085 2271 4183 corporis
2319 4106 2505 4178 specie.
2546 4098 2933 4172 speciosiorum
2983 4085 3405 4183 speciosissime,

1828 4175 2162 4263 Humbaldus
2192 4218 2220 4256 a
2246 4175 2391 4256 clero
2420 4206 2474 4251 et
2494 4192 2692 4267 pupulo
2733 4186 2974 4246 civitatis
3012 4184 3065 4237 in
3101 4175 3412 4267 pontiﬁcem

1827 4294 2317 4368 eligitur,.electus
2371 4266 2587 4359 quidem
2649 4281 2790 4353 apud
2832 4266 3413 4368 Mediolanumult-alim

1828 4359 2127 4452 civitatem,
2158 4401 2189 4438 a
2223 4381 2440 4439 clericis
2463 4378 2723 4450 praedicto
2743 4386 2895 4444 papae
2920 4368 3139 4424 Urbano
3161 4359 3416 4452 videlicet

161 4474 291 4541 licet,
345 4488 476 4534 ante
539 4490 749 4549 tempus
804 4448 1108 4550 raperetur,
1160 4494 1280 4547 qua:
1331 4488 1386 4532 et
1415 4478 1460 4531 si
1518 4487 1729 4547 poterat
1755 4503 1803 4564 ο
1831 4481 1923 4551 qui
1957 4494 2058 4549 pro
2084 4448 2406 4546 quibusdam
2430 4448 2481 4527 ει-
2500 4482 2630 4525 sana
2659 4462 2908 4519 doctrina
2938 4448 3410 4564 declinantibusiu

162 4568 348 4623 medela
398 4584 692 4639 parumper
739 4568 964 4634 differri,
1008 4570 1265 4638 nequibat
1295 4578 1472 4622 tamen
1504 4570 1724 4622 omnino

158 4657 515 4724 quiuveuirct
563 4658 763 4712 diutius
814 4657 1058 4713 retineri.
1112 4658 1253 4728 Ergo
1312 4656 1560 4711 Niveruis
1614 4666 1723 4711 tota

161 4746 464 4817 agritudiue
507 4755 718 4817 captus,
764 4747 972 4810 induto,
1013 4755 1071 4801 ut
1099 4747 1271 4812 aiunt,
1324 4747 1509 4801 habitu
1553 4748 1723 4802 sancti

165 4834 453 4905 Benedicti,
503 4838 815 4908 amarisque
865 4838 1119 4911 laerymis
1166 4838 1368 4894 deﬂens
1412 4838 1548 4893 mala
1605 4854 1725 4908 qua:

162 4922 379 4989 fecerat,
424 4937 481 4982 ct
538 4928 591 4981 in
639 4927 978 4983 confessione
1027 4925 1313 4982 defunctus
1351 4928 1635 4991 catholica,
1670 4936 1726 4982 et

169 5016 350 5072 ibidem
381 5020 435 5074 in
473 5020 613 5074 beati
653 5020 1067 5090 protomartyris
1111 5018 1343 5074 feliciter
1381 5019 1621 5089 sepultus
1651 5028 1733 5076 est

170 5106 373 5164 basilica
431 5126 467 5164 tt
521 5111 643 5165 ldus
689 5111 847 5166 Febr.
918 5111 1029 5165 Illic
1075 5112 1330 5166 honorent
1387 5110 1729 5181 magniﬁcum

164 5208 410 5263 perstant
458 5199 576 5267 ejus
627 5201 887 5261 membra,
950 5200 1037 5254 hic
1086 5199 1241 5254 nobis
1286 5199 1475 5254 diebus
1521 5200 1732 5256 cunctis

176 5286 394 5344 fructum
462 5291 657 5349 ferunt.
709 5306 828 5360 quae
877 5290 1100 5361 largitus
1155 5297 1254 5353 est,
1292 5289 1731 5359 beneficia,qua-

176 5391 377 5450 propter
406 5384 662 5438 memoria
693 5384 835 5436 illius
863 5383 1065 5451 scripto
1109 5380 1359 5450 praesenti
1389 5380 1596 5444 vivens,
1628 5396 1729 5436 nec

180 5485 205 5521 ει
256 5475 455 5530 nostris
507 5475 722 5531 recedet
789 5473 1083 5539 cordibus,
1147 5488 1246 5527 nec
1286 5471 1485 5528 nostris
1529 5473 1734 5527 carebit

178 5563 517 5619 orationibus.

168 5672 173 5675 ν
246 5650 551 5708 Pontiﬁcum
580 5654 759 5711 Gestis
789 5654 1013 5708 aliorum
1044 5664 1193 5724 gesta
1227 5653 1452 5706 duorum

204 5788 207 5791 λ
246 5741 479 5799 Clericus
509 5746 786 5801 amborum
813 5745 952 5800 vitas
970 5740 1261 5815 descripsit
1291 5758 1497 5809 eorum,

1828 4547 2210 4628 Lombardiam
2252 4559 2630 4621 descenderat,
2677 4547 3079 4610 consecrandus
3120 4547 3412 4613 praesenta-

1831 4671 1943 4724 tur,
1971 4669 2026 4715 et
2062 4657 2131 4711 ab
2157 4654 2345 4715 eodem
2386 4650 2586 4713 ibidem
2632 4649 2983 4701 consecratus
3024 4636 3092 4691 ad
3135 4629 3410 4704 propriam

1831 4723 2105 4806 civitatem
2137 4744 2433 4805 reducitur,
2483 4747 2647 4807 atque
2686 4736 2740 4789 iu
2780 4733 2908 4789 sede
2946 4723 3243 4800 pontiﬁcali
3288 4734 3413 4776 cum

1831 4840 1999 4911 gloria
2019 4846 2075 4894 et
2096 4832 2418 4906 hymnidicis
2444 4829 2695 4885 cantibus
2709 4826 2861 4896 juxta
2882 4818 3138 4877 Ecclesia:
3154 4828 3358 4872 morem
3381 4826 3413 4865 a

1829 4908 1978 4988 clero
2004 4939 2061 4984 et
2079 4926 2277 4998 populo
2301 4926 2492 4980 devote
2520 4926 2799 4989 susceptus
2820 4924 2923 4970 est.
2949 4911 3174 4998 Quidam
3210 4908 3412 4998 inter-ea

1835 4988 2095 5072 ecclesiae
2117 4988 2283 5068 casati
2325 5010 2379 5063 in
2407 4988 2699 5063 Ecclesiam
2722 5004 3057 5071 insurgentes
3090 4988 3411 5065 episcopalia

1834 5110 1975 5165 bona
1989 5110 2403 5175 usurpaverunt,
2425 5108 2560 5155 etut
2583 5096 2799 5168 propria
2819 5093 2921 5150 sibi
2960 5088 3195 5146 retinere
3225 5081 3411 5175 volue—

1834 5206 1993 5255 runt:
2023 5173 2208 5252 verum
2229 5191 2561 5258 Humbaldus
2587 5187 2812 5257 simplex
2843 5200 2907 5239 ac
2932 5180 3170 5252 prudens
3199 5173 3412 5245 episco-

1831 5305 1955 5361 pus,
1970 5287 2087 5343 utili
2101 5284 2326 5342 consilio
2351 5282 2521 5338 fretus
2533 5288 2693 5349 atque
2707 5277 2773 5333 de
2784 5275 2877 5330 Dei
2893 5269 3130 5343 potentia
3154 5262 3410 5335 conﬁsus.

1834 5377 2154 5437 Gaufridum
2168 5374 2591 5430 Duuziaeensem
2618 5365 2866 5423 Varziaci
2898 5368 3131 5417 castrum
3153 5366 3414 5422 occupan-

1835 5479 1964 5534 tem,
1987 5478 2184 5524 terram
2201 5464 2554 5532 hominesque
2573 5459 2711 5514 ultra
2739 5455 2953 5527 modum
2977 5443 3411 5523 depopulantcm,

1832 5557 2202 5616 ecclesiastica
2216 5553 2429 5623 justitia
2445 5550 2713 5620 sagaciter
2727 5543 2975 5608 remOvit,
2990 5538 3199 5608 sibique
3216 5550 3279 5590 ac
3291 5548 3416 5589 suc-

1836 5650 2145 5710 cessoribus
2163 5650 2276 5707 suis
2291 5632 2639 5703 obtinendum
2656 5638 2885 5695 censuit.
2909 5632 3179 5691 Canadam
3202 5640 3415 5708 quoque

1837 5742 1905 5799 ab
1930 5740 2167 5811 iiugonis
2200 5736 2481 5810 tyrannica
2514 5729 2830 5805 pervasione
2870 5721 3138 5790 liberavit,
3171 5713 3414 5811 qui_cpi-
