  <div class='ocr_page' id='page_1' title='image "/cluster/home/n/w/nwhite01/storage/ocr_20150623/138/hvd.32044015471774/149.png"; bbox 0 0 3918 6316; ppageno 0'>
   <div class='ocr_carea' id='block_1_1' title="bbox 542 349 646 408">
    <p class='ocr_par' dir='ltr' id='par_1_1' title="bbox 542 349 646 408">
     <span class='ocr_line' id='line_1_1' title="bbox 542 349 646 408; baseline -0.019 0"><span class='ocrx_word' id='word_1_1' title='bbox 542 349 646 408; x_wconf 72' lang='lat'><strong>287</strong></span> 
     </span>
    </p>
   </div>
   <div class='ocr_carea' id='block_1_2' title="bbox 1396 349 3728 432">
    <p class='ocr_par' dir='ltr' id='par_1_2' title="bbox 1396 349 3728 432">
     <span class='ocr_line' id='line_1_2' title="bbox 1396 349 3728 432; baseline 0.01 -25"><span class='ocrx_word' id='word_1_2' title='bbox 1396 349 1680 408; x_wconf 66' lang='lat' dir='ltr'><strong>APPEND.</strong></span> <span class='ocrx_word' id='word_1_3' title='bbox 1725 351 1814 406; x_wconf 77' lang='lat' dir='ltr'><strong>AD</strong></span> <span class='ocrx_word' id='word_1_4' title='bbox 1855 349 2029 406; x_wconf 59' lang='lat' dir='ltr'><strong>SzEC.</strong></span> <span class='ocrx_word' id='word_1_5' title='bbox 2070 350 2134 405; x_wconf 74' lang='grc' dir='ltr'><strong>Χ.</strong></span> <span class='ocrx_word' id='word_1_6' title='bbox 2166 382 2234 392; x_wconf 82' lang='lat'><strong>—-</strong></span> <span class='ocrx_word' id='word_1_7' title='bbox 2283 354 2510 412; x_wconf 65' lang='lat' dir='ltr'><strong>OPERA</strong></span> <span class='ocrx_word' id='word_1_8' title='bbox 2551 361 2972 420; x_wconf 72' lang='lat' dir='ltr'><strong>Aauxnortu.‘</strong></span> <span class='ocrx_word' id='word_1_9' title='bbox 3647 375 3728 432; x_wconf 77' lang='lat'><strong>288</strong></span> 
     </span>
    </p>
   </div>
   <div class='ocr_carea' id='block_1_3' title="bbox 537 447 3734 544">
    <p class='ocr_par' dir='ltr' id='par_1_3' title="bbox 537 447 3734 544">
     <span class='ocr_line' id='line_1_3' title="bbox 537 447 3734 544; baseline 0.005 -31"><span class='ocrx_word' id='word_1_10' title='bbox 537 461 784 529; x_wconf 81' lang='lat' dir='ltr'><strong>scopales</strong></span> <span class='ocrx_word' id='word_1_11' title='bbox 837 458 1074 529; x_wconf 82' lang='lat' dir='ltr'><strong>ejusdem</strong></span> <span class='ocrx_word' id='word_1_12' title='bbox 1126 458 1229 515; x_wconf 91' lang='lat' dir='ltr'><strong>loci</strong></span> <span class='ocrx_word' id='word_1_13' title='bbox 1292 461 1533 516; x_wconf 86' lang='lat' dir='ltr'><strong>redditus</strong></span> <span class='ocrx_word' id='word_1_14' title='bbox 1591 477 1842 531; x_wconf 84' lang='lat' dir='ltr'><strong>perversa</strong></span> <span class='ocrx_word' id='word_1_15' title='bbox 1889 463 2110 518; x_wconf 76' lang='lat' dir='ltr'><strong>audacia</strong></span> <span class='ocrx_word' id='word_1_16' title='bbox 2141 447 2190 504; x_wconf 77' lang='grc' dir='ltr'>Α</span> <span class='ocrx_word' id='word_1_17' title='bbox 2217 465 2483 533; x_wconf 82' lang='lat' dir='ltr'><strong>Accolaci,</strong></span> <span class='ocrx_word' id='word_1_18' title='bbox 2516 486 2636 524; x_wconf 90' lang='lat' dir='ltr'><strong>cum</strong></span> <span class='ocrx_word' id='word_1_19' title='bbox 2689 473 2914 527; x_wconf 79' lang='lat' dir='ltr'><strong>decimis</strong></span> <span class='ocrx_word' id='word_1_20' title='bbox 2941 490 3100 544; x_wconf 89' lang='lat' dir='ltr'><strong>quam</strong></span> <span class='ocrx_word' id='word_1_21' title='bbox 3135 490 3165 529; x_wconf 89' lang='lat' dir='ltr'><strong>a</strong></span> <span class='ocrx_word' id='word_1_22' title='bbox 3193 476 3439 534; x_wconf 85' lang='lat' dir='ltr'><strong>Guiberto</strong></span> <span class='ocrx_word' id='word_1_23' title='bbox 3476 481 3626 538; x_wconf 75' lang='lat' dir='ltr'><strong>milite</strong></span> <span class='ocrx_word' id='word_1_24' title='bbox 3661 502 3734 538; x_wconf 66' lang='grc' dir='ltr'><strong>ω-</strong></span> 
     </span>
    </p>
   </div>
   <div class='ocr_carea' id='block_1_4' title="bbox 536 553 2112 624">
    <p class='ocr_par' dir='ltr' id='par_1_4' title="bbox 536 553 2112 624">
     <span class='ocr_line' id='line_1_4' title="bbox 536 553 2112 624; baseline 0.004 -22"><span class='ocrx_word' id='word_1_25' title='bbox 536 561 916 621; x_wconf 86' lang='lat' dir='ltr'><strong>nsurpaverat,</strong></span> <span class='ocrx_word' id='word_1_26' title='bbox 950 561 1003 607; x_wconf 89' lang='lat' dir='ltr'><strong>et</strong></span> <span class='ocrx_word' id='word_1_27' title='bbox 1052 554 1104 607; x_wconf 93' lang='lat' dir='ltr'><strong>in</strong></span> <span class='ocrx_word' id='word_1_28' title='bbox 1159 561 1432 624; x_wconf 87' lang='lat' dir='ltr'><strong>posterum</strong></span> <span class='ocrx_word' id='word_1_29' title='bbox 1470 553 1572 607; x_wconf 89' lang='lat' dir='ltr'><strong>sibi</strong></span> <span class='ocrx_word' id='word_1_30' title='bbox 1622 554 1854 608; x_wconf 87' lang='lat' dir='ltr'><strong>retinere</strong></span> <span class='ocrx_word' id='word_1_31' title='bbox 1877 555 2112 610; x_wconf 90' lang='lat' dir='ltr'><strong>sitiebat.</strong></span> 
     </span>
    </p>
   </div>
   <div class='ocr_carea' id='block_1_5' title="bbox 538 638 2120 713">
    <p class='ocr_par' dir='ltr' id='par_1_5' title="bbox 538 638 2120 713">
     <span class='ocr_line' id='line_1_5' title="bbox 538 638 2120 713; baseline 0.003 -20"><span class='ocrx_word' id='word_1_32' title='bbox 538 638 894 695; x_wconf 89' lang='lat' dir='ltr'><strong>Tociacenscs</strong></span> <span class='ocrx_word' id='word_1_33' title='bbox 940 641 1191 696; x_wconf 80' lang='lat' dir='ltr'><strong>similiter</strong></span> <span class='ocrx_word' id='word_1_34' title='bbox 1228 642 1590 696; x_wconf 88' lang='lat' dir='ltr'><strong>ecclesiastica</strong></span> <span class='ocrx_word' id='word_1_35' title='bbox 1633 643 1913 713; x_wconf 85' lang='lat' dir='ltr'><strong>disciplina</strong></span> <span class='ocrx_word' id='word_1_36' title='bbox 1961 659 2120 699; x_wconf 89' lang='lat' dir='ltr'><strong>coer-</strong></span> 
     </span>
    </p>
   </div>
   <div class='ocr_carea' id='block_1_6' title="bbox 538 731 2117 805">
    <p class='ocr_par' dir='ltr' id='par_1_6' title="bbox 538 731 2117 805">
     <span class='ocr_line' id='line_1_6' title="bbox 538 731 2117 805; baseline 0.004 -20"><span class='ocrx_word' id='word_1_37' title='bbox 538 731 670 798; x_wconf 84' lang='lat' dir='ltr'><strong>cuit,</strong></span> <span class='ocrx_word' id='word_1_38' title='bbox 702 741 755 787; x_wconf 92' lang='lat' dir='ltr'><strong>et</strong></span> <span class='ocrx_word' id='word_1_39' title='bbox 799 749 918 802; x_wconf 84' lang='lat' dir='ltr'><strong>qua</strong></span> <span class='ocrx_word' id='word_1_40' title='bbox 958 735 1026 788; x_wconf 89' lang='lat' dir='ltr'><strong>ab</strong></span> <span class='ocrx_word' id='word_1_41' title='bbox 1081 734 1369 803; x_wconf 89' lang='lat' dir='ltr'><strong>episc0pali</strong></span> <span class='ocrx_word' id='word_1_42' title='bbox 1416 733 1540 802; x_wconf 85' lang='lat' dir='ltr'><strong>jure</strong></span> <span class='ocrx_word' id='word_1_43' title='bbox 1585 737 1991 805; x_wconf 89' lang='lat' dir='ltr'><strong>subripuerant,</strong></span> <span class='ocrx_word' id='word_1_44' title='bbox 2022 751 2117 791; x_wconf 86' lang='lat' dir='ltr'><strong>eos</strong></span> 
     </span>
    </p>
   </div>
   <div class='ocr_carea' id='block_1_7' title="bbox 538 823 986 892">
    <p class='ocr_par' dir='ltr' id='par_1_7' title="bbox 538 823 986 892">
     <span class='ocr_line' id='line_1_7' title="bbox 538 823 986 892; baseline 0.004 -18"><span class='ocrx_word' id='word_1_45' title='bbox 538 823 763 876; x_wconf 81' lang='lat' dir='ltr'><strong>reddere</strong></span> <span class='ocrx_word' id='word_1_46' title='bbox 791 824 986 892; x_wconf 86' lang='lat' dir='ltr'><strong>coegit.</strong></span> 
     </span>
    </p>
   </div>
   <div class='ocr_carea' id='block_1_8' title="bbox 609 912 2122 985">
    <p class='ocr_par' dir='ltr' id='par_1_8' title="bbox 609 912 2122 985">
     <span class='ocr_line' id='line_1_8' title="bbox 609 912 2122 985; baseline 0.005 -21"><span class='ocrx_word' id='word_1_47' title='bbox 609 912 706 967; x_wconf 89' lang='lat' dir='ltr'><strong>llic</strong></span> <span class='ocrx_word' id='word_1_48' title='bbox 738 913 901 983; x_wconf 81' lang='lat' dir='ltr'><strong>igitur</strong></span> <span class='ocrx_word' id='word_1_49' title='bbox 950 929 1108 982; x_wconf 84' lang='lat' dir='ltr'><strong>quam</strong></span> <span class='ocrx_word' id='word_1_50' title='bbox 1159 915 1245 984; x_wconf 92' lang='lat' dir='ltr'><strong>pie</strong></span> <span class='ocrx_word' id='word_1_51' title='bbox 1290 930 1416 985; x_wconf 87' lang='lat' dir='ltr'><strong>erga</strong></span> <span class='ocrx_word' id='word_1_52' title='bbox 1445 915 1740 970; x_wconf 86' lang='lat' dir='ltr'><strong>Ecclesiam</strong></span> <span class='ocrx_word' id='word_1_53' title='bbox 1793 916 1896 971; x_wconf 87' lang='lat' dir='ltr'><strong>sibi</strong></span> <span class='ocrx_word' id='word_1_54' title='bbox 1936 932 2122 972; x_wconf 88' lang='lat' dir='ltr'><strong>susce-</strong></span> 
     </span>
    </p>
   </div>
   <div class='ocr_carea' id='block_1_9' title="bbox 536 1005 2118 1076">
    <p class='ocr_par' dir='ltr' id='par_1_9' title="bbox 536 1005 2118 1076">
     <span class='ocr_line' id='line_1_9' title="bbox 536 1005 2118 1076; baseline 0.004 -21"><span class='ocrx_word' id='word_1_55' title='bbox 536 1011 706 1070; x_wconf 85' lang='lat' dir='ltr'><strong>ptam,</strong></span> <span class='ocrx_word' id='word_1_56' title='bbox 765 1020 926 1072; x_wconf 82' lang='lat' dir='ltr'><strong>quam</strong></span> <span class='ocrx_word' id='word_1_57' title='bbox 979 1005 1211 1074; x_wconf 82' lang='lat' dir='ltr'><strong>benigne</strong></span> <span class='ocrx_word' id='word_1_58' title='bbox 1254 1022 1318 1060; x_wconf 92' lang='lat' dir='ltr'><strong>ac</strong></span> <span class='ocrx_word' id='word_1_59' title='bbox 1351 1007 1647 1076; x_wconf 85' lang='lat' dir='ltr'><strong>prudenter</strong></span> <span class='ocrx_word' id='word_1_60' title='bbox 1693 1021 1818 1076; x_wconf 84' lang='lat' dir='ltr'><strong>erga</strong></span> <span class='ocrx_word' id='word_1_61' title='bbox 1874 1009 2118 1062; x_wconf 91' lang='lat' dir='ltr'><strong>subditos</strong></span> 
     </span>
    </p>
   </div>
   <div class='ocr_carea' id='block_1_10' title="bbox 537 1093 2118 1166">
    <p class='ocr_par' dir='ltr' id='par_1_10' title="bbox 537 1093 2118 1166">
     <span class='ocr_line' id='line_1_10' title="bbox 537 1093 2118 1166; baseline 0.004 -20"><span class='ocrx_word' id='word_1_62' title='bbox 537 1108 658 1148; x_wconf 92' lang='lat' dir='ltr'><strong>sese</strong></span> <span class='ocrx_word' id='word_1_63' title='bbox 722 1093 931 1158; x_wconf 82' lang='lat' dir='ltr'><strong>habuit,</strong></span> <span class='ocrx_word' id='word_1_64' title='bbox 971 1097 1229 1165; x_wconf 85' lang='lat' dir='ltr'><strong>praclara</strong></span> <span class='ocrx_word' id='word_1_65' title='bbox 1261 1097 1376 1166; x_wconf 83' lang='lat' dir='ltr'><strong>ejus</strong></span> <span class='ocrx_word' id='word_1_66' title='bbox 1408 1097 1549 1152; x_wconf 91' lang='lat' dir='ltr'><strong>facta</strong></span> <span class='ocrx_word' id='word_1_67' title='bbox 1588 1098 1959 1153; x_wconf 89' lang='lat' dir='ltr'><strong>demonstrant</strong></span> <span class='ocrx_word' id='word_1_68' title='bbox 1989 1117 2000 1152; x_wconf 95' lang='lat'>:</span> <span class='ocrx_word' id='word_1_69' title='bbox 2033 1109 2118 1153; x_wconf 87' lang='lat' dir='ltr'><strong>et-</strong></span> 
     </span>
    </p>
   </div>
   <div class='ocr_carea' id='block_1_11' title="bbox 533 1189 2120 1248">
    <p class='ocr_par' dir='ltr' id='par_1_11' title="bbox 533 1189 2120 1248">
     <span class='ocr_line' id='line_1_11' title="bbox 533 1189 2120 1248; baseline 0.003 -4"><span class='ocrx_word' id='word_1_70' title='bbox 533 1189 678 1244; x_wconf 90' lang='lat' dir='ltr'><strong>enim</strong></span> <span class='ocrx_word' id='word_1_71' title='bbox 725 1189 1238 1247; x_wconf 80' lang='lat' dir='ltr'><strong>ecclesiammultis</strong></span> <span class='ocrx_word' id='word_1_72' title='bbox 1282 1193 1564 1247; x_wconf 80' lang='lat' dir='ltr'><strong>beneﬁciis</strong></span> <span class='ocrx_word' id='word_1_73' title='bbox 1614 1193 1760 1247; x_wconf 90' lang='lat' dir='ltr'><strong>intus</strong></span> <span class='ocrx_word' id='word_1_74' title='bbox 1801 1202 1857 1247; x_wconf 90' lang='lat' dir='ltr'><strong>et</strong></span> <span class='ocrx_word' id='word_1_75' title='bbox 1882 1193 2120 1248; x_wconf 85' lang='lat' dir='ltr'><strong>exterius</strong></span> 
     </span>
    </p>
   </div>
   <div class='ocr_carea' id='block_1_12' title="bbox 533 1281 2122 1352">
    <p class='ocr_par' dir='ltr' id='par_1_12' title="bbox 533 1281 2122 1352">
     <span class='ocr_line' id='line_1_12' title="bbox 533 1281 2122 1352; baseline 0.003 -18"><span class='ocrx_word' id='word_1_76' title='bbox 533 1281 837 1345; x_wconf 84' lang='lat' dir='ltr'><strong>decoravit,</strong></span> <span class='ocrx_word' id='word_1_77' title='bbox 879 1281 1122 1336; x_wconf 81' lang='lat' dir='ltr'><strong>adificiis</strong></span> <span class='ocrx_word' id='word_1_78' title='bbox 1165 1282 1558 1352; x_wconf 87' lang='lat' dir='ltr'><strong>multiplieavit,</strong></span> <span class='ocrx_word' id='word_1_79' title='bbox 1593 1283 1892 1338; x_wconf 91' lang='lat' dir='ltr'><strong>honoribus</strong></span> <span class='ocrx_word' id='word_1_80' title='bbox 1929 1284 2122 1338; x_wconf 89' lang='lat' dir='ltr'><strong>nobili-</strong></span> 
     </span>
    </p>
   </div>
   <div class='ocr_carea' id='block_1_13' title="bbox 534 1372 2118 1444">
    <p class='ocr_par' dir='ltr' id='par_1_13' title="bbox 534 1372 2118 1444">
     <span class='ocr_line' id='line_1_13' title="bbox 534 1372 2118 1444; baseline 0.004 -18"><span class='ocrx_word' id='word_1_81' title='bbox 534 1373 701 1436; x_wconf 91' lang='lat' dir='ltr'><strong>tavit;</strong></span> <span class='ocrx_word' id='word_1_82' title='bbox 729 1372 910 1427; x_wconf 91' lang='lat' dir='ltr'><strong>multis</strong></span> <span class='ocrx_word' id='word_1_83' title='bbox 939 1374 1102 1428; x_wconf 90' lang='lat' dir='ltr'><strong>etiam</strong></span> <span class='ocrx_word' id='word_1_84' title='bbox 1131 1375 1309 1439; x_wconf 87' lang='lat' dir='ltr'><strong>bonis,</strong></span> <span class='ocrx_word' id='word_1_85' title='bbox 1332 1375 1486 1444; x_wconf 90' lang='lat' dir='ltr'><strong>plura</strong></span> <span class='ocrx_word' id='word_1_86' title='bbox 1517 1374 1758 1430; x_wconf 81' lang='lat' dir='ltr'><strong>ecclesia</strong></span> <span class='ocrx_word' id='word_1_87' title='bbox 1779 1376 2118 1443; x_wconf 89' lang='lat' dir='ltr'><strong>contulisset,</strong></span> 
     </span>
    </p>
   </div>
   <div class='ocr_carea' id='block_1_14' title="bbox 533 1463 2122 1536">
    <p class='ocr_par' dir='ltr' id='par_1_14' title="bbox 533 1463 2122 1536">
     <span class='ocr_line' id='line_1_14' title="bbox 533 1463 2122 1536; baseline 0.003 -19"><span class='ocrx_word' id='word_1_88' title='bbox 533 1463 636 1517; x_wconf 84' lang='lat' dir='ltr'><strong>nisi</strong></span> <span class='ocrx_word' id='word_1_89' title='bbox 684 1463 775 1532; x_wconf 91' lang='lat' dir='ltr'><strong>qui</strong></span> <span class='ocrx_word' id='word_1_90' title='bbox 805 1463 963 1518; x_wconf 90' lang='lat' dir='ltr'><strong>bonis</strong></span> <span class='ocrx_word' id='word_1_91' title='bbox 993 1479 1208 1534; x_wconf 84' lang='lat' dir='ltr'><strong>semper</strong></span> <span class='ocrx_word' id='word_1_92' title='bbox 1254 1464 1460 1518; x_wconf 85' lang='lat' dir='ltr'><strong>invidet</strong></span> <span class='ocrx_word' id='word_1_93' title='bbox 1509 1464 1753 1520; x_wconf 87' lang='lat' dir='ltr'><strong>diabolus</strong></span> <span class='ocrx_word' id='word_1_94' title='bbox 1796 1479 1894 1534; x_wconf 87' lang='lat' dir='ltr'><strong>per</strong></span> <span class='ocrx_word' id='word_1_95' title='bbox 1928 1467 2122 1536; x_wconf 86' lang='lat' dir='ltr'><strong>pradi-</strong></span> 
     </span>
    </p>
   </div>
   <div class='ocr_carea' id='block_1_15' title="bbox 533 1557 2118 1630">
    <p class='ocr_par' dir='ltr' id='par_1_15' title="bbox 533 1557 2118 1630">
     <span class='ocr_line' id='line_1_15' title="bbox 533 1557 2118 1630; baseline 0.004 -22"><span class='ocrx_word' id='word_1_96' title='bbox 533 1565 674 1621; x_wconf 90' lang='lat' dir='ltr'><strong>ctos,</strong></span> <span class='ocrx_word' id='word_1_97' title='bbox 705 1565 760 1611; x_wconf 91' lang='lat' dir='ltr'><strong>et</strong></span> <span class='ocrx_word' id='word_1_98' title='bbox 802 1557 1064 1626; x_wconf 87' lang='lat' dir='ltr'><strong>quosdam</strong></span> <span class='ocrx_word' id='word_1_99' title='bbox 1108 1557 1242 1612; x_wconf 76' lang='lat' dir='ltr'><strong>alios</strong></span> <span class='ocrx_word' id='word_1_100' title='bbox 1294 1569 1554 1630; x_wconf 88' lang='lat' dir='ltr'><strong>tyrannos</strong></span> <span class='ocrx_word' id='word_1_101' title='bbox 1587 1560 1636 1616; x_wconf 92' lang='lat' dir='ltr'><strong>ei</strong></span> <span class='ocrx_word' id='word_1_102' title='bbox 1670 1576 1850 1614; x_wconf 89' lang='lat' dir='ltr'><strong>rerum</strong></span> <span class='ocrx_word' id='word_1_103' title='bbox 1899 1576 2118 1615; x_wconf 89' lang='lat' dir='ltr'><strong>suarum</strong></span> 
     </span>
    </p>
   </div>
   <div class='ocr_carea' id='block_1_16' title="bbox 535 1647 2123 1721">
    <p class='ocr_par' dir='ltr' id='par_1_16' title="bbox 535 1647 2123 1721">
     <span class='ocr_line' id='line_1_16' title="bbox 535 1647 2123 1721; baseline 0.005 -23"><span class='ocrx_word' id='word_1_104' title='bbox 535 1655 698 1715; x_wconf 86' lang='lat' dir='ltr'><strong>atque</strong></span> <span class='ocrx_word' id='word_1_105' title='bbox 745 1647 966 1702; x_wconf 85' lang='lat' dir='ltr'><strong>honoris</strong></span> <span class='ocrx_word' id='word_1_106' title='bbox 1011 1648 1204 1702; x_wconf 87' lang='lat' dir='ltr'><strong>damna</strong></span> <span class='ocrx_word' id='word_1_107' title='bbox 1261 1649 1546 1705; x_wconf 88' lang='lat' dir='ltr'><strong>intulisset.</strong></span> <span class='ocrx_word' id='word_1_108' title='bbox 1598 1649 1856 1706; x_wconf 75' lang='lat' dir='ltr'><strong>Ecclesiae</strong></span> <span class='ocrx_word' id='word_1_109' title='bbox 1887 1667 2123 1721; x_wconf 86' lang='lat' dir='ltr'><strong>namque</strong></span> 
     </span>
    </p>
   </div>
   <div class='ocr_carea' id='block_1_17' title="bbox 2217 559 3735 636">
    <p class='ocr_par' dir='ltr' id='par_1_17' title="bbox 2217 559 3735 636">
     <span class='ocr_line' id='line_1_17' title="bbox 2217 559 3735 636; baseline 0.011 -23"><span class='ocrx_word' id='word_1_110' title='bbox 2217 559 2315 613; x_wconf 86' lang='lat' dir='ltr'><strong>stri</strong></span> <span class='ocrx_word' id='word_1_111' title='bbox 2341 560 2588 614; x_wconf 86' lang='lat' dir='ltr'><strong>Censurii</strong></span> <span class='ocrx_word' id='word_1_112' title='bbox 2618 564 2968 632; x_wconf 87' lang='lat' dir='ltr'><strong>acquisierat,</strong></span> <span class='ocrx_word' id='word_1_113' title='bbox 2999 576 3052 619; x_wconf 92' lang='lat' dir='ltr'><strong>et</strong></span> <span class='ocrx_word' id='word_1_114' title='bbox 3087 569 3336 636; x_wconf 87' lang='lat' dir='ltr'><strong>paredam</strong></span> <span class='ocrx_word' id='word_1_115' title='bbox 3363 571 3524 625; x_wconf 89' lang='lat' dir='ltr'><strong>eidem</strong></span> <span class='ocrx_word' id='word_1_116' title='bbox 3551 579 3735 628; x_wconf 69' lang='lat' dir='ltr'><strong>CﬂllOlll~</strong></span> 
     </span>
    </p>
   </div>
   <div class='ocr_carea' id='block_1_18' title="bbox 2215 651 3738 724">
    <p class='ocr_par' dir='ltr' id='par_1_18' title="bbox 2215 651 3738 724">
     <span class='ocr_line' id='line_1_18' title="bbox 2215 651 3738 724; baseline 0.013 -20"><span class='ocrx_word' id='word_1_117' title='bbox 2215 651 2294 704; x_wconf 90' lang='lat' dir='ltr'><strong>cis</strong></span> <span class='ocrx_word' id='word_1_118' title='bbox 2324 653 2666 707; x_wconf 88' lang='lat' dir='ltr'><strong>condonavit.</strong></span> <span class='ocrx_word' id='word_1_119' title='bbox 2715 655 3011 711; x_wconf 83' lang='lat' dir='ltr'><strong>Ecclesiam</strong></span> <span class='ocrx_word' id='word_1_120' title='bbox 3048 658 3310 714; x_wconf 83' lang='lat' dir='ltr'><strong>Crevenni</strong></span> <span class='ocrx_word' id='word_1_121' title='bbox 3343 662 3574 718; x_wconf 81' lang='lat' dir='ltr'><strong>similiter</strong></span> <span class='ocrx_word' id='word_1_122' title='bbox 3619 668 3738 724; x_wconf 85' lang='lat' dir='ltr'><strong>dedit</strong></span> 
     </span>
    </p>
   </div>
   <div class='ocr_carea' id='block_1_19' title="bbox 2218 741 3738 826">
    <p class='ocr_par' dir='ltr' id='par_1_19' title="bbox 2218 741 3738 826">
     <span class='ocr_line' id='line_1_19' title="bbox 2218 741 3738 826; baseline 0.011 -32"><span class='ocrx_word' id='word_1_123' title='bbox 2218 741 2476 797; x_wconf 80' lang='lat' dir='ltr'><strong>fratribus</strong></span> <span class='ocrx_word' id='word_1_124' title='bbox 2507 760 2628 798; x_wconf 91' lang='lat' dir='ltr'><strong>cum</strong></span> <span class='ocrx_word' id='word_1_125' title='bbox 2651 745 2877 801; x_wconf 89' lang='lat' dir='ltr'><strong>decimis</strong></span> <span class='ocrx_word' id='word_1_126' title='bbox 2906 757 2959 801; x_wconf 92' lang='lat' dir='ltr'><strong>ct</strong></span> <span class='ocrx_word' id='word_1_127' title='bbox 2985 750 3236 818; x_wconf 89' lang='lat' dir='ltr'><strong>paredam</strong></span> <span class='ocrx_word' id='word_1_128' title='bbox 3269 753 3605 820; x_wconf 83' lang='lat' dir='ltr'><strong>condonavit;</strong></span> <span class='ocrx_word' id='word_1_129' title='bbox 3630 773 3738 826; x_wconf 74' lang='lat' dir='ltr'><strong>pra-</strong></span> 
     </span>
    </p>
   </div>
   <div class='ocr_carea' id='block_1_20' title="bbox 2217 833 3740 915">
    <p class='ocr_par' dir='ltr' id='par_1_20' title="bbox 2217 833 3740 915">
     <span class='ocr_line' id='line_1_20' title="bbox 2217 833 3740 915; baseline 0.01 -29"><span class='ocrx_word' id='word_1_130' title='bbox 2217 833 2420 887; x_wconf 87' lang='lat' dir='ltr'><strong>bendas</strong></span> <span class='ocrx_word' id='word_1_131' title='bbox 2465 842 2643 888; x_wconf 87' lang='lat' dir='ltr'><strong>tamen</strong></span> <span class='ocrx_word' id='word_1_132' title='bbox 2693 835 2829 890; x_wconf 91' lang='lat' dir='ltr'><strong>duas</strong></span> <span class='ocrx_word' id='word_1_133' title='bbox 2863 853 2928 892; x_wconf 92' lang='lat' dir='ltr'><strong>eo</strong></span> <span class='ocrx_word' id='word_1_134' title='bbox 2973 847 3132 906; x_wconf 90' lang='lat' dir='ltr'><strong>pacto</strong></span> <span class='ocrx_word' id='word_1_135' title='bbox 3169 839 3375 895; x_wconf 89' lang='lat' dir='ltr'><strong>clericis</strong></span> <span class='ocrx_word' id='word_1_136' title='bbox 3403 842 3591 898; x_wconf 87' lang='lat' dir='ltr'><strong>duobus</strong></span> <span class='ocrx_word' id='word_1_137' title='bbox 3621 847 3740 915; x_wconf 54' lang='lat' dir='ltr'><strong>capi.</strong></span> 
     </span>
    </p>
   </div>
   <div class='ocr_carea' id='block_1_21' title="bbox 2220 923 3740 993">
    <p class='ocr_par' dir='ltr' id='par_1_21' title="bbox 2220 923 3740 993">
     <span class='ocr_line' id='line_1_21' title="bbox 2220 923 3740 993; baseline 0.01 -17"><span class='ocrx_word' id='word_1_138' title='bbox 2220 923 2314 976; x_wconf 92' lang='lat' dir='ltr'><strong>tuli</strong></span> <span class='ocrx_word' id='word_1_139' title='bbox 2370 925 2620 993; x_wconf 84' lang='lat' dir='ltr'><strong>precibus</strong></span> <span class='ocrx_word' id='word_1_140' title='bbox 2666 926 2930 982; x_wconf 83' lang='lat' dir='ltr'><strong>attribuit.</strong></span> <span class='ocrx_word' id='word_1_141' title='bbox 2969 929 3101 983; x_wconf 89' lang='lat' dir='ltr'><strong>Item</strong></span> <span class='ocrx_word' id='word_1_142' title='bbox 3153 930 3299 985; x_wconf 90' lang='lat' dir='ltr'><strong>dedit</strong></span> <span class='ocrx_word' id='word_1_143' title='bbox 3337 933 3601 988; x_wconf 88' lang='lat' dir='ltr'><strong>ecclesiam</strong></span> <span class='ocrx_word' id='word_1_144' title='bbox 3639 937 3740 991; x_wconf 85' lang='lat' dir='ltr'><strong>Col-</strong></span> 
     </span>
    </p>
   </div>
   <div class='ocr_carea' id='block_1_22' title="bbox 2219 1013 3743 1093">
    <p class='ocr_par' dir='ltr' id='par_1_22' title="bbox 2219 1013 3743 1093">
     <span class='ocr_line' id='line_1_22' title="bbox 2219 1013 3743 1093; baseline 0.01 -26"><span class='ocrx_word' id='word_1_145' title='bbox 2219 1013 2384 1068; x_wconf 91' lang='lat' dir='ltr'><strong>lumni</strong></span> <span class='ocrx_word' id='word_1_146' title='bbox 2416 1030 2536 1070; x_wconf 91' lang='lat' dir='ltr'><strong>cum</strong></span> <span class='ocrx_word' id='word_1_147' title='bbox 2568 1018 2792 1072; x_wconf 88' lang='lat' dir='ltr'><strong>decimis</strong></span> <span class='ocrx_word' id='word_1_148' title='bbox 2821 1020 3096 1088; x_wconf 74' lang='lat' dir='ltr'><strong>praedictis</strong></span> <span class='ocrx_word' id='word_1_149' title='bbox 3123 1023 3414 1089; x_wconf 90' lang='lat' dir='ltr'><strong>canonicis,</strong></span> <span class='ocrx_word' id='word_1_150' title='bbox 3438 1041 3587 1093; x_wconf 89' lang='lat' dir='ltr'><strong>quam</strong></span> <span class='ocrx_word' id='word_1_151' title='bbox 3608 1043 3635 1081; x_wconf 90' lang='lat' dir='ltr'><strong>a</strong></span> <span class='ocrx_word' id='word_1_152' title='bbox 3653 1027 3743 1082; x_wconf 82' lang='lat' dir='ltr'><strong>llo-</strong></span> 
     </span>
    </p>
   </div>
   <div class='ocr_carea' id='block_1_23' title="bbox 2219 1111 3743 1184">
    <p class='ocr_par' dir='ltr' id='par_1_23' title="bbox 2219 1111 3743 1184">
     <span class='ocr_line' id='line_1_23' title="bbox 2219 1111 3743 1184; baseline 0.007 -21"><span class='ocrx_word' id='word_1_153' title='bbox 2219 1111 2391 1164; x_wconf 91' lang='lat' dir='ltr'><strong>rundo</strong></span> <span class='ocrx_word' id='word_1_154' title='bbox 2422 1111 2590 1166; x_wconf 90' lang='lat' dir='ltr'><strong>milite</strong></span> <span class='ocrx_word' id='word_1_155' title='bbox 2615 1113 2960 1180; x_wconf 87' lang='lat' dir='ltr'><strong>conquisivit,</strong></span> <span class='ocrx_word' id='word_1_156' title='bbox 2998 1129 3064 1168; x_wconf 89' lang='lat' dir='ltr'><strong>eo</strong></span> <span class='ocrx_word' id='word_1_157' title='bbox 3093 1124 3246 1184; x_wconf 90' lang='lat' dir='ltr'><strong>pacto</strong></span> <span class='ocrx_word' id='word_1_158' title='bbox 3273 1124 3331 1169; x_wconf 88' lang='lat' dir='ltr'><strong>ut</strong></span> <span class='ocrx_word' id='word_1_159' title='bbox 3353 1116 3582 1172; x_wconf 88' lang='lat' dir='ltr'><strong>canonici</strong></span> <span class='ocrx_word' id='word_1_160' title='bbox 3600 1117 3743 1173; x_wconf 51' lang='lat' dir='ltr'><strong>eode.</strong></span> 
     </span>
    </p>
   </div>
   <div class='ocr_carea' id='block_1_24' title="bbox 2219 1201 3742 1273">
    <p class='ocr_par' dir='ltr' id='par_1_24' title="bbox 2219 1201 3742 1273">
     <span class='ocr_line' id='line_1_24' title="bbox 2219 1201 3742 1273; baseline 0.004 -19"><span class='ocrx_word' id='word_1_161' title='bbox 2219 1201 2355 1255; x_wconf 89' lang='lat' dir='ltr'><strong>siam</strong></span> <span class='ocrx_word' id='word_1_162' title='bbox 2387 1203 2714 1256; x_wconf 90' lang='lat' dir='ltr'><strong>destructam</strong></span> <span class='ocrx_word' id='word_1_163' title='bbox 2744 1204 3046 1263; x_wconf 80' lang='lat' dir='ltr'><strong>reficerent.</strong></span> <span class='ocrx_word' id='word_1_164' title='bbox 3076 1213 3130 1258; x_wconf 92' lang='lat' dir='ltr'><strong>et</strong></span> <span class='ocrx_word' id='word_1_165' title='bbox 3161 1205 3413 1273; x_wconf 88' lang='lat' dir='ltr'><strong>paredam</strong></span> <span class='ocrx_word' id='word_1_166' title='bbox 3445 1207 3742 1262; x_wconf 85' lang='lat' dir='ltr'><strong>condonavit.</strong></span> 
     </span>
    </p>
   </div>
   <div class='ocr_carea' id='block_1_25' title="bbox 2219 1291 3747 1367">
    <p class='ocr_par' dir='ltr' id='par_1_25' title="bbox 2219 1291 3747 1367">
     <span class='ocr_line' id='line_1_25' title="bbox 2219 1291 3747 1367; baseline 0.005 -22"><span class='ocrx_word' id='word_1_167' title='bbox 2219 1291 2512 1346; x_wconf 84' lang='lat' dir='ltr'><strong>Ecclesiam</strong></span> <span class='ocrx_word' id='word_1_168' title='bbox 2537 1307 2751 1363; x_wconf 89' lang='lat' dir='ltr'><strong>quoque</strong></span> <span class='ocrx_word' id='word_1_169' title='bbox 2777 1293 2993 1349; x_wconf 86' lang='lat' dir='ltr'><strong>Ausiaci</strong></span> <span class='ocrx_word' id='word_1_170' title='bbox 3025 1295 3091 1348; x_wconf 90' lang='lat' dir='ltr'><strong>ab</strong></span> <span class='ocrx_word' id='word_1_171' title='bbox 3119 1295 3340 1366; x_wconf 85' lang='lat' dir='ltr'><strong>Hugone</strong></span> <span class='ocrx_word' id='word_1_172' title='bbox 3361 1295 3601 1351; x_wconf 82' lang='lat' dir='ltr'><strong>Mansello</strong></span> <span class='ocrx_word' id='word_1_173' title='bbox 3622 1299 3747 1367; x_wconf 87' lang='lat' dir='ltr'><strong>quasi</strong></span> 
     </span>
    </p>
   </div>
   <div class='ocr_carea' id='block_1_26' title="bbox 2214 1383 3748 1459">
    <p class='ocr_par' dir='ltr' id='par_1_26' title="bbox 2214 1383 3748 1459">
     <span class='ocr_line' id='line_1_26' title="bbox 2214 1383 3748 1459; baseline 0.003 -22"><span class='ocrx_word' id='word_1_174' title='bbox 2214 1385 2334 1454; x_wconf 86' lang='lat' dir='ltr'><strong>jure</strong></span> <span class='ocrx_word' id='word_1_175' title='bbox 2364 1383 2708 1440; x_wconf 83' lang='lat' dir='ltr'><strong>bareditario</strong></span> <span class='ocrx_word' id='word_1_176' title='bbox 2746 1400 3049 1454; x_wconf 85' lang='lat' dir='ltr'><strong>possessam</strong></span> <span class='ocrx_word' id='word_1_177' title='bbox 3093 1403 3214 1442; x_wconf 90' lang='lat' dir='ltr'><strong>cum</strong></span> <span class='ocrx_word' id='word_1_178' title='bbox 3255 1389 3576 1459; x_wconf 77' lang='lat' dir='ltr'><strong>presbyterio</strong></span> <span class='ocrx_word' id='word_1_179' title='bbox 3601 1397 3650 1442; x_wconf 91' lang='lat' dir='ltr'><strong>et</strong></span> <span class='ocrx_word' id='word_1_180' title='bbox 3673 1389 3748 1443; x_wconf 86' lang='lat' dir='ltr'><strong>de-</strong></span> 
     </span>
    </p>
   </div>
   <div class='ocr_carea' id='block_1_27' title="bbox 2221 1475 3748 1547">
    <p class='ocr_par' dir='ltr' id='par_1_27' title="bbox 2221 1475 3748 1547">
     <span class='ocr_line' id='line_1_27' title="bbox 2221 1475 3748 1547; baseline 0.001 -17"><span class='ocrx_word' id='word_1_181' title='bbox 2221 1475 2376 1531; x_wconf 92' lang='lat' dir='ltr'><strong>cimis</strong></span> <span class='ocrx_word' id='word_1_182' title='bbox 2432 1477 2743 1530; x_wconf 89' lang='lat' dir='ltr'><strong>eorumdem</strong></span> <span class='ocrx_word' id='word_1_183' title='bbox 2799 1475 3026 1532; x_wconf 83' lang='lat' dir='ltr'><strong>fratrum</strong></span> <span class='ocrx_word' id='word_1_184' title='bbox 3094 1479 3374 1547; x_wconf 87' lang='lat' dir='ltr'><strong>stipendiis</strong></span> <span class='ocrx_word' id='word_1_185' title='bbox 3427 1494 3483 1534; x_wconf 88' lang='lat' dir='ltr'><strong>se</strong></span> <span class='ocrx_word' id='word_1_186' title='bbox 3534 1479 3748 1532; x_wconf 87' lang='lat' dir='ltr'><strong>daturum</strong></span> 
     </span>
    </p>
   </div>
   <div class='ocr_carea' id='block_1_28' title="bbox 2221 1565 3754 1638">
    <p class='ocr_par' dir='ltr' id='par_1_28' title="bbox 2221 1565 3754 1638">
     <span class='ocr_line' id='line_1_28' title="bbox 2221 1565 3754 1638; baseline 0.004 -20"><span class='ocrx_word' id='word_1_187' title='bbox 2221 1565 2562 1634; x_wconf 87' lang='lat' dir='ltr'><strong>promiserat,</strong></span> <span class='ocrx_word' id='word_1_188' title='bbox 2591 1573 2645 1620; x_wconf 91' lang='lat' dir='ltr'><strong>et</strong></span> <span class='ocrx_word' id='word_1_189' title='bbox 2672 1565 2715 1620; x_wconf 91' lang='lat' dir='ltr'><strong>si</strong></span> <span class='ocrx_word' id='word_1_190' title='bbox 2745 1567 2990 1622; x_wconf 88' lang='lat' dir='ltr'><strong>canonici</strong></span> <span class='ocrx_word' id='word_1_191' title='bbox 3027 1567 3242 1623; x_wconf 88' lang='lat' dir='ltr'><strong>interim</strong></span> <span class='ocrx_word' id='word_1_192' title='bbox 3274 1569 3341 1624; x_wconf 89' lang='lat' dir='ltr'><strong>ab</strong></span> <span class='ocrx_word' id='word_1_193' title='bbox 3365 1569 3450 1622; x_wconf 89' lang='lat' dir='ltr'><strong>illo</strong></span> <span class='ocrx_word' id='word_1_194' title='bbox 3473 1577 3754 1638; x_wconf 84' lang='lat' dir='ltr'><strong>extorquere</strong></span> 
     </span>
    </p>
   </div>
   <div class='ocr_carea' id='block_1_29' title="bbox 2222 1654 3754 1728">
    <p class='ocr_par' dir='ltr' id='par_1_29' title="bbox 2222 1654 3754 1728">
     <span class='ocr_line' id='line_1_29' title="bbox 2222 1654 3754 1728; baseline 0.003 -20"><span class='ocrx_word' id='word_1_195' title='bbox 2222 1654 2402 1724; x_wconf 88' lang='lat' dir='ltr'><strong>aliquo</strong></span> <span class='ocrx_word' id='word_1_196' title='bbox 2437 1656 2595 1710; x_wconf 91' lang='lat' dir='ltr'><strong>modo</strong></span> <span class='ocrx_word' id='word_1_197' title='bbox 2641 1663 2883 1725; x_wconf 86' lang='lat' dir='ltr'><strong>possent,</strong></span> <span class='ocrx_word' id='word_1_198' title='bbox 2919 1657 3208 1728; x_wconf 84' lang='lat' dir='ltr'><strong>episcopali</strong></span> <span class='ocrx_word' id='word_1_199' title='bbox 3252 1658 3531 1713; x_wconf 86' lang='lat' dir='ltr'><strong>donatione</strong></span> <span class='ocrx_word' id='word_1_200' title='bbox 3567 1674 3754 1713; x_wconf 83' lang='lat' dir='ltr'><strong>conces-</strong></span> 
     </span>
    </p>
   </div>
   <div class='ocr_carea' id='block_1_30' title="bbox 541 1740 3751 1846">
    <p class='ocr_par' dir='ltr' id='par_1_30' title="bbox 541 1740 3751 1846">
     <span class='ocr_line' id='line_1_30' title="bbox 541 1740 3751 1846; baseline 0.004 -54"><span class='ocrx_word' id='word_1_201' title='bbox 541 1747 682 1792; x_wconf 80' lang='lat' dir='ltr'><strong>tecta</strong></span> <span class='ocrx_word' id='word_1_202' title='bbox 709 1747 978 1793; x_wconf 84' lang='lat' dir='ltr'><strong>vetustate</strong></span> <span class='ocrx_word' id='word_1_203' title='bbox 1003 1749 1320 1810; x_wconf 88' lang='lat' dir='ltr'><strong>consumpta</strong></span> <span class='ocrx_word' id='word_1_204' title='bbox 1344 1750 1506 1810; x_wconf 86' lang='lat' dir='ltr'><strong>atque</strong></span> <span class='ocrx_word' id='word_1_205' title='bbox 1533 1740 1760 1810; x_wconf 85' lang='lat' dir='ltr'><strong>dilapsa,</strong></span> <span class='ocrx_word' id='word_1_206' title='bbox 1806 1741 1958 1795; x_wconf 88' lang='lat' dir='ltr'><strong>novis</strong></span> <span class='ocrx_word' id='word_1_207' title='bbox 1979 1741 2118 1795; x_wconf 90' lang='lat' dir='ltr'><strong>assi-</strong></span> <span class='ocrx_word' id='word_1_208' title='bbox 2153 1787 2196 1846; x_wconf 73' lang='grc' dir='ltr'><strong><em>Β</em></strong></span> <span class='ocrx_word' id='word_1_209' title='bbox 2223 1754 2391 1811; x_wconf 84' lang='lat' dir='ltr'><strong>serat,</strong></span> <span class='ocrx_word' id='word_1_210' title='bbox 2419 1761 2579 1816; x_wconf 90' lang='lat' dir='ltr'><strong>quam</strong></span> <span class='ocrx_word' id='word_1_211' title='bbox 2621 1746 2672 1800; x_wconf 93' lang='lat' dir='ltr'><strong>in</strong></span> <span class='ocrx_word' id='word_1_212' title='bbox 2713 1756 3027 1816; x_wconf 88' lang='lat' dir='ltr'><strong>perpetuum</strong></span> <span class='ocrx_word' id='word_1_213' title='bbox 3059 1747 3362 1802; x_wconf 87' lang='lat' dir='ltr'><strong>habendam</strong></span> <span class='ocrx_word' id='word_1_214' title='bbox 3403 1746 3549 1802; x_wconf 89' lang='lat' dir='ltr'><strong>nobis</strong></span> <span class='ocrx_word' id='word_1_215' title='bbox 3581 1747 3751 1802; x_wconf 81' lang='lat' dir='ltr'><strong>aclibe-</strong></span> 
     </span>
    </p>
   </div>
   <div class='ocr_carea' id='block_1_31' title="bbox 543 1827 2116 1900">
    <p class='ocr_par' dir='ltr' id='par_1_31' title="bbox 543 1827 2116 1900">
     <span class='ocr_line' id='line_1_31' title="bbox 543 1827 2116 1900; baseline 0.003 -19"><span class='ocrx_word' id='word_1_216' title='bbox 543 1827 682 1881; x_wconf 89' lang='lat' dir='ltr'><strong>culis</strong></span> <span class='ocrx_word' id='word_1_217' title='bbox 713 1829 1009 1891; x_wconf 87' lang='lat' dir='ltr'><strong>renovavit,</strong></span> <span class='ocrx_word' id='word_1_218' title='bbox 1040 1836 1240 1884; x_wconf 92' lang='lat' dir='ltr'><strong>turrem</strong></span> <span class='ocrx_word' id='word_1_219' title='bbox 1273 1829 1517 1886; x_wconf 72' lang='lat' dir='ltr'><strong>ecclesia:</strong></span> <span class='ocrx_word' id='word_1_220' title='bbox 1542 1845 1706 1900; x_wconf 92' lang='lat' dir='ltr'><strong>super</strong></span> <span class='ocrx_word' id='word_1_221' title='bbox 1741 1830 1913 1885; x_wconf 91' lang='lat' dir='ltr'><strong>altare</strong></span> <span class='ocrx_word' id='word_1_222' title='bbox 1943 1831 2116 1886; x_wconf 91' lang='lat' dir='ltr'><strong>sancti</strong></span> 
     </span>
    </p>
   </div>
   <div class='ocr_carea' id='block_1_32' title="bbox 530 1917 2116 1990">
    <p class='ocr_par' dir='ltr' id='par_1_32' title="bbox 530 1917 2116 1990">
     <span class='ocr_line' id='line_1_32' title="bbox 530 1917 2116 1990; baseline 0.001 -18"><span class='ocrx_word' id='word_1_223' title='bbox 530 1917 822 1972; x_wconf 81' lang='lat' dir='ltr'><strong>Alexandri</strong></span> <span class='ocrx_word' id='word_1_224' title='bbox 873 1919 1101 1987; x_wconf 88' lang='lat' dir='ltr'><strong>positam</strong></span> <span class='ocrx_word' id='word_1_225' title='bbox 1147 1918 1399 1984; x_wconf 85' lang='lat' dir='ltr'><strong>mirabili,</strong></span> <span class='ocrx_word' id='word_1_226' title='bbox 1437 1929 1493 1974; x_wconf 89' lang='lat' dir='ltr'><strong>et</strong></span> <span class='ocrx_word' id='word_1_227' title='bbox 1550 1919 1656 1974; x_wconf 91' lang='lat' dir='ltr'><strong>alta</strong></span> <span class='ocrx_word' id='word_1_228' title='bbox 1689 1919 1865 1990; x_wconf 85' lang='lat' dir='ltr'><strong>lignea</strong></span> <span class='ocrx_word' id='word_1_229' title='bbox 1892 1936 2116 1990; x_wconf 87' lang='lat' dir='ltr'><strong>cooper-</strong></span> 
     </span>
    </p>
   </div>
   <div class='ocr_carea' id='block_1_33' title="bbox 534 2008 2117 2080">
    <p class='ocr_par' dir='ltr' id='par_1_33' title="bbox 534 2008 2117 2080">
     <span class='ocr_line' id='line_1_33' title="bbox 534 2008 2117 2080; baseline 0.003 -20"><span class='ocrx_word' id='word_1_230' title='bbox 534 2017 648 2061; x_wconf 90' lang='lat' dir='ltr'><strong>tuta</strong></span> <span class='ocrx_word' id='word_1_231' title='bbox 701 2009 1028 2063; x_wconf 90' lang='lat' dir='ltr'><strong>sublimavit.</strong></span> <span class='ocrx_word' id='word_1_232' title='bbox 1077 2008 1248 2063; x_wconf 84' lang='lat' dir='ltr'><strong>Aliam</strong></span> <span class='ocrx_word' id='word_1_233' title='bbox 1289 2024 1505 2080; x_wconf 92' lang='lat' dir='ltr'><strong>quoque</strong></span> <span class='ocrx_word' id='word_1_234' title='bbox 1550 2011 1741 2064; x_wconf 90' lang='lat' dir='ltr'><strong>turrim</strong></span> <span class='ocrx_word' id='word_1_235' title='bbox 1785 2026 1948 2080; x_wconf 89' lang='lat' dir='ltr'><strong>super</strong></span> <span class='ocrx_word' id='word_1_236' title='bbox 1985 2013 2117 2066; x_wconf 87' lang='lat' dir='ltr'><strong>cho-</strong></span> 
     </span>
    </p>
   </div>
   <div class='ocr_carea' id='block_1_34' title="bbox 533 2098 2116 2167">
    <p class='ocr_par' dir='ltr' id='par_1_34' title="bbox 533 2098 2116 2167">
     <span class='ocr_line' id='line_1_34' title="bbox 533 2098 2116 2167; baseline 0.003 -17"><span class='ocrx_word' id='word_1_237' title='bbox 533 2113 653 2151; x_wconf 89' lang='lat' dir='ltr'><strong>rum</strong></span> <span class='ocrx_word' id='word_1_238' title='bbox 684 2098 912 2166; x_wconf 89' lang='lat' dir='ltr'><strong>positam</strong></span> <span class='ocrx_word' id='word_1_239' title='bbox 951 2099 1230 2167; x_wconf 85' lang='lat' dir='ltr'><strong>quadratis</strong></span> <span class='ocrx_word' id='word_1_240' title='bbox 1262 2098 1526 2166; x_wconf 90' lang='lat' dir='ltr'><strong>lapidibus</strong></span> <span class='ocrx_word' id='word_1_241' title='bbox 1566 2099 1833 2167; x_wconf 90' lang='lat' dir='ltr'><strong>cooperiri</strong></span> <span class='ocrx_word' id='word_1_242' title='bbox 1867 2099 2014 2164; x_wconf 84' lang='lat' dir='ltr'><strong>fecit,</strong></span> <span class='ocrx_word' id='word_1_243' title='bbox 2050 2115 2116 2154; x_wconf 89' lang='lat' dir='ltr'><strong>ne</strong></span> 
     </span>
    </p>
   </div>
   <div class='ocr_carea' id='block_1_35' title="bbox 538 2185 2113 2257">
    <p class='ocr_par' dir='ltr' id='par_1_35' title="bbox 538 2185 2113 2257">
     <span class='ocr_line' id='line_1_35' title="bbox 538 2185 2113 2257; baseline 0.003 -19"><span class='ocrx_word' id='word_1_244' title='bbox 538 2185 656 2253; x_wconf 82' lang='lat' dir='ltr'><strong>ejus</strong></span> <span class='ocrx_word' id='word_1_245' title='bbox 682 2189 833 2256; x_wconf 82' lang='lat' dir='ltr'><strong>signa</strong></span> <span class='ocrx_word' id='word_1_246' title='bbox 868 2187 938 2242; x_wconf 72' lang='lat' dir='ltr'><strong>fc:</strong></span> <span class='ocrx_word' id='word_1_247' title='bbox 952 2187 1060 2239; x_wconf 90' lang='lat' dir='ltr'><strong>tina</strong></span> <span class='ocrx_word' id='word_1_248' title='bbox 1089 2188 1225 2257; x_wconf 83' lang='lat' dir='ltr'><strong>ignis</strong></span> <span class='ocrx_word' id='word_1_249' title='bbox 1252 2188 1558 2251; x_wconf 81' lang='lat' dir='ltr'><strong>exustione,</strong></span> <span class='ocrx_word' id='word_1_250' title='bbox 1591 2189 1633 2241; x_wconf 91' lang='lat' dir='ltr'><strong>si</strong></span> <span class='ocrx_word' id='word_1_251' title='bbox 1665 2187 1805 2242; x_wconf 86' lang='lat' dir='ltr'><strong>forte</strong></span> <span class='ocrx_word' id='word_1_252' title='bbox 1832 2189 2113 2257; x_wconf 84' lang='lat' dir='ltr'><strong>continge-</strong></span> 
     </span>
    </p>
   </div>
   <div class='ocr_carea' id='block_1_36' title="bbox 534 2278 2117 2348">
    <p class='ocr_par' dir='ltr' id='par_1_36' title="bbox 534 2278 2117 2348">
     <span class='ocr_line' id='line_1_36' title="bbox 534 2278 2117 2348; baseline 0.001 -18"><span class='ocrx_word' id='word_1_253' title='bbox 534 2289 621 2331; x_wconf 91' lang='lat' dir='ltr'><strong>ret</strong></span> <span class='ocrx_word' id='word_1_254' title='bbox 658 2288 1130 2342; x_wconf 85' lang='lat' dir='ltr'><strong>consumerentur,</strong></span> <span class='ocrx_word' id='word_1_255' title='bbox 1161 2294 1295 2332; x_wconf 88' lang='lat' dir='ltr'><strong>neve</strong></span> <span class='ocrx_word' id='word_1_256' title='bbox 1344 2278 1538 2348; x_wconf 87' lang='lat' dir='ltr'><strong>pluviis</strong></span> <span class='ocrx_word' id='word_1_257' title='bbox 1583 2278 1921 2348; x_wconf 82' lang='lat' dir='ltr'><strong>gacialibus,</strong></span> <span class='ocrx_word' id='word_1_258' title='bbox 1950 2295 2117 2348; x_wconf 88' lang='lat' dir='ltr'><strong>quan-</strong></span> 
     </span>
    </p>
   </div>
   <div class='ocr_carea' id='block_1_37' title="bbox 534 2369 2112 2439">
    <p class='ocr_par' dir='ltr' id='par_1_37' title="bbox 534 2369 2112 2439">
     <span class='ocr_line' id='line_1_37' title="bbox 534 2369 2112 2439; baseline 0.001 -17"><span class='ocrx_word' id='word_1_259' title='bbox 534 2369 709 2438; x_wconf 80' lang='lat' dir='ltr'><strong>doque</strong></span> <span class='ocrx_word' id='word_1_260' title='bbox 768 2379 1084 2438; x_wconf 85' lang='lat' dir='ltr'><strong>consumpta</strong></span> <span class='ocrx_word' id='word_1_261' title='bbox 1158 2369 1558 2439; x_wconf 78' lang='lat' dir='ltr'><strong>frangerentur.</strong></span> <span class='ocrx_word' id='word_1_262' title='bbox 1616 2369 1904 2424; x_wconf 87' lang='lat' dir='ltr'><strong>l&#39;encstras</strong></span> <span class='ocrx_word' id='word_1_263' title='bbox 1949 2371 2112 2424; x_wconf 90' lang='lat' dir='ltr'><strong>etiam</strong></span> 
     </span>
    </p>
   </div>
   <div class='ocr_carea' id='block_1_38' title="bbox 533 2459 2115 2530">
    <p class='ocr_par' dir='ltr' id='par_1_38' title="bbox 533 2459 2115 2530">
     <span class='ocr_line' id='line_1_38' title="bbox 533 2459 2115 2530; baseline 0.003 -20"><span class='ocrx_word' id='word_1_264' title='bbox 533 2470 784 2530; x_wconf 90' lang='lat' dir='ltr'><strong>quatuor,</strong></span> <span class='ocrx_word' id='word_1_265' title='bbox 825 2461 1027 2514; x_wconf 87' lang='lat' dir='ltr'><strong>seniori</strong></span> <span class='ocrx_word' id='word_1_266' title='bbox 1067 2459 1223 2513; x_wconf 87' lang='lat' dir='ltr'><strong>altari</strong></span> <span class='ocrx_word' id='word_1_267' title='bbox 1265 2459 1442 2512; x_wconf 91' lang='lat' dir='ltr'><strong>lumen</strong></span> <span class='ocrx_word' id='word_1_268' title='bbox 1490 2468 1833 2527; x_wconf 85' lang='lat' dir='ltr'><strong>prastantcs,</strong></span> <span class='ocrx_word' id='word_1_269' title='bbox 1880 2461 2115 2514; x_wconf 88' lang='lat' dir='ltr'><strong>mirabili</strong></span> 
     </span>
    </p>
   </div>
   <div class='ocr_carea' id='block_1_39' title="bbox 530 2551 2118 2621">
    <p class='ocr_par' dir='ltr' id='par_1_39' title="bbox 530 2551 2118 2621">
     <span class='ocr_line' id='line_1_39' title="bbox 530 2551 2118 2621; baseline 0.002 -17"><span class='ocrx_word' id='word_1_270' title='bbox 530 2567 692 2620; x_wconf 77' lang='lat' dir='ltr'><strong>Opere</strong></span> <span class='ocrx_word' id='word_1_271' title='bbox 721 2552 942 2606; x_wconf 89' lang='lat' dir='ltr'><strong>vitreari</strong></span> <span class='ocrx_word' id='word_1_272' title='bbox 976 2551 1122 2615; x_wconf 88' lang='lat' dir='ltr'><strong>fecit,</strong></span> <span class='ocrx_word' id='word_1_273' title='bbox 1155 2562 1318 2619; x_wconf 88' lang='lat' dir='ltr'><strong>atque</strong></span> <span class='ocrx_word' id='word_1_274' title='bbox 1369 2552 1421 2605; x_wconf 92' lang='lat' dir='ltr'><strong>in</strong></span> <span class='ocrx_word' id='word_1_275' title='bbox 1454 2553 1711 2605; x_wconf 87' lang='lat' dir='ltr'><strong>anteriori</strong></span> <span class='ocrx_word' id='word_1_276' title='bbox 1746 2562 1902 2621; x_wconf 91' lang='lat' dir='ltr'><strong>parte</strong></span> <span class='ocrx_word' id='word_1_277' title='bbox 1941 2554 2118 2608; x_wconf 86' lang='lat' dir='ltr'><strong>eccle-</strong></span> 
     </span>
    </p>
   </div>
   <div class='ocr_carea' id='block_1_40' title="bbox 532 2643 2118 2712">
    <p class='ocr_par' dir='ltr' id='par_1_40' title="bbox 532 2643 2118 2712">
     <span class='ocr_line' id='line_1_40' title="bbox 532 2643 2118 2712; baseline 0.001 -15"><span class='ocrx_word' id='word_1_278' title='bbox 532 2646 626 2697; x_wconf 78' lang='lat' dir='ltr'><strong>sia</strong></span> <span class='ocrx_word' id='word_1_279' title='bbox 652 2643 744 2704; x_wconf 67' lang='lat'><strong>2‘2,</strong></span> <span class='ocrx_word' id='word_1_280' title='bbox 765 2644 919 2712; x_wconf 82' lang='lat' dir='ltr'><strong>juxta</strong></span> <span class='ocrx_word' id='word_1_281' title='bbox 947 2643 1170 2696; x_wconf 91' lang='lat' dir='ltr'><strong>chorum</strong></span> <span class='ocrx_word' id='word_1_282' title='bbox 1201 2657 1418 2711; x_wconf 91' lang='lat' dir='ltr'><strong>quoque</strong></span> <span class='ocrx_word' id='word_1_283' title='bbox 1443 2643 1575 2696; x_wconf 87' lang='lat' dir='ltr'><strong>duas</strong></span> <span class='ocrx_word' id='word_1_284' title='bbox 1605 2643 1885 2707; x_wconf 83' lang='lat' dir='ltr'><strong>vitreavit;</strong></span> <span class='ocrx_word' id='word_1_285' title='bbox 1919 2645 2118 2698; x_wconf 88' lang='lat' dir='ltr'><strong>cande-</strong></span> 
     </span>
    </p>
   </div>
   <div class='ocr_carea' id='block_1_41' title="bbox 532 2731 2116 2802">
    <p class='ocr_par' dir='ltr' id='par_1_41' title="bbox 532 2731 2116 2802">
     <span class='ocr_line' id='line_1_41' title="bbox 532 2731 2116 2802; baseline 0 -17"><span class='ocrx_word' id='word_1_286' title='bbox 532 2733 680 2787; x_wconf 84' lang='lat' dir='ltr'><strong>labra</strong></span> <span class='ocrx_word' id='word_1_287' title='bbox 711 2733 976 2801; x_wconf 84' lang='lat' dir='ltr'><strong>siquidem</strong></span> <span class='ocrx_word' id='word_1_288' title='bbox 1013 2732 1046 2784; x_wconf 82' lang='lat'><strong>5</strong></span> <span class='ocrx_word' id='word_1_289' title='bbox 1079 2732 1231 2785; x_wconf 81' lang='lat' dir='ltr'><strong>mira</strong></span> <span class='ocrx_word' id='word_1_290' title='bbox 1260 2731 1563 2785; x_wconf 91' lang='lat' dir='ltr'><strong>altitudinis</strong></span> <span class='ocrx_word' id='word_1_291' title='bbox 1608 2740 1734 2786; x_wconf 88' lang='lat' dir='ltr'><strong>ante</strong></span> <span class='ocrx_word' id='word_1_292' title='bbox 1759 2733 1926 2786; x_wconf 90' lang='lat' dir='ltr'><strong>altare</strong></span> <span class='ocrx_word' id='word_1_293' title='bbox 1951 2749 2116 2802; x_wconf 87' lang='lat' dir='ltr'><strong>appo-</strong></span> 
     </span>
    </p>
   </div>
   <div class='ocr_carea' id='block_1_42' title="bbox 531 2822 2116 2893">
    <p class='ocr_par' dir='ltr' id='par_1_42' title="bbox 531 2822 2116 2893">
     <span class='ocr_line' id='line_1_42' title="bbox 531 2822 2116 2893; baseline 0 -15"><span class='ocrx_word' id='word_1_294' title='bbox 531 2825 659 2887; x_wconf 92' lang='lat' dir='ltr'><strong>suit,</strong></span> <span class='ocrx_word' id='word_1_295' title='bbox 692 2825 1046 2893; x_wconf 90' lang='lat' dir='ltr'><strong>quibuscerci</strong></span> <span class='ocrx_word' id='word_1_296' title='bbox 1078 2823 1306 2892; x_wconf 77' lang='lat' dir='ltr'><strong>appositi</strong></span> <span class='ocrx_word' id='word_1_297' title='bbox 1342 2822 1630 2877; x_wconf 86' lang='lat' dir='ltr'><strong>ecclesiam</strong></span> <span class='ocrx_word' id='word_1_298' title='bbox 1657 2824 1936 2877; x_wconf 90' lang='lat' dir='ltr'><strong>nocturnis</strong></span> <span class='ocrx_word' id='word_1_299' title='bbox 1967 2823 2116 2878; x_wconf 84' lang='lat' dir='ltr'><strong>horis</strong></span> 
     </span>
    </p>
   </div>
   <div class='ocr_carea' id='block_1_43' title="bbox 529 2914 2114 2980">
    <p class='ocr_par' dir='ltr' id='par_1_43' title="bbox 529 2914 2114 2980">
     <span class='ocr_line' id='line_1_43' title="bbox 529 2914 2114 2980; baseline 0.001 -11"><span class='ocrx_word' id='word_1_300' title='bbox 529 2915 917 2980; x_wconf 81' lang='lat' dir='ltr'><strong>clarificarcnt,</strong></span> <span class='ocrx_word' id='word_1_301' title='bbox 971 2931 1035 2969; x_wconf 89' lang='lat' dir='ltr'><strong>ac</strong></span> <span class='ocrx_word' id='word_1_302' title='bbox 1083 2915 1482 2969; x_wconf 91' lang='lat' dir='ltr'><strong>introeuntibus</strong></span> <span class='ocrx_word' id='word_1_303' title='bbox 1540 2914 1756 2969; x_wconf 87' lang='lat' dir='ltr'><strong>clericis</strong></span> <span class='ocrx_word' id='word_1_304' title='bbox 1800 2916 1914 2969; x_wconf 88' lang='lat' dir='ltr'><strong>sive</strong></span> <span class='ocrx_word' id='word_1_305' title='bbox 1963 2916 2114 2970; x_wconf 90' lang='lat' dir='ltr'><strong>laicis</strong></span> 
     </span>
    </p>
   </div>
   <div class='ocr_carea' id='block_1_44' title="bbox 530 3003 2116 3058">
    <p class='ocr_par' dir='ltr' id='par_1_44' title="bbox 530 3003 2116 3058">
     <span class='ocr_line' id='line_1_44' title="bbox 530 3003 2116 3058; baseline 0.001 -1"><span class='ocrx_word' id='word_1_306' title='bbox 530 3004 706 3058; x_wconf 89' lang='lat' dir='ltr'><strong>lucem</strong></span> <span class='ocrx_word' id='word_1_307' title='bbox 739 3004 968 3058; x_wconf 91' lang='lat' dir='ltr'><strong>lucidius</strong></span> <span class='ocrx_word' id='word_1_308' title='bbox 992 3005 1383 3058; x_wconf 88' lang='lat' dir='ltr'><strong>ministrarent.</strong></span> <span class='ocrx_word' id='word_1_309' title='bbox 1433 3003 1565 3058; x_wconf 91' lang='lat' dir='ltr'><strong>Item</strong></span> <span class='ocrx_word' id='word_1_310' title='bbox 1594 3004 1740 3057; x_wconf 90' lang='lat' dir='ltr'><strong>dedit</strong></span> <span class='ocrx_word' id='word_1_311' title='bbox 1769 3004 1963 3058; x_wconf 88' lang='lat' dir='ltr'><strong>lineam</strong></span> <span class='ocrx_word' id='word_1_312' title='bbox 1995 3020 2116 3058; x_wconf 88' lang='lat' dir='ltr'><strong>cor-</strong></span> 
     </span>
    </p>
   </div>
   <div class='ocr_carea' id='block_1_45' title="bbox 531 3091 2114 3162">
    <p class='ocr_par' dir='ltr' id='par_1_45' title="bbox 531 3091 2114 3162">
     <span class='ocr_line' id='line_1_45' title="bbox 531 3091 2114 3162; baseline 0.004 -18"><span class='ocrx_word' id='word_1_313' title='bbox 531 3093 723 3157; x_wconf 87' lang='lat' dir='ltr'><strong>tinam,</strong></span> <span class='ocrx_word' id='word_1_314' title='bbox 747 3093 974 3147; x_wconf 89' lang='lat' dir='ltr'><strong>alterum</strong></span> <span class='ocrx_word' id='word_1_315' title='bbox 1004 3094 1267 3162; x_wconf 87' lang='lat' dir='ltr'><strong>parietem</strong></span> <span class='ocrx_word' id='word_1_316' title='bbox 1299 3094 1544 3148; x_wconf 87' lang='lat' dir='ltr'><strong>ecclesia</strong></span> <span class='ocrx_word' id='word_1_317' title='bbox 1574 3091 1779 3147; x_wconf 86' lang='lat' dir='ltr'><strong>festivis</strong></span> <span class='ocrx_word' id='word_1_318' title='bbox 1809 3095 1998 3150; x_wconf 90' lang='lat' dir='ltr'><strong>diebus</strong></span> <span class='ocrx_word' id='word_1_319' title='bbox 2024 3095 2114 3150; x_wconf 87' lang='lat' dir='ltr'><strong>de-</strong></span> 
     </span>
    </p>
   </div>
   <div class='ocr_carea' id='block_1_46' title="bbox 530 3182 2117 3254">
    <p class='ocr_par' dir='ltr' id='par_1_46' title="bbox 530 3182 2117 3254">
     <span class='ocr_line' id='line_1_46' title="bbox 530 3182 2117 3254; baseline 0.003 -21"><span class='ocrx_word' id='word_1_320' title='bbox 530 3190 835 3244; x_wconf 89' lang='lat' dir='ltr'><strong>corantem,</strong></span> <span class='ocrx_word' id='word_1_321' title='bbox 864 3197 1050 3251; x_wconf 89' lang='lat' dir='ltr'><strong>regum</strong></span> <span class='ocrx_word' id='word_1_322' title='bbox 1077 3191 1132 3235; x_wconf 90' lang='lat' dir='ltr'><strong>et</strong></span> <span class='ocrx_word' id='word_1_323' title='bbox 1155 3184 1540 3251; x_wconf 90' lang='lat' dir='ltr'><strong>imperatorum</strong></span> <span class='ocrx_word' id='word_1_324' title='bbox 1593 3182 1920 3251; x_wconf 84' lang='lat' dir='ltr'><strong>imaginibus</strong></span> <span class='ocrx_word' id='word_1_325' title='bbox 1965 3185 2117 3254; x_wconf 77' lang='lat' dir='ltr'><strong>depi-</strong></span> 
     </span>
    </p>
   </div>
   <div class='ocr_carea' id='block_1_47' title="bbox 530 3272 2116 3343">
    <p class='ocr_par' dir='ltr' id='par_1_47' title="bbox 530 3272 2116 3343">
     <span class='ocr_line' id='line_1_47' title="bbox 530 3272 2116 3343; baseline 0.004 -20"><span class='ocrx_word' id='word_1_326' title='bbox 530 3280 694 3335; x_wconf 83' lang='lat' dir='ltr'><strong>ctam,</strong></span> <span class='ocrx_word' id='word_1_327' title='bbox 736 3287 896 3340; x_wconf 88' lang='lat' dir='ltr'><strong>supra</strong></span> <span class='ocrx_word' id='word_1_328' title='bbox 928 3288 1089 3342; x_wconf 89' lang='lat' dir='ltr'><strong>quam</strong></span> <span class='ocrx_word' id='word_1_329' title='bbox 1135 3274 1315 3342; x_wconf 88' lang='lat' dir='ltr'><strong>posuit</strong></span> <span class='ocrx_word' id='word_1_330' title='bbox 1347 3273 1449 3326; x_wconf 90' lang='lat' dir='ltr'><strong>tria</strong></span> <span class='ocrx_word' id='word_1_331' title='bbox 1501 3272 1894 3341; x_wconf 87' lang='lat' dir='ltr'><strong>pretiosissima</strong></span> <span class='ocrx_word' id='word_1_332' title='bbox 1957 3275 2116 3343; x_wconf 90' lang='lat' dir='ltr'><strong>pallia</strong></span> 
     </span>
    </p>
   </div>
   <div class='ocr_carea' id='block_1_48' title="bbox 531 3362 2116 3444">
    <p class='ocr_par' dir='ltr' id='par_1_48' title="bbox 531 3362 2116 3444">
     <span class='ocr_line' id='line_1_48' title="bbox 531 3362 2116 3444; baseline 0.003 -28"><span class='ocrx_word' id='word_1_333' title='bbox 531 3362 676 3416; x_wconf 89' lang='lat' dir='ltr'><strong>mille</strong></span> <span class='ocrx_word' id='word_1_334' title='bbox 723 3363 1014 3417; x_wconf 90' lang='lat' dir='ltr'><strong>solidorum</strong></span> <span class='ocrx_word' id='word_1_335' title='bbox 1065 3365 1224 3432; x_wconf 90' lang='lat' dir='ltr'><strong>pretii</strong></span> <span class='ocrx_word' id='word_1_336' title='bbox 1274 3364 1614 3426; x_wconf 85' lang='lat' dir='ltr'><strong>constantia;</strong></span> <span class='ocrx_word' id='word_1_337' title='bbox 1671 3378 1898 3432; x_wconf 89' lang='lat' dir='ltr'><strong>quorum</strong></span> <span class='ocrx_word' id='word_1_338' title='bbox 1937 3382 2116 3444; x_wconf 35' lang='lat' dir='ltr'><strong>.unum</strong></span> 
     </span>
    </p>
   </div>
   <div class='ocr_carea' id='block_1_49' title="bbox 529 3455 2120 3516">
    <p class='ocr_par' dir='ltr' id='par_1_49' title="bbox 529 3455 2120 3516">
     <span class='ocr_line' id='line_1_49' title="bbox 529 3455 2120 3516; baseline 0.006 -10"><span class='ocrx_word' id='word_1_339' title='bbox 529 3455 721 3510; x_wconf 86' lang='lat' dir='ltr'><strong>viridis</strong></span> <span class='ocrx_word' id='word_1_340' title='bbox 744 3455 939 3510; x_wconf 91' lang='lat' dir='ltr'><strong>coloris</strong></span> <span class='ocrx_word' id='word_1_341' title='bbox 967 3457 1212 3511; x_wconf 89' lang='lat' dir='ltr'><strong>leonibus</strong></span> <span class='ocrx_word' id='word_1_342' title='bbox 1243 3457 1672 3513; x_wconf 91' lang='lat' dir='ltr'><strong>multicoloribus</strong></span> <span class='ocrx_word' id='word_1_343' title='bbox 1713 3457 2120 3516; x_wconf 70' lang='lat' dir='ltr'><strong>circumrotatis</strong></span> 
     </span>
    </p>
   </div>
   <div class='ocr_carea' id='block_1_50' title="bbox 530 3543 2119 3619">
    <p class='ocr_par' dir='ltr' id='par_1_50' title="bbox 530 3543 2119 3619">
     <span class='ocr_line' id='line_1_50' title="bbox 530 3543 2119 3619; baseline 0.003 -21"><span class='ocrx_word' id='word_1_344' title='bbox 530 3543 739 3613; x_wconf 77' lang='lat' dir='ltr'><strong>fulget;</strong></span> <span class='ocrx_word' id='word_1_345' title='bbox 774 3546 1070 3600; x_wconf 86' lang='lat' dir='ltr'><strong>secundum</strong></span> <span class='ocrx_word' id='word_1_346' title='bbox 1124 3546 1450 3617; x_wconf 82' lang='lat' dir='ltr'><strong>imaginibus</strong></span> <span class='ocrx_word' id='word_1_347' title='bbox 1497 3565 1681 3619; x_wconf 80' lang='lat' dir='ltr'><strong>regum</strong></span> <span class='ocrx_word' id='word_1_348' title='bbox 1715 3550 1966 3605; x_wconf 87' lang='lat' dir='ltr'><strong>similiter</strong></span> <span class='ocrx_word' id='word_1_349' title='bbox 2010 3551 2119 3605; x_wconf 89' lang='lat' dir='ltr'><strong>cir-</strong></span> 
     </span>
    </p>
   </div>
   <div class='ocr_carea' id='block_1_51' title="bbox 534 3635 2117 3710">
    <p class='ocr_par' dir='ltr' id='par_1_51' title="bbox 534 3635 2117 3710">
     <span class='ocr_line' id='line_1_51' title="bbox 534 3635 2117 3710; baseline 0.004 -23"><span class='ocrx_word' id='word_1_350' title='bbox 534 3635 857 3688; x_wconf 85' lang='lat' dir='ltr'><strong>cumrotatis</strong></span> <span class='ocrx_word' id='word_1_351' title='bbox 883 3635 1045 3704; x_wconf 79' lang='lat' dir='ltr'><strong>regali</strong></span> <span class='ocrx_word' id='word_1_352' title='bbox 1082 3637 1238 3689; x_wconf 92' lang='lat' dir='ltr'><strong>modo</strong></span> <span class='ocrx_word' id='word_1_353' title='bbox 1277 3638 1637 3706; x_wconf 85' lang='lat' dir='ltr'><strong>equitantium</strong></span> <span class='ocrx_word' id='word_1_354' title='bbox 1669 3641 1862 3710; x_wconf 91' lang='lat' dir='ltr'><strong>pollet;</strong></span> <span class='ocrx_word' id='word_1_355' title='bbox 1895 3642 2117 3694; x_wconf 86' lang='lat' dir='ltr'><strong>tertium</strong></span> 
     </span>
    </p>
   </div>
   <div class='ocr_carea' id='block_1_52' title="bbox 531 3725 2118 3802">
    <p class='ocr_par' dir='ltr' id='par_1_52' title="bbox 531 3725 2118 3802">
     <span class='ocr_line' id='line_1_52' title="bbox 531 3725 2118 3802; baseline 0.007 -27"><span class='ocrx_word' id='word_1_356' title='bbox 531 3741 745 3794; x_wconf 90' lang='lat' dir='ltr'><strong>quoque</strong></span> <span class='ocrx_word' id='word_1_357' title='bbox 784 3725 1031 3780; x_wconf 87' lang='lat' dir='ltr'><strong>leonibus</strong></span> <span class='ocrx_word' id='word_1_358' title='bbox 1080 3728 1478 3784; x_wconf 74' lang='lat' dir='ltr'><strong>auricoloribus</strong></span> <span class='ocrx_word' id='word_1_359' title='bbox 1525 3732 1930 3786; x_wconf 89' lang='lat' dir='ltr'><strong>circumrotatis</strong></span> <span class='ocrx_word' id='word_1_360' title='bbox 1971 3733 2118 3802; x_wconf 87' lang='lat' dir='ltr'><strong>aspi-</strong></span> 
     </span>
    </p>
   </div>
   <div class='ocr_carea' id='block_1_53' title="bbox 531 3817 2120 3876">
    <p class='ocr_par' dir='ltr' id='par_1_53' title="bbox 531 3817 2120 3876">
     <span class='ocr_line' id='line_1_53' title="bbox 531 3817 2120 3876; baseline 0.004 -9"><span class='ocrx_word' id='word_1_361' title='bbox 531 3817 796 3870; x_wconf 87' lang='lat' dir='ltr'><strong>cientibus</strong></span> <span class='ocrx_word' id='word_1_362' title='bbox 826 3817 1048 3872; x_wconf 89' lang='lat' dir='ltr'><strong>arridet.</strong></span> <span class='ocrx_word' id='word_1_363' title='bbox 1076 3818 1206 3872; x_wconf 90' lang='lat' dir='ltr'><strong>ltem</strong></span> <span class='ocrx_word' id='word_1_364' title='bbox 1233 3819 1297 3872; x_wconf 92' lang='lat' dir='ltr'><strong>ad</strong></span> <span class='ocrx_word' id='word_1_365' title='bbox 1345 3820 1598 3874; x_wconf 83' lang='lat' dir='ltr'><strong>decorem</strong></span> <span class='ocrx_word' id='word_1_366' title='bbox 1623 3823 1864 3876; x_wconf 75' lang='lat' dir='ltr'><strong>ecclesia</strong></span> <span class='ocrx_word' id='word_1_367' title='bbox 1911 3837 2120 3876; x_wconf 88' lang='lat' dir='ltr'><strong>memor</strong></span> 
     </span>
    </p>
   </div>
   <div class='ocr_carea' id='block_1_54' title="bbox 531 3904 2119 3975">
    <p class='ocr_par' dir='ltr' id='par_1_54' title="bbox 531 3904 2119 3975">
     <span class='ocr_line' id='line_1_54' title="bbox 531 3904 2119 3975; baseline 0.007 -18"><span class='ocrx_word' id='word_1_368' title='bbox 531 3904 828 3960; x_wconf 82' lang='lat' dir='ltr'><strong>Psalmista</strong></span> <span class='ocrx_word' id='word_1_369' title='bbox 875 3907 1142 3962; x_wconf 90' lang='lat' dir='ltr'><strong>dicentis:</strong></span> <span class='ocrx_word' id='word_1_370' title='bbox 1178 3908 1422 3975; x_wconf 84' lang='lat' dir='ltr'><strong>Domine,</strong></span> <span class='ocrx_word' id='word_1_371' title='bbox 1460 3911 1622 3966; x_wconf 77' lang='lat' dir='ltr'><strong>dilexi</strong></span> <span class='ocrx_word' id='word_1_372' title='bbox 1662 3915 1900 3966; x_wconf 81' lang='lat' dir='ltr'><strong>decorem</strong></span> <span class='ocrx_word' id='word_1_373' title='bbox 1932 3915 2119 3968; x_wconf 78' lang='lat' dir='ltr'><strong>domus</strong></span> 
     </span>
    </p>
   </div>
   <div class='ocr_carea' id='block_1_55' title="bbox 531 4000 2116 4076">
    <p class='ocr_par' dir='ltr' id='par_1_55' title="bbox 531 4000 2116 4076">
     <span class='ocr_line' id='line_1_55' title="bbox 531 4000 2116 4076; baseline 0.008 -30"><span class='ocrx_word' id='word_1_374' title='bbox 531 4007 652 4060; x_wconf 72' lang='lat' dir='ltr'><strong>(me,</strong></span> <span class='ocrx_word' id='word_1_375' title='bbox 688 4010 733 4051; x_wconf 89' lang='lat' dir='ltr'><strong>et</strong></span> <span class='ocrx_word' id='word_1_376' title='bbox 765 4000 938 4053; x_wconf 84' lang='lat' dir='ltr'><strong>locum</strong></span> <span class='ocrx_word' id='word_1_377' title='bbox 967 4000 1308 4054; x_wconf 70' lang='lat' dir='ltr'><strong>habitatmiis</strong></span> <span class='ocrx_word' id='word_1_378' title='bbox 1333 4002 1515 4070; x_wconf 77' lang='lat' dir='ltr'><strong>gloria:</strong></span> <span class='ocrx_word' id='word_1_379' title='bbox 1541 4015 1646 4056; x_wconf 73' lang='lat' dir='ltr'><strong>tua:</strong></span> <span class='ocrx_word' id='word_1_380' title='bbox 1676 4002 1848 4074; x_wconf 81' lang='lat' dir='ltr'><strong>(Psal.</strong></span> <span class='ocrx_word' id='word_1_381' title='bbox 1878 4021 2004 4067; x_wconf 89' lang='lat' dir='ltr'><strong>xxv,</strong></span> <span class='ocrx_word' id='word_1_382' title='bbox 2039 4007 2116 4076; x_wconf 86' lang='lat'><strong>8),</strong></span> 
     </span>
    </p>
   </div>
   <div class='ocr_carea' id='block_1_56' title="bbox 530 4081 2122 4158">
    <p class='ocr_par' dir='ltr' id='par_1_56' title="bbox 530 4081 2122 4158">
     <span class='ocr_line' id='line_1_56' title="bbox 530 4081 2122 4158; baseline 0.008 -18"><span class='ocrx_word' id='word_1_383' title='bbox 530 4089 636 4141; x_wconf 89' lang='lat' dir='ltr'><strong>duo</strong></span> <span class='ocrx_word' id='word_1_384' title='bbox 670 4105 860 4158; x_wconf 90' lang='lat' dir='ltr'><strong>magna</strong></span> <span class='ocrx_word' id='word_1_385' title='bbox 892 4091 1039 4144; x_wconf 86' lang='lat' dir='ltr'><strong>dedit</strong></span> <span class='ocrx_word' id='word_1_386' title='bbox 1075 4081 1308 4144; x_wconf 88' lang='lat' dir='ltr'><strong>dorsalia</strong></span> <span class='ocrx_word' id='word_1_387' title='bbox 1338 4091 1514 4157; x_wconf 89' lang='lat' dir='ltr'><strong>lanea,</strong></span> <span class='ocrx_word' id='word_1_388' title='bbox 1549 4094 1790 4150; x_wconf 91' lang='lat' dir='ltr'><strong>leonibus</strong></span> <span class='ocrx_word' id='word_1_389' title='bbox 1817 4096 2122 4152; x_wconf 89' lang='lat' dir='ltr'><strong>multicolo-</strong></span> 
     </span>
    </p>
   </div>
   <div class='ocr_carea' id='block_1_57' title="bbox 534 4178 2119 4254">
    <p class='ocr_par' dir='ltr' id='par_1_57' title="bbox 534 4178 2119 4254">
     <span class='ocr_line' id='line_1_57' title="bbox 534 4178 2119 4254; baseline 0.008 -24"><span class='ocrx_word' id='word_1_390' title='bbox 534 4178 672 4230; x_wconf 91' lang='lat' dir='ltr'><strong>tibus</strong></span> <span class='ocrx_word' id='word_1_391' title='bbox 710 4193 936 4246; x_wconf 88' lang='lat' dir='ltr'><strong>operose</strong></span> <span class='ocrx_word' id='word_1_392' title='bbox 991 4181 1264 4250; x_wconf 75' lang='lat' dir='ltr'><strong>insignita,</strong></span> <span class='ocrx_word' id='word_1_393' title='bbox 1323 4193 1484 4251; x_wconf 88' lang='lat' dir='ltr'><strong>atque</strong></span> <span class='ocrx_word' id='word_1_394' title='bbox 1531 4199 1693 4254; x_wconf 85' lang='lat' dir='ltr'><strong>super</strong></span> <span class='ocrx_word' id='word_1_395' title='bbox 1725 4187 1879 4240; x_wconf 89' lang='lat' dir='ltr'><strong>chori</strong></span> <span class='ocrx_word' id='word_1_396' title='bbox 1932 4188 2119 4244; x_wconf 85' lang='lat' dir='ltr'><strong>sedilia</strong></span> 
     </span>
    </p>
   </div>
   <div class='ocr_carea' id='block_1_58' title="bbox 532 4271 2119 4340">
    <p class='ocr_par' dir='ltr' id='par_1_58' title="bbox 532 4271 2119 4340">
     <span class='ocr_line' id='line_1_58' title="bbox 532 4271 2119 4340; baseline 0.006 -17"><span class='ocrx_word' id='word_1_397' title='bbox 532 4271 638 4323; x_wconf 90' lang='lat' dir='ltr'><strong>duo</strong></span> <span class='ocrx_word' id='word_1_398' title='bbox 689 4271 893 4338; x_wconf 75' lang='lat' dir='ltr'><strong>Optima</strong></span> <span class='ocrx_word' id='word_1_399' title='bbox 947 4273 1124 4340; x_wconf 88' lang='lat' dir='ltr'><strong>posuit</strong></span> <span class='ocrx_word' id='word_1_400' title='bbox 1169 4273 1388 4340; x_wconf 87' lang='lat' dir='ltr'><strong>tapetia.</strong></span> <span class='ocrx_word' id='word_1_401' title='bbox 1440 4274 1572 4329; x_wconf 88' lang='lat' dir='ltr'><strong>ltetn</strong></span> <span class='ocrx_word' id='word_1_402' title='bbox 1614 4277 1681 4330; x_wconf 90' lang='lat' dir='ltr'><strong>ad</strong></span> <span class='ocrx_word' id='word_1_403' title='bbox 1739 4290 2119 4334; x_wconf 78' lang='lat' dir='ltr'><strong>ornamentum</strong></span> 
     </span>
    </p>
   </div>
   <div class='ocr_carea' id='block_1_59' title="bbox 531 4359 2122 4436">
    <p class='ocr_par' dir='ltr' id='par_1_59' title="bbox 531 4359 2122 4436">
     <span class='ocr_line' id='line_1_59' title="bbox 531 4359 2122 4436; baseline 0.006 -22"><span class='ocrx_word' id='word_1_404' title='bbox 531 4359 796 4423; x_wconf 79' lang='lat' dir='ltr'><strong>ecclesia,</strong></span> <span class='ocrx_word' id='word_1_405' title='bbox 855 4361 1180 4417; x_wconf 90' lang='lat' dir='ltr'><strong>insinuando</strong></span> <span class='ocrx_word' id='word_1_406' title='bbox 1229 4365 1392 4417; x_wconf 90' lang='lat' dir='ltr'><strong>etiam</strong></span> <span class='ocrx_word' id='word_1_407' title='bbox 1440 4366 1596 4419; x_wconf 85' lang='lat' dir='ltr'><strong>nobis</strong></span> <span class='ocrx_word' id='word_1_408' title='bbox 1643 4368 1767 4435; x_wconf 89' lang='lat' dir='ltr'><strong>quia</strong></span> <span class='ocrx_word' id='word_1_409' title='bbox 1808 4369 2122 4436; x_wconf 73' lang='lat' dir='ltr'><strong>postpositis</strong></span> 
     </span>
    </p>
   </div>
   <div class='ocr_carea' id='block_1_60' title="bbox 2224 1839 3755 1910">
    <p class='ocr_par' dir='ltr' id='par_1_60' title="bbox 2224 1839 3755 1910">
     <span class='ocr_line' id='line_1_60' title="bbox 2224 1839 3755 1910; baseline 0.001 -18"><span class='ocrx_word' id='word_1_410' title='bbox 2224 1846 2418 1902; x_wconf 89' lang='lat' dir='ltr'><strong>rasset,</strong></span> <span class='ocrx_word' id='word_1_411' title='bbox 2451 1839 2551 1892; x_wconf 92' lang='lat' dir='ltr'><strong>nisi</strong></span> <span class='ocrx_word' id='word_1_412' title='bbox 2584 1849 2756 1894; x_wconf 92' lang='lat' dir='ltr'><strong>morte</strong></span> <span class='ocrx_word' id='word_1_413' title='bbox 2783 1840 3046 1894; x_wconf 86' lang='lat' dir='ltr'><strong>maturius</strong></span> <span class='ocrx_word' id='word_1_414' title='bbox 3070 1840 3436 1895; x_wconf 83' lang='lat' dir='ltr'><strong>intercedente</strong></span> <span class='ocrx_word' id='word_1_415' title='bbox 3457 1853 3755 1910; x_wconf 64' lang='lat' dir='ltr'><strong>praeoccupa-</strong></span> 
     </span>
    </p>
   </div>
   <div class='ocr_carea' id='block_1_61' title="bbox 2224 1928 2555 1984">
    <p class='ocr_par' dir='ltr' id='par_1_61' title="bbox 2224 1928 2555 1984">
     <span class='ocr_line' id='line_1_61' title="bbox 2224 1928 2555 1984; baseline 0 -2"><span class='ocrx_word' id='word_1_416' title='bbox 2224 1938 2310 1984; x_wconf 88' lang='lat' dir='ltr'><strong>tus</strong></span> <span class='ocrx_word' id='word_1_417' title='bbox 2345 1928 2555 1984; x_wconf 81' lang='lat' dir='ltr'><strong>fuisset.</strong></span> 
     </span>
    </p>
   </div>
   <div class='ocr_carea' id='block_1_62' title="bbox 2289 2017 3754 2092">
    <p class='ocr_par' dir='ltr' id='par_1_62' title="bbox 2289 2017 3754 2092">
     <span class='ocr_line' id='line_1_62' title="bbox 2289 2017 3754 2092; baseline 0.001 -21"><span class='ocrx_word' id='word_1_418' title='bbox 2289 2017 2398 2073; x_wconf 84' lang='lat' dir='ltr'><strong>Nec</strong></span> <span class='ocrx_word' id='word_1_419' title='bbox 2427 2018 2862 2089; x_wconf 85' lang='lat' dir='ltr'><strong>pratereundnm</strong></span> <span class='ocrx_word' id='word_1_420' title='bbox 2895 2019 3108 2074; x_wconf 91' lang='lat' dir='ltr'><strong>silentio</strong></span> <span class='ocrx_word' id='word_1_421' title='bbox 3131 2018 3354 2092; x_wconf 89' lang='lat' dir='ltr'><strong>dignum</strong></span> <span class='ocrx_word' id='word_1_422' title='bbox 3385 2020 3622 2075; x_wconf 79' lang='lat' dir='ltr'><strong>duximus</strong></span> <span class='ocrx_word' id='word_1_423' title='bbox 3639 2019 3754 2089; x_wconf 87' lang='lat' dir='ltr'><strong>quod</strong></span> 
     </span>
    </p>
   </div>
   <div class='ocr_carea' id='block_1_63' title="bbox 2214 2108 3752 2179">
    <p class='ocr_par' dir='ltr' id='par_1_63' title="bbox 2214 2108 3752 2179">
     <span class='ocr_line' id='line_1_63' title="bbox 2214 2108 3752 2179; baseline -0.002 -17"><span class='ocrx_word' id='word_1_424' title='bbox 2214 2110 2421 2173; x_wconf 87' lang='lat' dir='ltr'><strong>villam,</strong></span> <span class='ocrx_word' id='word_1_425' title='bbox 2450 2125 2570 2179; x_wconf 82' lang='lat' dir='ltr'><strong>qua</strong></span> <span class='ocrx_word' id='word_1_426' title='bbox 2598 2109 2807 2166; x_wconf 86' lang='lat' dir='ltr'><strong>Laurea</strong></span> <span class='ocrx_word' id='word_1_427' title='bbox 2837 2120 3082 2174; x_wconf 87' lang='lat' dir='ltr'><strong>vocatur,</strong></span> <span class='ocrx_word' id='word_1_428' title='bbox 3116 2111 3258 2164; x_wconf 89' lang='lat' dir='ltr'><strong>inter</strong></span> <span class='ocrx_word' id='word_1_429' title='bbox 3284 2109 3638 2165; x_wconf 88' lang='lat' dir='ltr'><strong>Carcedonum</strong></span> <span class='ocrx_word' id='word_1_430' title='bbox 3663 2108 3752 2160; x_wconf 58' lang='lat' dir='ltr'><strong>Au.</strong></span> 
     </span>
    </p>
   </div>
   <div class='ocr_carea' id='block_1_64' title="bbox 2217 2199 3756 2270">
    <p class='ocr_par' dir='ltr' id='par_1_64' title="bbox 2217 2199 3756 2270">
     <span class='ocr_line' id='line_1_64' title="bbox 2217 2199 3756 2270; baseline -0.002 -17"><span class='ocrx_word' id='word_1_431' title='bbox 2217 2199 2538 2270; x_wconf 90' lang='lat' dir='ltr'><strong>draiamque</strong></span> <span class='ocrx_word' id='word_1_432' title='bbox 2567 2199 2749 2262; x_wconf 85' lang='lat' dir='ltr'><strong>sitam,</strong></span> <span class='ocrx_word' id='word_1_433' title='bbox 2775 2199 3042 2269; x_wconf 84' lang='lat' dir='ltr'><strong>episcopis</strong></span> <span class='ocrx_word' id='word_1_434' title='bbox 3068 2199 3218 2252; x_wconf 90' lang='lat' dir='ltr'><strong>valde</strong></span> <span class='ocrx_word' id='word_1_435' title='bbox 3238 2208 3631 2270; x_wconf 77' lang='lat' dir='ltr'><strong>congruentem,</strong></span> <span class='ocrx_word' id='word_1_436' title='bbox 3657 2212 3756 2252; x_wconf 90' lang='lat' dir='ltr'><strong>cum</strong></span> 
     </span>
    </p>
   </div>
   <div class='ocr_carea' id='block_1_65' title="bbox 2215 2287 3756 2354">
    <p class='ocr_par' dir='ltr' id='par_1_65' title="bbox 2215 2287 3756 2354">
     <span class='ocr_line' id='line_1_65' title="bbox 2215 2287 3756 2354; baseline -0.001 -12"><span class='ocrx_word' id='word_1_437' title='bbox 2215 2289 2386 2354; x_wconf 85' lang='lat' dir='ltr'><strong>silvis,</strong></span> <span class='ocrx_word' id='word_1_438' title='bbox 2417 2291 2575 2344; x_wconf 84' lang='lat' dir='ltr'><strong>terris</strong></span> <span class='ocrx_word' id='word_1_439' title='bbox 2621 2290 2780 2344; x_wconf 91' lang='lat' dir='ltr'><strong>cultis</strong></span> <span class='ocrx_word' id='word_1_440' title='bbox 2821 2299 2876 2344; x_wconf 89' lang='lat' dir='ltr'><strong>et</strong></span> <span class='ocrx_word' id='word_1_441' title='bbox 2925 2289 3162 2354; x_wconf 89' lang='lat' dir='ltr'><strong>incultis,</strong></span> <span class='ocrx_word' id='word_1_442' title='bbox 3201 2305 3229 2342; x_wconf 90' lang='lat' dir='ltr'><strong>a</strong></span> <span class='ocrx_word' id='word_1_443' title='bbox 3261 2289 3518 2345; x_wconf 86' lang='lat' dir='ltr'><strong>Gaufrido</strong></span> <span class='ocrx_word' id='word_1_444' title='bbox 3554 2287 3756 2342; x_wconf 87' lang='lat' dir='ltr'><strong>Bolsario</strong></span> 
     </span>
    </p>
   </div>
   <div class='ocr_carea' id='block_1_66' title="bbox 2214 2379 3757 2448">
    <p class='ocr_par' dir='ltr' id='par_1_66' title="bbox 2214 2379 3757 2448">
     <span class='ocr_line' id='line_1_66' title="bbox 2214 2379 3757 2448; baseline -0.001 -16"><span class='ocrx_word' id='word_1_445' title='bbox 2214 2387 2270 2432; x_wconf 91' lang='lat' dir='ltr'><strong>et</strong></span> <span class='ocrx_word' id='word_1_446' title='bbox 2301 2380 2366 2434; x_wconf 91' lang='lat' dir='ltr'><strong>ab</strong></span> <span class='ocrx_word' id='word_1_447' title='bbox 2410 2379 2715 2434; x_wconf 84' lang='lat' dir='ltr'><strong>haredibus</strong></span> <span class='ocrx_word' id='word_1_448' title='bbox 2749 2379 2880 2444; x_wconf 90' lang='lat' dir='ltr'><strong>suis,</strong></span> <span class='ocrx_word' id='word_1_449' title='bbox 2927 2380 3102 2448; x_wconf 91' lang='lat' dir='ltr'><strong>pretio</strong></span> <span class='ocrx_word' id='word_1_450' title='bbox 3143 2385 3251 2432; x_wconf 77' lang='lat' dir='ltr'><strong>&#39;xxx</strong></span> <span class='ocrx_word' id='word_1_451' title='bbox 3296 2379 3549 2432; x_wconf 90' lang='lat' dir='ltr'><strong>librarum</strong></span> <span class='ocrx_word' id='word_1_452' title='bbox 3577 2386 3626 2432; x_wconf 92' lang='lat' dir='ltr'><strong>et</strong></span> <span class='ocrx_word' id='word_1_453' title='bbox 3666 2392 3757 2430; x_wconf 66' lang='lat' dir='ltr'><strong>amo</strong></span> 
     </span>
    </p>
   </div>
   <div class='ocr_carea' id='block_1_67' title="bbox 2213 2469 3756 2540">
    <p class='ocr_par' dir='ltr' id='par_1_67' title="bbox 2213 2469 3756 2540">
     <span class='ocr_line' id='line_1_67' title="bbox 2213 2469 3756 2540; baseline -0.003 -17"><span class='ocrx_word' id='word_1_454' title='bbox 2213 2470 2354 2540; x_wconf 89' lang='lat' dir='ltr'><strong>plius</strong></span> <span class='ocrx_word' id='word_1_455' title='bbox 2381 2470 2462 2524; x_wconf 88' lang='lat' dir='ltr'><strong>eis</strong></span> <span class='ocrx_word' id='word_1_456' title='bbox 2491 2472 2636 2532; x_wconf 89' lang='lat' dir='ltr'><strong>dato,</strong></span> <span class='ocrx_word' id='word_1_457' title='bbox 2675 2470 2952 2524; x_wconf 87' lang='lat' dir='ltr'><strong>dimidiam</strong></span> <span class='ocrx_word' id='word_1_458' title='bbox 2979 2470 3326 2538; x_wconf 88' lang='lat' dir='ltr'><strong>conquisivit,</strong></span> <span class='ocrx_word' id='word_1_459' title='bbox 3357 2469 3558 2536; x_wconf 89' lang='lat' dir='ltr'><strong>sibique</strong></span> <span class='ocrx_word' id='word_1_460' title='bbox 3583 2482 3639 2520; x_wconf 91' lang='lat' dir='ltr'><strong>ac</strong></span> <span class='ocrx_word' id='word_1_461' title='bbox 3658 2481 3756 2520; x_wconf 87' lang='lat' dir='ltr'><strong>suc-</strong></span> 
     </span>
    </p>
   </div>
   <div class='ocr_carea' id='block_1_68' title="bbox 2215 2556 3754 2630">
    <p class='ocr_par' dir='ltr' id='par_1_68' title="bbox 2215 2556 3754 2630">
     <span class='ocr_line' id='line_1_68' title="bbox 2215 2556 3754 2630; baseline -0.005 -14"><span class='ocrx_word' id='word_1_462' title='bbox 2215 2561 2522 2616; x_wconf 89' lang='lat' dir='ltr'><strong>cessoribus</strong></span> <span class='ocrx_word' id='word_1_463' title='bbox 2573 2561 2686 2615; x_wconf 89' lang='lat' dir='ltr'><strong>suis</strong></span> <span class='ocrx_word' id='word_1_464' title='bbox 2738 2561 2790 2613; x_wconf 92' lang='lat' dir='ltr'><strong>in</strong></span> <span class='ocrx_word' id='word_1_465' title='bbox 2845 2569 3162 2630; x_wconf 89' lang='lat' dir='ltr'><strong>perpetuum</strong></span> <span class='ocrx_word' id='word_1_466' title='bbox 3214 2560 3513 2613; x_wconf 84' lang='lat' dir='ltr'><strong>habendam</strong></span> <span class='ocrx_word' id='word_1_467' title='bbox 3559 2556 3754 2611; x_wconf 87' lang='lat' dir='ltr'><strong>censuit.</strong></span> 
     </span>
    </p>
   </div>
   <div class='ocr_carea' id='block_1_69' title="bbox 2214 2645 3758 2718">
    <p class='ocr_par' dir='ltr' id='par_1_69' title="bbox 2214 2645 3758 2718">
     <span class='ocr_line' id='line_1_69' title="bbox 2214 2645 3758 2718; baseline -0.005 -14"><span class='ocrx_word' id='word_1_468' title='bbox 2214 2649 2367 2718; x_wconf 85' lang='lat' dir='ltr'><strong>Apud</strong></span> <span class='ocrx_word' id='word_1_469' title='bbox 2409 2648 2838 2703; x_wconf 79' lang='lat' dir='ltr'><strong>Antissiodorum</strong></span> <span class='ocrx_word' id='word_1_470' title='bbox 2870 2649 3085 2718; x_wconf 88' lang='lat' dir='ltr'><strong>quidem</strong></span> <span class='ocrx_word' id='word_1_471' title='bbox 3129 2649 3346 2704; x_wconf 89' lang='lat' dir='ltr'><strong>clausos</strong></span> <span class='ocrx_word' id='word_1_472' title='bbox 3373 2650 3636 2702; x_wconf 89' lang='lat' dir='ltr'><strong>vinearum</strong></span> <span class='ocrx_word' id='word_1_473' title='bbox 3662 2645 3758 2712; x_wconf 85' lang='lat' dir='ltr'><strong>epi-</strong></span> 
     </span>
    </p>
   </div>
   <div class='ocr_carea' id='block_1_70' title="bbox 2214 2740 3754 2810">
    <p class='ocr_par' dir='ltr' id='par_1_70' title="bbox 2214 2740 3754 2810">
     <span class='ocr_line' id='line_1_70' title="bbox 2214 2740 3754 2810; baseline -0.006 -16"><span class='ocrx_word' id='word_1_474' title='bbox 2214 2740 2456 2810; x_wconf 86' lang='lat' dir='ltr'><strong>scopales</strong></span> <span class='ocrx_word' id='word_1_475' title='bbox 2498 2749 2772 2794; x_wconf 88' lang='lat' dir='ltr'><strong>vetustate</strong></span> <span class='ocrx_word' id='word_1_476' title='bbox 2818 2747 3187 2808; x_wconf 89' lang='lat' dir='ltr'><strong>consumptos,</strong></span> <span class='ocrx_word' id='word_1_477' title='bbox 3219 2748 3275 2792; x_wconf 90' lang='lat' dir='ltr'><strong>et</strong></span> <span class='ocrx_word' id='word_1_478' title='bbox 3321 2754 3458 2806; x_wconf 88' lang='lat' dir='ltr'><strong>pene</strong></span> <span class='ocrx_word' id='word_1_479' title='bbox 3501 2742 3754 2793; x_wconf 85' lang='lat' dir='ltr'><strong>emortuos,</strong></span> 
     </span>
    </p>
   </div>
   <div class='ocr_carea' id='block_1_71' title="bbox 2215 2815 3755 2898">
    <p class='ocr_par' dir='ltr' id='par_1_71' title="bbox 2215 2815 3755 2898">
     <span class='ocr_line' id='line_1_71' title="bbox 2215 2815 3755 2898; baseline -0.006 -14"><span class='ocrx_word' id='word_1_480' title='bbox 2215 2830 2267 2884; x_wconf 91' lang='lat' dir='ltr'><strong>in</strong></span> <span class='ocrx_word' id='word_1_481' title='bbox 2306 2829 2633 2883; x_wconf 90' lang='lat' dir='ltr'><strong>viriditatem</strong></span> <span class='ocrx_word' id='word_1_482' title='bbox 2669 2815 2953 2898; x_wconf 86' lang='lat' dir='ltr'><strong>pristinam</strong></span> <span class='ocrx_word' id='word_1_483' title='bbox 2981 2837 3035 2882; x_wconf 92' lang='lat' dir='ltr'><strong>et</strong></span> <span class='ocrx_word' id='word_1_484' title='bbox 3076 2827 3460 2882; x_wconf 88' lang='lat' dir='ltr'><strong>fecunditatem</strong></span> <span class='ocrx_word' id='word_1_485' title='bbox 3487 2827 3662 2880; x_wconf 89' lang='lat' dir='ltr'><strong>bonam</strong></span> <span class='ocrx_word' id='word_1_486' title='bbox 3686 2837 3755 2876; x_wconf 88' lang='lat' dir='ltr'><strong>re-</strong></span> 
     </span>
    </p>
   </div>
   <div class='ocr_carea' id='block_1_72' title="bbox 2215 2913 3758 2988">
    <p class='ocr_par' dir='ltr' id='par_1_72' title="bbox 2215 2913 3758 2988">
     <span class='ocr_line' id='line_1_72' title="bbox 2215 2913 3758 2988; baseline -0.007 -13"><span class='ocrx_word' id='word_1_487' title='bbox 2215 2923 2396 2985; x_wconf 78' lang='lat' dir='ltr'><strong>duxit;</strong></span> <span class='ocrx_word' id='word_1_488' title='bbox 2429 2921 2876 2976; x_wconf 89' lang='lat' dir='ltr'><strong>consuetudinem</strong></span> <span class='ocrx_word' id='word_1_489' title='bbox 2916 2934 3132 2988; x_wconf 91' lang='lat' dir='ltr'><strong>quoque</strong></span> <span class='ocrx_word' id='word_1_490' title='bbox 3160 2933 3407 2987; x_wconf 88' lang='lat' dir='ltr'><strong>pravam,</strong></span> <span class='ocrx_word' id='word_1_491' title='bbox 3439 2916 3608 2971; x_wconf 91' lang='lat' dir='ltr'><strong>omnia</strong></span> <span class='ocrx_word' id='word_1_492' title='bbox 3635 2913 3758 2967; x_wconf 86' lang='lat' dir='ltr'><strong>vide-</strong></span> 
     </span>
    </p>
   </div>
   <div class='ocr_carea' id='block_1_73' title="bbox 2214 3004 3758 3079">
    <p class='ocr_par' dir='ltr' id='par_1_73' title="bbox 2214 3004 3758 3079">
     <span class='ocr_line' id='line_1_73' title="bbox 2214 3004 3758 3079; baseline -0.006 -16"><span class='ocrx_word' id='word_1_493' title='bbox 2214 3010 2340 3063; x_wconf 89' lang='lat' dir='ltr'><strong>licet</strong></span> <span class='ocrx_word' id='word_1_494' title='bbox 2368 3009 2691 3079; x_wconf 90' lang='lat' dir='ltr'><strong>episcopalis</strong></span> <span class='ocrx_word' id='word_1_495' title='bbox 2727 3009 2920 3064; x_wconf 90' lang='lat' dir='ltr'><strong>domus</strong></span> <span class='ocrx_word' id='word_1_496' title='bbox 2950 3007 3196 3061; x_wconf 88' lang='lat' dir='ltr'><strong>utensilia</strong></span> <span class='ocrx_word' id='word_1_497' title='bbox 3217 3047 3230 3068; x_wconf 92' lang='lat'><strong>,</strong></span> <span class='ocrx_word' id='word_1_498' title='bbox 3270 3021 3392 3075; x_wconf 85' lang='lat' dir='ltr'><strong>qua</strong></span> <span class='ocrx_word' id='word_1_499' title='bbox 3428 3004 3641 3060; x_wconf 89' lang='lat' dir='ltr'><strong>comites</strong></span> <span class='ocrx_word' id='word_1_500' title='bbox 3665 3015 3758 3054; x_wconf 90' lang='lat' dir='ltr'><strong>mo-</strong></span> 
     </span>
    </p>
   </div>
   <div class='ocr_carea' id='block_1_74' title="bbox 2221 3095 3760 3171">
    <p class='ocr_par' dir='ltr' id='par_1_74' title="bbox 2221 3095 3760 3171">
     <span class='ocr_line' id='line_1_74' title="bbox 2221 3095 3760 3171; baseline -0.008 -17"><span class='ocrx_word' id='word_1_501' title='bbox 2221 3101 2391 3154; x_wconf 87' lang='lat' dir='ltr'><strong>riente</strong></span> <span class='ocrx_word' id='word_1_502' title='bbox 2435 3101 2689 3171; x_wconf 88' lang='lat' dir='ltr'><strong>episcopo</strong></span> <span class='ocrx_word' id='word_1_503' title='bbox 2720 3113 2911 3168; x_wconf 89' lang='lat' dir='ltr'><strong>rapere</strong></span> <span class='ocrx_word' id='word_1_504' title='bbox 2966 3098 3080 3152; x_wconf 91' lang='lat' dir='ltr'><strong>suis</strong></span> <span class='ocrx_word' id='word_1_505' title='bbox 3125 3095 3317 3151; x_wconf 90' lang='lat' dir='ltr'><strong>usibus</strong></span> <span class='ocrx_word' id='word_1_506' title='bbox 3353 3105 3511 3164; x_wconf 90' lang='lat' dir='ltr'><strong>atque</strong></span> <span class='ocrx_word' id='word_1_507' title='bbox 3539 3104 3760 3160; x_wconf 69' lang='lat' dir='ltr'><strong>usurpare</strong></span> 
     </span>
    </p>
   </div>
   <div class='ocr_carea' id='block_1_75' title="bbox 2217 3186 3762 3257">
    <p class='ocr_par' dir='ltr' id='par_1_75' title="bbox 2217 3186 3762 3257">
     <span class='ocr_line' id='line_1_75' title="bbox 2217 3186 3762 3257; baseline -0.007 -12"><span class='ocrx_word' id='word_1_508' title='bbox 2217 3189 2482 3255; x_wconf 87' lang='lat' dir='ltr'><strong>solebant,</strong></span> <span class='ocrx_word' id='word_1_509' title='bbox 2511 3205 2540 3242; x_wconf 90' lang='lat' dir='ltr'><strong>a</strong></span> <span class='ocrx_word' id='word_1_510' title='bbox 2567 3189 2784 3257; x_wconf 91' lang='lat' dir='ltr'><strong>juniore</strong></span> <span class='ocrx_word' id='word_1_511' title='bbox 2809 3187 3080 3242; x_wconf 84' lang='lat' dir='ltr'><strong>Willelmo</strong></span> <span class='ocrx_word' id='word_1_512' title='bbox 3120 3188 3320 3241; x_wconf 87' lang='lat' dir='ltr'><strong>comite</strong></span> <span class='ocrx_word' id='word_1_513' title='bbox 3343 3186 3444 3240; x_wconf 82' lang='lat' dir='ltr'><strong>sibi</strong></span> <span class='ocrx_word' id='word_1_514' title='bbox 3489 3199 3548 3239; x_wconf 89' lang='lat' dir='ltr'><strong>ac</strong></span> <span class='ocrx_word' id='word_1_515' title='bbox 3584 3195 3762 3238; x_wconf 84' lang='lat' dir='ltr'><strong>succes-</strong></span> 
     </span>
    </p>
   </div>
   <div class='ocr_carea' id='block_1_76' title="bbox 2217 3276 3765 3348">
    <p class='ocr_par' dir='ltr' id='par_1_76' title="bbox 2217 3276 3765 3348">
     <span class='ocr_line' id='line_1_76' title="bbox 2217 3276 3765 3348; baseline -0.009 -12"><span class='ocrx_word' id='word_1_516' title='bbox 2217 3283 2430 3337; x_wconf 84' lang='lat' dir='ltr'><strong>soribus</strong></span> <span class='ocrx_word' id='word_1_517' title='bbox 2456 3282 2568 3336; x_wconf 92' lang='lat' dir='ltr'><strong>suis</strong></span> <span class='ocrx_word' id='word_1_518' title='bbox 2599 3281 2653 3333; x_wconf 92' lang='lat' dir='ltr'><strong>in</strong></span> <span class='ocrx_word' id='word_1_519' title='bbox 2683 3288 3002 3348; x_wconf 87' lang='lat' dir='ltr'><strong>perpetuum</strong></span> <span class='ocrx_word' id='word_1_520' title='bbox 3033 3279 3340 3332; x_wconf 88' lang='lat' dir='ltr'><strong>habendum</strong></span> <span class='ocrx_word' id='word_1_521' title='bbox 3370 3276 3618 3336; x_wconf 92' lang='lat' dir='ltr'><strong>obtinuit,</strong></span> <span class='ocrx_word' id='word_1_522' title='bbox 3652 3281 3697 3327; x_wconf 91' lang='lat' dir='ltr'><strong>et</strong></span> <span class='ocrx_word' id='word_1_523' title='bbox 3719 3280 3765 3322; x_wconf 87' lang='lat' dir='ltr'><strong>ut</strong></span> 
     </span>
    </p>
   </div>
   <div class='ocr_carea' id='block_1_77' title="bbox 2217 3360 3760 3435">
    <p class='ocr_par' dir='ltr' id='par_1_77' title="bbox 2217 3360 3760 3435">
     <span class='ocr_line' id='line_1_77' title="bbox 2217 3360 3760 3435; baseline -0.008 -10"><span class='ocrx_word' id='word_1_524' title='bbox 2217 3370 2491 3425; x_wconf 88' lang='lat' dir='ltr'><strong>memoria</strong></span> <span class='ocrx_word' id='word_1_525' title='bbox 2561 3369 3034 3424; x_wconf 90' lang='lat' dir='ltr'><strong>commendaretur</strong></span> <span class='ocrx_word' id='word_1_526' title='bbox 3078 3369 3283 3435; x_wconf 90' lang='lat' dir='ltr'><strong>scripto</strong></span> <span class='ocrx_word' id='word_1_527' title='bbox 3337 3367 3439 3421; x_wconf 92' lang='lat' dir='ltr'><strong>hoc</strong></span> <span class='ocrx_word' id='word_1_528' title='bbox 3491 3360 3760 3420; x_wconf 84' lang='lat' dir='ltr'><strong>continuari</strong></span> 
     </span>
    </p>
   </div>
   <div class='ocr_carea' id='block_1_78' title="bbox 2213 3452 3763 3530">
    <p class='ocr_par' dir='ltr' id='par_1_78' title="bbox 2213 3452 3763 3530">
     <span class='ocr_line' id='line_1_78' title="bbox 2213 3452 3763 3530; baseline -0.007 -17"><span class='ocrx_word' id='word_1_529' title='bbox 2213 3460 2472 3530; x_wconf 75' lang='lat' dir='ltr'><strong>praecepit</strong></span> <span class='ocrx_word' id='word_1_530' title='bbox 2505 3477 2517 3512; x_wconf 93' lang='lat'>:</span> <span class='ocrx_word' id='word_1_531' title='bbox 2557 3479 2574 3510; x_wconf 73' lang='grc' dir='ltr'>ι</span> <span class='ocrx_word' id='word_1_532' title='bbox 2608 3459 2664 3512; x_wconf 91' lang='lat' dir='ltr'><strong>In</strong></span> <span class='ocrx_word' id='word_1_533' title='bbox 2701 3459 2918 3514; x_wconf 92' lang='lat' dir='ltr'><strong>nomine</strong></span> <span class='ocrx_word' id='word_1_534' title='bbox 2945 3467 3148 3514; x_wconf 82' lang='lat' dir='ltr'><strong>sancta</strong></span> <span class='ocrx_word' id='word_1_535' title='bbox 3171 3467 3226 3512; x_wconf 91' lang='lat' dir='ltr'><strong>et</strong></span> <span class='ocrx_word' id='word_1_536' title='bbox 3247 3457 3535 3512; x_wconf 79' lang='lat' dir='ltr'><strong>individua</strong></span> <span class='ocrx_word' id='word_1_537' title='bbox 3563 3452 3763 3507; x_wconf 84' lang='lat' dir='ltr'><strong>Trinita-</strong></span> 
     </span>
    </p>
   </div>
   <div class='ocr_carea' id='block_1_79' title="bbox 2218 3539 3765 3617">
    <p class='ocr_par' dir='ltr' id='par_1_79' title="bbox 2218 3539 3765 3617">
     <span class='ocr_line' id='line_1_79' title="bbox 2218 3539 3765 3617; baseline -0.007 -14"><span class='ocrx_word' id='word_1_538' title='bbox 2218 3551 2306 3604; x_wconf 87' lang='lat' dir='ltr'><strong>tis.</strong></span> <span class='ocrx_word' id='word_1_539' title='bbox 2335 3549 2530 3605; x_wconf 83' lang='lat' dir='ltr'><strong>Notum</strong></span> <span class='ocrx_word' id='word_1_540' title='bbox 2565 3551 2635 3603; x_wconf 92' lang='lat' dir='ltr'><strong>sit</strong></span> <span class='ocrx_word' id='word_1_541' title='bbox 2669 3550 2919 3604; x_wconf 91' lang='lat' dir='ltr'><strong>omnibus</strong></span> <span class='ocrx_word' id='word_1_542' title='bbox 2959 3558 3064 3602; x_wconf 91' lang='lat' dir='ltr'><strong>tam</strong></span> <span class='ocrx_word' id='word_1_543' title='bbox 3105 3548 3304 3602; x_wconf 88' lang='lat' dir='ltr'><strong>futuris</strong></span> <span class='ocrx_word' id='word_1_544' title='bbox 3340 3563 3497 3617; x_wconf 89' lang='lat' dir='ltr'><strong>quam</strong></span> <span class='ocrx_word' id='word_1_545' title='bbox 3528 3539 3765 3615; x_wconf 77' lang='lat' dir='ltr'><strong>prasenti-</strong></span> 
     </span>
    </p>
   </div>
   <div class='ocr_carea' id='block_1_80' title="bbox 2216 3640 3762 3710">
    <p class='ocr_par' dir='ltr' id='par_1_80' title="bbox 2216 3640 3762 3710">
     <span class='ocr_line' id='line_1_80' title="bbox 2216 3640 3762 3710; baseline -0.009 -16"><span class='ocrx_word' id='word_1_546' title='bbox 2216 3641 2338 3705; x_wconf 90' lang='lat' dir='ltr'><strong>bus,</strong></span> <span class='ocrx_word' id='word_1_547' title='bbox 2389 3643 2670 3695; x_wconf 83' lang='lat' dir='ltr'><strong>veritatem</strong></span> <span class='ocrx_word' id='word_1_548' title='bbox 2729 3641 3074 3710; x_wconf 80' lang='lat' dir='ltr'><strong>diligentibus</strong></span> <span class='ocrx_word' id='word_1_549' title='bbox 3131 3640 3542 3707; x_wconf 89' lang='lat' dir='ltr'><strong>animarumque</strong></span> <span class='ocrx_word' id='word_1_550' title='bbox 3578 3646 3762 3690; x_wconf 89' lang='lat' dir='ltr'><strong>suarum</strong></span> 
     </span>
    </p>
   </div>
   <div class='ocr_carea' id='block_1_81' title="bbox 2217 3726 3766 3802">
    <p class='ocr_par' dir='ltr' id='par_1_81' title="bbox 2217 3726 3766 3802">
     <span class='ocr_line' id='line_1_81' title="bbox 2217 3726 3766 3802; baseline -0.008 -14"><span class='ocrx_word' id='word_1_551' title='bbox 2217 3733 2447 3788; x_wconf 87' lang='lat' dir='ltr'><strong>salutem</strong></span> <span class='ocrx_word' id='word_1_552' title='bbox 2475 3733 2866 3802; x_wconf 83' lang='lat' dir='ltr'><strong>quarentibus,</strong></span> <span class='ocrx_word' id='word_1_553' title='bbox 2887 3731 3010 3799; x_wconf 91' lang='lat' dir='ltr'><strong>quia</strong></span> <span class='ocrx_word' id='word_1_554' title='bbox 3035 3746 3135 3800; x_wconf 90' lang='lat' dir='ltr'><strong>ego</strong></span> <span class='ocrx_word' id='word_1_555' title='bbox 3157 3729 3486 3794; x_wconf 83' lang='lat' dir='ltr'><strong>Willelmus,</strong></span> <span class='ocrx_word' id='word_1_556' title='bbox 3511 3726 3766 3781; x_wconf 68' lang='lat' dir='ltr'><strong>Nivernen-</strong></span> 
     </span>
    </p>
   </div>
   <div class='ocr_carea' id='block_1_82' title="bbox 2218 3818 3769 3891">
    <p class='ocr_par' dir='ltr' id='par_1_82' title="bbox 2218 3818 3769 3891">
     <span class='ocr_line' id='line_1_82' title="bbox 2218 3818 3769 3891; baseline -0.009 -12"><span class='ocrx_word' id='word_1_557' title='bbox 2218 3827 2294 3879; x_wconf 90' lang='lat' dir='ltr'><strong>sis</strong></span> <span class='ocrx_word' id='word_1_558' title='bbox 2323 3824 2532 3888; x_wconf 86' lang='lat' dir='ltr'><strong>consul,</strong></span> <span class='ocrx_word' id='word_1_559' title='bbox 2564 3824 2629 3876; x_wconf 91' lang='lat' dir='ltr'><strong>ad</strong></span> <span class='ocrx_word' id='word_1_560' title='bbox 2664 3823 3038 3877; x_wconf 87' lang='lat' dir='ltr'><strong>remissionem</strong></span> <span class='ocrx_word' id='word_1_561' title='bbox 3067 3831 3416 3891; x_wconf 89' lang='lat' dir='ltr'><strong>peccatorum</strong></span> <span class='ocrx_word' id='word_1_562' title='bbox 3447 3832 3700 3874; x_wconf 90' lang='lat' dir='ltr'><strong>meorum,</strong></span> <span class='ocrx_word' id='word_1_563' title='bbox 3725 3818 3769 3864; x_wconf 76' lang='lat' dir='ltr'><strong>et</strong></span> 
     </span>
    </p>
   </div>
   <div class='ocr_carea' id='block_1_83' title="bbox 2219 3913 3766 3985">
    <p class='ocr_par' dir='ltr' id='par_1_83' title="bbox 2219 3913 3766 3985">
     <span class='ocr_line' id='line_1_83' title="bbox 2219 3913 3766 3985; baseline -0.008 -19"><span class='ocrx_word' id='word_1_564' title='bbox 2219 3915 2390 3985; x_wconf 89' lang='lat' dir='ltr'><strong>patris</strong></span> <span class='ocrx_word' id='word_1_565' title='bbox 2421 3913 2546 3977; x_wconf 90' lang='lat' dir='ltr'><strong>mci,</strong></span> <span class='ocrx_word' id='word_1_566' title='bbox 2583 3922 2638 3968; x_wconf 91' lang='lat' dir='ltr'><strong>et</strong></span> <span class='ocrx_word' id='word_1_567' title='bbox 2667 3914 2860 3966; x_wconf 90' lang='lat' dir='ltr'><strong>matris</strong></span> <span class='ocrx_word' id='word_1_568' title='bbox 2883 3927 3016 3967; x_wconf 82' lang='lat' dir='ltr'><strong>mea</strong></span> <span class='ocrx_word' id='word_1_569' title='bbox 3043 3921 3098 3965; x_wconf 92' lang='lat' dir='ltr'><strong>et</strong></span> <span class='ocrx_word' id='word_1_570' title='bbox 3121 3921 3529 3965; x_wconf 88' lang='lat' dir='ltr'><strong>antecessorutn</strong></span> <span class='ocrx_word' id='word_1_571' title='bbox 3556 3916 3766 3962; x_wconf 87' lang='lat' dir='ltr'><strong>suorum,</strong></span> 
     </span>
    </p>
   </div>
   <div class='ocr_carea' id='block_1_84' title="bbox 2220 4000 3769 4072">
    <p class='ocr_par' dir='ltr' id='par_1_84' title="bbox 2220 4000 3769 4072">
     <span class='ocr_line' id='line_1_84' title="bbox 2220 4000 3769 4072; baseline -0.007 -14"><span class='ocrx_word' id='word_1_572' title='bbox 2220 4004 2473 4058; x_wconf 89' lang='lat' dir='ltr'><strong>laudante</strong></span> <span class='ocrx_word' id='word_1_573' title='bbox 2504 4019 2674 4059; x_wconf 90' lang='lat' dir='ltr'><strong>uxore</strong></span> <span class='ocrx_word' id='word_1_574' title='bbox 2714 4019 2833 4058; x_wconf 91' lang='lat' dir='ltr'><strong>mea</strong></span> <span class='ocrx_word' id='word_1_575' title='bbox 2865 4003 3098 4072; x_wconf 79' lang='lat' dir='ltr'><strong>Adelaya</strong></span> <span class='ocrx_word' id='word_1_576' title='bbox 3131 4004 3407 4058; x_wconf 90' lang='lat' dir='ltr'><strong>comitissa</strong></span> <span class='ocrx_word' id='word_1_577' title='bbox 3429 4043 3446 4066; x_wconf 95' lang='lat'><strong>,</strong></span> <span class='ocrx_word' id='word_1_578' title='bbox 3481 4000 3679 4056; x_wconf 90' lang='lat' dir='ltr'><strong>dimitto</strong></span> <span class='ocrx_word' id='word_1_579' title='bbox 3700 4009 3769 4047; x_wconf 83' lang='lat' dir='ltr'><strong>ec-</strong></span> 
     </span>
    </p>
   </div>
   <div class='ocr_carea' id='block_1_85' title="bbox 2220 4089 3770 4167">
    <p class='ocr_par' dir='ltr' id='par_1_85' title="bbox 2220 4089 3770 4167">
     <span class='ocr_line' id='line_1_85' title="bbox 2220 4089 3770 4167; baseline -0.006 -15"><span class='ocrx_word' id='word_1_580' title='bbox 2220 4097 2398 4152; x_wconf 82' lang='lat' dir='ltr'><strong>clesia</strong></span> <span class='ocrx_word' id='word_1_581' title='bbox 2445 4099 2614 4152; x_wconf 77' lang='lat' dir='ltr'><strong>beata</strong></span> <span class='ocrx_word' id='word_1_582' title='bbox 2644 4097 2824 4151; x_wconf 83' lang='lat' dir='ltr'><strong>Maria</strong></span> <span class='ocrx_word' id='word_1_583' title='bbox 2869 4097 3146 4167; x_wconf 86' lang='lat' dir='ltr'><strong>genitricis</strong></span> <span class='ocrx_word' id='word_1_584' title='bbox 3189 4095 3407 4151; x_wconf 89' lang='lat' dir='ltr'><strong>Domini</strong></span> <span class='ocrx_word' id='word_1_585' title='bbox 3461 4093 3622 4150; x_wconf 88' lang='lat' dir='ltr'><strong>nostri</strong></span> <span class='ocrx_word' id='word_1_586' title='bbox 3667 4089 3770 4144; x_wconf 67' lang='lat' dir='ltr'><strong>Iesu</strong></span> 
     </span>
    </p>
   </div>
   <div class='ocr_carea' id='block_1_86' title="bbox 2220 4181 3772 4258">
    <p class='ocr_par' dir='ltr' id='par_1_86' title="bbox 2220 4181 3772 4258">
     <span class='ocr_line' id='line_1_86' title="bbox 2220 4181 3772 4258; baseline -0.008 -15"><span class='ocrx_word' id='word_1_587' title='bbox 2220 4189 2446 4253; x_wconf 83' lang='lat' dir='ltr'><strong>Christi,</strong></span> <span class='ocrx_word' id='word_1_588' title='bbox 2476 4201 2531 4242; x_wconf 91' lang='lat' dir='ltr'><strong>et</strong></span> <span class='ocrx_word' id='word_1_589' title='bbox 2565 4189 2704 4243; x_wconf 88' lang='lat' dir='ltr'><strong>beati</strong></span> <span class='ocrx_word' id='word_1_590' title='bbox 2744 4187 3005 4256; x_wconf 90' lang='lat' dir='ltr'><strong>Stephani</strong></span> <span class='ocrx_word' id='word_1_591' title='bbox 3055 4188 3498 4258; x_wconf 86' lang='lat' dir='ltr'><strong>protomartyris,</strong></span> <span class='ocrx_word' id='word_1_592' title='bbox 3545 4194 3597 4238; x_wconf 92' lang='lat' dir='ltr'><strong>et</strong></span> <span class='ocrx_word' id='word_1_593' title='bbox 3635 4181 3772 4235; x_wconf 85' lang='lat' dir='ltr'><strong>Ilum-</strong></span> 
     </span>
    </p>
   </div>
   <div class='ocr_carea' id='block_1_87' title="bbox 2219 4271 3770 4350">
    <p class='ocr_par' dir='ltr' id='par_1_87' title="bbox 2219 4271 3770 4350">
     <span class='ocr_line' id='line_1_87' title="bbox 2219 4271 3770 4350; baseline -0.009 -16"><span class='ocrx_word' id='word_1_594' title='bbox 2219 4279 2380 4334; x_wconf 87' lang='lat' dir='ltr'><strong>baldo</strong></span> <span class='ocrx_word' id='word_1_595' title='bbox 2409 4281 2661 4350; x_wconf 88' lang='lat' dir='ltr'><strong>episcopo</strong></span> <span class='ocrx_word' id='word_1_596' title='bbox 2682 4279 3161 4340; x_wconf 83' lang='lat' dir='ltr'><strong>Antissiodorensi,</strong></span> <span class='ocrx_word' id='word_1_597' title='bbox 3187 4287 3242 4333; x_wconf 92' lang='lat' dir='ltr'><strong>et</strong></span> <span class='ocrx_word' id='word_1_598' title='bbox 3268 4278 3545 4333; x_wconf 85' lang='lat' dir='ltr'><strong>canonicis</strong></span> <span class='ocrx_word' id='word_1_599' title='bbox 3566 4271 3770 4340; x_wconf 86' lang='lat' dir='ltr'><strong>ejusdem</strong></span> 
     </span>
    </p>
   </div>
   <div class='ocr_carea' id='block_1_88' title="bbox 2221 4370 3769 4439">
    <p class='ocr_par' dir='ltr' id='par_1_88' title="bbox 2221 4370 3769 4439">
     <span class='ocr_line' id='line_1_88' title="bbox 2221 4370 3769 4439; baseline -0.005 -13"><span class='ocrx_word' id='word_1_600' title='bbox 2221 4371 2461 4426; x_wconf 77' lang='lat' dir='ltr'><strong>ecclesia</strong></span> <span class='ocrx_word' id='word_1_601' title='bbox 2489 4380 2544 4424; x_wconf 89' lang='lat' dir='ltr'><strong>ct</strong></span> <span class='ocrx_word' id='word_1_602' title='bbox 2574 4371 2979 4426; x_wconf 86' lang='lat' dir='ltr'><strong>successoribus</strong></span> <span class='ocrx_word' id='word_1_603' title='bbox 3021 4386 3232 4435; x_wconf 91' lang='lat' dir='ltr'><strong>eorum,</strong></span> <span class='ocrx_word' id='word_1_604' title='bbox 3261 4370 3548 4439; x_wconf 86' lang='lat' dir='ltr'><strong>quamdam</strong></span> <span class='ocrx_word' id='word_1_605' title='bbox 3582 4375 3769 4436; x_wconf 84' lang='lat' dir='ltr'><strong>pravam</strong></span> 
     </span>
    </p>
   </div>
   <div class='ocr_carea' id='block_1_89' title="bbox 528 4453 3773 4556">
    <p class='ocr_par' dir='ltr' id='par_1_89' title="bbox 528 4453 3773 4556">
     <span class='ocr_line' id='line_1_89' title="bbox 528 4453 3773 4556; baseline 0 -52"><span class='ocrx_word' id='word_1_606' title='bbox 528 4453 677 4506; x_wconf 82' lang='lat' dir='ltr'><strong>vitiis</strong></span> <span class='ocrx_word' id='word_1_607' title='bbox 708 4454 852 4508; x_wconf 90' lang='lat' dir='ltr'><strong>intus</strong></span> <span class='ocrx_word' id='word_1_608' title='bbox 873 4464 927 4508; x_wconf 92' lang='lat' dir='ltr'><strong>et</strong></span> <span class='ocrx_word' id='word_1_609' title='bbox 951 4457 1193 4510; x_wconf 83' lang='lat' dir='ltr'><strong>exterius</strong></span> <span class='ocrx_word' id='word_1_610' title='bbox 1220 4457 1434 4526; x_wconf 89' lang='lat' dir='ltr'><strong>palleati</strong></span> <span class='ocrx_word' id='word_1_611' title='bbox 1473 4459 1761 4514; x_wconf 88' lang='lat' dir='ltr'><strong>virtutibus</strong></span> <span class='ocrx_word' id='word_1_612' title='bbox 1791 4475 1912 4514; x_wconf 90' lang='lat' dir='ltr'><strong>esse</strong></span> <span class='ocrx_word' id='word_1_613' title='bbox 1950 4461 2116 4515; x_wconf 88' lang='lat' dir='ltr'><strong>debe-</strong></span> <span class='ocrx_word' id='word_1_614' title='bbox 2150 4497 2199 4556; x_wconf 67' lang='grc' dir='ltr'><strong>Β</strong></span> <span class='ocrx_word' id='word_1_615' title='bbox 2225 4462 2703 4524; x_wconf 83' lang='lat' dir='ltr'><strong>consuetudinem,</strong></span> <span class='ocrx_word' id='word_1_616' title='bbox 2761 4474 2922 4528; x_wconf 90' lang='lat' dir='ltr'><strong>quam</strong></span> <span class='ocrx_word' id='word_1_617' title='bbox 2993 4469 3366 4514; x_wconf 79' lang='lat' dir='ltr'><strong>antecessores</strong></span> <span class='ocrx_word' id='word_1_618' title='bbox 3416 4459 3516 4512; x_wconf 88' lang='lat' dir='ltr'><strong>mei</strong></span> <span class='ocrx_word' id='word_1_619' title='bbox 3563 4453 3773 4509; x_wconf 71' lang='lat' dir='ltr'><strong>solebant</strong></span> 
     </span>
    </p>
   </div>
   <div class='ocr_carea' id='block_1_90' title="bbox 532 4545 2119 4618">
    <p class='ocr_par' dir='ltr' id='par_1_90' title="bbox 532 4545 2119 4618">
     <span class='ocr_line' id='line_1_90' title="bbox 532 4545 2119 4618; baseline 0.006 -20"><span class='ocrx_word' id='word_1_620' title='bbox 532 4560 673 4606; x_wconf 91' lang='lat' dir='ltr'><strong>mus,</strong></span> <span class='ocrx_word' id='word_1_621' title='bbox 702 4545 847 4599; x_wconf 90' lang='lat' dir='ltr'><strong>dedit</strong></span> <span class='ocrx_word' id='word_1_622' title='bbox 901 4561 1098 4615; x_wconf 88' lang='lat' dir='ltr'><strong>cappas</strong></span> <span class='ocrx_word' id='word_1_623' title='bbox 1126 4549 1192 4603; x_wconf 89' lang='lat' dir='ltr'><strong>de</strong></span> <span class='ocrx_word' id='word_1_624' title='bbox 1225 4549 1383 4618; x_wconf 86' lang='lat' dir='ltr'><strong>pallio</strong></span> <span class='ocrx_word' id='word_1_625' title='bbox 1422 4548 1590 4604; x_wconf 87' lang='lat' dir='ltr'><strong>bonas</strong></span> <span class='ocrx_word' id='word_1_626' title='bbox 1617 4549 1673 4615; x_wconf 75' lang='grc'><strong>4,</strong></span> <span class='ocrx_word' id='word_1_627' title='bbox 1713 4551 2034 4606; x_wconf 88' lang='lat' dir='ltr'><strong>dalmaticas</strong></span> <span class='ocrx_word' id='word_1_628' title='bbox 2062 4554 2119 4617; x_wconf 82' lang='lat'><strong>5,</strong></span> 
     </span>
    </p>
   </div>
   <div class='ocr_carea' id='block_1_91' title="bbox 531 4636 2118 4713">
    <p class='ocr_par' dir='ltr' id='par_1_91' title="bbox 531 4636 2118 4713">
     <span class='ocr_line' id='line_1_91' title="bbox 531 4636 2118 4713; baseline 0.006 -25"><span class='ocrx_word' id='word_1_629' title='bbox 531 4636 680 4690; x_wconf 86' lang='lat' dir='ltr'><strong>albas</strong></span> <span class='ocrx_word' id='word_1_630' title='bbox 734 4638 788 4700; x_wconf 87' lang='lat'><strong>7,</strong></span> <span class='ocrx_word' id='word_1_631' title='bbox 849 4639 1082 4707; x_wconf 89' lang='lat' dir='ltr'><strong>optimas</strong></span> <span class='ocrx_word' id='word_1_632' title='bbox 1127 4640 1368 4698; x_wconf 89' lang='lat' dir='ltr'><strong>casulas.</strong></span> <span class='ocrx_word' id='word_1_633' title='bbox 1420 4642 1617 4706; x_wconf 84' lang='lat' dir='ltr'><strong>stolas,</strong></span> <span class='ocrx_word' id='word_1_634' title='bbox 1674 4650 1729 4697; x_wconf 90' lang='lat' dir='ltr'><strong>et</strong></span> <span class='ocrx_word' id='word_1_635' title='bbox 1782 4646 2118 4713; x_wconf 77' lang='lat' dir='ltr'><strong>nianutergia</strong></span> 
     </span>
    </p>
   </div>
   <div class='ocr_carea' id='block_1_92' title="bbox 527 4725 2106 4800">
    <p class='ocr_par' dir='ltr' id='par_1_92' title="bbox 527 4725 2106 4800">
     <span class='ocr_line' id='line_1_92' title="bbox 527 4725 2106 4800; baseline 0.004 -22"><span class='ocrx_word' id='word_1_636' title='bbox 527 4725 681 4796; x_wconf 86' lang='lat' dir='ltr'><strong>plura</strong></span> <span class='ocrx_word' id='word_1_637' title='bbox 722 4728 1008 4797; x_wconf 86' lang='lat' dir='ltr'><strong>pluresque</strong></span> <span class='ocrx_word' id='word_1_638' title='bbox 1036 4730 1200 4782; x_wconf 91' lang='lat' dir='ltr'><strong>libros</strong></span> <span class='ocrx_word' id='word_1_639' title='bbox 1251 4731 1540 4800; x_wconf 83' lang='lat' dir='ltr'><strong>episcopali</strong></span> <span class='ocrx_word' id='word_1_640' title='bbox 1575 4729 1750 4786; x_wconf 64' lang='lat' dir='ltr'><strong>officio</strong></span> <span class='ocrx_word' id='word_1_641' title='bbox 1775 4733 2106 4786; x_wconf 83' lang='lat' dir='ltr'><strong>convenien-</strong></span> 
     </span>
    </p>
   </div>
   <div class='ocr_carea' id='block_1_93' title="bbox 528 4817 2122 4890">
    <p class='ocr_par' dir='ltr' id='par_1_93' title="bbox 528 4817 2122 4890">
     <span class='ocr_line' id='line_1_93' title="bbox 528 4817 2122 4890; baseline 0.005 -22"><span class='ocrx_word' id='word_1_642' title='bbox 528 4826 630 4870; x_wconf 89' lang='lat' dir='ltr'><strong>tes.</strong></span> <span class='ocrx_word' id='word_1_643' title='bbox 662 4817 837 4886; x_wconf 88' lang='lat' dir='ltr'><strong>Caput</strong></span> <span class='ocrx_word' id='word_1_644' title='bbox 862 4833 971 4886; x_wconf 88' lang='lat' dir='ltr'><strong>quo</strong></span> <span class='ocrx_word' id='word_1_645' title='bbox 993 4835 1078 4886; x_wconf 62' lang='lat' dir='ltr'><strong>[ne</strong></span> <span class='ocrx_word' id='word_1_646' title='bbox 1110 4819 1350 4874; x_wconf 83' lang='lat' dir='ltr'><strong>ecclesia</strong></span> <span class='ocrx_word' id='word_1_647' title='bbox 1388 4836 1550 4890; x_wconf 88' lang='lat' dir='ltr'><strong>super</strong></span> <span class='ocrx_word' id='word_1_648' title='bbox 1584 4821 1757 4875; x_wconf 89' lang='lat' dir='ltr'><strong>altare</strong></span> <span class='ocrx_word' id='word_1_649' title='bbox 1797 4822 1970 4875; x_wconf 90' lang='lat' dir='ltr'><strong>sancti</strong></span> <span class='ocrx_word' id='word_1_650' title='bbox 1999 4821 2122 4876; x_wconf 59' lang='lat' dir='ltr'><strong>Steo</strong></span> 
     </span>
    </p>
   </div>
   <div class='ocr_carea' id='block_1_94' title="bbox 531 4909 2120 4981">
    <p class='ocr_par' dir='ltr' id='par_1_94' title="bbox 531 4909 2120 4981">
     <span class='ocr_line' id='line_1_94' title="bbox 531 4909 2120 4981; baseline 0.002 -19"><span class='ocrx_word' id='word_1_651' title='bbox 531 4909 697 4978; x_wconf 88' lang='lat' dir='ltr'><strong>phani</strong></span> <span class='ocrx_word' id='word_1_652' title='bbox 728 4911 961 4966; x_wconf 85' lang='lat' dir='ltr'><strong>mirabili</strong></span> <span class='ocrx_word' id='word_1_653' title='bbox 997 4920 1049 4964; x_wconf 91' lang='lat' dir='ltr'><strong>et</strong></span> <span class='ocrx_word' id='word_1_654' title='bbox 1079 4912 1312 4979; x_wconf 87' lang='lat' dir='ltr'><strong>pretiosa</strong></span> <span class='ocrx_word' id='word_1_655' title='bbox 1345 4913 1552 4980; x_wconf 88' lang='lat' dir='ltr'><strong>pictura</strong></span> <span class='ocrx_word' id='word_1_656' title='bbox 1583 4912 1894 4976; x_wconf 75' lang='lat' dir='ltr'><strong>decoravit;</strong></span> <span class='ocrx_word' id='word_1_657' title='bbox 1925 4911 1976 4964; x_wconf 91' lang='lat' dir='ltr'><strong>in</strong></span> <span class='ocrx_word' id='word_1_658' title='bbox 2001 4927 2120 4981; x_wconf 60' lang='lat' dir='ltr'><strong>cry.</strong></span> 
     </span>
    </p>
   </div>
   <div class='ocr_carea' id='block_1_95' title="bbox 529 5000 2134 5072">
    <p class='ocr_par' dir='ltr' id='par_1_95' title="bbox 529 5000 2134 5072">
     <span class='ocr_line' id='line_1_95' title="bbox 529 5000 2134 5072; baseline 0.001 -20"><span class='ocrx_word' id='word_1_659' title='bbox 529 5007 618 5068; x_wconf 88' lang='lat' dir='ltr'><strong>pta</strong></span> <span class='ocrx_word' id='word_1_660' title='bbox 675 5000 930 5054; x_wconf 69' lang='lat' dir='ltr'><strong>similiter</strong></span> <span class='ocrx_word' id='word_1_661' title='bbox 978 5001 1101 5054; x_wconf 88' lang='lat' dir='ltr'><strong>alta</strong></span> <span class='ocrx_word' id='word_1_662' title='bbox 1157 5000 1438 5056; x_wconf 78' lang='lat' dir='ltr'><strong>Trinitatis</strong></span> <span class='ocrx_word' id='word_1_663' title='bbox 1491 5003 1738 5072; x_wconf 86' lang='lat' dir='ltr'><strong>superius</strong></span> <span class='ocrx_word' id='word_1_664' title='bbox 1785 5011 1840 5055; x_wconf 91' lang='lat' dir='ltr'><strong>et</strong></span> <span class='ocrx_word' id='word_1_665' title='bbox 1893 5001 2134 5054; x_wconf 86' lang='lat' dir='ltr'><strong>inferius</strong></span> 
     </span>
    </p>
   </div>
   <div class='ocr_carea' id='block_1_96' title="bbox 527 5091 2117 5163">
    <p class='ocr_par' dir='ltr' id='par_1_96' title="bbox 527 5091 2117 5163">
     <span class='ocr_line' id='line_1_96' title="bbox 527 5091 2117 5163; baseline 0.001 -20"><span class='ocrx_word' id='word_1_666' title='bbox 527 5091 758 5159; x_wconf 91' lang='lat' dir='ltr'><strong>picturis</strong></span> <span class='ocrx_word' id='word_1_667' title='bbox 804 5091 1109 5155; x_wconf 85' lang='lat' dir='ltr'><strong>adornavit,</strong></span> <span class='ocrx_word' id='word_1_668' title='bbox 1158 5101 1212 5146; x_wconf 91' lang='lat' dir='ltr'><strong>et</strong></span> <span class='ocrx_word' id='word_1_669' title='bbox 1248 5092 1300 5145; x_wconf 93' lang='lat' dir='ltr'><strong>in</strong></span> <span class='ocrx_word' id='word_1_670' title='bbox 1334 5093 1439 5146; x_wconf 92' lang='lat' dir='ltr'><strong>alia</strong></span> <span class='ocrx_word' id='word_1_671' title='bbox 1493 5103 1678 5163; x_wconf 87' lang='lat' dir='ltr'><strong>crypta</strong></span> <span class='ocrx_word' id='word_1_672' title='bbox 1715 5091 1887 5145; x_wconf 90' lang='lat' dir='ltr'><strong>altare</strong></span> <span class='ocrx_word' id='word_1_673' title='bbox 1936 5091 2117 5145; x_wconf 90' lang='lat' dir='ltr'><strong>sancti</strong></span> 
     </span>
    </p>
   </div>
   <div class='ocr_carea' id='block_1_97' title="bbox 527 5179 2118 5251">
    <p class='ocr_par' dir='ltr' id='par_1_97' title="bbox 527 5179 2118 5251">
     <span class='ocr_line' id='line_1_97' title="bbox 527 5179 2118 5251; baseline 0.003 -19"><span class='ocrx_word' id='word_1_674' title='bbox 527 5179 734 5234; x_wconf 83' lang='lat' dir='ltr'><strong>Nicolai</strong></span> <span class='ocrx_word' id='word_1_675' title='bbox 791 5180 1027 5248; x_wconf 77' lang='lat' dir='ltr'><strong>imagine</strong></span> <span class='ocrx_word' id='word_1_676' title='bbox 1081 5180 1407 5246; x_wconf 87' lang='lat' dir='ltr'><strong>Salvatoris,</strong></span> <span class='ocrx_word' id='word_1_677' title='bbox 1465 5190 1770 5251; x_wconf 76' lang='lat' dir='ltr'><strong>sanctaque</strong></span> <span class='ocrx_word' id='word_1_678' title='bbox 1826 5181 2010 5235; x_wconf 80' lang='lat' dir='ltr'><strong>Maria</strong></span> <span class='ocrx_word' id='word_1_679' title='bbox 2062 5191 2118 5236; x_wconf 91' lang='lat' dir='ltr'><strong>et</strong></span> 
     </span>
    </p>
   </div>
   <div class='ocr_carea' id='block_1_98' title="bbox 529 5271 2114 5344">
    <p class='ocr_par' dir='ltr' id='par_1_98' title="bbox 529 5271 2114 5344">
     <span class='ocr_line' id='line_1_98' title="bbox 529 5271 2114 5344; baseline 0.001 -18"><span class='ocrx_word' id='word_1_680' title='bbox 529 5273 699 5327; x_wconf 89' lang='lat' dir='ltr'><strong>sancti</strong></span> <span class='ocrx_word' id='word_1_681' title='bbox 738 5271 962 5327; x_wconf 86' lang='lat' dir='ltr'><strong>Joannis</strong></span> <span class='ocrx_word' id='word_1_682' title='bbox 991 5273 1336 5344; x_wconf 84' lang='lat' dir='ltr'><strong>evangelista</strong></span> <span class='ocrx_word' id='word_1_683' title='bbox 1374 5273 1583 5341; x_wconf 90' lang='lat' dir='ltr'><strong>depicta</strong></span> <span class='ocrx_word' id='word_1_684' title='bbox 1625 5273 1928 5327; x_wconf 92' lang='lat' dir='ltr'><strong>honestavit</strong></span> <span class='ocrx_word' id='word_1_685' title='bbox 1977 5291 1990 5327; x_wconf 74' lang='grc' dir='ltr'>ε</span> <span class='ocrx_word' id='word_1_686' title='bbox 2023 5287 2114 5327; x_wconf 86' lang='lat' dir='ltr'><strong>ec-</strong></span> 
     </span>
    </p>
   </div>
   <div class='ocr_carea' id='block_1_99' title="bbox 528 5367 2113 5424">
    <p class='ocr_par' dir='ltr' id='par_1_99' title="bbox 528 5367 2113 5424">
     <span class='ocr_line' id='line_1_99' title="bbox 528 5367 2113 5424; baseline -0.001 -4"><span class='ocrx_word' id='word_1_687' title='bbox 528 5368 748 5421; x_wconf 85' lang='lat' dir='ltr'><strong>clesiam</strong></span> <span class='ocrx_word' id='word_1_688' title='bbox 797 5378 996 5422; x_wconf 85' lang='lat' dir='ltr'><strong>sancta</strong></span> <span class='ocrx_word' id='word_1_689' title='bbox 1029 5367 1211 5423; x_wconf 80' lang='lat' dir='ltr'><strong>Matris</strong></span> <span class='ocrx_word' id='word_1_690' title='bbox 1262 5368 1472 5424; x_wconf 85' lang='lat' dir='ltr'><strong>Domini</strong></span> <span class='ocrx_word' id='word_1_691' title='bbox 1518 5368 1699 5423; x_wconf 80' lang='lat' dir='ltr'><strong>Maria</strong></span> <span class='ocrx_word' id='word_1_692' title='bbox 1742 5369 1880 5423; x_wconf 89' lang='lat' dir='ltr'><strong>infra</strong></span> <span class='ocrx_word' id='word_1_693' title='bbox 1929 5384 2113 5423; x_wconf 88' lang='lat' dir='ltr'><strong>muros</strong></span> 
     </span>
    </p>
   </div>
   <div class='ocr_carea' id='block_1_100' title="bbox 531 5445 2116 5528">
    <p class='ocr_par' dir='ltr' id='par_1_100' title="bbox 531 5445 2116 5528">
     <span class='ocr_line' id='line_1_100' title="bbox 531 5445 2116 5528; baseline 0.002 -20"><span class='ocrx_word' id='word_1_694' title='bbox 531 5456 762 5524; x_wconf 89' lang='lat' dir='ltr'><strong>positam</strong></span> <span class='ocrx_word' id='word_1_695' title='bbox 800 5465 1043 5510; x_wconf 91' lang='lat' dir='ltr'><strong>ruentem</strong></span> <span class='ocrx_word' id='word_1_696' title='bbox 1096 5473 1159 5512; x_wconf 91' lang='lat' dir='ltr'><strong>ac</strong></span> <span class='ocrx_word' id='word_1_697' title='bbox 1207 5445 1643 5528; x_wconf 51' lang='lat' dir='ltr'><strong>pene&#39;dilapsam</strong></span> <span class='ocrx_word' id='word_1_698' title='bbox 1695 5458 1998 5520; x_wconf 85' lang='lat' dir='ltr'><strong>renovavit,</strong></span> <span class='ocrx_word' id='word_1_699' title='bbox 2051 5472 2116 5511; x_wconf 88' lang='lat' dir='ltr'><strong>ac</strong></span> 
     </span>
    </p>
   </div>
   <div class='ocr_carea' id='block_1_101' title="bbox 535 5548 2115 5618">
    <p class='ocr_par' dir='ltr' id='par_1_101' title="bbox 535 5548 2115 5618">
     <span class='ocr_line' id='line_1_101' title="bbox 535 5548 2115 5618; baseline 0.002 -20"><span class='ocrx_word' id='word_1_700' title='bbox 535 5555 850 5600; x_wconf 75' lang='lat' dir='ltr'><strong>renovatam</strong></span> <span class='ocrx_word' id='word_1_701' title='bbox 914 5549 1381 5618; x_wconf 71' lang='lat' dir='ltr'><strong>ipse,dedicavit;</strong></span> <span class='ocrx_word' id='word_1_702' title='bbox 1418 5559 1579 5618; x_wconf 90' lang='lat' dir='ltr'><strong>caput</strong></span> <span class='ocrx_word' id='word_1_703' title='bbox 1627 5548 1870 5603; x_wconf 85' lang='lat' dir='ltr'><strong>ecclesia</strong></span> <span class='ocrx_word' id='word_1_704' title='bbox 1915 5556 2115 5601; x_wconf 80' lang='lat' dir='ltr'><strong>sancta</strong></span> 
     </span>
    </p>
   </div>
   <div class='ocr_carea' id='block_1_102' title="bbox 531 5635 2118 5708">
    <p class='ocr_par' dir='ltr' id='par_1_102' title="bbox 531 5635 2118 5708">
     <span class='ocr_line' id='line_1_102' title="bbox 531 5635 2118 5708; baseline 0.002 -20"><span class='ocrx_word' id='word_1_705' title='bbox 531 5635 713 5690; x_wconf 82' lang='lat' dir='ltr'><strong>Maria</strong></span> <span class='ocrx_word' id='word_1_706' title='bbox 747 5647 899 5692; x_wconf 79' lang='lat' dir='ltr'><strong>extra</strong></span> <span class='ocrx_word' id='word_1_707' title='bbox 957 5656 1139 5696; x_wconf 91' lang='lat' dir='ltr'><strong>muros</strong></span> <span class='ocrx_word' id='word_1_708' title='bbox 1169 5642 1322 5698; x_wconf 87' lang='lat' dir='ltr'><strong>novis</strong></span> <span class='ocrx_word' id='word_1_709' title='bbox 1372 5641 1616 5696; x_wconf 89' lang='lat' dir='ltr'><strong>assiculis</strong></span> <span class='ocrx_word' id='word_1_710' title='bbox 1669 5638 1933 5708; x_wconf 90' lang='lat' dir='ltr'><strong>cooperiri</strong></span> <span class='ocrx_word' id='word_1_711' title='bbox 1968 5638 2118 5693; x_wconf 87' lang='lat' dir='ltr'><strong>fecit.</strong></span> 
     </span>
    </p>
   </div>
   <div class='ocr_carea' id='block_1_103' title="bbox 531 5726 2112 5802">
    <p class='ocr_par' dir='ltr' id='par_1_103' title="bbox 531 5726 2112 5802">
     <span class='ocr_line' id='line_1_103' title="bbox 531 5726 2112 5802; baseline 0.002 -22"><span class='ocrx_word' id='word_1_712' title='bbox 531 5726 612 5781; x_wconf 83' lang='lat' dir='ltr'><strong>Ad</strong></span> <span class='ocrx_word' id='word_1_713' title='bbox 641 5726 905 5798; x_wconf 85' lang='lat' dir='ltr'><strong>stipendia</strong></span> <span class='ocrx_word' id='word_1_714' title='bbox 937 5731 1172 5802; x_wconf 88' lang='lat' dir='ltr'><strong>denique</strong></span> <span class='ocrx_word' id='word_1_715' title='bbox 1221 5732 1601 5788; x_wconf 84' lang='lat' dir='ltr'><strong>canonicorum</strong></span> <span class='ocrx_word' id='word_1_716' title='bbox 1655 5731 1798 5786; x_wconf 88' lang='lat' dir='ltr'><strong>dedit</strong></span> <span class='ocrx_word' id='word_1_717' title='bbox 1828 5728 2112 5785; x_wconf 85' lang='lat' dir='ltr'><strong>ecclesiam</strong></span> 
     </span>
    </p>
   </div>
   <div class='ocr_carea' id='block_1_104' title="bbox 2225 4539 3774 4619">
    <p class='ocr_par' dir='ltr' id='par_1_104' title="bbox 2225 4539 3774 4619">
     <span class='ocr_line' id='line_1_104' title="bbox 2225 4539 3774 4619; baseline -0.006 -16"><span class='ocrx_word' id='word_1_718' title='bbox 2225 4563 2440 4618; x_wconf 86' lang='lat' dir='ltr'><strong>capere,</strong></span> <span class='ocrx_word' id='word_1_719' title='bbox 2485 4549 2692 4604; x_wconf 89' lang='lat' dir='ltr'><strong>scilicet</strong></span> <span class='ocrx_word' id='word_1_720' title='bbox 2717 4550 2782 4603; x_wconf 90' lang='lat' dir='ltr'><strong>de</strong></span> <span class='ocrx_word' id='word_1_721' title='bbox 2813 4549 2973 4604; x_wconf 91' lang='lat' dir='ltr'><strong>domo</strong></span> <span class='ocrx_word' id='word_1_722' title='bbox 3003 4550 3293 4619; x_wconf 86' lang='lat' dir='ltr'><strong>episc0pali</strong></span> <span class='ocrx_word' id='word_1_723' title='bbox 3323 4561 3379 4604; x_wconf 86' lang='lat' dir='ltr'><strong>et</strong></span> <span class='ocrx_word' id='word_1_724' title='bbox 3405 4550 3472 4603; x_wconf 86' lang='lat' dir='ltr'><strong>de</strong></span> <span class='ocrx_word' id='word_1_725' title='bbox 3510 4547 3663 4602; x_wconf 90' lang='lat' dir='ltr'><strong>rebus</strong></span> <span class='ocrx_word' id='word_1_726' title='bbox 3687 4539 3774 4608; x_wconf 89' lang='lat' dir='ltr'><strong>epi-</strong></span> 
     </span>
    </p>
   </div>
   <div class='ocr_carea' id='block_1_105' title="bbox 2222 4634 3772 4711">
    <p class='ocr_par' dir='ltr' id='par_1_105' title="bbox 2222 4634 3772 4711">
     <span class='ocr_line' id='line_1_105' title="bbox 2222 4634 3772 4711; baseline -0.007 -15"><span class='ocrx_word' id='word_1_727' title='bbox 2222 4643 2393 4711; x_wconf 81' lang='lat' dir='ltr'><strong>scopi,</strong></span> <span class='ocrx_word' id='word_1_728' title='bbox 2421 4657 2556 4710; x_wconf 92' lang='lat' dir='ltr'><strong>quas</strong></span> <span class='ocrx_word' id='word_1_729' title='bbox 2583 4650 2703 4710; x_wconf 91' lang='lat' dir='ltr'><strong>post</strong></span> <span class='ocrx_word' id='word_1_730' title='bbox 2725 4649 2951 4693; x_wconf 85' lang='lat' dir='ltr'><strong>mortem</strong></span> <span class='ocrx_word' id='word_1_731' title='bbox 2979 4643 3356 4711; x_wconf 91' lang='lat' dir='ltr'><strong>episcoporum</strong></span> <span class='ocrx_word' id='word_1_732' title='bbox 3383 4641 3537 4710; x_wconf 88' lang='lat' dir='ltr'><strong>quasi</strong></span> <span class='ocrx_word' id='word_1_733' title='bbox 3559 4634 3772 4707; x_wconf 87' lang='lat' dir='ltr'><strong>proprias</strong></span> 
     </span>
    </p>
   </div>
   <div class='ocr_carea' id='block_1_106' title="bbox 2220 4730 3772 4801">
    <p class='ocr_par' dir='ltr' id='par_1_106' title="bbox 2220 4730 3772 4801">
     <span class='ocr_line' id='line_1_106' title="bbox 2220 4730 3772 4801; baseline -0.008 -16"><span class='ocrx_word' id='word_1_734' title='bbox 2220 4731 2589 4801; x_wconf 87' lang='lat' dir='ltr'><strong>possidebant,</strong></span> <span class='ocrx_word' id='word_1_735' title='bbox 2619 4730 2908 4784; x_wconf 85' lang='lat' dir='ltr'><strong>vastabant</strong></span> <span class='ocrx_word' id='word_1_736' title='bbox 2936 4739 2992 4783; x_wconf 90' lang='lat' dir='ltr'><strong>et</strong></span> <span class='ocrx_word' id='word_1_737' title='bbox 3023 4731 3353 4799; x_wconf 89' lang='lat' dir='ltr'><strong>diripiebant</strong></span> <span class='ocrx_word' id='word_1_738' title='bbox 3379 4747 3391 4783; x_wconf 91' lang='lat'><strong>:</strong></span> <span class='ocrx_word' id='word_1_739' title='bbox 3443 4731 3582 4784; x_wconf 88' lang='lat' dir='ltr'><strong>hanc</strong></span> <span class='ocrx_word' id='word_1_740' title='bbox 3620 4731 3772 4778; x_wconf 86' lang='lat' dir='ltr'><strong>autem</strong></span> 
     </span>
    </p>
   </div>
   <div class='ocr_carea' id='block_1_107' title="bbox 2221 4816 3774 4885">
    <p class='ocr_par' dir='ltr' id='par_1_107' title="bbox 2221 4816 3774 4885">
     <span class='ocr_line' id='line_1_107' title="bbox 2221 4816 3774 4885; baseline -0.006 -9"><span class='ocrx_word' id='word_1_741' title='bbox 2221 4821 2588 4876; x_wconf 86' lang='lat' dir='ltr'><strong>dimissionem</strong></span> <span class='ocrx_word' id='word_1_742' title='bbox 2623 4819 2744 4876; x_wconf 87' lang='lat' dir='ltr'><strong>talis</strong></span> <span class='ocrx_word' id='word_1_743' title='bbox 2787 4820 3195 4875; x_wconf 88' lang='lat' dir='ltr'><strong>consuetudinis</strong></span> <span class='ocrx_word' id='word_1_744' title='bbox 3237 4820 3400 4885; x_wconf 87' lang='lat' dir='ltr'><strong>facio,</strong></span> <span class='ocrx_word' id='word_1_745' title='bbox 3439 4834 3508 4874; x_wconf 91' lang='lat' dir='ltr'><strong>ne</strong></span> <span class='ocrx_word' id='word_1_746' title='bbox 3553 4816 3774 4880; x_wconf 82' lang='lat' dir='ltr'><strong>deinceps</strong></span> 
     </span>
    </p>
   </div>
   <div class='ocr_carea' id='block_1_108' title="bbox 2220 4911 3772 4983">
    <p class='ocr_par' dir='ltr' id='par_1_108' title="bbox 2220 4911 3772 4983">
     <span class='ocr_line' id='line_1_108' title="bbox 2220 4911 3772 4983; baseline -0.006 -18"><span class='ocrx_word' id='word_1_747' title='bbox 2220 4911 2416 4983; x_wconf 91' lang='lat' dir='ltr'><strong>aliquis</strong></span> <span class='ocrx_word' id='word_1_748' title='bbox 2441 4914 2612 4966; x_wconf 79' lang='lat' dir='ltr'><strong>haeres</strong></span> <span class='ocrx_word' id='word_1_749' title='bbox 2635 4926 2786 4965; x_wconf 91' lang='lat' dir='ltr'><strong>meus</strong></span> <span class='ocrx_word' id='word_1_750' title='bbox 2809 4911 2932 4965; x_wconf 90' lang='lat' dir='ltr'><strong>inde</strong></span> <span class='ocrx_word' id='word_1_751' title='bbox 2956 4912 3249 4981; x_wconf 88' lang='lat' dir='ltr'><strong>quidquam</strong></span> <span class='ocrx_word' id='word_1_752' title='bbox 3271 4926 3468 4980; x_wconf 86' lang='lat' dir='ltr'><strong>capere</strong></span> <span class='ocrx_word' id='word_1_753' title='bbox 3491 4911 3772 4979; x_wconf 83' lang='lat' dir='ltr'><strong>prasumat.</strong></span> 
     </span>
    </p>
   </div>
   <div class='ocr_carea' id='block_1_109' title="bbox 2220 5001 3771 5073">
    <p class='ocr_par' dir='ltr' id='par_1_109' title="bbox 2220 5001 3771 5073">
     <span class='ocr_line' id='line_1_109' title="bbox 2220 5001 3771 5073; baseline -0.006 -15"><span class='ocrx_word' id='word_1_754' title='bbox 2220 5013 2314 5058; x_wconf 92' lang='lat' dir='ltr'><strong>aut</strong></span> <span class='ocrx_word' id='word_1_755' title='bbox 2347 5003 2391 5058; x_wconf 92' lang='lat' dir='ltr'><strong>si</strong></span> <span class='ocrx_word' id='word_1_756' title='bbox 2422 5004 2713 5073; x_wconf 90' lang='lat' dir='ltr'><strong>quidquam</strong></span> <span class='ocrx_word' id='word_1_757' title='bbox 2744 5001 2870 5056; x_wconf 91' lang='lat' dir='ltr'><strong>inde</strong></span> <span class='ocrx_word' id='word_1_758' title='bbox 2896 5016 3092 5070; x_wconf 87' lang='lat' dir='ltr'><strong>capere</strong></span> <span class='ocrx_word' id='word_1_759' title='bbox 3142 5001 3574 5071; x_wconf 84' lang='lat' dir='ltr'><strong>praesumpserit,</strong></span> <span class='ocrx_word' id='word_1_760' title='bbox 3628 5002 3771 5050; x_wconf 81' lang='lat' dir='ltr'><strong>totum</strong></span> 
     </span>
    </p>
   </div>
   <div class='ocr_carea' id='block_1_110' title="bbox 2219 5083 3772 5163">
    <p class='ocr_par' dir='ltr' id='par_1_110' title="bbox 2219 5083 3772 5163">
     <span class='ocr_line' id='line_1_110' title="bbox 2219 5083 3772 5163; baseline -0.011 -13"><span class='ocrx_word' id='word_1_761' title='bbox 2219 5096 2480 5150; x_wconf 89' lang='lat' dir='ltr'><strong>honorem</strong></span> <span class='ocrx_word' id='word_1_762' title='bbox 2505 5109 2682 5147; x_wconf 90' lang='lat' dir='ltr'><strong>meum</strong></span> <span class='ocrx_word' id='word_1_763' title='bbox 2707 5093 2916 5163; x_wconf 90' lang='lat' dir='ltr'><strong>perdat.</strong></span> <span class='ocrx_word' id='word_1_764' title='bbox 2946 5093 3110 5148; x_wconf 87' lang='lat' dir='ltr'><strong>Facta</strong></span> <span class='ocrx_word' id='word_1_765' title='bbox 3140 5103 3318 5147; x_wconf 89' lang='lat' dir='ltr'><strong>autem</strong></span> <span class='ocrx_word' id='word_1_766' title='bbox 3347 5100 3432 5147; x_wconf 90' lang='lat' dir='ltr'><strong>est</strong></span> <span class='ocrx_word' id='word_1_767' title='bbox 3471 5092 3583 5145; x_wconf 82' lang='lat' dir='ltr'><strong>hac</strong></span> <span class='ocrx_word' id='word_1_768' title='bbox 3611 5083 3772 5141; x_wconf 86' lang='lat' dir='ltr'><strong>dimis-</strong></span> 
     </span>
    </p>
   </div>
   <div class='ocr_carea' id='block_1_111' title="bbox 2219 5175 3772 5254">
    <p class='ocr_par' dir='ltr' id='par_1_111' title="bbox 2219 5175 3772 5254">
     <span class='ocr_line' id='line_1_111' title="bbox 2219 5175 3772 5254; baseline -0.009 -14"><span class='ocrx_word' id='word_1_769' title='bbox 2219 5185 2301 5240; x_wconf 91' lang='lat' dir='ltr'><strong>sio</strong></span> <span class='ocrx_word' id='word_1_770' title='bbox 2326 5185 2476 5254; x_wconf 91' lang='lat' dir='ltr'><strong>prius</strong></span> <span class='ocrx_word' id='word_1_771' title='bbox 2505 5198 2667 5253; x_wconf 85' lang='lat' dir='ltr'><strong>super</strong></span> <span class='ocrx_word' id='word_1_772' title='bbox 2697 5182 2866 5237; x_wconf 91' lang='lat' dir='ltr'><strong>altare</strong></span> <span class='ocrx_word' id='word_1_773' title='bbox 2888 5183 3079 5237; x_wconf 90' lang='lat' dir='ltr'><strong>&#39;sancti</strong></span> <span class='ocrx_word' id='word_1_774' title='bbox 3121 5181 3417 5251; x_wconf 84' lang='lat' dir='ltr'><strong>Stephani;</strong></span> <span class='ocrx_word' id='word_1_775' title='bbox 3459 5175 3772 5249; x_wconf 85' lang='lat' dir='ltr'><strong>postmodum</strong></span> 
     </span>
    </p>
   </div>
   <div class='ocr_carea' id='block_1_112' title="bbox 2219 5263 3771 5342">
    <p class='ocr_par' dir='ltr' id='par_1_112' title="bbox 2219 5263 3771 5342">
     <span class='ocr_line' id='line_1_112' title="bbox 2219 5263 3771 5342; baseline -0.008 -15"><span class='ocrx_word' id='word_1_776' title='bbox 2219 5273 2272 5327; x_wconf 90' lang='lat' dir='ltr'><strong>in</strong></span> <span class='ocrx_word' id='word_1_777' title='bbox 2303 5273 2490 5328; x_wconf 89' lang='lat' dir='ltr'><strong>eadem</strong></span> <span class='ocrx_word' id='word_1_778' title='bbox 2535 5271 2762 5326; x_wconf 86' lang='lat' dir='ltr'><strong>ecclesia</strong></span> <span class='ocrx_word' id='word_1_779' title='bbox 2797 5271 3008 5342; x_wconf 90' lang='lat' dir='ltr'><strong>publice</strong></span> <span class='ocrx_word' id='word_1_780' title='bbox 3040 5272 3318 5327; x_wconf 89' lang='lat' dir='ltr'><strong>Dominica</strong></span> <span class='ocrx_word' id='word_1_781' title='bbox 3362 5270 3452 5324; x_wconf 91' lang='lat' dir='ltr'><strong>die</strong></span> <span class='ocrx_word' id='word_1_782' title='bbox 3490 5267 3654 5340; x_wconf 85' lang='lat' dir='ltr'><strong>pridie</strong></span> <span class='ocrx_word' id='word_1_783' title='bbox 3681 5263 3771 5316; x_wconf 80' lang='lat' dir='ltr'><strong>Ka-</strong></span> 
     </span>
    </p>
   </div>
   <div class='ocr_carea' id='block_1_113' title="bbox 2216 5360 2722 5432">
    <p class='ocr_par' dir='ltr' id='par_1_113' title="bbox 2216 5360 2722 5432">
     <span class='ocr_line' id='line_1_113' title="bbox 2216 5360 2722 5432; baseline -0.01 -15"><span class='ocrx_word' id='word_1_784' title='bbox 2216 5363 2362 5417; x_wconf 89' lang='lat' dir='ltr'><strong>lend.</strong></span> <span class='ocrx_word' id='word_1_785' title='bbox 2391 5360 2663 5432; x_wconf 90' lang='lat' dir='ltr'><strong>Septemb.</strong></span> <span class='ocrx_word' id='word_1_786' title='bbox 2704 5381 2722 5412; x_wconf 74' lang='grc' dir='ltr'><strong><em>ι</em></strong></span> 
     </span>
    </p>
   </div>
   <div class='ocr_carea' id='block_1_114' title="bbox 2287 5448 3770 5523">
    <p class='ocr_par' dir='ltr' id='par_1_114' title="bbox 2287 5448 3770 5523">
     <span class='ocr_line' id='line_1_114' title="bbox 2287 5448 3770 5523; baseline -0.011 -15"><span class='ocrx_word' id='word_1_787' title='bbox 2287 5453 2577 5523; x_wconf 84' lang='lat' dir='ltr'><strong>Apogniaci</strong></span> <span class='ocrx_word' id='word_1_788' title='bbox 2614 5452 2776 5507; x_wconf 85' lang='lat' dir='ltr'><strong>etiam</strong></span> <span class='ocrx_word' id='word_1_789' title='bbox 2808 5450 3048 5505; x_wconf 86' lang='lat' dir='ltr'><strong>clausum</strong></span> <span class='ocrx_word' id='word_1_790' title='bbox 3072 5451 3432 5522; x_wconf 84' lang='lat' dir='ltr'><strong>episcOpalem</strong></span> <span class='ocrx_word' id='word_1_791' title='bbox 3466 5448 3770 5503; x_wconf 83' lang='lat' dir='ltr'><strong>destructum</strong></span> 
     </span>
    </p>
   </div>
   <div class='ocr_carea' id='block_1_115' title="bbox 2219 5533 3773 5618">
    <p class='ocr_par' dir='ltr' id='par_1_115' title="bbox 2219 5533 3773 5618">
     <span class='ocr_line' id='line_1_115' title="bbox 2219 5533 3773 5618; baseline -0.008 -20"><span class='ocrx_word' id='word_1_792' title='bbox 2219 5556 2274 5599; x_wconf 92' lang='lat' dir='ltr'><strong>et</strong></span> <span class='ocrx_word' id='word_1_793' title='bbox 2303 5545 2442 5600; x_wconf 90' lang='lat' dir='ltr'><strong>male</strong></span> <span class='ocrx_word' id='word_1_794' title='bbox 2463 5543 2780 5612; x_wconf 89' lang='lat' dir='ltr'><strong>dissipatum</strong></span> <span class='ocrx_word' id='word_1_795' title='bbox 2827 5540 2880 5594; x_wconf 93' lang='lat' dir='ltr'><strong>in</strong></span> <span class='ocrx_word' id='word_1_796' title='bbox 2914 5540 3243 5618; x_wconf 81' lang='lat' dir='ltr'><strong>fertilitatem</strong></span> <span class='ocrx_word' id='word_1_797' title='bbox 3283 5555 3435 5595; x_wconf 92' lang='lat' dir='ltr'><strong>suam</strong></span> <span class='ocrx_word' id='word_1_798' title='bbox 3482 5533 3702 5594; x_wconf 78' lang='lat' dir='ltr'><strong>reduxit,</strong></span> <span class='ocrx_word' id='word_1_799' title='bbox 3728 5536 3773 5580; x_wconf 72' lang='lat' dir='ltr'><strong>et</strong></span> 
     </span>
    </p>
   </div>
   <div class='ocr_carea' id='block_1_116' title="bbox 2221 5618 3773 5701">
    <p class='ocr_par' dir='ltr' id='par_1_116' title="bbox 2221 5618 3773 5701">
     <span class='ocr_line' id='line_1_116' title="bbox 2221 5618 3773 5701; baseline -0.015 -10"><span class='ocrx_word' id='word_1_800' title='bbox 2221 5638 2434 5691; x_wconf 88' lang='lat' dir='ltr'><strong>furnum</strong></span> <span class='ocrx_word' id='word_1_801' title='bbox 2481 5636 2547 5689; x_wconf 87' lang='lat' dir='ltr'><strong>ab</strong></span> <span class='ocrx_word' id='word_1_802' title='bbox 2593 5631 2882 5701; x_wconf 77' lang='lat' dir='ltr'><strong>episcopali</strong></span> <span class='ocrx_word' id='word_1_803' title='bbox 2923 5631 3046 5699; x_wconf 88' lang='lat' dir='ltr'><strong>jure</strong></span> <span class='ocrx_word' id='word_1_804' title='bbox 3107 5631 3372 5687; x_wconf 85' lang='lat' dir='ltr'><strong>sublatum</strong></span> <span class='ocrx_word' id='word_1_805' title='bbox 3428 5629 3493 5684; x_wconf 88' lang='lat' dir='ltr'><strong>ad</strong></span> <span class='ocrx_word' id='word_1_806' title='bbox 3540 5618 3773 5685; x_wconf 81' lang='lat' dir='ltr'><strong>molendi-</strong></span> 
     </span>
    </p>
   </div>
   <div class='ocr_carea' id='block_1_117' title="bbox 2222 5710 3770 5793">
    <p class='ocr_par' dir='ltr' id='par_1_117' title="bbox 2222 5710 3770 5793">
     <span class='ocr_line' id='line_1_117' title="bbox 2222 5710 3770 5793; baseline -0.015 -7"><span class='ocrx_word' id='word_1_807' title='bbox 2222 5746 2346 5786; x_wconf 88' lang='lat' dir='ltr'><strong>num</strong></span> <span class='ocrx_word' id='word_1_808' title='bbox 2373 5730 2423 5782; x_wconf 93' lang='lat' dir='ltr'><strong>iu</strong></span> <span class='ocrx_word' id='word_1_809' title='bbox 2455 5727 2645 5782; x_wconf 88' lang='lat' dir='ltr'><strong>lcattna</strong></span> <span class='ocrx_word' id='word_1_810' title='bbox 2672 5723 2888 5778; x_wconf 83' lang='lat' dir='ltr'><strong>flumine</strong></span> <span class='ocrx_word' id='word_1_811' title='bbox 2912 5723 3168 5793; x_wconf 89' lang='lat' dir='ltr'><strong>positum,</strong></span> <span class='ocrx_word' id='word_1_812' title='bbox 3191 5733 3244 5779; x_wconf 89' lang='lat' dir='ltr'><strong>ct</strong></span> <span class='ocrx_word' id='word_1_813' title='bbox 3266 5737 3505 5793; x_wconf 86' lang='lat' dir='ltr'><strong>campos,</strong></span> <span class='ocrx_word' id='word_1_814' title='bbox 3525 5718 3610 5792; x_wconf 92' lang='lat' dir='ltr'><strong>qui</strong></span> <span class='ocrx_word' id='word_1_815' title='bbox 3637 5710 3770 5773; x_wconf 60' lang='lat' dir='ltr'><strong>vulgo</strong></span> 
     </span>
    </p>
   </div>
  </div>
