3918 6316
164 414 260 473 289

703 414 1048 478 HISTORIA:
1089 417 1441 477 ECCLESIE
1483 417 1830 478 REMENSIS
1870 420 2049 477 LIBRI
2088 418 2447 489 QUATUOB.
2479 450 2553 464 —
2591 418 2721 477 LIB.
2763 418 2854 477 Π.
2896 470 2905 478 .

3307 416 3415 473 990

164 527 497 584 Catalaunicte
520 526 717 585 obnixe
745 530 1015 602 ﬂagitans,
1048 541 1103 586 ut
1130 532 1271 615 quia
1303 532 1453 587 locus
1495 531 1605 599 ille,
1633 533 1721 587 ubi
1753 543 1798 598 Α
1829 532 2131 590 liberalium
2163 535 2359 590 artium
2386 533 2582 590 studiis
2614 532 2985 589 adolescentes
3006 529 3233 588 clericos
3261 545 3416 587 exero

163 618 255 675 hoc
293 634 497 674 sacrum
540 634 736 691 corpus
782 623 883 677 sub
919 621 1009 677 dio
1041 623 1279 695 jaccbat,
1328 624 1566 678 l'uudtus
1608 634 1725 679 erat

161 710 461 773 destructus,
486 709 639 765 daret
665 711 715 777 ei
742 710 1014 767 licentiam
1048 712 1177 769 illud
1217 712 1600 782 transferendi,
1634 710 1725 769 ubi

163 800 385 854 devotius
412 809 466 855 et
502 801 864 858 venerabilius
895 805 1097 857 servari
1132 803 1408 859 valuisset.
1451 804 1552 873 Qui
1598 806 1723 860 dum

159 891 237 946 diu
259 891 546 960 persistens
574 892 625 947 itt
651 892 900 962 precibus
932 892 1147 947 tandem
1176 908 1286 947 sum
1319 891 1594 963 petitionis
1623 895 1723 948 ob-

159 980 392 1034 tinuisset
412 978 659 1035 eﬂiectum
690 990 881 1035 vocato
910 989 1072 1034 nauta
1103 980 1276 1036 fertur
1305 980 1354 1034 ei
1382 980 1599 1035 naulum
1632 982 1725 1037 de-

157 1070 301 1134 disse,
325 1084 389 1125 eo
415 1078 621 1137 tenore,
651 1079 707 1123 ut
736 1079 894 1125 noctu
925 1079 1050 1123 ante
1077 1069 1198 1140 galli
1230 1080 1451 1125 cantum
1478 1071 1543 1125 ad
1569 1085 1722 1125 oram

154 1159 368 1215 ﬂuminis
394 1158 512 1229 ejus
542 1159 947 1231 priestolaretur
982 1161 1292 1216 adventum.
1329 1159 1572 1231 Cumque
1614 1171 1722 1215 sta-

155 1258 254 1306 tuto
274 1252 445 1307 noctis
475 1259 716 1321 tempore
741 1250 844 1305 viri
879 1259 987 1306 tres
1028 1266 1148 1305 cum
1181 1249 1414 1320 quodam
1445 1249 1725 1304 sacerdote

152 1341 380 1396 adessent
406 1340 553 1395 fluvii
584 1342 731 1411 ripae,
762 1335 908 1396 missi
954 1340 1023 1396 ab
1064 1341 1164 1395 hoc
1193 1340 1410 1405 comite,
1439 1348 1601 1394 nauta
1633 1339 1727 1394 de-

152 1433 255 1497 fuit,
280 1432 414 1488 nave
456 1433 701 1489 ulteriori
732 1433 906 1489 defixa
945 1430 1180 1487 flmniuis
1221 1448 1353 1488 orte.
1385 1431 1482 1487 llis
1511 1447 1725 1503 quoque

150 1525 263 1579 viris
287 1525 575 1579 adventum
627 1525 867 1595 navigeri
917 1524 1007 1579 diu
1055 1522 1511 1593 pnestolantibus,
1553 1530 1608 1575 ct
1655 1520 1727 1575 vi-

150 1617 307 1672 cisstm
332 1615 696 1671 clamantibus
741 1632 862 1672 cum
912 1631 1070 1671 nemo
1108 1615 1189 1670 eis
1217 1615 1589 1684 responderet,
1638 1612 1727 1667 do-

149 1705 245 1762 lore
270 1708 502 1778 perculsi
543 1717 803 1763 corruunt
846 1708 897 1762 in
929 1715 1127 1761 terram
1158 1706 1333 1777 proni,
1372 1705 1563 1760 devote
1605 1717 1729 1774 pre-

148 1806 311 1852 cantes
341 1798 475 1853 utsi
516 1797 627 1853 Deo
670 1797 929 1868 placitum
960 1796 1100 1852 foret
1137 1812 1334 1867 corpus
1378 1794 1522 1850 illius
1551 1792 1723 1850 Sancti

1832 626 1941 681 ceri
1969 625 2118 690 fecit,
2163 627 2384 697 ipseque
2429 641 2553 680 cum
2589 625 2670 680 eis
2699 623 2915 679 lectioni
2966 638 3030 678 ac
3082 622 3415 677 meditationi

1829 717 2109 788 sapientiae
2152 732 2370 787 cperam
2400 715 2566 772 dedit.
2609 713 2714 769 Sed
2758 722 2811 768 et
2858 711 3193 767 Hucbaldum
3240 711 3417 765 sancti

1826 807 2058 864 Amandi
2088 809 2433 874 monachum,
2463 807 2637 862 virum
2666 820 2881 876 quoque
2906 803 3205 873 disciplinis
3230 802 3418 872 sophia

1826 900 1909 955 cis
1954 899 2208 955 nobiliter
2241 897 2515 954 eruditum
2561 894 2870 960 accersivit,
2899 901 2953 950 et
2982 894 3276 950 Ecclesium
3309 892 3416 947 Re-

1827 1004 2070 1046 mensem
2100 988 2375 1058 prmclaris
2406 985 2693 1042 illustravit
2720 984 3000 1039 doctrinis.

2466 1075 2694 1133 CAPUT
2730 1068 2829 1130 XC

2044 1171 2124 1227 De
2144 1171 2538 1241 interemplioue
2559 1165 2814 1222 Fulcom's
2841 1166 3235 1238 archiepiswpi.

1895 1262 2109 1319 Accidit
2139 1269 2323 1316 autem
2353 1269 2410 1314 ut
2456 1257 2728 1314 abbatiam
2766 1257 2939 1313 sancti
2969 1255 3209 1320 Vedasti,
3253 1266 3415 1325 quam

1827 1351 2122 1408 Balduinus
2168 1366 2355 1407 comes
2394 1350 2610 1405 tenebat
2658 1363 2781 1402 cum
2825 1348 3171 1402 Atrabatcnsi
3211 1354 3417 1409 castro,

1828 1456 1924 1496 rex
1952 1441 2183 1496 Karolus
2219 1456 2321 1512 pro
2346 1439 2665 1495 infidelitate
2692 1435 2934 1492 Balduiui
2975 1435 3042 1490 ab
3065 1451 3132 1491 eo
3154 1434 3417 1498 auferret,

1828 1542 1994 1603 atque
2032 1532 2158 1587 huic
2203 1530 2419 1602 praesuli
2455 1544 2576 1585 eam
2619 1527 2960 1590 concederet,
3009 1525 3253 1581 Altmaro
3287 1541 3419 1594 quo-

1830 1623 1957 1679 dam
1981 1624 2180 1679 comite
2203 1622 2476 1676 aiibatiam
2507 1620 2678 1675 sancti
2703 1618 2940 1674 Medardi
2975 1627 3189 1673 tenente
3215 1631 3228 1669 :
3257 1631 3418 1687 quant

1828 1714 1933 1770 sibi
1977 1714 2150 1769 visum
2197 1722 2305 1776 est,
2339 1711 2759 1782 opportunitatis
2805 1709 3004 1781 gratia,
3054 1724 3178 1763 curn
3230 1707 3421 1763 eodem

1831 1806 2027 1861 comite
2058 1814 2393 1859 commutare
2447 1804 2666 1867 debere,
2718 1801 2858 1869 quod
2906 1808 2963 1855 et
3018 1800 3147 1870 egit.
3195 1799 3424 1867 Accepit

147 1887 329 1943 deloco
370 1889 567 1944 eodem
599 1888 905 1953 transferri,
928 1887 1197 1957 aliquibus
1225 1886 1277 1942 id
1314 1886 1390 1942 eis
1418 1886 1729 1956 dignaretur

1833 1901 2016 1971 itaque
2050 1899 2118 1955 ab
2137 1899 2329 1955 eodem
2363 1897 2606 1952 Altmaro
2636 1895 2910 1950 abbatiam
2941 1892 3113 1949 saucii
3159 1892 3420 1958 Medardi,

146 1980 405 2034 ostendere
434 1980 629 2050 signis.
658 1979 888 2051 Moxque
918 1979 1071 2033 navis
1097 1978 1270 2035 soluta
1298 1977 1477 2031 divina
1502 1977 1720 2040 virtute,

146 2083 263 2123 nexu
292 2083 397 2137 quo
449 2068 738 2124 tenebatur
764 2067 942 2133 alllxa,
988 2068 1119 2139 ripze
1160 2082 1264 2137 qua
1305 2065 1726 2135 exspectabatur

145 2160 447 2216 mirabiliter
477 2160 688 2216 accedit
718 2160 959 2231 appulsa.
991 2159 1145 2227 Quod
1173 2147 1491 2213 admirando
1517 2154 1727 2225 perspi-

144 2250 345 2316 cientes,
371 2260 429 2307 et
483 2252 747 2306 maximas
793 2250 904 2306 Deo
930 2251 1140 2321 gratias
1179 2250 1498 2313 referentes,
1532 2262 1722 2302 ascen.

144 2346 257 2400 dut
302 2360 537 2412 navem,
589 2346 656 2401 de
701 2344 977 2400 voluntate
1026 2343 1120 2400 Dei
1175 2341 1481 2399 securiores
1525 2339 1723 2395 effecti.

143 2435 564 2508 Accedentesque
589 2436 655 2492 ad
686 2437 859 2493 locum
890 2434 1147 2506 sepulcri,
1168 2444 1223 2489 et
1250 2443 1438 2506 aperto
1464 2449 1634 2490 saxeo
1665 2432 1720 2489 in

143 2540 231 2594 quo
265 2543 414 2582 sacra
466 2527 710 2582 membra
745 2527 1000 2598 jacebant
1027 2524 1385 2598 sarcophago,
1416 2531 1727 2579 reverenter

142 2615 347 2681 elevant,
381 2628 811 2687 transponeutes
836 2618 950 2673 lucc
982 2617 1037 2671 in
1070 2625 1375 2687 praeparato
1418 2616 1484 2671 ad
1513 2615 1565 2669 id
1593 2628 1727 2685 opus

143 2708 331 2763 noviter
355 2707 625 2764 scriniolo
655 2726 671 2763 :
701 2709 885 2779 sicque
929 2722 1052 2762 cum
1094 2707 1296 2777 ingenti
1322 2706 1517 2777 gaudio
1555 2720 1729 2761 reme-

143 2808 275 2856 antes
312 2800 377 2855 ad
445 2816 670 2867 navem,
723 2809 1006 2857 transeunt
1055 2799 1307 2855 celeriter
1355 2794 1575 2862 ﬂumen,
1622 2797 1727 2879 hoc

143 2890 313 2960 pignus
358 2906 491 2946 cum
538 2891 787 2949 laudibus
837 2891 1144 2949 deferentes
1186 2890 1254 2946 ad
1290 2890 1468 2946 vicum
1508 2887 1724 2945 Balhia-

148 2979 515 3052 rum(Balby),
568 2980 655 3036 ubi
710 2997 808 3052 per
849 2982 1141 3039 triennium
1191 2990 1406 3038 constat
1445 2979 1729 3037 venerabi-

148 3063 253 3121 liter
294 3078 700 3126 conservatum.
757 3069 888 3128 Post.
940 3072 1055 3127 haec
1116 3071 1183 3129 ad
1237 3071 1525 3128 ecclesiam
1582 3068 1729 3127 beati

149 3155 354 3230 Remigii
398 3160 703 3218 honorifice
729 3170 810 3217 est
853 3161 1109 3231 delatum,
1153 3171 1208 3218 et
1231 3163 1443 3220 custodi
1486 3162 1729 3218 ecclcs'te

148 3248 317 3305 devote
358 3253 743 3320 commissum,
775 3253 1040 3325 juxtaque
1080 3253 1386 3325 sepulcrum
1416 3253 1577 3324 hujus
1602 3268 1726 3307 sau-
1752 3251 1799 3315 C

147 3337 348 3395 ctissimi
373 3342 555 3412 patris
579 3341 876 3397 honorifice
904 3342 1245 3399 collocatum.
1278 3340 1409 3398 Post
1444 3341 1721 3397 biennium

147 3431 288 3499 prefa
296 3442 379 3488 tus
393 3447 584 3489 comes
597 3448 718 3488 cum
738 3448 905 3489 uxore
918 3448 1014 3489 sua
1034 3431 1318 3489 flerisinde
1331 3431 1588 3487 domuum
1602 3429 1726 3486 Ful~

147 3532 313 3576 cenem
342 3524 635 3595 praesulem
676 3523 954 3580 humiliter
980 3524 1205 3595 expetiit
1224 3564 1240 3589 ,
1267 3521 1547 3594 postulans
1587 3530 1651 3577 ut
1673 3521 1725 3577 ei

147 3606 300 3666 locum
322 3613 624 3684 sepultum
643 3614 968 3670 concederet
989 3615 1041 3669 in
1065 3614 1286 3669 dextera
1310 3610 1730 3683 hujusecclesiae

146 3712 299 3772 parte,
310 3703 470 3774 juxta
487 3704 687 3761 ostium
701 3712 920 3775 cryptae.
934 3701 1054 3770 Quo
1069 3703 1381 3774 impetrato,
1394 3709 1448 3757 et
1461 3701 1730 3757 altarista‘

147 3800 262 3858 tuto,
280 3803 440 3865 atque
457 3793 924 3868 argenteojdecore
942 3802 1218 3865 cooperto,
1230 3793 1336 3850 illic
1349 3793 1604 3851 decenter
1615 3793 1732 3850 haec

146 3885 458 3941 venerabilia
482 3884 839 3956 deponuntur
850 3887 1110 3942 membra.
1127 3886 1369 3957 Denique
1388 3893 1675 3958 postquam
1697 3902 1729 3942 a

145 3976 347 4045 praefato
394 3975 693 4046 sepulturae
724 3991 835 4032 suae
867 3977 1079 4035 sublata
1128 3988 1255 4035 sunt
1301 3977 1439 4043 loco,
1482 3978 1728 4047 quazdam

144 4067 318 4125 mulier
341 4084 512 4125 caeca.
545 4068 864 4124 Erentrudis
898 4070 1137 4136 nomine,
1192 4068 1282 4125 illo
1310 4068 1593 4125 candelam
1629 4069 1726 4126 de-

146 4157 307 4217 ferens
336 4161 598 4228 accessit,
625 4160 981 4232 impetranda:
1026 4175 1193 4217 causa
1220 4160 1462 4218 medelte.
1490 4162 1561 4218 At
1585 4177 1732 4218 com-

144 4261 283 4319 perto
318 4252 540 4309 sacrum
595 4266 791 4323 corpus
834 4251 959 4306 inde
1008 4251 1279 4307 sublatum
1321 4252 1541 4324 penitus
1586 4268 1730 4315 esse.

146 4339 299 4397 nimio
320 4356 532 4414 angore
561 4338 753 4395 affecta
780 4341 944 4410 coepit
967 4339 1144 4396 ﬂendo
1176 4342 1434 4411 conqueri
1485 4356 1584 4398 cur
1610 4356 1732 4399 san-

147 4438 254 4487 ctus
280 4432 367 4488 hic
405 4432 624 4488 Domini
651 4431 846 4487 abinde
875 4446 934 4487 se
963 4430 1300 4502 permisisset
1327 4428 1583 4487 auferri?
1632 4447 1733 4488 cur

150 4522 469 4581 deseruisset
523 4523 750 4587 vicinos,
805 4523 1000 4592 quibus
1054 4521 1319 4579 beneficia
1375 4522 1569 4579 solitus
1613 4531 1737 4580 erat

149 4617 372 4685 praebere
405 4616 637 4674 divina?
675 4614 963 4671 Subveniri
1010 4629 1141 4688 ergo
1184 4614 1286 4670 sibi
1322 4613 1615 4686 gemitibus
1644 4628 1739 4668 ex-
1767 4596 1818 4659 Ῑ)

152 4723 385 4778 poscens,
422 4708 601 4764 visum
650 4707 751 4763 sibi
798 4716 882 4763 est
931 4706 1201 4778 proficisci
1234 4706 1432 4762 debere
1461 4705 1529 4761 ad
1556 4704 1734 4759 vicum
1773 4752 1803 4774 ,

154 4795 440 4870 Matusgum
474 4796 766 4868 (Maroug),
808 4796 897 4851 ubi
935 4794 1109 4851 frater
1158 4793 1275 4864 ejus
1329 4802 1550 4850 sanctus
1582 4793 1736 4865 quie~

154 4892 323 4947 scebat
359 4891 624 4948 Vetanus.
658 4890 737 4945 Ad
786 4889 938 4960 cujus
967 4890 1271 4962 sepulcrum
1327 4889 1607 4945 candelam
1638 4904 1733 4961 po-

155 4995 297 5047 nens,
331 4995 562 5052 seseque
607 4981 661 5035 in
692 4982 939 5035 oratione
969 4989 1342 5051 prosternens,
1369 4982 1532 5051 cmpit
1560 4978 1737 5036 ﬂendo

155 5078 432 5142 utrumque
475 5071 728 5143 invocare
783 5070 1029 5124 fratrem.
1061 5068 1303 5139 Dumque
1331 5069 1506 5125 sancti
1536 5082 1731 5124 nomen

158 5162 340 5219 crebro
370 5162 569 5235 repetit
621 5160 886 5228 Gibriaui,
944 5162 1110 5231 cmpit
1155 5159 1331 5233 caligo
1371 5160 1638 5232 albuginis
1669 5159 1737 5215 ab

160 5254 317 5310 oculis
339 5254 458 5324 ejus
488 5255 731 5324 abrumpi
760 5270 774 5308 :
812 5253 1001 5322 sicque
1050 5252 1233 5307 divina
1267 5253 1593 5325 pr0pitiaute
1616 5253 1735 5323 pie-

162 5350 279 5410 tate,
300 5346 481 5416 prisco
504 5346 797 5400 redonatnr
818 5344 1040 5399 lumine.
1067 5343 1330 5400 Priefatus
1351 5344 1583 5415 denique
1603 5359 1740 5416 pise—

164 5434 237 5488 sul
262 5435 588 5491 honorabilis
622 5434 809 5499 Fulco,
847 5434 1112 5490 sollicitus
1142 5434 1286 5491 circa
1336 5434 1428 5491 Dei
1459 5433 1659 5489 cultum
1686 5441 1742 5488 et

165 5526 396 5581 ordinem
418 5525 864 5591 ecclesiasticum,
890 5540 1074 5581 amore
1100 5541 1313 5598 quoque
1335 5525 1616 5596 sapientiae
1637 5522 1744 5579 fcr-

167 5629 309 5681 vens,
337 5617 468 5672 duas
486 5617 695 5672 scholas
720 5616 924 5681 Remis,
951 5617 1341 5671 canonicorum
1381 5614 1585 5671 scilicet
1614 5613 1741 5680 loci,

170 5712 321 5774 atque
350 5706 604 5761 ruralium
632 5705 975 5771 clericorum,
994 5705 1106 5777 jam
1136 5720 1277 5776 pene
1303 5704 1555 5776 delapsas
1581 5704 1739 5759 resti-

176 5796 286 5864 tuit,
313 5807 368 5854 et
396 5808 612 5856 evocato
636 5798 884 5871 Remigio
930 5798 1405 5856 Autissiodoreuse
1453 5796 1740 5868 magistro,

1826 1998 1886 2047 et
1924 1989 2070 2046 dedit
2105 1990 2177 2045 illi
2215 1990 2489 2045 abbatiam
2544 1986 2718 2043 sancti
2753 1987 2997 2051 Vedasti,
3060 1994 3276 2056 recepto
3327 1998 3424 2054 per

1826 2084 1935 2140 vim
1961 2084 2261 2140 obsidionis
2287 2097 2316 2138 a
2346 2079 3007 2138 Balduino-Attrahateusi
3036 2088 3237 2134 castro.
3258 2076 3424 2146 Cujus

1825 2174 2122 2229 anxietatis
2165 2172 2352 2229 dolore
2399 2186 2692 2229 succensus
2733 2179 2843 2226 tam
2891 2167 3213 2231 Balduinus,
3258 2181 3423 2235 quam

1832 2264 2012 2320 omnis
2043 2263 2159 2333 ejus
2194 2263 2506 2328 comitatus,
2538 2261 2666 2316 dum
2698 2269 2946 2331 quierunt
2977 2256 3210 2328 qualiter
3237 2254 3423 2309 ulcisci

1826 2370 1885 2413 se
1914 2355 2146 2426 possint,
2174 2354 2477 2411 amicitiam
2499 2368 2621 2408 cum
2643 2353 2831 2407 eodem
2860 2349 3093 2421 prtesule
3121 2363 3179 2402 se
3213 2347 3424 2417 tingunt

1827 2448 2119 2511 resarcire,
2146 2454 2451 2519 quau-entes
2477 2443 2702 2500 ultionis
2729 2442 2927 2504 locum,
2967 2440 3421 2512 explorantesque

1828 2540 2101 2611 quomodo
2132 2556 2160 2593 a
2186 2547 2390 2594 metato
2424 2552 2522 2593 suo
2567 2536 2638 2591 ad
2664 2535 2810 2607 regis
2839 2532 3168 2603 colloquiqu
3201 2531 3426 2600 stipato-

1827 2633 1979 2689 ribus
2004 2631 2234 2687 vallatns
2267 2628 2540 2700 proficisci
2586 2627 2789 2684 soleret
2819 2641 2833 2679 :
2875 2624 3109 2695 quadam
3141 2623 3250 2687 die,
3291 2623 3422 2677 dum

1828 2721 2016 2793 paucis
2038 2719 2329 2776 admodum
2358 2717 2669 2776 comitatus.
2704 2715 2845 2785 regis
2869 2721 3079 2784 peteret
3104 2711 3424 2782 alloquium,

1828 2826 1954 2867 eum
1981 2812 2035 2865 in
2075 2811 2184 2875 via,
2232 2810 2370 2865 duce
2403 2807 2636 2878 quodam
2677 2806 2994 2861 Winemaro
3037 2802 3418 2875 aggredientes

1832 2903 2207 2974 intercipiunt.
2231 2902 2298 2957 Et
2336 2901 2555 2972 quidem
2590 2901 2822 2972 primum
2846 2899 3004 2970 quasi
3028 2914 3092 2954 ac
3117 2898 3354 2955 amicitia
3374 2906 3432 2952 et

1828 2993 2241 3065 recuperatioue
2270 2992 2517 3047 Balduini
2541 2991 2807 3056 aﬂ‘autur;
2836 2991 3050 3045 demum
3074 3002 3207 3043 vero
3229 2988 3426 3057 impro—

1830 3088 2007 3153 visum
2047 3086 2253 3143 lanceis
2294 3086 2580 3154 impetuut,
2628 3091 2982 3153 prosternunt
3035 3095 3100 3135 ac
3134 3080 3427 3150 perimunt.

1831 3180 2063 3249 Quidam
2091 3192 2222 3234 vero
2255 3191 2477 3233 suorum
2507 3189 2628 3231 sese
2654 3173 2724 3230 ob
2770 3172 2996 3227 nimium
3039 3168 3156 3239 ejus
3183 3184 3428 3225 amorem

1829 3285 1994 3343 super
2019 3269 2194 3341 ipsum
2231 3274 2658 3339 prosternentes,
2691 3262 2900 3333 pariter
2926 3277 3047 3316 cum
3079 3274 3145 3315 eo
3176 3257 3425 3314 transfixi

1828 3369 1884 3419 et
1905 3356 2215 3429 interempti
2243 3363 2392 3411 sunt.
2423 3352 2618 3410 Cmteri
2643 3352 2734 3422 qui
2761 3348 3099 3421 superfuere,
3130 3348 3215 3403 his
3242 3347 3333 3418 qui
3361 3348 3430 3401 ad

1828 3446 2116 3519 ltOSpitalia
2146 3450 2544 3508 remanserant,
2568 3443 2685 3497 haec
2706 3439 2929 3495 maximi
2954 3438 3037 3493 sui
3062 3437 3266 3493 doloris
3290 3452 3433 3490 utm-

1833 3539 1905 3595 tia
1932 3544 2170 3609 portant.
2205 3534 2306 3603 Qui
2334 3534 2413 3601 rei
2442 3533 2682 3589 novitate
2706 3529 2965 3601 perculsi,
2997 3529 3275 3599 armisque
3304 3543 3425 3580 mu-

1830 3630 1955 3698 niti,
1991 3641 2346 3699 percussores
2387 3623 2628 3696 episcOpi
2661 3630 2925 3678 conantur
2954 3620 3155 3675 ultione
3203 3618 3427 3673 adoriri.

1831 3721 2038 3792 Quibus
2073 3718 2296 3775 minime
2338 3715 2592 3787 repertis,
2623 3728 2822 3784 corpus
2849 3713 3118 3774 exanime,
3146 3709 3429 3765 immensis

1831 3816 2094 3888 ejulantes
2109 3812 2481 3887 plangoribus,
2505 3810 2712 3875 levant,
2735 3818 2793 3864 et
2817 3822 2940 3867 cum
2969 3805 3174 3877 ingenti
3202 3818 3424 3859 suorum

1831 3907 2073 3965 omnium
2102 3905 2251 3961 luctu
2294 3902 2620 3961 Remensem
2659 3900 2727 3953 ad
2785 3897 2975 3956 urbem
3027 3894 3298 3951 deferunt.
3352 3892 3430 3947 lbi

1833 4000 2049 4059 tandem
2076 3999 2271 4063 lotum,
2304 4004 2360 4052 et
2408 3993 2587 4063 dignis
2634 3989 2906 4061 exsequiis
2948 3988 3296 4048 honoratum,
3328 3984 3428 4041 de-

1833 4089 1978 4148 centi
2005 4076 2097 4146 est
2142 4085 2432 4158 sepulturae
2461 4083 2801 4143 mamlatum.
2831 4075 3000 4146 Cujus
3026 4074 3290 4133 antistitis
3320 4073 3425 4128 hoc

1832 4180 2065 4237 habetur
2100 4175 2430 4248 epitaphium
2465 4191 2479 4226 :

1928 4268 2033 4330 Hoc
2057 4266 2244 4318 tumulo
2265 4265 2430 4330 magni
2455 4259 2686 4330 Fulconis
2709 4257 2930 4330 membra
2952 4261 3211 4319 teguntur,

1999 4328 2263 4380 Remorum
2289 4321 2425 4377 sedis
2448 4321 2671 4386 praesulis
2696 4321 2908 4386 egregii.

1931 4379 2168 4458 Carmine
2191 4387 2431 4458 nobilium
2449 4379 2601 4458 Quem
2620 4379 3265 4458 Frspcfa’pretqlit‘ortum.

1989 4451 2211 4513 Aulaque
2235 4451 2299 4501 de
2333 4441 2513 4498 scholis
2531 4445 2758 4513 sumpsit,
2781 4448 2839 4513 et
2859 4441 3092 4513 excoluit.

1928 4502 2056 4565 Hinc
2078 4502 2213 4562 Deus
2231 4517 2529 4570 assumptum
2552 4502 2728 4570 statuit
2744 4502 2933 4553 ‘sirtute
2962 4502 3234 4570 probatum,

2003 4576 2233 4625 Ecclesia
2257 4566 2535 4632 speculum,
2563 4566 2945 4632 pontificemque
2970 4566 3120 4622 pium,

1939 4639 2182 4694 Septenos
2205 4625 2462 4694 denosque
2486 4625 2627 4694 simul
2652 4628 2731 4676 cui
2755 4625 2944 4687 prefuit
2965 4637 3059 4694 son
3092 4637 3135 4683 ε,

1999 4653 2005 4684 ι
2040 4653 2182 4688 [8003
2205 4653 2462 4694 Genusque
2486 4653 2627 4679 auum
2652 4653 2731 4676 υυι
2755 4653 2944 4687 plausa“
2965 4653 3059 4673 wn

1999 4653 2126 4748 {res
2141 4706 2358 4755 menses,
2385 4694 2541 4741 denos
2566 4692 2768 4755 insuper
2793 4696 2943 4755 atque
2964 4686 3092 4734 dies.

1935 4760 2087 4811 Auxit
2109 4748 2409 4819 episcOpium
2428 4751 2767 4819 superaddens
2791 4748 3003 4819 plurima
3027 4756 3217 4808 rerum,

2002 4812 2219 4871 UrbLs‘et
2242 4812 2382 4867 istius
2402 4812 2579 4865 moenia
2608 4812 2843 4861 restituit.

1940 4883 2085 4936 Orbis
2111 4883 2281 4942 honor,
2307 4879 2476 4942 patriae
2496 4881 2648 4942 tutor,
2666 4873 3094 4942 pietatisnamstor.

2001 4946 2094 4994 Pro
2120 4931 2280 4993 studio
2305 4931 2435 5000 pacis
2457 4931 2728 5000 confoditur
2745 4931 2933 4996 jaculis.

1937 4992 2210 5063 septenum
2231 4992 2513 5063 donumque
2531 4998 2665 5048 diem
2684 4992 2781 5057 jam
2805 4992 3191 5063 metisisagebat

1998 5024 2003 5053 ε
2026 5015 2210 5056 itenum
2231 5004 2513 5063 donumque
2531 5004 2665 5048 diem
2684 5004 2781 5057 jam
2805 5005 2992 5043 mensis
3080 5004 3191 5043 eoat

1998 5021 2191 5127 Junius,
2218 5074 2270 5115 ut
2291 5066 2395 5114 dira
2410 5067 2565 5113 morte
2584 5064 2871 5122 peremptus
2909 5004 3220 5127 abitﬁspudr
3237 5053 3436 5127 lia__rc_n.,

1934 5190 2021 5243 Cui
2048 5190 2214 5239 Matris
2238 5186 2447 5242 Domini,
2474 5183 2659 5246 pariter
2683 5192 2878 5246 quoque
2897 5176 3124 5246 praesulis
3143 5114 3369 5225 odim"

1997 5249 2211 5313 Remigii
2236 5250 2392 5312 pietas
2413 5240 2634 5296 obtineat
2655 5240 2907 5306 requiem.
2921 5240 3098 5289 Amen.

1842 5335 2084 5407 Denique
2107 5331 2458 5388 Wiuemarus
2498 5326 2616 5397 ejus
2668 5326 3026 5393 interemptor
3063 5321 3133 5375 ab
3162 5320 3439 5391 episcopis

1848 5429 2002 5501 regni
2052 5427 2390 5482 Francorum
2434 5437 2561 5477 cum
2603 5418 2718 5474 suis
2746 5414 3099 5486 complicibus
3126 5427 3440 5468 excommu-

1849 5521 2062 5576 nicatus
2110 5527 2166 5574 et
2210 5512 2701 5571 anathematizatus
2731 5549 2745 5577 ,
2796 5507 3019 5575 insuper
3066 5503 3352 5560 insanabili
3407 5519 3437 5558 a

1849 5608 1961 5665 Deo
2011 5620 2301 5678 percussus
2350 5613 2433 5659 est
2487 5600 2711 5654 vulnere
2756 5594 3006 5667 [Baron.,
3065 5592 3309 5666 ulcere],
3364 5592 3441 5648 ita

1849 5708 1909 5754 ut
1960 5693 2520 5770 computrescentibus
2567 5685 2842 5750 carnibus,
2894 5692 2951 5739 et
3007 5683 3315 5740 exundante
3355 5697 3441 5737 sa-

1849 5792 1958 5859 nie,
2008 5789 2164 5845 vivus
2217 5787 2573 5844 devoraretur
2622 5794 2651 5834 a
2690 5775 3005 5833 vermibus:
3053 5785 3108 5830 et
3142 5775 3267 5832 dum
3318 5787 3441 5845 pro-
