3918 6316
575 370 677 471 est

1447 411 1716 467 APPEND
1749 411 1859 466 AD.
1905 411 2075 470 εδει).
2117 410 2180 466 x.
2220 443 2287 451 -κ
2324 412 2547 468 orans
2588 422 2983 477 Asssnortm.

3681 436 3766 496 Ὧι

578 528 700 583 dam
728 524 1067 596 presbytero,
1101 523 1295 579 missas
1323 537 1421 594 pro
1448 526 1713 580 canonico
1745 535 1962 580 mortuo
2007 526 2146 581 cele-
2174 518 2220 574 A
2251 526 2489 596 plicitate
2537 529 2799 587 columba:
2824 549 2888 589 ac
2916 535 3198 605 prudentia
3221 549 3476 609 serpentis
3495 542 3768 618 instructus,

574 617 777 682 branti,
810 616 926 672 dari
949 631 1047 687 per
1067 631 1271 670 annum
1303 622 1590 670 statuerat.
1637 615 1927 672 Canonicis
1976 627 2147 672 etiam

578 710 646 764 de
675 709 895 764 abbatia
924 707 1259 778 regularibus
1285 748 1300 767 .
1334 723 1493 777 quam
1524 716 1837 763 antecessor
1865 709 1984 780 ejus
2030 710 2145 776 glo-

579 801 756 852 riosus
796 797 1069 866 decusque
1097 795 1411 866 pontificum
1457 795 1727 851 Robertus
1767 798 1821 851 in
1870 798 2144 852 abbatiam

576 890 787 953 extulit,
828 887 975 942 dedit
999 886 1254 941 ecclesias
1284 886 1484 955 plures,
1518 886 1663 940 illam
1698 885 1765 942 de
1787 887 2008 943 Warchi
2032 928 2046 951 ,
2080 888 2146 943 de

576 981 867 1044 Tratiaeo’,
910 979 1083 1034 sancti
1132 977 1351 1033 Martini
1382 978 1449 1033 de
1473 977 1746 1034 Trunceto
1776 1019 1793 1045 ,
1841 980 1907 1033 de
1951 988 2144 1035 sancto

572 1073 847 1139 Quintino,
874 1086 1010 1142 quas
1055 1087 1085 1125 a
1116 1069 1288 1125 laicali
1321 1086 1479 1125 manu
1526 1071 1830 1135 subtraxit,
1859 1072 2045 1141 eisque
2087 1071 2142 1125 in

570 1172 886 1234 perpetuum
919 1162 1193 1217 habendas
1220 1161 1515 1232 apostolica
1558 1171 1613 1217 et
1642 1162 1935 1231 episcopali
1960 1171 2145 1241 aucto-

564 1251 614 1304 ri
625 1259 728 1305 tate
741 1250 1037 1315 concessit;
1058 1250 1384 1304 monasterio
1397 1249 1690 1306 Charitatis
1705 1250 1954 1334 similiter
1965 1252 2142 1308 eccle-

2253 627 2308 673 et
2343 618 2580 688 culpam,
2606 637 2675 676 ne
2703 623 2936 680 dedecus
2959 626 3113 682 fieret
3134 627 3381 686 Ecclesiae
3404 672 3419 697 ,
3449 636 3543 691 sub
3591 640 3770 700 silentio

2256 707 2424 760 teneri
2455 707 2715 777 faciebat,
2739 721 2795 766 et
2822 714 3200 784 negligentiam
3223 758 3238 784 ,
3271 719 3316 774 si
3361 721 3514 777 aliter
3556 725 3659 783 fieri
3684 748 3768 788 non

2251 806 2431 865 posset
2456 838 2472 864 ,
2501 799 2768 856 interdum
2795 802 2921 857 dato
2949 806 3125 874 pretio
3151 822 3183 861 a
3213 808 3614 871 reclamantibus
3653 822 3769 876 redi-

2251 888 2449 943 mebat.
2480 889 2579 944 llic
2604 890 2784 961 itaque
2813 905 3073 963 operante
3099 894 3224 951 Jesu
3251 899 3447 957 Christi
3485 903 3766 977 clementia,

2248 979 2338 1047 qui
2371 978 2605 1037 fidelium
2635 997 2856 1039 suorum
2883 995 2939 1040 et
2967 988 3256 1058 aspirando
3277 995 3532 1063 prmvenit
3561 1007 3612 1052 et
3647 1002 3771 1069 adjuc

2247 1072 2424 1126 vando
2469 1075 2815 1144 prosequitur
2870 1079 3156 1148 actiones,
3227 1082 3368 1140 inter
3429 1086 3614 1144 fratres
3655 1108 3764 1161 pace

2244 1162 2395 1231 prius
2428 1163 2720 1219 reformata
2741 1206 2756 1232 ,
2786 1167 3127 1239 episcopatus
3155 1173 3238 1227 sui
3264 1190 3403 1230 anno
3427 1177 3493 1244 22
3514 1218 3528 1241 ,
3553 1194 3643 1248 pro
3675 1181 3769 1236 Sal-

2244 1252 2443 1307 vaturis
2470 1268 2651 1309 amore
2672 1263 2727 1310 et
2746 1266 3088 1325 peccatorum
3111 1275 3329 1317 suorum
3345 1266 3649 1324 remissione
3672 1270 3772 1327 Hie-

2244 1344 2688 1416 rosolymitanum
2728 1349 2831 1404 iter
2854 1362 3175 1421 prosecutus
3201 1363 3299 1411 est.
3337 1356 3488 1413 Unde
3530 1362 3686 1416 sacris
3709 1363 3769 1417 lo-

2243 1435 2322 1490 cis
2337 1451 2404 1490 ex
2432 1451 2582 1491 more
2608 1437 2861 1506 visitatis,
2885 1449 3083 1496 etcum
3114 1443 3643 1517 imbrclacrymarum
3658 1450 3770 1505 facta

2240 1526 2486 1582 oratione
2515 1528 2715 1598 ubique
2748 1544 2847 1600 pro
2867 1526 3124 1600 peccatis,
3166 1535 3292 1589 dum
3328 1538 3525 1593 rediret
3552 1547 3602 1593 et
3627 1529 3768 1596 eccle-

562 1345 680 1399 sias
699 1344 897 1399 multas
925 1343 1224 1408 concessit,
1272 1358 1410 1412 quas
1434 1343 1642 1399 a~laicis
1682 1355 1775 1398 eas
1821 1344 2142 1412 possidenti-

563 1434 668 1489 bus
709 1434 1053 1505 conquisivit,
1110 1433 1222 1503 ipse
1275 1434 1417 1488 idem
1467 1433 1773 1489 divinorum
1837 1434 2138 1490 ofﬁciorum

565 1524 1030 1592 ecciesiasticique
1068 1523 1274 1579 ordinis
1318 1533 1531 1579 amator
1586 1526 1900 1595 baptisteria
1953 1534 2009 1582 et
2053 1542 2140 1581 se-

564 1614 811 1684 pulturas
839 1622 1168 1685 ceterasque
1201 1614 1554 1670 ecclesiarum
1583 1615 1880 1671 oblationes
1903 1633 1935 1670 a
1976 1614 2132 1671 laicis
2239 1617 2333 1671 sia:
2355 1632 2465 1671 suae
2492 1629 2810 1674 ornamenta
2835 1620 3066 1690 plurima
3094 1621 3348 1692 deferret,
3378 1626 3515 1681 inter
3531 1629 3769 1685 srevientcs

563 1720 662 1775 per
689 1704 857 1760 multa
888 1714 1128 1774 tempora
1152 1716 1471 1776 usurpatas,
1522 1716 1578 1763 et
1599 1706 1713 1776 jam
1741 1723 1807 1763 ex
1845 1708 2005 1779 longo
2036 1725 2136 1764 usu
2238 1707 2404 1762 maris
2433 1707 2647 1773 ﬂuctus,
2681 1708 2978 1768 Salvatoris
3005 1715 3178 1769 nostri
3209 1714 3336 1770 Jesu
3364 1716 3560 1772 Christi
3586 1718 3767 1773 miseri-

562 1797 716 1865 quasi
766 1810 866 1865 pro
915 1797 1303 1852 consuetudine
1346 1814 1623 1868 possessas
1647 1839 1661 1862 ,
1715 1802 2135 1855 consuetudines
2165 1870 2203 1876 _
2237 1795 2478 1850 cordiam
2507 1796 2826 1867 implorans,
2859 1815 3120 1871 reumque
3144 1819 3201 1858 se
3231 1805 3547 1872 vociferans,
3576 1807 3770 1876 psalmos

561 1902 777 1955 quoque
824 1878 1017 1956 pravas
1038 1927 1052 1948 ,
1093 1886 1337 1942 convivia
1384 1888 1589 1944 scilicet
1617 1930 1634 1955 ,
1673 1906 1791 1960 quae
1836 1891 2134 1962 presbyteri
2165 1870 2209 1927 Β
2240 1884 2351 1940 Deo
2372 1897 2425 1941 et
2450 1887 2677 1958 hymnos
2706 1892 3080 1961 personando,
3111 1896 3237 1952 navi
3274 1896 3535 1953 dissoluta
3561 1901 3769 1956 Creatori

558 1970 895 2044 parochiales
933 1972 1165 2031 dominis
1210 1976 1363 2031 laicis
1405 1993 1503 2047 per
1532 1978 1770 2050 singulos
1814 1995 1984 2034 annos
2017 1996 2139 2050 per-
2240 1991 2339 2032 suo
2364 1977 2619 2046 spiritum
2641 1981 2891 2037 reddidit.

559 2062 836 2121 solvebant
865 2107 879 2131 ,
908 2076 1126 2121 strenue
1155 2083 1218 2123 ac
1266 2069 1657 2126 rationabiliter
1682 2088 1711 2126 a
1759 2072 1881 2127 laici
1926 2090 2138 2143 posses-

560 2154 713 2207 sione
742 2154 1013 2220 removit;
1046 2170 1182 2210 neve
1226 2156 1477 2226 deinceps
1521 2160 1826 2214 sacerdotes
1850 2159 1942 2214 Dei
1984 2161 2137 2218 laicis

558 2243 614 2297 in
639 2242 833 2298 talibus
858 2244 1136 2299 obedirent
1165 2245 1218 2298 in
1260 2247 1466 2316 synodo
1493 2248 1781 2318 episcopali
1812 2252 2136 2308 auctoritate

555 2332 877 2398 interdixit,
913 2333 1212 2404 praedicens
1258 2334 1386 2391 illud
1414 2335 1669 2406 Stephani
1707 2353 1855 2408 papa:
1902 2348 1956 2393 et
1986 2356 2132 2394 mar-

556 2424 697 2495 tyris
718 2424 1027 2492 decretum;
1059 2424 1234 2493 laicis,
1265 2429 1514 2498 quamvis
1541 2430 1776 2502 religiosi
1812 2433 1921 2486 sint
1948 2474 1964 2496 ,
1998 2433 2132 2488 nulli

552 2525 731 2570 tamen
756 2516 822 2571 de
843 2517 1223 2574 ecclesiasticis
1235 2518 1585 2577 facultatibus
1601 2523 1801 2594 aliquid
1822 2525 2129 2594 possidendi

552 2605 750 2675 legitur
773 2620 1005 2674 unquam
1031 2607 1289 2661 attributa
1319 2617 1576 2677 potestas.

624 2696 722 2750 Hic
752 2696 931 2767 itaque
958 2698 1163 2753 amicus
1190 2700 1338 2769 pacis
1360 2715 1423 2755 ac
1445 2700 1794 2772 benignitatis
1819 2703 2127 2773 episcopus,
2173 2776 2177 2781 .

547 2788 634 2843 his
670 2797 832 2858 atque
878 2790 1248 2857 hujuscemodi
1272 2790 1535 2846 bonorum
1573 2807 1796 2863 Operum
1838 2795 2129 2850 exhibitio-

547 2879 706 2934 nibus
726 2880 1041 2946 adornatus,
1070 2881 1144 2935 ita
1174 2897 1234 2936 se
1264 2883 1552 2937 amabilem
1582 2884 1834 2939 omnibus
1861 2885 2016 2942 bonis
2047 2887 2129 2941 vi-

546 2970 624 3025 ris
645 2985 709 3025 ac
735 2971 958 3025 charum
985 2971 1296 3037 exhibebat,
1326 2980 1384 3027 ut
1403 2974 1642 3028 omnium
1675 2976 1939 3030 bonorum
1970 2976 2128 3032 laude

544 3062 739 3131 dignus
779 3061 896 3121 fieri
926 3070 1261 3127 mereretur;
1298 3073 1416 3117 erat
1446 3063 1589 3118 enim
1619 3065 1832 3135 sagacis
1872 3066 2073 3137 ingenii
2103 3108 2119 3135 ,
2227 3075 2366 3130 gone
2389 3064 2653 3119 avunculo
2674 3080 2771 3120 suo
2792 3066 3033 3136 ejusdem
3079 3074 3399 3129 monasterii
3429 3083 3555 3131 tunc
3596 3076 3763 3130 abbate

541 3138 780 3221 prudens
800 3151 1013 3221 eloquio
1032 3192 1047 3219 ,
1078 3153 1335 3237 providus
1370 3155 1421 3209 in
1454 3156 1679 3210 consilio
1697 3197 1712 3222 ν
1742 3158 2001 3226 patientia
2050 3160 2125 3214 le-
2226 3151 2468 3220 pluribus
2493 3155 2648 3210 armis
2682 3157 2814 3210 vixit
2837 3199 2850 3222 ,
2880 3167 2934 3213 et
2962 3161 3198 3232 regulam
3226 3163 3395 3237 beati.
3417 3167 3677 3223 Βοηοάίειὶ
3718 3166 3760 3219 iit

541 3239 648 3306 nis,
681 3241 829 3295 vultu
858 3238 1071 3308 alacris,
1098 3230 1314 3299 incessu
1342 3253 1397 3300 et
1423 3246 1608 3300 habitu
1632 3244 1909 3315 jucundus
1941 3290 1957 3314 ,
1988 3265 2116 3320 erga
2147 3237 2178 3299 C

2239 3241 2459 3299 :laustro
2485 3243 2730 3312 ejusdem
2772 3230 3085 3306 monasterii
3107 3230 3395 3324 sapienter.
3425 3257 3619 3323 didicit,
3654 3271 3765 3326 quo-

540 3345 732 3385 omnes
757 3330 986 3401 benigne
1022 3330 1250 3388 affabilis
1272 3374 1286 3399 ,
1317 3333 1461 3390 intus
1490 3344 1544 3390 et
1589 3326 1721 3392 foris
1757 3338 1972 3394 cunctis
2008 3339 2123 3393 ido-
2230 3331 2378 3386 niam
2408 3333 2549 3388 sicut
2573 3335 2890 3405 perhibetur
2925 3340 2991 3396 de
3017 3341 3134 3412 ipso
3163 3359 3380 3415 semper
3405 3349 3520 3403 sine
3546 3347 3763 3420 querela.

538 3437 708 3486 nens;
733 3421 962 3476 vacabat
981 3433 1282 3492 opportuno
1314 3435 1554 3501 tempore
1579 3428 1940 3496 orationibus,
1963 3438 2017 3485 et
2038 3431 2120 3485 in-
2226 3424 2444 3482 humilis
2468 3434 2522 3482 et
2556 3428 2816 3486 obediens
2844 3433 2959 3489 suis
2984 3433 3299 3506 majoribus,
3332 3441 3472 3497 sicut
3501 3442 3645 3498 decet
3672 3458 3762 3496 mu-

537 3511 748 3565 tcrdum
775 3509 1122 3567 familiarium
1164 3512 1443 3571 fruebatur
1477 3517 1945 3584 collocutionibus,
2003 3520 2117 3576 dis-
2221 3518 2457 3574 nachum
2479 3559 2496 3587 ,
2542 3525 2865 3592 permansit.
2895 3525 3064 3583 Porro
3087 3568 3103 3596 ,
3134 3530 3396 3589 Dominus
3424 3535 3762 3605 omnipotens,

544 3601 794 3668 patiendo
840 3602 907 3656 de
962 3604 1076 3659 suis
1124 3620 1450 3676 suorumque
1499 3608 1826 3665 utilitatibus
1860 3610 2118 3682 diligebat
2220 3612 2311 3681 qui
2342 3614 2563 3670 humilia
2602 3619 2809 3689 respicit
2844 3621 2899 3675 in
2929 3622 3057 3678 caelo
3104 3634 3152 3680 et
3196 3628 3250 3681 in
3281 3637 3424 3685 terra
3444 3601 3610 3702 (Paci.
3635 3645 3756 3690 cru.

510 3688 773 3743 ‘rnilitum
805 3697 969 3759 atque
999 3692 1255 3747 nobilium
1283 3695 1634 3752 contubernia
1653 3739 1668 3764 ,
1702 3700 1795 3754 sed
1825 3698 1998 3769 major
2038 3700 2112 3754 illi
2206 3702 2297 3777 ⁸6),
2323 3688 2690 3764 humilitatem
2715 3711 2874 3782 hujus
2902 3715 3194 3784 respiciens
3223 3719 3413 3776 multis
3438 3688 3758 3792 profuturam,

538 3780 717 3834 inerat
741 3795 867 3851 erga
882 3781 1106 3838 clericos
1122 3782 1354 3853 affectio,
1376 3795 1432 3842 et
1451 3787 1505 3841 in
1529 3804 1712 3845 mensa
1739 3800 1792 3845 et
1810 3791 1865 3845 in
1882 3791 2115 3845 vestium
2218 3808 2342 3848 eum
2375 3796 2429 3850 in
2459 3797 2702 3854 claustro
2726 3780 2815 3856 diu
2844 3780 3063 3860 manere
3105 3822 3209 3862 non
3239 3780 3509 3878 permisit.
3538 3810 3659 3867 Post
3688 3811 3761 3864 dc-

530 3870 682 3925 cultu
717 3871 981 3942 largitatis
1025 3876 1199 3945 gratia
1233 3877 1315 3932 eis
1345 3880 1640 3948 apparebat
1676 3895 1795 3936 esse
1823 3882 2112 3951 cepiosior.
2216 3902 2429 3943 cessum
2484 3905 2720 3961 namque
2761 3893 2964 3952 domini
3025 3870 3269 3957 Cuiberti
3297 3941 3314 3969 ,
3361 3905 3573 3962 abbatis
3615 3905 3760 3961 sancti

529 3963 609 4019 De
655 3963 855 4020 illicitis
895 3966 1159 4036 siquidem
1207 3970 1443 4026 motibus
1474 3971 1655 4026 carnis
1686 3971 1952 4028 silendum
2004 3989 2110 4028 non
2214 3973 2471 4034 Germani
2494 3980 3001 4053 Antissiodorensis,
3031 3989 3083 4043 in
3107 3963 3310 4049 eadem
3325 3996 3557 4053 ecclesia
3588 3997 3761 4051 electus

526 4062 644 4118 est;
680 4069 815 4124 quos
842 4056 909 4109 ab
935 4071 1001 4110 eo
1026 4057 1270 4154 ciborum
1301 4058 1633 4129 parcimonia
1666 4071 1722 4116 et
1766 4072 1926 4131 potus
1957 4078 2103 4118 com-
2212 4080 2269 4126 et
2293 4072 2612 4131 benedictus
2661 4074 2828 4134 abbas
2851 4118 2867 4146 ,
2913 4095 3019 4136 non
3056 4096 3281 4154 propter
3330 4104 3526 4146 nomen
3579 4088 3759 4144 abbatis

525 4144 764 4211 primere
792 4144 1062 4243 studiosus
1087 4144 1223 4210 fuit,
1256 4155 1316 4243 ut
1340 4188 1356 4243 τ
1386 4163 1453 4202 ex
1481 4163 1595 4243 quo
1614 4151 1898 4243 episcopus
1929 4150 2110 4209 factus
2210 4163 2401 4219 elatior
2428 4164 2622 4232 factus,
2650 4168 2742 4223 sed
2764 4144 3027 4243 tanquam
3056 4144 3197 4231 unus
3218 4192 3287 4232 ex
3328 4144 3540 4237 cretei-is
3569 4179 3758 4236 humilis

528 4240 657 4297 est,
688 4241 731 4284 ει·
769 4233 1026 4339 crinibus
1071 4247 1192 4288 sese
1220 4235 1557 4303 abstineret,
1584 4238 1871 4309 leguminis
1915 4241 1965 4295 ei
2007 4257 2105 4298 co-
2209 4254 2504 4310 mmmam;
2546 4257 2645 4311 fuit
2668 4297 2683 4324 ,
2719 4233 2783 4313 ρι’
2819 4233 2959 4316 είέυι
2986 4263 3184 4319 bonum
3236 4269 3550 4339 magistrum
3588 4270 3755 4328 decet,

527 4324 724 4427 ptestio
747 4320 1055 4427 “su-(liceret,
1086 4341 1187 4381 nec
1212 4328 1399 4427 vinum
1425 4369 1440 4394 ,
1470 4329 1573 4384 nisi
1605 4345 1794 4399 parum
1824 4372 1839 4396 ,
1870 4332 2103 4390 biberet.
2208 4346 2356 4416 capit
2403 4346 2576 4416 facere
2637 4320 2685 4404 et
2737 4351 2921 4407 docere
2968 4353 3106 4425 (Act.
3150 4372 3209 4423 ι,
3261 4320 3363 4427 1):
3414 4362 3758 4416 demonstraui

524 4410 584 4465 In
606 4413 852 4468 convivio
882 4413 1113 4484 denique
1138 4417 1557 4499 h05pitalitatem
1608 4421 1663 4474 in
1706 4422 1938 4480 invicem
1964 4437 2019 4482 et
2050 4427 2103 4482 in
2206 4410 2452 4505 exemplo
2482 4438 2627 4506 quod
2661 4438 2890 4495 docebat
2920 4410 3105 4498 verbo.
3156 4410 3387 4516 Cbgriitb
3417 4410 3756 4519 anteiri—quod

524 4520 718 4596 omnes
734 4507 992 4562 sectando
1020 4508 1242 4578 dapsilis
1266 4509 1385 4573 fuit.
1415 4526 1516 4566 nec
1540 4529 1776 4585 unquam
1800 4518 1854 4573 in
1878 4522 2103 4588 prandio
2136 4594 2153 4596 _
2206 4523 2455 4583 dominus
2511 4526 2846 4587 liumhaldus
2910 4507 3265 4592 venerabilis.
3290 4507 3757 4596 Antissiodorensis

523 4593 729 4702 Christi
750 4597 1072 4696 pauperibus
1094 4599 1286 4700 caruit,
1315 4603 1493 4656 vitans
1513 4603 1642 4658 illud
1669 4610 1812 4676 quod
1839 4609 2101 4678 scriptum
2133 4594 2180 4654 ί)
2205 4617 2490 4686 episcopus
2517 4619 2570 4673 in
2593 4621 2679 4675 via
2704 4620 3187 4697 Hierosolymitana
3215 4628 3281 4684 de
3305 4630 3407 4685 hac
3428 4632 3535 4687 vita
3560 4632 3757 4702 migras"

523 4693 610 4738 est
641 4702 654 4738 :
687 4684 985 4756 EpiscOpus
1011 4727 1027 4752 ,
1065 4688 1170 4742 nisi
1216 4705 1406 4747 omnes
1433 4695 1700 4763 receperit
1727 4736 1742 4761 ,
1774 4696 2102 4754 inhumanus
2125 4704 2154 4726 ⁸

2239 4716 2323 4795 et,
2352 4709 2530 4766 clerus
2558 4712 2797 4782 ejusdem
2828 4715 3081 4772 Ecclesiae
3109 4734 3174 4773 ex
3205 4721 3394 4793 majori
3421 4733 3572 4795 parte
3592 4765 3607 4790 ,
3634 4722 3755 4778 facto

521 4784 641 4881 (ἴδια.
667 4777 724 4831 ιιι
749 4778 1165 4881 Quadragesimf
1188 4797 1321 4881 iter?
1364 4786 1604 4881 (tumidie
1650 4802 1914 4858 Pauperes
1967 4790 2100 4846 duo-
2206 4784 2338 4857 sati's
2363 4803 2512 4858 brevi
2545 4805 2853 4873 intervallo,
2883 4809 3025 4865 hunc
3048 4810 3158 4881 jam
3189 4777 3391 4871 dict-um
3421 4777 3671 4873 lahhatem
3708 4816 3751 4867 in

522 4865 716 4979 decim‘
732 4868 1029 4972 reficiebat,
1055 4870 1249 4979 quibps
1286 4874 1339 4927 in
1369 4873 1535 4931 Coena
1584 4879 1800 4934 Domini
1846 4881 2097 4937 denarios
2202 4892 2513 4962 pontiﬁcem
2527 4865 3179 4970 elegerunL'Przepositus
3193 4921 3322 4961 vero
3342 4908 3577 4979 ejusdem
3600 4904 3753 4962 Eccle-

520 4956 834 5025 ῑΐίδυθυαί»
862 4961 1009 5066 inf"
1052 4961 1256 5018 9350'“!
1310 4966 1596 5037 plerosque
1634 4971 1913 5026 "CSliebal-
1962 4972 2096 5029 Cum
2202 4983 2332 5052 size,
2376 4984 2661 5058 Hulgerius
2710 4956 2987 5060 nomine,-
3014 5004 3069 5049 et
3097 4998 3316 5066 quidam
3348 4956 3598 5055 c'anonici
3644 5011 3750 5053 cuin

517 5060 743 5117 autem,
792 5062 852 5106 ut
897 5053 1212 5126 plerumque
1262 5058 1378 5113 fieri
1431 5061 1601 5126 solet,
1653 5062 1707 5116 in
1760 5064 2095 5122 subditorum
2201 5086 2304 5138 eo,
2369 5076 2460 5144 qui
2483 5053 2751 5134 'eumdem
2825 5053 3176 5154 praepositum
3242 5089 3647 5146 nominaverant
3703 5086 3750 5141 in

518 5142 976 5248 etiam‘baronum
1007 5146 1215 5203 animos
1242 5148 1391 5203 furor
1418 5149 1711 5208 iracundia:
1731 5161 1787 5209 et
1812 5154 2096 5213 discordiae
2201 5142 2505 5233 electio—ne,
2547 5169 2794 5226 electioni
2827 5142 3023 5230 san-eti
3094 5179 3196 5233 viri
3260 5182 3616 5245 restiterunt,
3670 5178 3746 5248 qui

490 5231 795 5343 diabolica
823 5233 1077 5343 instinctu
1117 5236 1464 5343 irrepsisset,
1487 5241 1623 5294 mira
1672 5242 1789 5312 ejus
1831 5246 2091 5314 patientia
2200 5254 2362 5309 etiam
2413 5231 2592 5329 regem
2621 5259 2949 5319 Ludovicum
2980 5231 3741 5343 filiuthregisnfiliilip'pi'tuitc

516 5330 680 5392 atque
703 5322 1022 5381 humilitatis
1051 5328 1223 5401 gratia
1252 5329 1625 5387 discordantes
1646 5335 2095 5392 animosconcor-
2200 5322 2515 5418 regnantem
2585 5367 2697 5407 sua:
2765 5358 3214 5416 contradictionis
3252 5322 3588 5433 oadjutorem
3662 5362 3747 5419 hae

524 5412 772 5433 μμ.-.
1027 5416 1055 5433 η
1162 5417 1347 5433 -,..
1494 5430 1504 5433 _
1614 5423 1625 5433 .
1773 5425 1785 5433 .
1904 5427 1915 5433 -
2078 5430 2089 5433 _

518 5412 701 5526 imbui.
725 5423 779 5526 fl
809 5425 866 5469 ιιι
888 5432 993 5503 13.8!
1023 5416 1178 5472 ﬁerel
1209 5417 1417 5474 ﬁl‘ﬂliOI'
1456 5430 1511 5526 ei
1538 5423 1692 5526 quies
1719 5425 2092 5526 .niuQUielauli
2197 5412 2449 5505 buerunt,
2482 5442 2553 5496 ita
2579 5453 2639 5498 ut
2659 5448 2839 5501 omnia
2868 5451 3068 5521 regalia
3095 5454 3161 5507 ad
3190 5412 3556 5526 episcopatum
3598 5453 3745 5526 perti-

516 5503 692 5615 dando
720 5506 784 5561 de
815 5524 914 5561 suo
958 5525 1330 5579 saepenumero
1356 5513 1704 5582 propinabat.
1739 5515 1795 5571 Si
1830 5532 1961 5573 vero
1990 5519 2090 5574 ali-
2199 5531 2382 5584 nentia
2409 5533 2627 5607 omnino
2671 5503 2967 5594 concedere
2997 5541 3047 5594 ei
3093 5503 3404 5615 denegare;
3451 5503 3743 5614 Tuncripsc

514 5595 731 5696 quando
778 5598 954 5669 aliqua
982 5600 1194 5681 laicalis
1221 5618 1453 5673 persona
1504 5605 1556 5658 in
1593 5605 1847 5661 clericum
1876 5618 1970 5664 aut
1995 5626 2088 5666 ca-
2188 5602 2606 5689 'compulsusiet
2657 5631 2862 5682 tractus
2913 5628 2980 5682 ab
3015 5595 3337 5687 electorihus
3382 5633 3529 5696 suis.,
3582 5641 3634 5686 et
3662 5595 3741 5684 usui

514 5684 730 5741 inmitia:
751 5703 968 5771 causam
995 5733 1012 5759 ,
1045 5702 1140 5747 aut
1180 5693 1432 5762 injuriam
1462 5711 1493 5749 a
1519 5697 1718 5753 clerico
1747 5699 1848 5755 sibi
1882 5700 2084 5757 illatam
2193 5706 2486 5764 adversarii
2516 5710 2583 5764 ad
2613 5712 2798 5771 limina
2845 5716 3207 5784 apostolorum
3237 5706 3500 5787 adierunt,
3543 5732 3597 5776 ut
3623 5720 3686 5776 ibi
3715 5733 3739 5769 π

514 5774 767 5846 haberet,
798 5782 957 5852 eique
994 5790 1372 5855 conquerenda
1400 5778 1724 5847 reclamaret
1747 5832 1763 5859 ,
1800 5792 1914 5864 ipse
1951 5790 2083 5852 sim-
2193 5811 2404 5854 smnmo
2451 5801 2705 5870 pontifice
2731 5774 3069 5871 judicaretur
3114 5810 3178 5865 dc
3212 5774 3499 5867 electione:
3528 5810 3627 5866 Sed
3660 5810 3738 5864 bc-

2236 2106 2365 2161 CAP.
2394 2107 2527 2163 LIV.
2572 2140 2644 2151 —
2675 2110 2753 2165 De
2779 2111 3002 2185 Hagen:
3040 2132 3121 2186 ep.
3166 2127 3215 2172 et
3242 2118 3427 2174 abbate
3449 2120 3509 2177 S.
3538 2120 3766 2176 Germani.

2305 2241 2459 2313 [iugo
2486 2244 2628 2299 sedit
2653 2261 2826 2302 annos
2855 2247 2944 2302 2|.
2972 2247 3070 2304 Hic
3092 2249 3359 2321 siquidem
3391 2253 3444 2307 in
3474 2252 3768 2309 Cluniacensi

2237 2334 2511 2391 territorio
2557 2338 2624 2392 de
2668 2347 2848 2394 castro
2871 2338 3213 2397 Monteaeuto
3239 2354 3396 2399 ortus
3418 2383 3434 2409 ,
3481 2360 3509 2397 a
3538 2342 3767 2398 nobilibus

2234 2427 2499 2494 processit
2523 2429 2840 2496 parentibus
2867 2470 2882 2497 ,
2919 2438 2976 2486 et
3021 2439 3179 2502 pater
3210 2433 3331 2505 ejus
3359 2435 3669 2491 Dalmaticus
3702 2434 3766 2487 di~

2232 2524 2373 2582 ctus,
2406 2519 2595 2573 matris
2617 2534 2744 2575 vero
2771 2536 3083 2578 nomen.....
3108 2523 3263 2580 Hunc
3299 2541 3425 2580 cum
3460 2536 3634 2597 patres
3662 2526 3768 2579 satis

2216 2602 2417 2664 tenere
2454 2610 2760 2681 diligerent,
2788 2628 2895 2669 non
2931 2613 3105 2669 solum
3159 2618 3486 2684 carnaliter,
3527 2618 3614 2674 sed
3635 2618 3768 2673 etiam

2230 2700 2585 2770 spiritualiter
2609 2743 2625 2770 ,
2660 2715 2794 2759 nutu
2842 2706 2978 2773 Dei,
3028 2724 3135 2779 quo
3176 2709 3363 2765 omnia
3404 2711 3763 2781 disponuntur,

2230 2788 2489 2846 Ecclesiae
2530 2792 2840 2849 destinatus
2866 2794 3059 2851 litteris
3111 2799 3347 2853 traditur
3376 2839 3392 2865 ,
3444 2807 3496 2855 et
3538 2800 3694 2855 adhuc
3725 2798 3767 2851 in

2227 2878 2419 2947 puerili
2450 2881 2755 2937 innocentia
2784 2899 3008 2939 manens
3034 2884 3089 2940 in
3110 2885 3455 2945 Cluniacensi
3476 2888 3766 2944 monasterio

2228 2971 2585 3026 monasticum
2616 2973 2861 3029 habitum
2908 2979 3167 3048 suscepit,
3197 2980 3286 3034 ubi
3316 2983 3422 3036 sub
3461 2991 3642 3038 sancto
3680 2980 3765 3035 lluo
