3918 6316
151 391 237 448 83
1018 389 1108 447 ΒΕ
1135 387 1379 448 GESTIS
1414 387 1628 445 EPISC.
1666 387 1698 441 Α

1812 388 2048 447 185101).
2076 424 2144 433 -
2184 395 2366 453 PARS
2400 396 2445 453 1.
3248 408 3359 467 -294

148 502 459 575 nignissimus
484 500 758 569 Dominus,
787 503 1030 558 omnium
1058 504 1323 559 honorum
1348 505 1681 573 distributor,
1714 490 1760 545 Α
1788 520 1928 572 mus,
1963 507 2054 576 qui
2098 508 2326 563 multum
2374 510 2602 568 dilectus
2629 522 2684 568 et
2718 513 3004 572 {anniliaris
3047 517 3222 576 fuerat
3267 523 3362 585 ab-

145 594 370 649 adversus
391 606 542 661 quem
568 607 672 647 non
700 602 784 648 est
812 594 1075 663 sapientia
1099 595 1182 649 vel
1212 595 1497 649 consilium
1518 635 1533 660 ,
1561 605 1685 650 tan-
1787 595 1964 662 batize,
1999 599 2087 653 cui
2130 601 2438 671 prmfuerat,
2475 614 2531 659 et
2575 608 2844 677 praecipue
2874 609 3057 665 abbati
3102 610 3363 670 Gervasio‘

146 690 234 735 tam
257 680 391 733 dedit
424 681 717 735 reverendo
738 681 925 736 abbati
958 682 1187 752 gratiam
1212 683 1266 738 in
1291 683 1462 738 oculis
1487 685 1683 747 summi
1784 691 2084 743 successori
2115 706 2235 757 suo,
2266 702 2450 762 utpote
2477 695 2542 749 de
2572 694 2773 750 familia
2799 699 3039 767 ejusdem
3068 702 3313 758 ecclesia:
3342 721 3357 757 :

141 768 395 839 pontiﬁcis,
423 768 513 838 qui
546 776 672 825 tunc
700 769 982 826 Paschalis
1005 771 1225 826 nomine
1255 772 1498 838 sedebat,
1530 782 1588 828 ut
1614 775 1683 829 ah
1782 792 1880 847 pro
1939 779 2056 849 ipso
2107 782 2273 852 igitur
2318 799 2440 838 ειιιιι
2488 788 2736 842 monachi
2785 790 2955 857 ipsius
3005 793 3251 849 ecclesia:
3306 802 3363 850 et

140 858 240 928 ipso
276 858 495 927 gratiam
549 858 872 929 episcopalis
910 861 1336 916 consecrationis
1384 873 1685 918 mereretur
1782 869 2084 936 prmsertim
2129 871 2296 926 abbas
2342 871 2656 942 frequenter
2695 878 3004 948 episcopum
3052 881 3361 953 interpella-

138 950 373 1019 accipere,
402 960 459 1003 et
482 963 602 1003 cum
644 965 776 1019 pace
807 953 1247 1007 adversariorum
1290 952 1357 1006 ad
1397 955 1674 1024 propriam
1783 964 1934 1023 rent,
1973 966 2031 1012 ut
2071 973 2193 1013 eum
2242 963 2558 1017 canonicum
2604 964 2805 1021 faceret
2861 967 2913 1021 in
2956 950 3360 1026 ecclesia'san-

136 1040 288 1094 sedem
316 1055 559 1095 reversus
586 1049 815 1121 estcum
843 1041 1009 1121 multa
1048 1041 1331 1099 alacritate
1360 1055 1683 1100 occurrente
1782 1045 1855 1099 eti
1903 1045 2184 1115 Stephani,
2229 1049 2341 1118 ipse
2381 1067 2509 1106 vero
2552 1054 2716 1109 nollet
2755 1071 2848 1112 eos
2895 1058 2950 1111 in
2994 1059 3096 1114 hoc
3143 1050 3358 1129 audire;

133 1130 215 1185 sibi
239 1130 373 1184 clero
406 1138 463 1185 et
490 1131 654 1186 etiam
680 1131 898 1202 pupulo.
1464 1194 1469 1197 _
1783 1151 1905 1190 CIIII]
1948 1135 2044 1205 ipsi
2085 1153 2207 1192 eunt
2258 1142 2496 1209 quotidie
2551 1144 2779 1200 assiduis
2822 1147 3071 1215 precibus
3098 1165 3203 1203 non
3241 1167 3360 1206 ces-

186 1218 429 1274 Comitem
458 1235 670 1289 quoque
696 1231 875 1288 terras,
898 1222 989 1292 qui
1012 1221 1202 1278 eodem
1226 1232 1467 1293 tempore
1493 1232 1682 1293 captus
1781 1234 1964 1280 sarent
1989 1227 2223 1296 pulsare,
2251 1227 2422 1284 fertur
2462 1231 2564 1286 hoc
2606 1233 2709 1288 illis
2750 1250 3065 1306 responsum
3097 1240 3308 1294 dedisse
3337 1259 3352 1295 :

130 1308 379 1363 tenebatur
422 1324 454 1362 a
482 1309 770 1376 Maiisello,
801 1312 893 1381 qui
918 1322 1102 1382 postea
1137 1313 1188 1366 in
1218 1311 1509 1367 Carthusia
1557 1313 1681 1369 reli-
1782 1316 2053 1373 Incassum
2111 1337 2208 1391 pro
2258 1322 2372 1392 ipso
2417 1339 2604 1394 preces
2652 1324 2905 1393 funditis,
2953 1345 3073 1383 meo
3127 1347 3360 1401 namque

131 1400 277 1470 gionis
318 1401 561 1456 habitum
609 1404 940 1473 assumpsit,
990 1405 1056 1459 de
1108 1405 1523 1462 confirmatione
1569 1421 1680 1461 sua:
1783 1417 2023 1479 tempore
2072 1427 2220 1467 meus
2253 1430 2527 1484 nunquam
2567 1418 2860 1472 canonicos
2888 1419 3013 1474 erit.
3049 1421 3160 1476 lIoc
3213 1424 3357 1478 enim

128 1492 376 1548 electionis
402 1486 585 1548 lietum
614 1495 852 1562 invenit;
890 1511 1068 1569 regem
1106 1499 1271 1555 etiam
1309 1498 1675 1565 Francorum,
1780 1499 1944 1551 credo
1983 1499 2049 1553 de
2103 1492 2275 1583 ipso,-
2300 1505 2442 1571 (100d
2498 1519 2658 1574 quam
2712 1506 2821 1561 CilO
2855 1509 3262 1566 canonicabilllr
3305 1515 3359 1568 in

129 1584 201 1652 qui
235 1585 376 1653 prius
415 1584 466 1639 ci
525 1586 953 1651 adversabatur,
1013 1590 1066 1644 in
1107 1591 1339 1645 adventu
1379 1606 1478 1646 suo
1515 1607 1675 1660 quam
1779 1588 2006 1643 ecclesia
2061 1591 2234 1645 sancti
2291 1592 2582 1663 Stephani,
2634 1598 2837 1668 preprii
2899 1601 3169 1657 commodi
3212 1602 3358 1657 circa

128 1674 215 1729 cito
248 1674 478 1730 visitavit
530 1664 803 1746 pacatum.
868 1679 1112 1750 Denique
1163 1682 1215 1736 in
1272 1694 1471 1752 quanta
1510 1684 1676 1740 animi
1776 1676 1917 1732 bona
1957 1679 2197 1735 ecclesia?
2231 1682 2430 1739 nimius
2475 1685 2580 1739 erit
2607 1664 2847 1743 e—xactor.
2875 1689 2943 1744 Et
2970 1691 3099 1761 quid
3148 1692 3362 1748 multa?

127 1764 359 1833 puritate,
394 1775 450 1820 et
486 1782 652 1836 quam
696 1767 914 1823 humilis
950 1769 1003 1824 in
1039 1771 1348 1841 episcopatu
1388 1788 1487 1828 suo
1523 1775 1675 1828 vixe-
1779 1770 2001 1824 verbum
2055 1773 2228 1828 sancti
2287 1773 2389 1830 viri
2438 1777 2647 1833 veritas
2698 1780 2986 1835 subsecuta
3039 1792 3123 1838 est
3173 1801 3187 1838 :
3236 1795 3360 1855 post

128 1853 210 1918 rit,
243 1855 364 1912 licet
412 1872 526 1912 non
577 1872 675 1927 per
708 1858 888 1913 omnia
912 1899 928 1924 ,
986 1859 1320 1932 subsequens
1357 1864 1537 1918 littera
1577 1865 1672 1919 de-
1704 1892 1750 1950 Β
1779 1870 2008 1916 mortem
2040 1878 2269 1933 namque
2288 1864 2428 1936 ejus.
2458 1883 2742 1935 successor
2768 1887 2896 1926 suus
2921 1874 3234 1943 praedictum
3256 1876 3360 1931 cle-

127 1947 338 2014 clarabit,
368 1947 529 2017 cujus
547 1959 747 2005 sancte
775 1952 1206 2008 conversationis
1227 1955 1379 2023 quasi
1403 1955 1674 2024 quoddam
1706 1947 1739 1950 ”
1778 1951 1949 2007 ricum
1983 1953 2035 2007 in
2064 1955 2289 2010 ecclesia
2322 1957 2463 2014 beati
2497 1959 2758 2031 Stephani
2786 1965 3103 2019 canonicum
3134 1966 3280 2033 fecit,
3304 1977 3360 2033 et

125 2038 410 2107 prasagium
460 2038 566 2094 fuit
601 2042 1006 2111 prognosticum
1056 2043 1106 2097 ei
1149 2043 1407 2099 divinitus
1435 2046 1675 2101 destiua-
1774 2043 2256 2102 familiarissimum
2308 2048 2517 2115 habuit,
2556 2060 2611 2105 et
2662 2052 2807 2123 quod
2851 2053 2917 2109 de
2953 2050 3069 2124 ipSo
3102 2056 3185 2109 vir
3234 2072 3361 2112 san-

126 2137 234 2194 tum,
261 2131 398 2200 quod
441 2132 552 2186 tale
580 2132 679 2187 fuit
706 2151 719 2189 :
746 2134 873 2198 Ave,
917 2135 1116 2200 Maria,
1153 2137 1326 2207 gratia
1352 2136 1531 2206 plena,
1564 2149 1673 2193 etc.
1773 2142 1894 2188 ctus
1938 2136 2228 2205 praedixit,
2274 2137 2453 2195 hocin
2482 2141 2672 2197 eodem
2716 2142 2917 2199 clerico
2943 2143 3185 2212 ell‘cclus,
3228 2161 3357 2216 pro-

124 2219 213 2276 Nec
259 2223 593 2302 mirumtsi
648 2224 817 2282 Filius
873 2226 1129 2299 Virginis,
1172 2229 1293 2284 sine
1336 2229 1487 2298 cujus
1542 2242 1673 2286 nntn
1772 2222 1943 2278 bavit.
1990 2225 2506 2286 Archidiaconatum
2547 2232 2637 2301 qui
2682 2247 2779 2287 suo
2830 2226 3068 2304 tempore
3107 2235 3256 2290 venit
3300 2236 3357 2289 in

125 2326 203 2366 nec
242 2312 419 2367 lolium
476 2294 625 2369 cadit
673 2315 726 2370 in
769 2324 990 2383 terram,
1035 2317 1088 2372 in
1138 2320 1483 2389 prognostico
1529 2321 1672 2377 servi
1771 2328 1963 2370 manus
2011 2315 2128 2385 eius
2177 2318 2367 2374 diebus
2414 2321 2495 2376 sui
2542 2321 2859 2393 praesulatus
2910 2323 2964 2380 in
3032 2340 3196 2379 manu
3260 2341 3356 2380 sua

126 2400 281 2458 Matris
305 2420 446 2471 sum,
475 2421 641 2476 quem
683 2407 947 2478 virginem
988 2419 1314 2480 cognoverat
1351 2426 1671 2482 permansit.
1770 2405 2016 2473 retinuit,
2066 2425 2173 2463 non
2224 2420 2446 2481 propter
2474 2406 2775 2480 avaritiam,
2822 2414 2914 2469 sed
2952 2429 3021 2469 ne
3050 2416 3357 2472 sacerdotes

123 2511 238 2561 mni,
267 2497 404 2553 illam
449 2498 785 2570 singularem
836 2509 895 2557 et
923 2502 1259 2559 admirabilis
1287 2506 1474 2574 gratia;
1524 2508 1670 2562 sai...
1771 2506 2145 2565 gravarentur,
2178 2500 2355 2557 sciens
2382 2501 2850 2559 archidiaconatus
2878 2505 3118 2560 redditus
3145 2510 3357 2576 paucis-

124 2586 345 2641 tationem
400 2587 581 2644 voluit
630 2589 882 2655 inveniri,
936 2598 996 2646 ut
1054 2593 1232 2663 qualis
1280 2594 1405 2650 vita:
1454 2594 1671 2653 futurus
1771 2586 1939 2644 Simos
1981 2604 2121 2656 esse.
2162 2607 2263 2647 nec
2313 2594 2381 2649 ad
2427 2609 2723 2665 expensas.
2769 2610 2903 2665 (ιυειε
2950 2611 3145 2651 nomen
3188 2598 3349 2667 huius

125 2683 243 2730 esset
276 2676 425 2732 daret
480 2677 727 2749 intelligi.
783 2678 1038 2737 Ordinem
1090 2683 1540 2752 Cisterciensent,
1579 2687 1671 2757 qui
1770 2678 1994 2736 honoris
2054 2685 2313 2753 requirit,
2360 2702 2518 2757 posse
2571 2686 2833 2743 sufﬁcere.
2891 2686 3127 2760 Contigit
3172 2700 3353 2767 autem

127 2771 229 2819 tunc
252 2769 508 2837 temporis
538 2767 713 2841 adhuc
738 2785 930 2827 recens
958 2781 1098 2839 erat,
1124 2773 1246 2830 laeta
1273 2783 1329 2830 et
1363 2776 1669 2832 voluntaria
1770 2769 1935 2823 Semel
1967 2784 2090 2827 eum
2125 2790 2223 2844 pro
2256 2778 2483 2845 quadam
2512 2778 2832 2834 necessitate
2871 2782 3007 2836 velle
3048 2779 3350 2841 Romanum

122 2866 398 2924 paupertate
472 2859 913 2932 circumseptus,
970 2864 1281 2920 dulcissima
1356 2867 1669 2926 visitatione
1770 2860 2079 2930 pontificem
2113 2864 2334 2923 visitare
2370 2871 2551 2925 :unde
2597 2880 2653 2926 et
2708 2873 2933 2930 consilio
2981 2878 3349 2934 assistentium

121 2942 486 3015 frequentabat,
517 2960 571 3005 et
590 2950 743 3021 juxta
785 2950 1097 3010 facultatem
1127 2971 1279 3011 suam
1304 2958 1353 3013 ei
1394 2958 1446 3013 in
1488 2959 1668 3018 multis
1767 2951 1869 3007 Sibi
1919 2970 2016 3026 1)¹“0
2041 2959 2543 3028 exl’BIISiS"ilillefiS
2570 2965 2700 3019 ωηιῖ
2728 2970 3038 3038 compulsus
3082 2979 3165 3027 εει
3195 2987 3226 3026 ³
3257 2988 3348 3037 53.‘

122 3040 388 3095 necessaria
441 3042 825 3111 ministrabat;
875 3060 974 3099 suo
1020 3047 1182 3125 etiam
1241 3059 1483 3120 tempore
1526 3052 1668 3123 eius-
1768 3044 2080 3103 cerdotibus
2118 3062 2230 3104 suae
2279 3049 2527 3109 ditecesis
2556 3054 2816 3112 auxilium
2861 3060 3163 3128 postulare;
3190 3062 3353 3117 dede-

122 3126 216 3182 dem
259 3132 461 3187 ordinis
521 3132 771 3201 abbatiae,
826 3122 1181 3208 Regniacnm,
1209 3139 1412 3211 Rupes,
1456 3122 1658 3200 Bonus.
1768 3144 1895 3189 runt
1929 3137 2256 3206 sacerdotes,
2294 3139 2448 3211 juxta
2497 3147 2776 3218 praprium
2821 3122 3138 3219 arbitrium,
3180 3168 3349 3209 unus-

123 3216 299 3284 ratlius,
357 3221 580 3276 initium
654 3222 985 3283 fundationis
1042 3230 1383 3299 habuerunt,
1443 3243 1500 3289 et
1568 3249 1665 3306 per

1809 3226 2001 3298 uisque
2024 3268 2040 3295 ,
2066 3244 2183 3307 nec
2204 3228 2439 3303 amplius
2462 3216 2746 3305 quaesitum
2772 3247 2855 3293 est
2877 3240 2944 3295 ab
2966 3239 3146 3310 aliquo
3188 3256 3350 3311 quam

123 3321 278 3364 manus
321 3311 469 3381 ejus,
542 3319 655 3366 tum
706 3314 1066 3373 ministrando
1107 3321 1525 3379 necessitatibus
1571 3338 1665 3380 eo.
1771 3317 1839 3395 de
1883 3316 2001 3387 ejus
2042 3321 2361 3391 procederet
2404 3324 2571 3380 libera
2613 3325 2905 3384 voluntate.
2938 3328 3148 3384 Paratis
3190 3330 3355 3403 igitur

122 3410 236 3463 rum,
279 3409 386 3456 tum
432 3401 771 3472 acquirendo
810 3407 1204 3476 possessiones,
1243 3428 1349 3469 non
1395 3414 1662 3472 modicum
1767 3410 2038 3478 omnibus.
2085 3427 2207 3482 quae
2250 3417 2556 3471 necessaria
2602 3428 2757 3472 erant
2804 3419 2904 3474 sibi
2958 3436 3243 3492 aggressus
3268 3414 3355 3477 est

122 3486 505 3547 incrementum.
558 3491 694 3548 Nam
750 3503 876 3551 ante
930 3505 1170 3571 tempora
1215 3516 1329 3556 suae
1376 3518 1665 3560 consecra—
1766 3498 1872 3554 iter
1900 3503 2547 3573 propositum,transiens
2573 3519 2809 3565 montem
2830 3510 3110 3577 Cinisium,
3138 3513 3205 3568 ad
3227 3511 3353 3568 Clu-

122 3577 251 3634 tionis
275 3580 691 3640 Pontiniacense
721 3588 1111 3644 monasterium
1147 3589 1425 3648 fundatum
1453 3592 1661 3662 fuerat;
1765 3605 1856 3648 sas
1902 3594 2077 3659 venit,
2129 3604 2183 3651 et
2226 3597 2423 3653 ibidem
2458 3600 2719 3654 intellexit
2755 3601 2896 3655 viam
2945 3618 3192 3658 securam
3242 3619 3348 3660 non
3404 3661 3414 3675 ,

122 3667 329 3730 inﬁrmos
379 3675 552 3731 etiam
618 3675 861 3748 ejusdem
922 3681 1126 3738 ordinis
1180 3698 1287 3739 non
1340 3685 1665 3743 obliviscens
1763 3700 1906 3741 esse.
1959 3686 2198 3743 Consilio
2246 3690 2427 3762 itaque
2477 3691 2609 3747 inito
2642 3692 2706 3747 ad
2738 3694 3010 3764 propriam
3032 3696 3214 3751 sedem
3266 3713 3351 3750 rc‘

122 3759 234 3817 dulci
260 3765 498 3838 alloquio
543 3769 845 3838 refovebat,
875 3781 930 3828 et
962 3774 1017 3829 in
1048 3777 1297 3847 expensis
1323 3778 1437 3835 suis
1470 3779 1666 3853 saepius
1766 3776 1884 3843 diit,
1932 3788 1986 3833 et
2030 3794 2135 3834 non
2184 3759 2384 3836 oblitus
2429 3783 2569 3852 quod
2611 3798 2642 3836 a
2681 3759 3057 3842 sacerdotibus
3096 3787 3210 3842 suis
3248 3804 3353 3857 pro

121 3853 433 3915 refectionem
490 3860 856 3918 ministrabat.
898 3863 1185 3922 Civitatem
1227 3876 1282 3922 et
1330 3867 1666 3941 frequentias
1766 3866 1960 3923 itinere
2000 3867 2214 3938 incepto
2262 3871 2547 3940 pecuniam
2591 3874 2903 3944 sumpserit,
2934 3875 3051 3930 viso
3103 3853 3305 3947 scripto
3331 3917 3348 3942 ,

120 3948 396 4016 populorum
433 3967 678 4023 congruo
719 3962 962 4026 tempore
992 3956 1225 4014 libenter
1255 3960 1479 4027 vitabat,
1516 3962 1667 4019 clau-
1766 3968 2029 4031 quantum
2061 3962 2438 4033 unusquisque
2475 3964 2819 4020 sacerdotum
2849 3965 3092 4034 dederat,
3140 3975 3349 4022 tantum

118 4042 258 4091 stram
304 4041 723 4110 monachorum,
753 4044 873 4100 laeta
935 4046 1101 4103 animi
1157 4050 1501 4121 simplicitate
1552 4051 1665 4110 fre-
1768 4051 2062 4123 unicuique
2093 4061 2175 4108 est
2200 4053 2553 4125 resignatum.

120 4138 368 4196 quentans,
392 4133 543 4188 inter
578 4133 723 4205 ipsos
761 4151 868 4191 non
909 4136 1225 4196 desiderans
1252 4141 1539 4214 episcopus
1572 4159 1665 4201 vo-
1832 4140 1959 4197 Fuit
2007 4158 2224 4213 quoque
2262 4145 2482 4214 quidam
2520 4144 2638 4215 ejus
2687 4145 2990 4211 familiaris.
3036 4149 3123 4205 Clli
3175 4150 3342 4205 θροις-

119 4220 207 4273 cari
233 4221 307 4276 vel
351 4224 553 4289 videri,
602 4228 699 4281 sed
744 4230 1085 4299 monachus,
1117 4247 1226 4287 non
1275 4234 1474 4291 oblitus
1522 4237 1666 4294 illius

1799 4231 2042 4307 iasticum
2095 4233 2420 4289 beneficium
2475 4235 2721 4290 contulit.
2767 4235 2859 4292 Ille
2902 4238 3033 4293 vero
3082 4255 3189 4294 non
3241 4240 3346 4295 im-

119 4314 378 4383 evangelici
418 4318 722 4388 pmcepti:
759 4317 862 4384 Qui
908 4322 1082 4392 major
1136 4333 1212 4378 est
1258 4326 1314 4380 in
1358 4329 1527 4393 vobis,
1567 4330 1667 4403 ﬁat
1764 4336 1978 4376 memor
2030 4323 2241 4394 accepti
2287 4322 2553 4393 beneficii,
2586 4336 2861 4384 transacto
2910 4328 3186 4399 aliquanto
3227 4347 3351 4401 spa-

118 4401 223 4456 ticut
261 4408 468 4475 minor;
514 4419 564 4464 et
591 4411 680 4482 qui
707 4427 994 4480 prwcessor
1020 4424 1113 4478 est,
1157 4416 1297 4471 sicut
1334 4419 1668 4475 ministratur
1767 4412 1843 4467 ῑῖο
1891 4416 2184 4484 ιθωυονίε,
2252 4431 2376 4471 cum
2428 4419 2657 4489 quadam
2722 4435 2934 4476 summa
3001 4439 3346 4495 nummorum

119 4488 245 4557 (Luc.
282 4512 431 4566 ml,
462 4500 555 4571 26)
590 4517 604 4553 :
641 4500 776 4557 Illud
802 4503 964 4559 etiam
1004 4505 1149 4562 beati
1195 4505 1530 4580 Hieronymi,
1573 4510 1667 4581 qui
1769 4502 1918 4558 venit
1968 4504 2037 4559 ad
2095 4507 2422 4562 monachum
2473 4510 2776 4578 quemdam,
2828 4513 2919 4581 qui
2972 4492 3177 4569 loculos
3230 4518 3345 4585 cpi-

117 4589 159 4634 ει
176 4591 461 4646 monachus
490 4592 610 4659 fuit,
636 4602 693 4651 et
713 4595 901 4651 doctor
929 4598 1343 4669 monachorum,
1371 4615 1585 4674 semper
1605 4604 1658 4658 in
1683 4585 1741 4647 D
1767 4593 1917 4664 scopi
1980 4596 2232 4663 portabat
2298 4600 2576 4681 et'totius
2633 4600 2825 4655 domus
2866 4618 2978 4656 sua:
3026 4618 3347 4671 procurator

118 4686 271 4733 mente
323 4682 585 4738 volvens:
626 4702 644 4735 ε
679 4683 810 4739 Mihi
863 4688 1118 4758 oppidum
1178 4706 1386 4759 carcer,
1428 4693 1660 4750 solitudo

1802 4691 1917 4749 rat,
1957 4684 2154 4739 obtulit
2186 4687 2236 4741 ei
2273 4688 2492 4744 eosdem
2537 4706 2805 4757 nummos,
2837 4691 2911 4746 ita
2959 4695 3143 4750 dicens
3178 4712 3194 4753 :
3242 4696 3345 4751 Do-

118 4768 371 4830 paradisus
403 4782 521 4839 est;
553 4773 598 4828 si
629 4774 783 4843 cupis
803 4790 924 4831 esse
944 4779 1088 4848 quod
1115 4779 1310 4837 diceris
1337 4784 1656 4851 monachus,
1764 4776 1947 4831 minus
1998 4776 2283 4847 episcopus
2332 4780 2501 4834 multa
2550 4782 2808 4850 expc'ld”
2858 4792 2914 4836 ει
2965 4784 3170 4854 inditi“
3205 4786 3348 4840 "1""

117 4852 428 4930 idestsolus,
451 4863 580 4934 quid
603 4862 741 4919 facis
764 4865 819 4921 in
841 4866 1108 4924 urbibus?
1138 4889 1159 4923 ι
1596 4858 1625 4887 ⁸
1763 4866 1855 4933 tis,
1896 4868 2001 4923 hoc
2054 4884 2250 4924 munus
2301 4871 2550 4941 accipite,
2597 4881 2652 4926 et
2701 4873 2755 4926 in
2798 4875 3052 4943 expensis
3100 4876 3203 4931 sibi
3248 4893 3346 4932 nc-

171 4944 221 5002 In
249 4951 483 5008 claustro
526 4956 919 5013 monachorum
949 4959 1015 5016 de
1050 4960 1346 5029 Chai-nate,
1377 4964 1468 5035 qui
1504 4963 1660 5035 juxta
1769 4957 2025 5013 cessariis
2076 4971 2372 5015 reservate.
2428 4959 2726 5017 Monachus
2762 4980 2882 5019 cum
2922 4965 3096 5038 gratia
3148 4983 3346 5024 munus

118 5041 329 5099 ordinem
375 5046 787 5103 Cluniacensem
818 5051 1090 5120 vivebant,
1121 5052 1431 5123 frequenter
1477 5073 1662 5112 mane-
1766 5048 1990 5117 accepit.
2033 5059 2087 5105 et
2125 5061 2407 5121 acceptum
2445 5055 2764 5119 reservavit.
2814 5069 2916 5110 nec
2959 5057 3128 5112 multo
3169 5059 3339 5113 inter-

118 5128 207 5198 bat,
229 5139 361 5195 etde
386 5141 583 5196 castris
609 5141 722 5197 suis
744 5142 1024 5210 vni-uaco,
1050 5155 1104 5200 et
1126 5147 1190 5202 de
1218 5149 1364 5203 Cons
1388 5166 1658 5206 annonam
1760 5136 1905 5208 jecto
1943 5142 2195 5210 temporis
2238 5143 2411 5211 spatio
2447 5144 2501 5198 in
2530 5146 2843 5202 memoriam
2882 5140 3141 5203 reducens
3173 5164 3337 5202 num-

118 5228 161 5272 et
206 5224 398 5294 vinum,
436 5246 506 5285 ne
550 5231 849 5288 Ecclesiam
895 5246 1165 5306 gravaret,
1210 5239 1277 5293 ad
1309 5256 1466 5296 suum
1501 5258 1657 5297 usum
1765 5243 1883 5284 mos
1941 5224 2233 5300 acceptos,
2291 5241 2343 5287 et
2390 5233 2652 5303 ignorans
2703 5236 2749 5290 si
2803 5228 2999 5308 aliquis
3052 5237 3342 5306 serupulus

119 5319 162 5362 et
193 5315 526 5377 refectionem
584 5324 923 5382 ίηηηηοι-υω
963 5328 1159 5384 ibidem
1215 5333 1411 5404 εωρίυε
1463 5336 1660 5405 prmi-
1763 5322 1958 5377 lateret
1987 5324 2041 5378 in
2074 5340 2322 5391 uulnere,
2345 5326 2435 5396 qui
2464 5328 2853 5415 conscientiam
2880 5331 3118 5400 episcopi
3161 5339 3342 5399 posset

119 5400 249 5467 piens
291 5409 580 5481 deportari.
633 5415 884 5472 Creditur
930 5435 1146 5490 quoque
1190 5422 1258 5478 de
1292 5400 1483 5495 ipso;
1517 5428 1660 5495 quod
1758 5413 2071 5480 oﬂ‘endere,
2129 5415 2282 5485 cujus
2341 5405 2634 5488 puritatem
2680 5400 2790 5475 non
2818 5410 2819 5413 “
2847 5422 3153 5491 ignorabat,
3199 5422 3343 5479 sicut

121 5495 338 5559 spiritum
392 5504 638 5563 habuerit
679 5510 995 5580 prophetiae,
1037 5513 1091 5567 in
1138 5530 1244 5584 quo
1291 5517 1558 5586 quoddam
1590 5520 1659 5575 si.
1761 5508 2017 5578 providus
2061 5518 2116 5564 et
2159 5512 2375 5579 sapiens
2421 5510 2763 5581 dispensator
2789 5553 2803 5576 ,
2849 5513 3007 5583 quale
3060 5530 3261 5571 nuntius
3305 5530 3339 5571 a

122 5598 261 5648 linum
302 5594 541 5652 veritatis
589 5599 806 5669 reliquit
847 5600 1060 5659 clericis
1104 5620 1215 5659 suae
1253 5607 1529 5674 ecclesiae;
1560 5609 1659 5664 fuit

1790 5602 1908 5672 [nali
1948 5603 2067 5656 viro
2112 5602 2212 5657 sibi
2259 5604 2703 5671 datum‘fuisset,
2758 5606 3337 5678 episcopo'revclavit.

125 5689 327 5770 namque
391 5696 624 5760 tempore
679 5708 777 5748 suo
844 5694 1074 5752 clericus
1121 5698 1342 5767 quidam
1371 5738 1387 5765 ,
1438 5700 1657 5756 nomine
1761 5696 1880 5765 Quo
1929 5699 2131 5764 audito,
2186 5714 2307 5753 cum
2352 5699 2635 5770 episcopus
2691 5700 2977 5770 cogitaret,
3038 5703 3183 5758 unde
3241 5704 3340 5758 do-

126 5761 421 5844 Stephanus,
468 5780 521 5836 in
575 5783 903 5855 acquirendo
946 5794 1002 5842 et
1047 5761 1381 5858 pro-videndo
1410 5790 1657 5847 cautissi-
1761 5805 1890 5846 num
1942 5790 2301 5860 processisset
2340 5791 2445 5846 laie
2471 5800 2525 5846 et
2569 5799 2815 5858 tantum,
2873 5794 3054 5850 statim
3108 5795 3250 5849 venit
3289 5795 3340 5850 ei
