3910 5336
593 274 700 340 295

1480 281 1769 345 APPEND.
1810 287 1903 344 AD
1943 285 2118 344 διες.
2154 283 2222 341 x.
2255 316 2322 326 —-
2352 283 2576 344 OPERA
2627 296 3027 349 uestio-mu.

3730 298 3815 359 296

596 397 651 452 in
701 406 957 464 mentem,
1003 398 1146 470 quod
1200 398 1255 455 in
1286 399 1657 459 ecclesiastico
1702 404 1967 461 beneﬁcio
2011 405 2175 460 bene-
2200 413 2253 471 Α
2278 415 2430 469 cere,
2476 403 2755 459 retineret.
2790 406 2848 460 ln
2871 406 3104 476 quadam
3131 412 3312 461 autem
3352 407 3675 475 inilrmitate,
3715 429 3815 468 cum

594 486 787 544 fecerit
817 490 915 555 illi,
942 490 1116 546 iratus
1140 491 1218 546 sic
1241 492 1598 562 dispensatori
1622 512 1720 550 suo
1739 496 1910 551 fertur
1938 498 2137 553 dixisse
2162 516 2175 552 :

595 576 825 645 Frater,
858 594 965 635 non
995 591 1078 636 est
1105 583 1276 637 nostri
1308 585 1568 654 propositi
1602 587 1704 642 hoc
1734 598 1934 653 tenere,
1969 589 2109 659 quod
2146 604 2175 645 a

595 672 785 739 gentili
840 673 1047 729 dictum
1095 688 1175 731 est
1205 690 1220 730 :
1259 696 1278 727 ε
1314 676 1429 731 Non
1456 694 1615 734 cures
1643 680 1785 736 unde
1820 678 2041 747 habeas,
2083 683 2177 737 sed

591 772 806 833 Oportet
847 764 1070 821 habere.
1108 786 1127 820 ι
1162 766 1240 821 lta
1271 784 1335 822 ex
1367 768 1599 840 integro,
1631 770 1772 825 sicut
1829 788 2023 827 munus
2079 770 2174 828 tibi

588 853 758 920 dedit,
797 855 971 911 datori
1024 859 1258 924 remitte,
1296 875 1364 915 ne
1420 862 1749 916 conscientia
1808 878 1926 918 mea
1970 862 2174 933 pollua-

586 953 678 998 tur
722 945 775 999 in
825 946 1176 1004 ecclesiastici
1223 948 1471 1004 beneficii
1526 949 1832 1006 collatione.
1880 950 2173 1009 Monachus

585 1035 771 1090 statim
814 1037 1031 1103 obedit,
1080 1046 1136 1093 et
1185 1039 1324 1094 sicut
1370 1048 1425 1094 et
1466 1038 1769 1109 injunctum
1816 1039 2006 1109 fuerat,
2050 1058 2169 1097 mu-

585 1141 687 1180 nus
737 1127 911 1182 datori
966 1129 1199 1183 remisit.
1253 1128 1468 1185 Accidit
1522 1131 1685 1186 etiam
1735 1142 1794 1186 ut
1842 1148 1903 1187 ex
1958 1131 2170 1188 defectu

581 1217 861 1272 vinearum
918 1220 1019 1274 sub
1046 1219 1317 1287 quoddam
1354 1236 1498 1276 anno
1537 1223 1719 1276 viuum
1774 1222 2168 1292 aliquantulum

590 1308 763 1376 magis
821 1308 980 1363 solito
1033 1310 1390 1376 venderetur;
1448 1313 1562 1383 ipse
1621 1329 1756 1369 vero
1819 1315 2168 1372 considerans

579 1394 699 1451 loca
773 1399 1097 1470 regulariter
1151 1401 1449 1457 viventium
1524 1405 1577 1459 in
1648 1406 1961 1477 episcopatu
2028 1423 2163 1474 suo,

578 1488 851 1558 praecipue
894 1488 1039 1544 inter
1091 1490 1228 1546 alias
1272 1494 1645 1561 necessitates,
1688 1496 1753 1549 ad
1791 1512 1949 1550 usum
2005 1506 2165 1566 potus

579 1577 711 1631 nihil
750 1577 983 1657 omnino
1030 1580 1139 1635 vini
1190 1591 1282 1637 aut
1335 1584 1499 1639 nimis
1539 1602 1729 1656 parum
1778 1585 2002 1653 habere,
2034 1603 2163 1642 con-

576 1671 754 1725 stituit
799 1674 1082 1729 monachis
1121 1675 1187 1729 de
1217 1674 1481 1747 Rupibus,
1522 1687 1576 1732 et
1604 1676 1707 1733 illis
1738 1680 1803 1734 de
1833 1677 2160 1746 Bouoradio,

2283 491 2463 545 omnia
2487 491 2601 563 dari
2634 496 3011 564 praecepisset,
3045 495 3202 551 allata
3240 505 3319 551 est
3347 499 3395 553 ei
3431 501 3664 570 quaedam
3692 505 3818 572 pyxis

2280 594 2401 633 cum
2428 580 2726 637 electuario
2747 592 2802 637 ct
2831 599 2995 654 parvo
3037 585 3304 641 cochleari
3329 598 3602 657 argenteo.
3620 588 3725 659 ipse
3743 608 3818 645 au-

2279 678 2387 723 tem
2419 668 2670 726 cochlear
2694 673 2874 727 ειςιιίιιι
2899 675 3153 745 praecepit
3174 674 3324 743 dari,
3350 687 3407 731 ut
3434 677 3566 731 nihil
3589 678 3685 732 sibi
3712 681 3818 733 reti-

2276 771 2465 823 neret,
2511 763 2654 833 quod
2700 764 3047 820 conscientia:
3096 782 3205 821 sua:
3251 768 3539 836 puritatem
3583 767 3817 823 oﬂ‘endere

2273 859 2474 921 posset.
2524 852 2735 908 Accidit
2768 869 2981 924 quoque
3003 896 3017 920 ,
3074 865 3130 910 ut
3177 859 3409 927 quodam
3441 866 3674 927 tempore
3698 862 3813 929 apud

2273 940 2681 999 Claramvallem
2713 952 2888 1009 esset,
2920 945 3007 999 ubi
3036 962 3179 1017 saepe
3223 962 3290 1001 en
3331 962 3523 1018 magna
3567 947 3719 1000 animi
3745 963 3818 1002 vo-

2273 1030 2477 1087 luntate
2530 1035 2849 1090 morabatur
2897 1050 2996 1106 pro
3034 1036 3263 1092 consilio
3305 1038 3501 1092 animze
3542 1054 3680 1103 sum,
3715 1041 3818 1109 quia

2275 1132 2402 1179 tunc
2474 1125 2731 1197 temporis
2786 1126 3036 1183 dominus
3101 1125 3411 1185 Bernardus
3481 1131 3816 1197 venerabilis,

2270 1214 2451 1286 magni
2488 1217 2721 1273 nominis
2750 1228 2803 1275 et
2844 1220 3021 1274 meriti
3054 1218 3242 1286 abbas,
3272 1221 3424 1292 cujus
3446 1221 3556 1275 vita
3580 1231 3629 1276 et
3651 1222 3819 1275 doctri-

2268 1322 2338 1362 na
2364 1309 2416 1362 in
2448 1309 2738 1364 universali
2781 1310 3018 1367 Ecclesia
3049 1312 3338 1367 celebritcr
3361 1311 3627 1383 divulgata
3655 1311 3818 1367 multos

2268 1412 2450 1453 secum
2501 1400 2666 1454 traxit
2693 1398 2761 1454 ad
2795 1397 3091 1467 Christum,
3138 1401 3319 1471 ibique
3354 1401 3438 1455 die
3465 1400 3691 1469 quadam
3719 1415 3817 1453 cum

2268 1486 2438 1541 abbas
2469 1495 2523 1542 et
2552 1490 3279 1556 conventusmonachorum,
3331 1504 3563 1552 quorum
3626 1504 3818 1542 consue-

2269 1578 2394 1632 tudo
2416 1589 2501 1633 est
2522 1581 2737 1651 proprie
2781 1581 3029 1636 manibus
3060 1591 3261 1637 metere
3288 1597 3358 1636 un
3384 1584 3429 1637 le
3455 1583 3640 1635 vivant
3666 1580 3751 1651 ipsi
3776 1588 3817 1633 et

2264 1668 2641 1723 necessitatem
2665 1670 2891 1739 patienti
2916 1672 3171 1737 tribuant,
3201 1672 3252 1725 in
3275 1686 3527 1741 campum
3558 1671 3813 1740 quemdam

575 1769 629 1816 el,
681 1762 785 1818 illis
835 1763 903 1818 de
961 1764 1243 1823 Clmritale
1285 1784 1316 1822 a
1360 1766 1626 1826 Varziaco
1676 1778 1731 1825 ει
1782 1769 1933 1826 Con;
1977 1769 2158 1825 vinum
2189 1781 2236 1842 Β
2264 1759 2331 1814 ad
2373 1760 2677 1815 metendum
2726 1762 2887 1829 irent,
2933 1763 3215 1834 episcopus
3244 1776 3364 1817 cum
3397 1759 3536 1816 falce
3563 1760 3813 1816 COIIVCltlttl

574 1854 917 1920 ministrari,
966 1855 1119 1927 juxta
1173 1858 1532 1928 quantitatem
1579 1860 1687 1914 vini
1718 1876 1880 1930 (luam
1923 1861 2159 1917 habebat

576 1941 671 2005 ibi,
703 1948 764 1997 et'
786 1954 944 2014 prout
992 1946 1187 2016 cuique
1226 1948 1470 2005 ecclesize
1499 1966 1796 2020 congruum
1826 1962 1963 2007 erat.
2009 1952 2154 2009 Con-

574 2036 756 2088 ventui
791 2046 970 2091 autem
997 2037 1402 2097 Pontiniacensi
1428 2083 1442 2106 ,
1479 2041 1853 2112 Regniaceusi,
1900 2055 1956 2099 et
1989 2045 2155 2113 virgi-

572 2125 732 2180 nibus
750 2124 954 2181 Christi
986 2128 1051 2183 de
1081 2128 1330 2186 Crisinon
1359 2132 1412 2186 in
1442 2132 1583 2188 hunc
1611 2135 1824 2188 modum
1854 2132 2147 2192 distribuit.

572 2216 815 2284 Quadam
849 2219 935 2274 die
964 2223 1137 2276 accito
1167 2222 1450 2279 cellerario
1473 2225 1930 2280 Autissiodorensi
1949 2266 1964 2291 ,
1989 2225 2151 2281 cella-

574 2306 713 2360 rium
744 2309 1020 2379 proprium
1048 2309 1291 2376 intravit,
1324 2313 1613 2384 etcognito
1640 2314 1780 2384 quod
1807 2315 1948 2370 dolia
1972 2325 2155 2372 essent

574 2398 734 2467 plena
764 2399 910 2464 vino,
936 2398 1193 2456 ferturita
1217 2402 1416 2458 dixisse
1439 2420 1537 2458 suo
1564 2405 1845 2461 cellerario
1868 2423 1880 2459 :
1908 2405 2020 2461 lloc
2058 2423 2154 2463 vas

568 2490 639 2544 sit
677 2502 977 2548 conventus
1017 2492 1475 2561 Pontiniacensis;
1537 2498 1677 2552 istud
1723 2496 2146 2568 llegniacensis;

568 2581 710 2635 istud
740 2599 1036 2655 pauperum
1060 2586 1329 2658 virginum
1353 2589 1576 2656 Christi,
1604 2593 2024 2663 unumquodque
2054 2593 2148 2647 de-

564 2672 787 2741 signans
814 2675 1020 2746 virgula
1044 2718 1057 2739 ,
1090 2691 1253 2746 quant
1286 2678 1522 2733 habebat
1548 2679 1600 2734 in
1627 2696 1788 2734 manu
1818 2692 1934 2735 Sua.
1978 2678 2148 2737 Porro

564 2762 878 2817 cellerarius
927 2764 1106 2822 sciens
1147 2767 1331 2822 vinum
1385 2783 1507 2823 esse
1553 2769 1619 2851 de
1661 2786 1913 2838 megrana
1940 2810 1955 2835 ,
2006 2771 2147 2840 quod

563 2853 925 2909 destinaverat
972 2858 1270 2927 virginibus
1310 2859 1536 2925 Christi,
1585 2862 1786 2917 dolium
1819 2879 2032 2934 quoque
2074 2864 2145 2919 40

563 2945 865 2998 modiorum
893 2948 1070 3016 magni
1103 2950 1259 3016 pretii
1293 2949 1438 3015 fore,
1473 2953 1626 3021 quasi
1652 2951 1718 3006 ex
1748 2953 1978 3009 consilio
2018 2954 2141 3008 ani-

569 3048 717 3085 mum
743 3034 983 3106 episcopi
1012 3046 1256 3091 avertere
1288 3038 1453 3093 voluit
1478 3057 1506 3093 a
1535 3049 1682 3097 tanto
1705 3043 1844 3098 dono
1867 3084 1881 3108 ,
1909 3042 2092 3099 dicens
2122 3062 2135 3097 :

2262 1863 2321 1905 se
2348 1848 2689 1921 interposuit,
2720 1868 2972 1923 magnuut
2995 1851 3225 1908 fructum
3262 1862 3605 1923 exspectans,
3636 1854 3817 1921 quoties

2258 1942 2403 1997 inter
2445 1956 2539 1998 eos
2580 1944 2918 2015 contingeret
2968 1945 3139 2014 ipsunt
3189 1944 3393 1999 socium
3442 1960 3570 1999 esse
3624 1942 3815 2006 laboris,

2258 2042 2477 2087 ventum
2531 2041 2613 2088 est
2676 2034 2742 2087 ad
2799 2048 3050 2105 campum
3111 2035 3200 2089 ubi
3247 2049 3402 2106 seges
3462 2043 3615 2099 erat;
3661 2042 3815 2087 secant

2255 2136 2487 2188 omnes;
2558 2123 2829 2195 colligitur
2896 2140 3051 2195 seges
3108 2127 3160 2179 in
3217 2126 3559 2195 manipulos;
3606 2135 3657 2179 et
3710 2137 3815 2177 cere

2256 2212 2426 2268 nubes
2477 2213 2760 2269 tenebrosa
2811 2222 2864 2269 et
2915 2214 3097 2269 multis
3149 2214 3413 2270 imbribus
3464 2217 3623 2285 plena
3671 2215 3814 2268 obnu-

2253 2304 2429 2361 bilans
2461 2305 2660 2361 emlum
2699 2315 2754 2361 et
2793 2306 3227 2364 circumvolvens
3253 2320 3504 2377 campum
3542 2307 3629 2361 ubi
3664 2316 3812 2361 erant.

2253 2395 2406 2464 Quod
2463 2413 2584 2452 cum
2632 2398 2839 2453 videret
2890 2398 3138 2453 dominus
3167 2397 3472 2452 Bernardus
3518 2395 3815 2451 venerabilis

2252 2486 2423 2541 abbas
2454 2486 2872 2555 imperterritus,
2902 2493 2957 2539 et
2989 2484 3147 2539 iidem
3173 2484 3373 2541 Christi
3396 2499 3619 2554 semper
3638 2482 3816 2538 habens

2254 2576 2305 2631 in
2336 2587 2557 2646 pectore
2606 2591 2725 2641 suo,
2757 2578 2823 2632 de
2854 2592 2960 2646 qua
3008 2577 3268 2647 scriptum
3315 2585 3399 2631 est
3429 2592 3444 2628 :
3479 2575 3673 2629 Omnia
3711 2583 3812 2627 sunt

2249 2666 2518 2737 possibilia
2569 2668 2798 2721 credenti
2835 2665 3050 2737 (Matt/1.
3112 2682 3189 2729 ix,
3249 2664 3381 2736 9.2),
3432 2677 3722 2719 conversus
3760 2661 3815 2714 ad

2250 2760 2563 2828 episcopum
2605 2759 2683 2814 ait
2721 2777 2733 2813 :
2764 2757 2944 2825 Pater,
2987 2759 3075 2814 dic
3111 2768 3172 2812 ut
3209 2758 3496 2812 imminens
3541 2757 3814 2826 pluviarum

2249 2850 2530 2906 inundatio
2592 2859 2854 2907 transeat.
2913 2851 3027 2919 Ille,
3080 2851 3147 2906 ad
3202 2850 3569 2905 humilitatem
3628 2859 3815 2916 semper

2249 2942 2565 3011 respiciens,
2596 2948 2678 2999 sic
2727 2944 3003 3015 respondit
3035 2962 3049 2996 :
3085 2944 3200 2999 Non
3238 2958 3357 2999 sum
3411 2941 3574 3011 hujus
3619 2939 3811 3001 meriti;

2252 3043 2328 3100 tu,
2373 3048 2491 3100 ora,
2522 3044 2577 3089 et
2618 3035 2830 3091 conﬁdo
2861 3035 3003 3105 quod
3051 3035 3310 3090 Dominus
3338 3035 3486 3089 dabit
3517 3033 3636 3087 tibi.
3662 3033 3813 3086 Econ-

562 3123 826 3191 Domine,
856 3127 1001 3182 istud
1039 3129 1225 3183 vinum
1274 3140 1357 3185 est
1411 3131 1479 3186 de
1509 3148 1765 3203 megrana
1792 3174 1807 3200 ,
1838 3143 1895 3190 et
1936 3151 2029 3190 vas
2076 3133 2145 3188 40

2255 3133 2339 3177 tra
2393 3123 2581 3189 abbas,
2619 3134 2693 3191 et,
2745 3133 2800 3178 tu
2855 3124 3038 3193 Pater,
3094 3140 3191 3179 ora
3238 3134 3292 3180 et
3340 3138 3441 3194 ego
3483 3133 3683 3178 tecum.
3735 3121 3815 3175 llis

561 3218 864 3272 modiorum
898 3222 1076 3291 magni
1109 3223 1267 3291 pretii
1299 3225 1566 3295 putationi
1593 3226 1909 3295 vinearum,
1938 3239 1994 3285 et
2022 3231 2145 3288 aliis

563 3311 984 3367 necessitatibus
1017 3325 1373 3380 reservatum,
1408 3316 1619 3387 placeat
1647 3317 1802 3374 vobis
1827 3319 2015 3374 vinum
2047 3323 2147 3376 ιιιί-

566 3400 721 3455 noris
752 3402 911 3472 pretii
949 3403 1270 3474 dare,'quia
1299 3406 1440 3461 aliud
1467 3407 1678 3463 habetis
1712 3425 1823 3479 prze
1860 3410 2142 3480 manibus,

564 3497 706 3566 quod
732 3492 795 3551 ex
829 3512 1023 3566 magna
1053 3498 1218 3553 animi
1259 3500 1531 3570 accipient
1571 3501 1856 3557 charitate.
1901 3503 1997 3559 Cui
2030 3506 2137 3575 epi-

557 3604 758 3658 scopus
784 3607 796 3642 :
826 3588 939 3642 Non
964 3590 1109 3659 sapis
1130 3607 1193 3644 ea
1216 3606 1336 3660 quae
1360 3592 1453 3646 Dei
1488 3603 1639 3659 sunt;
1673 3593 1816 3663 quod
1840 3593 1976 3660 dixi,
1996 3595 2137 3664 dixi;

557 3680 735 3734 nescis
764 3681 907 3750 quod
938 3680 1160 3735 verbum
1194 3682 1285 3737 Dei
1339 3698 1613 3754 nunquam
1637 3685 1796 3740 debet
1833 3700 1954 3741 esse
1996 3687 2139 3744 otio-

556 3783 697 3824 sum.
730 3768 868 3837 Quid
911 3769 1118 3825 multa?
1166 3770 1305 3826 dixit
1351 3782 1405 3828 et
1433 3772 1574 3828 facta
1607 3783 1754 3829 sunt.
1813 3773 1919 3829 Sed
1964 3776 2140 3832 adhuc

555 3860 841 3915 audiamus
898 3860 1027 3930 quid
1080 3861 1332 3917 dominus
1392 3862 1656 3931 adiecerit
1703 3863 1831 3917 huic
1892 3864 2006 3919 viro
2072 3864 2139 3919 ad

556 3959 909 4022 augmentum
940 3950 1099 4019 hujus
1127 3952 1439 4007 charitatis.
1486 3953 1723 4008 Vocatus
1748 3962 1831 4008 est
1855 3953 2136 4024 dispensa-

555 4054 642 4099 tor
674 4042 1010 4107 monialium,
1043 4041 1341 4110 iniunctum
1374 4054 1455 4097 est
1484 4045 1531 4097 ei
1556 4086 1570 4107 ,
1602 4055 1662 4097 ut
1717 4044 1925 4099 deferat
1951 4050 2136 4102 vinum

554 4136 738 4190 datum
777 4135 895 4188 usui
920 4134 1207 4205 virginum.
1227 4133 1333 4190 Sed
1360 4136 1446 4191 ille
1468 4153 1589 4191 cum
1607 4137 1930 4210 intelligeret
1953 4142 2134 4197 vinum

554 4235 664 4278 tam
690 4224 888 4278 bonum
922 4231 975 4277 et
1004 4224 1135 4278 tanti
1162 4224 1320 4294 pretii
1348 4241 1490 4293 esse,
1524 4227 1721 4283 obtulit
1744 4229 1954 4295 venale,
1987 4240 2045 4286 ut
2068 4232 2135 4287 de

558 4316 731 4385 pretio
755 4315 863 4369 vini
892 4314 1053 4371 vilius
1080 4326 1287 4373 emeret
1309 4358 1324 4382 ,
1358 4327 1407 4373 et
1434 4320 1708 4375 residuum
1738 4323 1895 4392 pretii
1947 4340 2137 4380 neces-

556 4405 809 4461 sitatibus
830 4405 950 4461 aliis
977 4418 1298 4464 reservaret.
1325 4408 1623 4482 Episcopus
1651 4412 1754 4468 hoc
1779 4413 2005 4470 audiens
2021 4431 2133 4470 mo-

2250 3217 2433 3279 dictis,
2463 3216 2639 3270 oravit
2688 3226 2935 3286 uterque,
2991 3226 3048 3271 et
3095 3216 3276 3271 statim
3330 3229 3491 3269 aures
3535 3213 3737 3269 Domini
3765 3212 3808 3264 in

2250 3321 2440 3375 preces
2466 3321 2676 3371 eorum,
2702 3308 2929 3361 recessit
2952 3307 3125 3378 caligo
3150 3306 3408 3360 nubium:
3439 3308 3724 3362 subsecuta
3742 3311 3814 3358 est

2247 3398 2514 3452 serenitas
2563 3397 2735 3464 aeris;
2779 3406 2833 3451 et
2861 3412 2983 3453 eum
3029 3398 3274 3453 siccitate
3303 3396 3568 3467 colligunt
3602 3409 3809 3452 messem

2246 3503 2399 3543 suam
2428 3489 2601 3544 sancti
2625 3503 2912 3544 messores.

2316 3578 2557 3647 Quodam
2573 3594 2788 3650 quoque
2806 3588 3046 3649 tempore
3068 3593 3133 3633 ex
3160 3578 3389 3649 quadam
3414 3578 3633 3634 insolita
3647 3578 3809 3633 nimic-

2246 3677 2361 3724 tate
2389 3680 2668 3725 ventorum
2700 3671 2946 3741 quaedam
2983 3670 3366 3741 turrislignea
3417 3670 3665 3726 ecclesiae
3702 3685 3810 3724 san-

2244 3760 2317 3816 cti
2351 3760 2609 3830 Stephani
2643 3761 2884 3816 funditus
2905 3763 3286 3832 corruitsuper
3312 3761 3533 3816 domum
3552 3764 3811 3834 episcopa-

2244 3857 2347 3911 lem
2378 3858 2480 3912 sub
2510 3857 2725 3912 silentio
2747 3857 2924 3913 noctis
2943 3856 3174 3927 dejecta,
3216 3857 3470 3926 episcopo
3500 3854 3806 3915 dormiente,

2243 3949 2425 4003 trahes
2466 3959 2521 4003 et
2568 3950 2710 4017 ligna
2751 3959 3215 4019 transtegumenta
3263 3951 3453 4005 domus
3497 3946 3813 4020 penetrando

2241 4041 2386 4095 circa
2429 4040 2624 4096 lectum
2666 4042 2902 4112 episcopi
2935 4042 3180 4097 cecidere
3225 4041 3352 4097 hinc
3394 4041 3537 4105 inde,
3567 4042 3725 4097 etiam
3754 4050 3811 4093 ex

2241 4138 2569 4197 transverso,
2618 4134 2766 4187 omni
2821 4132 3038 4188 laesione
3080 4134 3325 4188 submota
3380 4149 3409 4187 ει
3459 4141 3652 4189 sancto
3684 4134 3807 4188 viro.

2241 4225 2379 4293 Quid
2407 4226 2473 4281 ad
2503 4226 2616 4281 haec
2646 4226 2923 4281 dicemus?
2953 4235 3099 4296 patet
3129 4230 3272 4296 quod
3303 4226 3392 4281 ille
3425 4226 3575 4282 solus
3604 4237 3654 4280 et
3687 4236 3811 4277 unus

2240 4317 2593 4373 dormientem
2615 4318 2903 4372 custodivit
2931 4318 3265 4388 episc0pum,
3292 4319 3381 4387 qui
3413 4334 3518 4372 non
3546 4315 3809 4376 dormitat,

2241 4426 2416 4482 neque
2464 4411 2684 4476 dormit,
2724 4420 2781 4465 et
2836 4412 3069 4466 custodit
3119 4410 3282 4466 Israel
3327 4410 3499 4483 (Psul.
3553 4426 3684 4474 cxx,
3722 4407 3806 4477 .i):

553 4499 785 4555 nachum
836 4499 1260 4570 dispensatorem
1299 4501 1454 4571 jubet
1508 4504 1689 4560 vocari
1718 4545 1733 4570 ,
1780 4521 1951 4577 quare
2003 4507 2134 4562 velit
2165 4483 2212 4543 Ῑ)
2239 4519 2451 4573 semper
2475 4504 2616 4557 enim
2644 4502 2936 4557 custodivit
2978 4517 3167 4557 omnes
3196 4500 3481 4572 diligentes
3512 4518 3593 4567 se,
3625 4502 3809 4585 dequo

556 4592 792 4646 vendere
818 4593 1003 4648 vinum
1033 4593 1278 4664 inquirit.
1311 4595 1606 4651 Monachus
1631 4610 1849 4652 causam
1887 4599 2136 4668 exponit;

554 4685 697 4756 quod
722 4686 1351 4758 episc0pusintelligens,
1378 4688 1554 4758 inquit
1580 4706 1592 4742 :
1625 4689 1736 4760 Ego
1762 4689 1966 4755 vinum,
1993 4690 2135 4759 quod

552 4772 677 4835 dedi
713 4777 813 4834 sub
840 4779 1028 4835 eodem
1058 4780 1232 4849 pretio
1267 4779 1408 4848 quod
1438 4779 1529 4833 alii
1565 4779 1807 4844 daretur,
1840 4779 1961 4834 volo
1993 4781 2135 4850 quod

551 4870 606 4925 in
657 4884 835 4925 meam
881 4870 1067 4925 redeat
1108 4880 1451 4941 potestatem.
1484 4869 1813 4941 Obsequitur
1841 4871 2138 4926 monachus

548 4959 814 5033 voluntati
848 4960 1117 5031 episcopi;
1150 4962 1335 5015 datum
1357 4972 1441 5015 est
1468 4961 1699 5031 pretium
1725 4963 1991 5017 monacho
2022 4978 2127 5016 non

550 5051 733 5107 minus
773 5066 934 5123 quam
982 5052 1157 5121 potuit
1200 5052 1400 5107 habere
1432 5053 1500 5107 ab
1537 5051 1734 5108 alieno.
1785 5053 1904 5120 Quo
1946 5052 2126 5116 facto,

549 5144 834 5214 episcopus
863 5142 930 5199 ad
957 5144 1281 5200 monachum
1312 5162 1324 5198 :
1358 5144 1513 5200 Modo
1537 5145 1769 5214 pretium
1801 5145 1910 5201 vini
1940 5146 2128 5212 habes;

549 5248 678 5290 ecce
707 5236 811 5292 hoc
856 5235 1039 5290 vinum
1071 5235 1212 5289 sicut
1254 5236 1405 5306 prius
1430 5236 1624 5291 iterum
1666 5237 1882 5308 sponsis
1929 5237 2131 5293 Christi

2238 4594 2352 4649 solo
2382 4610 2507 4650 vere
2535 4594 2793 4664 scriptum
2825 4602 2907 4647 est
2940 4592 3066 4663 quia
3099 4594 3198 4647 ιιἱεί
3228 4592 3483 4647 Dominus
3510 4591 3806 4647 custodierit

2236 4687 2525 4750 civitatem,
2586 4684 2784 4754 {rustra
2837 4682 3016 4755 vigilat
3069 4683 3159 4753 qui
3207 4684 3431 4736 custodit
3471 4700 3583 4737 eam
3631 4678 3805 4753 (Paul.

2233 4789 2415 4838 cxxvt,
2448 4775 2516 4846 l).
2541 4774 2676 4828 Ctun
2723 4780 2902 4829 autent
2944 4774 3010 4828 de
3056 4772 3533 4829 consuetudinibus
3575 4772 3807 4827 ecclesiae

2235 4881 2346 4921 suae
2389 4866 2533 4921 inter
2561 4866 2905 4936 praepositum
2954 4875 3009 4920 et
3040 4866 3332 4921 canonicos
3376 4867 3644 4921 discordia
3679 4873 3806 4918 tem-

2235 4974 2366 5030 pore
2408 4958 2565 5029 longo
2608 4961 2874 5024 durasset,
2928 4959 3028 5014 sub
3066 4958 3375 5027 juramenlo
3425 4960 3664 5025 testium,
3706 4966 3805 5010 tant

2235 5049 2619 5105 canonicorum
2667 5066 2830 5121 quam
2885 5049 3144 5106 laicorum
3218 5050 3696 5108 consuetudinibus
3743 5063 3802 5103 ex

2238 5140 2426 5210 majori
2475 5149 2628 5211 parte
2657 5142 2875 5211 scriptis
2905 5150 2959 5197 et
2982 5142 3179 5214 juratis
3212 5159 3397 5213 paceni
3429 5143 3568 5199 inter
3598 5157 3803 5213 praepo-

2236 5231 2397 5285 situm
2420 5240 2474 5286 et
2498 5228 2698 5286 fratres
2723 5233 2921 5301 posuit,
2950 5241 3005 5286 et
3043 5232 3303 5303 scriptum
3350 5250 3450 5289 suo
3489 5233 3660 5306 sigillo
3683 5249 3803 5309 con-

2241 5323 2270 5336 Δ
