3918 6316
169 404 264 463 197

1052 401 1141 456 DE
1177 397 1422 456 GESTIS
1463 397 1673 456 EPISC.
1709 397 2087 459 ANTlSSlOD.
2129 430 2195 439 —
2231 397 2411 455 PARS
2444 398 2484 455 1.

3284 401 3391 471 298

165 531 262 575 tam
299 518 493 573 Auctor
530 516 680 588 pacis
708 513 978 587 promisit,
1007 523 1150 579 sunt,
1180 513 1451 583 inquiens,
1484 510 1713 577 reliquiis
1745 500 1788 553 Α
1819 511 2179 578 pnedccessor
2206 527 2356 575 suus,
2379 511 2530 579 cujus
2558 521 2612 567 et
2636 526 2829 568 nomen
2868 512 3074 579 habuit,
3107 513 3174 569 de
3199 514 3395 589 ordine

159 609 338 664 homini
350 606 595 677 paciﬁco(
607 605 749 662 Psal.
775 619 958 669 xxxvi,
988 603 1182 675 57).Et
1210 619 1332 658 cum
1360 603 1503 657 inter
1525 617 1714 657 omnes

157 700 384 773 przelatos
418 697 666 753 Ecclesia:
710 696 1078 767 cujuscunque
1126 696 1326 751 fuerint
1368 694 1575 751 ordinis
1623 693 1712 749 vix

156 810 280 849 unus
304 793 473 865 possit
495 792 744 858 inveniri,
771 791 862 862 qui
893 799 1149 861 parentes
1173 806 1321 857 suos,
1344 790 1508 846 etiam
1531 790 1575 845 si
1604 804 1710 843 non

152 884 249 939 sint
295 882 479 954 digni,
527 898 633 938 non
686 883 938 937 sublimet
982 881 1277 938 honoribus
1328 889 1383 938 et
1435 881 1713 939 beneﬁciis

151 973 503 1039 ecclesiarum,
551 975 654 1029 iste
693 972 982 1044 singularis
1032 974 1173 1029 inter
1220 973 1459 1028 infinitos
1497 973 1711 1028 cuidam

148 1077 235 1118 suo
262 1063 437 1135 nepoti
467 1079 740 1134 nunquam
771 1063 823 1118 in
855 1064 967 1118 vita
1009 1078 1105 1120 sua
1150 1063 1494 1135 praebendam
1545 1064 1714 1118 voluit

147 1151 293 1216 dare;
323 1159 376 1207 et
401 1151 529 1207 licet
558 1167 663 1206 non
696 1152 922 1207 multum
946 1152 1197 1209 assiduus
1222 1163 1367 1208 esset
1396 1154 1450 1207 in
1478 1153 1709 1208 ecclesia

146 1257 231 1297 sua
250 1240 316 1295 ob
341 1242 581 1312 quietem
610 1241 857 1311 spiritus,
880 1258 1039 1312 quem
1067 1243 1377 1298 inveniebat
1400 1243 1542 1297 inter
1567 1243 1712 1299 clau-

144 1332 340 1396 strales,
384 1332 611 1387 multam
658 1338 837 1387 tamen
890 1332 1307 1388 sollicitudinem
1354 1335 1497 1389 circa
1558 1350 1711 1389 suam

143 1421 409 1476 ecclesiam
436 1420 759 1485 exhibebat;
807 1421 873 1477 ad
920 1421 1203 1477 servitium
1258 1422 1423 1492 igitur
1467 1423 1712 1478 ecclesia:

142 1528 239 1568 sua:
262 1513 742 1585 augmentandum,
773 1515 1124 1570 considerans
1166 1515 1300 1569 nihil
1346 1525 1453 1569 tam
1500 1514 1630 1570 utile
1657 1516 1710 1569 in

141 1602 349 1659 ecclesia
380 1605 450 1659 ad
483 1619 772 1659 commune
799 1604 996 1660 bonum
1023 1605 1279 1670 fratrum,
1311 1621 1474 1677 quam
1503 1606 1549 1661 si
1577 1621 1712 1677 pra:-

140 1694 352 1764 positum
395 1694 647 1750 ecclesia:
674 1695 892 1750 cederet
942 1698 1019 1751 eis
1063 1697 1115 1751 in
1160 1712 1499 1752 communem
1532 1713 1709 1763 usum,

140 1786 351 1855 quadam
395 1786 485 1842 die
533 1787 762 1843 consilio
809 1797 1032 1858 accepto
1061 1804 1166 1843 non
1194 1790 1262 1844 ab
1285 1789 1523 1853 homine,
1556 1789 1648 1844 sed
1678 1803 1709 1842 a

1812 600 2155 658 Cistercieusi
2185 605 2390 673 primus
2448 604 2613 658 abbas
2660 604 3083 661 Pontiniacensis
3129 606 3393 674 ecclesim,

1813 695 1903 763 qui
1934 696 2134 749 indicto
2172 696 2379 767 jejunio
2405 705 2512 751 tam
2547 698 2758 752 clericis
2795 715 2956 769 quam
2986 700 3183 771 populo
3210 701 3393 758 Autis-

1813 784 2141 841 siodorensis
2169 788 2367 858 oppidi,
2407 787 2546 843 facta
2582 787 2921 846 invocatione
2956 792 3128 848 sancti
3159 791 3395 863 Spiritus

1812 874 2015 930 electus
2059 886 2143 932 est
2193 879 2244 931 in
2292 878 2619 947 pontiﬁcem.
2674 880 2834 936 Pater
2871 881 3167 952 hujus......
3219 894 3394 943 mater

1814 978 2082 1020 vero......
2128 966 2228 1032 Qui
2272 982 2393 1022 cum
2448 970 2500 1023 in
2546 967 2845 1025 Senonensi
2888 971 3126 1027 Ecclesia
3171 985 3397 1046 propter

1814 1057 2220 1126 suspensionem
2271 1060 2471 1114 domini
2523 1060 2738 1117 llenrici
2790 1065 3184 1134 metropolitani
3216 1067 3394 1123 locum

1814 1150 2239 1207 consecrationis
2267 1168 2370 1207 non
2397 1154 2641 1217 haberet,
2668 1156 2807 1223 apud
2829 1156 3105 1211 Ferrarias
3123 1174 3153 1213 a
3179 1159 3397 1215 domino

1813 1241 2072 1297 Gaufrido
2100 1242 2416 1298 Carnotcnsi
2464 1245 2714 1315 episcopo
2758 1246 2900 1299 circa
2954 1247 3147 1302 festum
3176 1248 3238 1303 B.
3269 1250 3401 1304 Vin-

1814 1331 1979 1384 ccntii
2017 1342 2371 1387 consecratus
2415 1342 2518 1397 est,
2549 1342 2603 1388 ct
2627 1335 2926 1389 'Dominica
2959 1353 3062 1407 qua
3094 1348 3346 1393 cantatur
3376 1357 3392 1393 :

1814 1417 2279 1475 Circumdederunt
2320 1439 2431 1488 me,
2482 1424 2548 1477 ad
2599 1438 2751 1479 suam
2801 1424 2983 1479 sedem
3036 1427 3396 1498 episcopalem

1817 1511 2111 1568 honorifice
2152 1514 2432 1569 introitum
2466 1516 2657 1571 habuit
2687 1525 2741 1571 et
2775 1520 2826 1571 in
2872 1517 3097 1572 ecclesia
3128 1519 3226 1573 sibi
3254 1535 3404 1573 com.

1815 1604 1978 1659 missa
2023 1605 2262 1659 divinant
2307 1605 2538 1660 oﬂicium
2585 1607 2895 1662 solemniter
2941 1608 3251 1665 celebravit.
3296 1609 3401 1666 iste

1813 1695 2081 1764 siquidem
2111 1711 2233 1751 cum
2259 1697 2323 1750 de
2347 1712 2543 1767 genere
2575 1714 2889 1767 magnorum
2914 1700 3151 1755 virorum
3179 1717 3402 1772 proces-

1815 1786 1994 1850 sisset,
2021 1786 2134 1856 ipsc
2159 1795 2418 1856 quantum
2448 1788 2515 1841 ad
2548 1789 2710 1842 animi
2753 1791 3249 1861 magnanimitatem
3280 1793 3401 1863 plus

141 1879 257 1946 Deo,
277 1895 371 1950 per
390 1895 616 1935 manum
645 1881 818 1937 sancti
848 1880 1106 1952 Stephani
1138 1896 1301 1952 super
1328 1882 1708 1952 anareipsius,
1743 1862 1787 1923 Β
1815 1890 1915 1930 suo
1943 1876 2167 1931 contulit
2197 1877 2400 1947 generi,
2446 1894 2603 1947 quam
2635 1894 2805 1949 genus
2848 1896 3000 1935 suum
3042 1883 3162 1952 ipsi.
3215 1862 3397 1941 Iullo-

140 1972 541 2042 prteposituram
584 1974 802 2040 obtulit,
853 1983 907 2027 et
961 1974 1013 2028 in
1060 1984 1376 2045 perpetuum
1409 1974 1710 2030 habendam

138 2050 569 2117 communitatem
601 2061 854 2128 fratrum,
886 2071 941 2117 et
968 2065 1237 2133 praecipue
1260 2065 1327 2118 ad
1361 2065 1712 2121 refectionem

139 2149 354 2219 ipsorum
379 2153 659 2207 concessit
683 2161 740 2207 et
767 2153 1021 2218 donavit;
1056 2155 1339 2225 ipsumque
1383 2155 1604 2221 donum,
1647 2171 1713 2213 ne

139 2241 377 2313 abaliquo
398 2253 589 2315 posset
609 2244 849 2315 infringi,
880 2246 1206 2302 auctoritate
1237 2248 1531 2303 Innocentii
1562 2262 1713 2319 papae

139 2328 249 2386 fecit
288 2334 631 2388 confirmari.
659 2334 1043 2390 Verumtamen
1077 2335 1220 2406 quod
1269 2350 1435 2406 super
1478 2336 1579 2391 hac
1616 2337 1711 2391 do-

140 2422 332 2479 natione
353 2422 566 2480 factum
590 2424 774 2491 fuerit,
802 2433 1041 2496 tempore
1062 2428 1392 2481 successoris
1413 2426 1497 2481 sui
1525 2427 1713 2482 obser-

140 2524 300 2568 vatum
329 2531 438 2571 non
466 2514 594 2570 fuit.

199 2606 344 2663 Dedit
389 2609 566 2664 etiam
616 2608 858 2665 ecclesia:
902 2610 1045 2664 beati
1104 2609 1364 2681 Stephani
1420 2612 1710 2667 ecclesiam

140 2698 312 2770 Dcoysi
345 2708 402 2756 et
442 2700 693 2756 ecclesiae
718 2702 895 2757 sancti
924 2702 1178 2758 Germani
1210 2704 1496 2759 ecclesiam
1529 2706 1707 2760 sancti

141 2788 375 2848 Ferreoli.
423 2794 661 2849 Domum
706 2794 1065 2866 episcopalem
1121 2798 1186 2853 de
1231 2813 1371 2851 novo
1423 2798 1711 2854 aedificavit

142 2879 409 2950 lapideam,
439 2884 703 2955 amplam,
736 2899 790 2941 et
818 2887 1010 2958 tegulis
1039 2888 1211 2955 texit;
1238 2897 1292 2942 et
1335 2888 1389 2942 in
1437 2889 1521 2942 illa
1556 2900 1711 2960 parte

140 2973 355 3045 ejusdem
386 2978 588 3033 domus
618 2994 737 3048 quae
787 2979 1009 3050 respicit
1033 2980 1099 3034 ad
1128 2980 1392 3036 orientem
1422 2983 1707 3038 stationem

141 3070 405 3137 quamdam
446 3072 779 3138 construxit,
816 3089 937 3144 qua:
969 3073 1173 3145 vulgari
1216 3073 1398 3146 lingua
1432 3074 1563 3147 togis
1609 3092 1702 3147 ap-

139 3160 367 3231 pellatur,
413 3163 714 3235 plurimum
767 3166 821 3219 in
874 3176 1093 3237 aspectu
1141 3166 1533 3234 delectabilem,
1583 3184 1704 3223 cum

141 3252 506 3322 pulcherrimis
528 3254 798 3311 columnis
844 3267 1163 3312 exornatam
1193 3274 1357 3328 super
1386 3274 1599 3313 murum
1630 3259 1706 3313 ci-

141 3345 317 3410 vitatis,
344 3348 496 3401 unde
519 3356 574 3402 et
595 3344 789 3402 fluvius
812 3347 1004 3402 subtus
1029 3357 1210 3418 potest
1236 3348 1429 3415 videri,
1458 3358 1512 3404 et
1542 3349 1710 3402 vinea:

141 3445 187 3490 et
230 3439 360 3509 agri.
422 3439 911 3510 ApprOpinquante
953 3440 1118 3510 igitur
1168 3442 1401 3495 termino
1433 3440 1555 3495 vita:
1600 3456 1711 3495 sua:

142 3527 261 3594 apud
288 3527 434 3581 illum
465 3528 762 3597 prmlinito,
792 3527 882 3597 qui
913 3536 1041 3583 tunc
1071 3528 1166 3582 dat
1192 3528 1402 3582 dilectis
1432 3529 1543 3583 suis
1566 3544 1709 3582 som-

143 3630 250 3669 num
276 3616 448 3689 (Psal.
485 3632 671 3683 cuvr,
697 3614 894 3688 2),quo
918 3617 1032 3671 vult
1057 3617 1137 3672 eis
1164 3617 1530 3672 hereditatem
1557 3633 1709 3672 suam

143 3706 269 3773 dare,
299 3710 557 3764 universa
591 3708 833 3764 membra
872 3708 989 3780 ejus
1028 3709 1177 3764 calor
1218 3717 1447 3778 occupat
1493 3696 1707 3763 innatu-

143 3798 282 3867 ralis;
311 3800 425 3872 ipse
458 3814 599 3855 vero
620 3815 786 3854 carne
809 3799 1091 3856 laborante
1121 3800 1371 3871 spiritum
1405 3800 1457 3854 in
1488 3799 1711 3870 psalmis

143 3896 190 3944 et
229 3891 575 3947 orationibus
622 3890 869 3946 Creatori
923 3906 1022 3947 suo
1076 3891 1435 3963 compellebat
1481 3891 1707 3948 servire.

143 3981 362 4056 Cumque
404 3984 817 4055 supervenisset
862 3984 977 4039 dies
1023 3993 1325 4050 extremus,
1366 3982 1562 4038 fratres
1606 3984 1711 4037 cir-

143 4084 490 4140 cumstantes,
550 4074 696 4143 quali
743 4074 919 4146 potuit
967 4074 1269 4146 diligentia,
1320 4074 1460 4130 circa
1522 4075 1709 4128 horam

144 4177 320 4220 nonam
366 4163 504 4230 diei,
554 4164 641 4218 bis
671 4163 953 4218 admonuit
993 4165 1206 4219 verbis:
1233 4165 1406 4219 lloras
1439 4164 1545 4219 diei
1593 4179 1713 4233 quac

144 4266 444 4326 supersunt,
501 4269 638 4326 quas
684 4255 979 4320 debemus,
1039 4254 1266 4310 Domino
1317 4256 1708 4325 persolvamus,

145 4348 379 4414 Quondam
399 4347 572 4404 linitis
589 4347 738 4403 horis
758 4347 945 4403 statim
966 4346 1321 4417 requiescam.
1349 4347 1714 4401 Cantaverunt

147 4442 296 4513 igitur
324 4444 580 4509 Domino,
613 4452 668 4498 et
705 4444 838 4498 hora
872 4441 1210 4512 completorii
1253 4440 1540 4510 completa,
1568 4456 1714 4495 cont-

145 4532 302 4603 pletus
323 4544 409 4590 est
436 4533 707 4589 terminus
730 4531 852 4586 vita:
874 4531 1019 4600 ejus;
1058 4528 1247 4601 sicque
1290 4530 1537 4595 verbum,
1570 4529 1714 4601 quod

145 4624 473 4690 prmdixerat,
524 4622 873 4691 subsequitur
925 4621 1150 4677 effectus
1198 4621 1462 4676 veritatis.
1504 4622 1712 4687 Quibus

149 4707 295 4765 [initis
329 4710 484 4765 horis
534 4708 799 4777 requievit
851 4706 903 4760 in
935 4705 1185 4772 Domino,
1234 4707 1379 4778 quod
1433 4715 1558 4761 tunc
1603 4721 1708 4760 non

146 4802 279 4869 prius
311 4800 695 4859 intellexerunt
732 4798 1164 4853 circumstantes.
1213 4798 1537 4853 Putavcrant
1568 4798 1709 4853 enim

149 4892 351 4944 verbum
383 4891 504 4960 ejus
546 4889 712 4944 fuisse
766 4888 833 4942 de
884 4888 1063 4956 quiete
1107 4889 1370 4958 corporis.
1407 4888 1500 4941 Est
1530 4897 1709 4942 autem

148 4976 312 5036 obitus
337 4981 457 5051 ejus
483 4989 678 5051 quarto
722 4977 846 5033 ldus
867 4978 1031 5048 Aug.,
1054 4987 1109 5032 et
1151 4994 1180 5032 a
1224 4980 1351 5033 sede
1397 4978 1709 5047 cpisc0pali,

153 5069 230 5126 ubi
254 5071 504 5141 spiritum
533 5069 765 5124 reddidit
793 5068 1046 5134 Domino,
1092 5068 1159 5122 ad
1183 5066 1467 5123 ecclesiam
1494 5067 1555 5121 S.
1581 5068 1714 5121 Cer-

152 5160 303 5227 mani,
337 5160 482 5215 sicut
509 5159 576 5214 de
605 5158 721 5229 ejus
764 5158 1039 5213 voluntate
1088 5158 1212 5213 dum
1262 5159 1440 5214 adhuc
1486 5159 1711 5223 viveret,

152 5259 501 5319 processerat,
527 5264 724 5319 corpus
751 5249 866 5316 ejus
895 5248 1128 5304 delatum
1157 5258 1241 5304 est
1269 5264 1389 5303 cum
1420 5248 1595 5303 debita
1629 5263 1713 5302 re-

156 5342 403 5408 verentia,
451 5352 507 5395 ct
549 5341 748 5395 ibidem
795 5340 847 5393 in
900 5339 1135 5409 capitulo
1181 5339 1420 5410 ejusdem
1451 5339 1713 5402 ecclesiae,

157 5431 235 5485 ubi
257 5431 450 5488 fratres
474 5431 905 5501 disciplinantur,
936 5429 1162 5483 Domino
1188 5430 1502 5500 providente
1528 5429 1718 5483 habuit

160 5523 492 5592 sepulturam,
544 5540 643 5579 nec
690 5523 901 5577 vacavit
942 5523 1284 5591 episc0patus
1335 5521 1404 5575 ab
1455 5519 1719 5577 el:ctione

162 5615 469 5670 successoris
494 5615 572 5669 sui
605 5629 700 5685 per
724 5614 1100 5683 septimanam.

588 5707 719 5763 Car.
762 5705 872 5762 LV.
917 5707 993 5760 De
1033 5705 1273 5777 Ilngone.

226 5801 371 5874 llugo
400 5802 463 5859 de
490 5800 825 5858 Cluniacensi
871 5801 1142 5855 territorio
1172 5812 1323 5857 ortus
1353 5801 1469 5870 fuit,
1502 5801 1641 5859 sicut
1669 5812 1723 5859 et

583 5893 855 5953 Parnm.
902 5889 1314 5957 CXXXVI”.

1740 4580 1791 4639 D

1812 1968 2026 2038 quendo
2075 1968 2424 2038 parcissimus
2481 1978 2616 2037 erat,
2670 1970 2723 2025 in
2774 1970 3019 2027 faciendo
3082 1973 3315 2051 cliicaxp
3347 1986 3403 2032 et

1812 2060 2267 2131 promptissimus,
2318 2070 2372 2115 et
2423 2062 2669 2132 quamvis
2720 2063 2869 2119 mira:
2924 2074 3069 2121 esset
3122 2070 3398 2137 patientia:

1806 2146 1957 2217 juxta
1986 2151 2319 2220 propositum
2342 2152 2549 2206 ordinis
2578 2152 2681 2218 sui,
2736 2162 2795 2206 ut
2849 2170 3038 2210 manus
3062 2158 3395 2213 saevientium

1813 2237 1865 2290 in
1897 2239 2179 2293 ecclesiam
2204 2250 2257 2294 et
2290 2240 2340 2294 in
2390 2255 2475 2296 res
2517 2241 2756 2297 ecclesia:
2789 2245 3128 2314 reprimeret,
3160 2249 3397 2321 rigorem

1812 2326 2099 2384 admiscuit
2129 2331 2418 2399 patientia);
2448 2341 2502 2386 et
2528 2348 2663 2403 quos
2693 2350 2797 2388 non
2825 2345 3035 2404 poterat
3064 2353 3162 2408 per
3185 2340 3398 2410 patien-

1815 2419 1945 2473 tiam
1991 2429 2046 2474 et
2090 2419 2446 2476 humilitatem
2501 2439 2781 2493 superare,
2814 2426 3168 2483 conculcabat
3218 2430 3395 2501 rigore

1805 2511 2051 2579 justitiam,
2077 2514 2168 2583 qui
2210 2513 2418 2584 judicio
2468 2516 2726 2584 sapientis
2779 2516 3003 2571 multum
3053 2520 3394 2576 necessarius

1811 2621 2027 2676 semper
2080 2614 2164 2661 est
2209 2607 2261 2660 in
2296 2606 2535 2664 Ecclesia
2593 2609 2708 2664 Dei.
2742 2607 2993 2676 Quotidie
3021 2612 3164 2668 enim
3197 2616 3395 2670 crescit

1813 2696 2016 2750 malitia
2073 2705 2127 2750 et
2181 2698 2604 2768 multiplicantur
2670 2702 2806 2756 mala
2862 2719 3023 2773 super
3070 2704 3389 2770 Ecclesiam,

1812 2788 2263 2855 quemadmodum
2290 2791 2443 2859 pauci
2471 2792 2813 2850 inveniuntur
2837 2796 3041 2865 praelati
3068 2797 3121 2851 in
3152 2797 3392 2854 Ecclesia

1813 2879 1928 2942 Dei,
1962 2880 2051 2948 qui
2104 2880 2340 2934 animam
2391 2897 2490 2952 pro
2516 2898 2677 2954 grege
2722 2885 2823 2939 sibi
2877 2888 3168 2943 commisso
3203 2898 3399 2946 contra

1813 2970 2169 3040 malignantes
2196 2982 2488 3042 opponant,
2515 2985 2569 3028 et
2616 2975 2845 3045 rigorem
2878 2978 3101 3047 justitia:
3143 2981 3198 3037 in
3244 2983 3400 3038 laude

1813 3063 2078 3119 bonorum
2108 3075 2333 3135 ponant,
2369 3075 2423 3121 et
2452 3068 2745 3124 vindictam
2785 3071 3048 3126 malorum
3079 3084 3391 3130 exerceant.

1814 3155 1919 3212 Iste
1963 3171 2089 3211 vero
2120 3156 2424 3229 intelligens
2473 3167 2578 3213 tam
2633 3161 2889 3218 humilem
2935 3179 3096 3232 quam
3121 3175 3398 3235 potentem

1814 3262 1981 3302 unum
2029 3248 2233 3303 habere
2276 3250 2583 3316 Dominum,
2615 3250 2741 3307 licet
2788 3254 3080 3310 humilibus
3107 3256 3399 3327 aliquando

1813 3349 2063 3409 parceret
2091 3341 2145 3395 in
2170 3340 2400 3412 justitia,
2440 3358 2656 3412 semper
2684 3344 2738 3398 in
2769 3348 3103 3416 potentiores
3132 3351 3196 3403 ad
3229 3351 3397 3406 vindi-

1813 3434 2045 3488 candum
2084 3435 2337 3490 veniebat
2384 3435 2435 3490 in
2472 3436 2621 3507 virga
2645 3478 2658 3499 ,
2696 3436 2822 3491 illud
2858 3439 3138 3509 Augustini
3182 3442 3248 3496 ad
3280 3458 3399 3495 ma-

1814 3538 1942 3577 num
1999 3524 2207 3580 habens
2240 3542 2253 3579 :
2291 3543 2309 3576 ι
2336 3523 2511 3580 Aliter
2557 3528 2724 3581 servit
2773 3528 3078 3599 episcopus,
3108 3530 3270 3586 aliter
3298 3533 3402 3587 sibi

1812 3614 2119 3684 subjectus:
2144 3614 2416 3685 subjectus
2433 3616 2661 3674 ﬁdeliter
2680 3619 2935 3687 vivendo;
2960 3622 3400 3692 episcOpusjusta

1812 3704 2206 3774 praecipiendo,
2252 3716 2306 3761 et
2331 3715 2645 3775 peccatores
2688 3711 3032 3765 convenienti
3068 3713 3247 3783 rigore
3277 3728 3400 3768 coro

1813 3795 2078 3865 ripiendo.
2120 3816 2138 3848 ο
2204 3795 2262 3850 In
2308 3797 2612 3866 exemplum
2662 3814 2876 3870 quoque
2929 3801 3073 3855 beati
3126 3802 3402 3858 Ambrosii

1814 3884 2016 3941 factum
2078 3887 2182 3942 sibi
2236 3902 2538 3953 assumens,
2577 3889 2691 3959 qui,
2738 3889 3041 3946 Theodosio
3087 3892 3401 3963 imperatori

1812 3978 2052 4033 venienti
2102 3979 2168 4033 ad
2219 3978 2494 4034 civitatem
2549 3978 3035 4045 Mediolauensem,
3100 3982 3153 4036 in
3208 3982 3402 4038 faciem

1815 4069 2011 4122 restitit
2035 4069 2105 4135 ei,
2139 4078 2195 4124 et
2245 4080 2464 4139 propter
2500 4070 2667 4125 multa
2719 4071 3032 4138 homicidia,
3082 4089 3201 4143 quae
3241 4071 3398 4142 jussu

1813 4176 1910 4217 suo
1936 4161 2077 4217 facta
2130 4160 2367 4229 fuerant,
2421 4178 2576 4218 suum
2628 4162 2805 4219 scelus
2844 4165 2944 4218 sibi
2982 4166 3306 4222 annuntiare
3346 4175 3403 4221 et

1816 4254 2095 4309 introitum
2127 4254 2392 4320 ecclesiae,
2425 4254 2597 4310 donec
2636 4255 2745 4310 Deo
2788 4255 3148 4319 satisfaceret,
3178 4256 3403 4311 interdi-

1815 4360 1940 4400 cere
1967 4359 2071 4397 uon
2101 4344 2407 4414 trepidavit.
2442 4344 2551 4398 Nec
2578 4345 2795 4408 miram,
2822 4346 2863 4398 si
2898 4348 3111 4399 animus
3139 4348 3255 4417 ejus
3281 4356 3399 4400 erat

1815 4435 1882 4489 ad
1906 4434 2173 4503 justitiam
2213 4435 2609 4504 paratissimus,
2634 4436 2725 4504 qui
2752 4452 2849 4505 pro
2877 4436 3111 4491 vindicta
3140 4434 3401 4527 exhibth

1818 4524 2045 4578 Domino
2085 4524 2295 4595 placato
2346 4525 2598 4595 populum
2655 4525 2963 4580 Judaeorum
3012 4542 3042 4579 a
3092 4524 3400 4594 pestilentia

1819 4613 2164 4668 mortalitatis
2211 4614 2494 4668 liberatmn
2528 4614 2790 4669 intellexit
2839 4629 2937 4683 per
2980 4630 3195 4669 manum
3240 4615 3405 4669 solius

1818 4706 2070 4769 Phincos,
2116 4706 2205 4775 qui
2256 4706 2392 4759 stetit
2441 4715 2486 4758 ct
2516 4705 2760 4775 placarit,
2794 4716 2840 4758 et
2886 4706 3101 4759 cessavit
3137 4706 3403 4777 quassatio

1818 4797 1989 4869 (Pani.
2022 4813 2105 4861 cv,
2141 4796 2255 4869 30).
2304 4796 2524 4852 Talibus
2554 4798 2797 4871 eruditus
2824 4798 3085 4869 exemplis
3112 4800 3249 4855 sicut
3302 4817 3404 4870 pu-

1820 4890 1967 4944 tabat
1992 4906 2056 4944 ex
2082 4888 2254 4944 ollicio
2277 4889 2490 4961 pietatis
2516 4890 2804 4943 humili-bus
2825 4893 3236 4947 condonaudum
3267 4894 3403 4963 ipse,

1820 4984 1893 5035 ita
1929 4980 2385 5047 etiamjudicabat
2414 4981 2631 5035 crudele
2658 4991 2712 5036 et
2735 4982 2958 5051 impium
2983 4984 3227 5053 superbis
3257 4995 3310 5039 et
3337 4988 3404 5040 de

1819 5074 2206 5128 consuetudine
2237 5073 2289 5127 in
2320 5089 2405 5128 res
2433 5072 2674 5128 ecclesite
2699 5074 3047 5129 saevientibus
3084 5073 3239 5129 facile
3273 5089 3402 5129 (on-

1822 5164 2041 5218 donare.
2096 5163 2226 5217 Illud
2268 5164 2528 5234 sapientis
2580 5180 2686 5218 non
2721 5163 3048 5219 obliviscens
3080 5181 3093 5217 :
3126 5179 3194 5218 ex
3241 5163 3401 5218 solito

1822 5254 2169 5323 peccantibus
2198 5254 2262 5308 de
2299 5253 2438 5309 facili
2471 5255 2747 5326 indulgere
2778 5256 2913 5311 nihil
2941 5257 3085 5312 aliud
3116 5267 3197 5311 est
3239 5272 3400 5326 quam

1822 5343 2023 5398 eisdem
2072 5346 2324 5413 peccandi
2371 5347 2651 5400 materiam
2685 5348 3013 5402 ministrare.
3058 5346 3190 5401 Illud
3236 5347 3404 5402 etiam

1822 5434 1965 5489 beati
2004 5433 2334 5506 Hieronymi,
2367 5435 2508 5507 quod
2540 5437 2606 5492 ad
2640 5438 3049 5491 instructionem
3082 5451 3269 5492 eorum
3310 5438 3404 5509 qui

1823 5535 2062 5595 prcesunt
2097 5525 2348 5581 Ecclesia:
2375 5525 2469 5581 Dei
2520 5526 2570 5580 in
2597 5526 2822 5596 cpistola
2867 5528 2933 5581 de
2959 5527 3202 5581 doctrina
3234 5527 3403 5583 divini

1825 5616 1989 5670 studii
2051 5616 2118 5671 ad
2186 5616 2465 5670 Paulinum
2516 5616 2848 5670 sacerdotem
2903 5616 3162 5687 scripsit:
3198 5616 3399 5672 Sancta

1827 5710 2024 5779 quippe
2074 5709 2347 5764 rusticitas
2389 5707 2560 5763 solum
2606 5706 2705 5761 sibi
2755 5707 3006 5777 prodest;
3045 5717 3099 5763 et
3144 5718 3404 5778 quantum

1828 5801 2054 5856 mditicat
2104 5816 2166 5856 ex
2221 5800 2341 5855 vitae
2392 5800 2585 5855 merito
2613 5799 2904 5855 Ecclesiam
2938 5801 3160 5867 Christi,
3198 5809 3403 5854 tantum

2930 5896 3004 5956 10
