3918 6316
545 436 648 493 899

1294 429 1584 486 APPEND.
1626 429 1717 482 AD
1758 427 1930 484 SJEC.
1976 428 2044 481 Χ.
2075 456 2109 466 α

2216 425 2409 480 iPERA
2451 434 2835 481 Aassuortxa.
3661 428 3746 485 δυο

545 557 722 614 nocet,
770 549 814 604 si
849 545 1249 604 destrucntibus
1293 559 1399 598 non
1431 543 1664 598 resistat.
1697 542 1957 598 Comitem
1988 541 2123 596 Wil-
2152 524 2194 580 Α
2227 535 2346 590 bilis
2400 537 2553 590 bona:
2608 537 2883 591 memoria:
2941 534 3091 604 [Iugo
3152 537 3506 604 prtedecessor
3544 553 3657 596 suus
3695 545 3748 596 ad

545 641 780 705 ielmum,
814 641 902 711 qui
930 648 1111 710 postea
1163 637 1214 689 in
1246 634 1530 690 Carthusia
1571 633 1843 704 religionis
1882 631 2122 686 habitum

545 731 805 801 suscepit,
843 727 1082 784 vocando
1113 728 1163 781 in
1193 739 1435 788 causam,
1466 723 1532 776 ad
1563 722 1664 776 hoc
1695 720 1957 776 canonico
1976 717 2122 786 judi-

544 821 630 877 cio
657 820 852 892 coegit,
879 828 937 873 ut
965 818 1128 873 multa
1159 815 1400 872 ecclesia:
1425 829 1534 868 sua:
1550 812 1880 875 restitueret,
1915 825 2035 880 qua:
2057 809 2122 864 de

536 909 661 982 jure
684 909 1068 966 canonicorum
1095 905 1337 962 ecclesiae
1351 919 1461 959 sua:
1488 903 1732 968 fuerant;
1764 902 1928 956 multa
1955 901 2120 955 etiam

545 1004 612 1060 ad
634 1002 724 1072 jus
749 1002 1054 1073 episcopale
1082 999 1431 1070 pertinentia,
1461 1012 1584 1068 quae
1609 997 1750 1052 idem
1780 1010 1964 1052 comes
1992 1011 2123 1066 pro-

541 1102 666 1163 pter
711 1092 978 1148 defectum
1011 1090 1238 1162 iustitiae
1287 1087 1702 1161 praedecessoris
1741 1087 1824 1142 sui
1873 1086 1927 1142 in
1969 1103 2122 1142 suam

541 1185 824 1254 redegerat
855 1191 1198 1255 potestatem.

612 1275 706 1330 Illo
728 1277 912 1345 itaque
940 1283 1182 1344 tempore
1211 1287 1341 1328 usus
1371 1271 1627 1334 nemoris,
1659 1269 1800 1340 quod
1843 1267 2124 1324 Monsbar-

544 1369 588 1423 ri
626 1367 845 1431 dicitur,
873 1365 1148 1420 canonicis
1188 1364 1330 1418 beati
1362 1352 1621 1432 Stephani
1645 1369 1728 1416 est
1768 1360 2030 1423 redditus,
2052 1357 2122 1412 ob

542 1473 700 1529 quem
726 1471 881 1512 usum
907 1470 1036 1526 pars
1077 1455 1322 1524 quaedam
1350 1452 1588 1508 nemoris
1610 1462 1693 1506 est
1728 1451 2006 1507 canonicis
2031 1466 2120 1505 as-

542 1553 755 1624 signata
792 1565 820 1604 a
861 1549 971 1604 filio
1000 1547 1240 1617 ejusdem
1273 1547 1506 1612 comitis,
1538 1562 1658 1601 cum
1700 1547 1752 1599 in
1799 1546 1986 1600 eodem
2028 1557 2119 1597 ne-

541 1657 693 1698 more
744 1641 868 1697 villa
902 1655 1037 1696 nova
1092 1638 1472 1694 azdiﬁcaretur.
1529 1636 1884 1690 Venationem
1931 1634 2116 1698 etiam,

541 1747 701 1802 quam
731 1745 917 1788 comes
953 1743 1048 1799 per
1071 1743 1291 1782 nemora
1323 1741 1420 1782 sua
1459 1725 1526 1779 ad
1552 1724 1858 1795 episeOpalc
1881 1724 1972 1794 jus
1994 1738 2119 1792 per-

543 1823 714 1900 t'mere
741 1821 991 1894 negabat,
1037 1817 1399 1888 recuperavit,
1429 1826 1484 1871 et
1504 1825 1564 1872 ut
1589 1817 1655 1870 de
1681 1817 1780 1871 hoc
1795 1813 1918 1884 jure
1943 1815 2116 1869 eccle-

2228 626 2429 680 bonum
2495 641 2778 682 commune
2837 626 3063 680 fratrum
3116 641 3279 696 super
3331 641 3560 682 mensam
3607 632 3748 684 sancti

2227 717 2485 787 Stephani
2518 733 2615 788 per
2640 733 2858 772 manum
2899 719 3137 788 ejusdem
3181 719 3583 789 protomartyris
3613 719 3750 773 dede~

2226 818 2344 873 rat,
2391 809 2536 878 quod
2579 817 2633 863 et
2678 808 3002 864 auctoritate
3043 809 3240 862 summi
3286 807 3547 877 pontificis
3587 818 3636 863 et
3673 823 3753 863 sua

2224 899 2598 955 confirmatum
2647 899 2764 955 fuit.
2819 899 3082 954 Redditus
3132 898 3458 970 episcopales
3506 896 3554 953 in
3599 898 3753 954 multis

2224 993 2472 1056 emendo,
2504 990 2848 1055 invadiando,
2873 999 3116 1059 tempore
3142 1003 3239 1044 suo
3261 987 3547 1057 ampliavit,
3571 987 3754 1044 domum

2226 1097 2442 1152 quoque
2483 1082 2765 1151 cujusdam
2816 1080 3025 1147 militis,
3077 1095 3197 1150 quae
3223 1080 3410 1136 subtus
3439 1095 3636 1134 murum
3660 1089 3757 1136 erat

2223 1179 2278 1226 et
2332 1172 2495 1226 nimis
2557 1171 2860 1243 propinqua
2910 1172 3090 1227 domui
3141 1170 3466 1242 episcopali,
3513 1187 3659 1242 quam
3703 1173 3755 1228 de

2223 1268 2398 1323 media
2446 1279 2605 1324 nocte
2653 1269 2705 1322 in
2747 1268 2886 1338 jocis
2928 1268 3242 1340 garcionum
3269 1277 3323 1322 et
3348 1266 3646 1322 ancillarum
3669 1281 3758 1320 sine

2222 1361 2414 1416 domus
2445 1361 2683 1432 quietem
2718 1361 2944 1416 nimium
2973 1360 3178 1416 solebat
3221 1359 3507 1424 infestare;
3548 1359 3610 1414 de
3647 1357 3756 1412 laica

2223 1469 2384 1508 manu
2431 1463 2670 1525 emptam
2715 1453 2770 1507 in
2821 1452 2912 1522 jus
2939 1451 3244 1525 episcopale
3273 1452 3546 1522 transegit,
3573 1452 3757 1506 domum

2222 1559 2435 1613 quoque
2481 1552 2606 1598 ante
2651 1543 2871 1614 januam
2927 1558 3101 1609 suam,
3151 1551 3338 1612 utpote
3369 1541 3584 1596 multum
3608 1539 3757 1594 domui

2221 1633 2512 1705 episcopali
2556 1633 2923 1688 necessariam
2973 1633 3331 1704 comparavit,
3375 1631 3518 1686 dedit
3555 1629 3758 1685 ecclesia:

2219 1724 2393 1779 sancti
2445 1722 2706 1794 Stephani
2755 1724 2972 1777 vadium
3021 1724 3301 1794 cujusdam
3345 1722 3572 1777 nemoris
3600 1721 3646 1774 in
3669 1735 3756 1774 χιιι

2219 1817 2414 1885 libris,
2463 1828 2518 1874 et
2564 1818 2849 1874 ecclesiam
2905 1818 2969 1885 de
3015 1815 3322 1879 Landriaco
3371 1814 3424 1868 in
3483 1811 3758 1866 memoriam

541 1883 622 1970 sia
657 1883 964 1970 remaneret
999 1909 1279 1975 investita,
1327 1909 1440 1980 ipse
1489 1917 1730 1978 tempore
1755 1921 1850 1960 suo
1877 1914 1933 1960 et
1957 1919 2117 1958 vena-
2151 1891 2192 1950 Β
2219 1909 2398 1964 obitus
2423 1907 2526 1964 sui.
2557 1907 2647 1964 Est
2681 1917 2860 1963 autem
2890 1883 3006 1962 o'ies
3033 1906 3215 1961 obitus
3239 1903 3355 1972 ejus
3383 1920 3413 1957 v
3442 1902 3559 1958 ldus
3589 1899 3755 1956 Octob.

541 2013 688 2057 tores
711 2011 767 2058 et
787 2016 950 2057 canes
981 2000 1191 2064 habuit,
1221 1998 1661 2069 frequentissime
1679 1996 1998 2067 praecipiens
2025 2010 2116 2050 ve-

539 2089 682 2157 nari,
711 2100 766 2146 et
802 2091 900 2146 sub
955 2089 1126 2144 oculis
1179 2089 1393 2143 comitis
1429 2103 1527 2158 per
1557 2087 1786 2142 mediam
1840 2086 2116 2140 civitatem

538 2195 660 2234 cum
726 2179 951 2234 canibus
997 2186 1051 2232 et
1110 2177 1289 2233 debito
1344 2176 1596 2248 clangore
1643 2177 1982 2230 venationem
2049 2175 2115 2228 ad

541 2270 723 2324 sedem
774 2267 1134 2339 episcopalem
1185 2265 1408 2322 deferri.
1457 2265 1594 2333 Quid
1639 2265 1844 2320 multa?
1900 2268 1966 2320 ad
2013 2265 2117 2319 hoc

538 2361 822 2430 prudentia
871 2369 926 2415 et
968 2358 1358 2430 rigorjustitiaa
1399 2375 1510 2414 suae
1545 2373 1735 2413 omnes
1773 2357 2117 2428 episcopatus

537 2451 620 2505 sui
657 2459 904 2521 potentes
930 2451 1288 2520 compulerat,
1316 2456 1374 2503 ut
1395 2448 1738 2519 praesentiam
1762 2462 1914 2502 suam
1947 2448 2119 2503 bono-

543 2553 745 2608 rarent,
771 2543 1071 2600 absentiam
1097 2542 1367 2606 timerent,
1391 2549 1445 2596 et
1475 2541 1698 2612 injicere
1722 2555 1912 2596 manus
1950 2541 2003 2594 in
2029 2554 2117 2595 res

536 2634 798 2699 ecclesia,
818 2634 1052 2706 rigorem
1068 2632 1184 2702 ejus
1195 2633 1296 2689 sub
1309 2632 1480 2688 oculis
1493 2633 1776 2698 habentes,
1790 2645 2117 2702 praasumere

535 2741 642 2780 non
670 2727 956 2781 auderent.
981 2724 1224 2796 Cumque
1247 2723 1520 2781 mulloties
1545 2723 1821 2780 castellani
1843 2733 1899 2779 et
1923 2733 2115 2795 poten-

533 2817 698 2873 tiores
733 2817 800 2872 ad
821 2833 972 2871 suam
1005 2817 1346 2888 praesentiam
1377 2817 1680 2882 venientes,
1707 2832 1806 2886 pro
1836 2817 2117 2888 indulgen-

531 2909 607 2964 tia
635 2908 864 2979 alicujus
884 2909 1162 2964 commissi
1195 2909 1516 2978 requircnda
1542 2917 1595 2963 et
1617 2907 1898 2980 genuﬂexo
1925 2922 2116 2976 preces

529 2999 835 3067 funderent,
883 3015 990 3056 non
1036 3000 1220 3056 statim
1273 2999 1376 3056 illis
1424 3015 1737 3070 responsum
1769 2999 1950 3066 dabat,
2005 3000 2114 3056 imo

530 3094 694 3148 etiam
737 3092 1027 3162 aliquando
1054 3091 1242 3147 oculos
1271 3106 1400 3148 suos
1434 3093 1501 3147 ab
1537 3091 1616 3147 eis
1645 3090 1930 3147 videbatur
1954 3105 2113 3145 aver-

533 3191 669 3247 tere,
692 3197 798 3237 non
821 3190 1041 3253 propter
1065 3181 1398 3252 superbiam,
1438 3181 1522 3236 vel
1550 3181 1995 3252 indignationem,
2017 3180 2111 3236 sed

2222 2011 2276 2056 et
2304 2002 2355 2055 in
2385 2001 2545 2057 domo
2572 2000 2996 2066 Pontiniaeensi,
3028 2013 3147 2068 quae
3171 1998 3405 2069 primum
3449 1995 3626 2050 habuit
3663 1992 3760 2046 fun-

2221 2093 2492 2148 dationem
2523 2094 2588 2147 de
2614 2093 2804 2148 ordine
2846 2091 3194 2146 Cistercmnsi
3236 2090 3290 2144 in
3329 2089 3629 2160 episc0patu
3667 2086 3758 2139 An-

2221 2185 2615 2251 tissiodorensi,
2643 2187 2694 2238 in
2725 2200 2829 2254 qua
2855 2193 2906 2237 et
2935 2184 3049 2254 ipse
3074 2184 3282 2252 primus
3307 2183 3583 2237 exstiterat
3604 2179 3757 2241 abbas,

2221 2296 2252 2334 a
2276 2279 2472 2334 szeculo
2501 2279 2770 2350 migravit,
2817 2288 2871 2332 et
2916 2279 2968 2332 in
3011 2276 3240 2332 ecclesia
3270 2269 3655 2329 Pontiniacensi
3693 2284 3760 2323 se~

2217 2371 2445 2441 pulturze
2471 2370 2647 2424 locum
2677 2369 2898 2422 invenit.
2928 2367 3081 2421 Sedit
3100 2375 3284 2420 autem
3308 2367 3454 2419 circa
3483 2375 3642 2415 annos
3681 2357 3758 2421 16,

2217 2470 2272 2514 ct
2301 2460 2510 2513 vacavit
2541 2459 2882 2528 episcopatus
2904 2471 2996 2526 per
3025 2471 3249 2518 annum,
3282 2462 3338 2510 et
3366 2467 3396 2507 a
3424 2449 3557 2510 festo
3578 2448 3634 2504 Β.
3663 2447 3760 2503 Dio-

2221 2550 2362 2622 nysii
2395 2564 2565 2620 usque
2593 2549 2659 2602 ad
2691 2547 2982 2602 adventum
3010 2546 3242 2600 Domini.

2641 2635 2769 2692 CAP.
2807 2634 3011 2690 LVl.——
3032 2634 3108 2688 De
3140 2633 3338 2688 Alano.

2291 2730 2496 2784 Alanus
2527 2727 2695 2783 abbas
2725 2726 2790 2782 de
2819 2725 3036 2797 Ripato,
3068 2725 3285 2779 natione
3315 2720 3671 2784 Flandrensis,
3698 2719 3763 2772 vir

2218 2813 2504 2890 religiosus
2536 2861 2550 2887 ,
2596 2817 2736 2874 rexit
2775 2817 3142 2888 episcopatum
3167 2815 3234 2869 14
3267 2815 3448 2879 annis,
3477 2821 3531 2868 et
3560 2811 3762 2865 redditus

2217 2911 2553 2983 episcopales
2584 2911 2636 2965 in
2662 2909 2845 2964 multis
2873 2907 3261 2979 augmentavit.
3295 2905 3454 2977 Apud
3483 2902 3761 2959 \‘arziacuut

2217 3001 2272 3056 in
2315 3012 2462 3056 turre
2489 3011 2544 3056 et
2572 3001 2623 3054 in
2657 2999 2776 3054 aliis
2807 2999 2962 3064 locis,
3010 2998 3176 3053 multa
3211 2999 3261 3051 in
3294 2994 3611 3050 Vadimonio
3631 3005 3759 3045 accc-

2216 3093 2314 3164 pit.
2355 3093 2411 3148 lu
2447 3092 2581 3147 valle
2621 3091 2838 3161 capellae
2884 3090 3056 3146 sancti
3099 3089 3331 3144 Andreae
3378 3088 3587 3142 domum
3626 3079 3762 3154 pelri-

2221 3201 2346 3240 nam
2373 3184 2698 3240 aediﬁcavit:
2724 3185 2864 3254 apud
2893 3182 3188 3255 Gagiacum
3220 3181 3504 3252 grangiam
3531 3176 3760 3248 petrinatn

531 3286 599 3326 ne
625 3273 791 3327 nimia
823 3273 1124 3337 humilitas,
1155 3287 1276 3342 qua:
1299 3271 1497 3326 talibus
1525 3271 1741 3341 placere
1769 3288 1874 3326 non
1906 3282 2107 3344 potest,
2139 3247 2183 3310 δ
2214 3289 2270 3333 et
2313 3278 2506 3349 tegulis
2552 3286 2771 3343 tectam,
2801 3287 2855 3330 et
2886 3278 3073 3332 domos
3100 3275 3166 3329 ad
3197 3273 3520 3328 manendum
3549 3285 3658 3324 cum
3691 3280 3760 3319 ca-

532 3363 584 3417 in
617 3363 793 3434 gladio
814 3363 958 3418 Petri
996 3363 1206 3418 timoris
1237 3363 1503 3418 minueret
1551 3363 1930 3418 reverentiam.

598 3453 732 3507 Cum
782 3453 945 3523 igitur
1006 3454 1148 3507 inter
1195 3462 1420 3509 cceteras
1470 3453 1718 3518 virtutes,
1771 3469 1905 3525 quas
1934 3455 2108 3525 gratia

529 3545 632 3599 sibi
689 3545 1014 3610 contulerat,
1061 3545 1480 3615 hospitalitatem
1525 3545 1757 3615 primum
1794 3561 1824 3599 a
1882 3545 2110 3602 Domino

529 3640 584 3693 in
626 3637 933 3710 Evangelia,
993 3647 1176 3708 postea
1245 3654 1340 3707 per
1396 3637 1731 3708 Apostolum,
1788 3637 2108 3708 intelligeret

530 3730 822 3801 plurimum
887 3732 1340 3795 commendatam,
1395 3731 1508 3800 ipse
1567 3745 1671 3784 non
1729 3730 1930 3785 oblitus
1967 3729 2108 3786 illius

525 3821 697 3888 verbi,
736 3822 877 3892 quod
903 3823 954 3876 in
987 3838 1081 3877 sua
1110 3821 1435 3891 promiserat
1458 3821 1874 3878 consecratione
1903 3820 2108 3892 (hospi-

527 3912 650 3968 talis
680 3911 802 3967 volo
823 3912 965 3984 esse)
993 3913 1206 3966 domum
1244 3928 1395 3966 suam
1424 3911 1749 3981 bOSpitalem
1771 3925 1893 3966 esse
1915 3911 2103 3966 voluit.

524 4003 679 4059 Unde
701 4013 756 4057 et
776 4003 1062 4072 quemdam
1088 4017 1411 4056 conversum
1438 4003 1503 4056 de
1526 4001 1845 4056 Pontiniaco
1873 4016 2108 4071 przeesse

525 4098 804 4153 constituit
837 4097 1020 4151 domui
1074 4112 1206 4161 suae,
1243 4095 1333 4164 qui
1384 4103 1495 4149 tam
1521 4103 1789 4164 praesente
1819 4109 1982 4165 quam
2006 4095 2103 4149 ab-

523 4199 676 4245 sente
713 4190 967 4259 episcopo
999 4203 1212 4258 semper
1252 4187 1492 4257 hospites
1515 4194 1738 4256 paratus
1776 4193 1922 4241 esset
1963 4185 2102 4242 reci-

522 4295 674 4351 pere,
725 4290 780 4334 et
833 4279 1101 4350 praecipue
1153 4279 1434 4334 universos
1483 4277 1692 4333 ordinis
1741 4279 1848 4345 sui,
1901 4277 1992 4348 qui
2036 4278 2102 4332 ad

523 4387 676 4425 suam
703 4371 921 4425 domum
956 4369 1288 4424 declinarent
1312 4383 1476 4424 causa
1501 4367 1834 4440 bospitandi.
1854 4367 2102 4424 Studium

523 4462 686 4518 etiam
744 4459 904 4529 hujus
979 4470 1099 4514 erat
1159 4459 1271 4516 loca
1356 4459 1605 4531 religiosa
1679 4474 1896 4529 semper
1963 4457 2102 4514 tueri

523 4563 578 4607 et
640 4569 800 4607 manu
877 4562 1060 4607 tenere
1102 4592 1118 4617 ,
1197 4560 1252 4606 et
1334 4551 1450 4607 solo
1517 4552 1702 4607 habitu
1783 4551 2100 4623 religionem

521 4645 919 4717 praetendentes
958 4643 1025 4698 ad
1059 4643 1333 4713 religionis
1376 4643 1685 4709 veritatem,
1738 4642 1828 4697 ubi
1874 4641 2104 4696 facultas

521 4738 788 4801 dabatur,
838 4736 1155 4792 reformare.
1211 4736 1363 4792 Unde
1405 4744 1459 4791 et
1503 4737 1558 4790 in
1596 4735 1828 4805 quadam
1875 4735 2101 4791 ecclesia

520 4828 1004 4893 Antissiodorensi,
1057 4844 1176 4897 qua:
1218 4827 1272 4882 iu
1312 4828 1572 4883 honorem
1621 4827 1913 4882 Genitricis
1949 4827 2041 4882 Dei
2071 4841 2101 4880 a

521 4931 710 4975 sancto
748 4919 941 4989 Vigilio
987 4920 1386 4989 praedecessore
1437 4935 1534 4974 suo
1574 4928 1729 4976 extra
1758 4933 1944 4973 muros
1969 4918 2102 4972 civi-

522 5015 650 5070 tatis
691 5013 913 5067 fundata
939 5021 1077 5079 erat,
1115 5012 1424 5082 religionem
1453 5017 1518 5070 de
1548 5012 1972 5069 Praemonstrato
2002 5028 2098 5067 sua

521 5104 846 5160 auctoritate
891 5117 1012 5158 cum
1060 5103 1260 5159 auxilio
1296 5104 1510 5160 comitis
1536 5103 1623 5175 pia
1653 5104 1938 5159 devotione
1966 5118 2099 5158 con-

518 5194 714 5262 stituit,
757 5193 863 5249 illis
906 5193 1178 5248 canonicis
1206 5193 1274 5248 ab
1312 5193 1545 5249 ecclesia
1587 5195 1829 5260 remotis,
1867 5208 2096 5264 quorum

519 5285 859 5340 conversatio
888 5285 1068 5338 minus
1093 5294 1212 5338 erat
1242 5284 1492 5339 honesta.
1537 5282 1780 5354 Denique
1808 5299 1931 5340 cum
1962 5284 2102 5339 inter

521 5377 803 5430 universos
831 5373 1122 5431 Gallicana:
1161 5374 1421 5430 Ecclesia:
1447 5374 1800 5446 coepiscopos
1826 5375 2101 5446 praecipue

519 5466 821 5522 honestatis
866 5475 920 5521 et
963 5467 1146 5538 magni
1189 5466 1400 5521 consilii
1449 5481 1548 5536 pro
1598 5475 1750 5522 certo
1797 5465 2100 5536 sapientum

516 5557 721 5629 judicio
760 5569 1052 5623 teneretur,
1093 5574 1326 5628 cumque
1354 5559 1422 5613 ad
1451 5573 1737 5614 commune
1765 5558 1966 5612 bonum
1995 5556 2096 5611 Ec-

521 5649 699 5703 clesia:
729 5664 841 5703 sua:
872 5650 1100 5704 multum
1123 5650 1387 5705 sollicitus
1412 5651 1732 5714 exstitisset,
1763 5649 1978 5704 cuidam
2012 5657 2098 5702 ta-

518 5759 642 5796 men
675 5748 854 5811 nepoti
884 5758 981 5796 suo
1006 5744 1412 5812 praepositurarn
1442 5743 1680 5812 ejusdem
1713 5744 1966 5800 Ecclesia:
1995 5747 2096 5797 do-

517 5834 691 5897 tmx’tt,
720 5827 882 5902 quam
919 5831 1307 5904 benignissimo
1333 5835 1616 5891 charltatis
1643 5834 1837 5893 affectu
1868 5851 2090 5892 venera-

2133 4603 2183 4662 D

2211 3370 2348 3442 pella
2374 3369 2629 3425 aedificari
2659 3378 2712 3425 et
2739 3369 2924 3423 vineas
2947 3365 3175 3437 plantari
3206 3364 3355 3419 fecit.
3383 3360 3619 3432 Capitulo
3641 3355 3760 3410 dedit

2211 3477 2319 3516 xxx
2349 3459 2546 3516 solidos
2579 3459 2859 3515 censuales
2890 3459 2940 3511 in
2976 3457 3205 3511 ecclesia
3234 3459 3299 3509 de
3331 3453 3569 3508 Εδςοιίνιι
3601 3447 3760 3503 nihilo-

2211 3550 2406 3616 ts'tinus,
2431 3559 2484 3606 et
2532 3549 2677 3605 dedit
2717 3548 3002 3604 ecclesiam
3035 3546 3099 3600 de
3149 3544 3444 3600 Lindriaco
3489 3555 3602 3595 cum
3649 3547 3759 3606 prte-

2210 3640 2520 3696 sentatione
2549 3638 2810 3710 capeliani
2839 3656 2851 3690 :
2881 3636 2947 3690 ad
2975 3643 3358 3691 ornamentum
3394 3648 3520 3688 vero
3548 3624 3760 3690 ecclesifc

2211 3731 2353 3787 beati
2403 3729 2665 3800 Stephani
2703 3729 2850 3783 dedit
2883 3727 3041 3798 pallia
3070 3726 3177 3780 duo
3210 3725 3416 3796 optima
3448 3732 3501 3778 et
3528 3722 3590 3775 ad
3619 3714 3758 3774 servi-

2213 3825 2348 3879 tium
2376 3822 2616 3892 ejusdem
2647 3822 2840 3876 librum
2874 3820 3230 3891 quadraginta
3263 3817 3610 3872 homiliarum
3640 3807 3757 3866 beati

2209 3915 2452 3988 Gregorii
2487 3915 2619 3969 satis
2647 3914 2924 3984 eleganter
2965 3912 3226 3983 scriptum
3271 3923 3327 3966 et
3353 3921 3599 3966 ornatum
3625 3924 3638 3973 ;
3663 3902 3758 3957 aliis

2209 4006 2370 4061 etiam
2397 4004 2639 4060 ecclesiis
2682 4004 3262 4064 Autissiodorensibus,
3320 4012 3429 4057 tam
3476 4002 3529 4057 in
3572 3998 3760 4056 redditi-

2207 4099 2308 4154 bus
2335 4112 2494 4166 quam
2539 4097 2592 4152 in
2630 4096 2754 4151 aliis
2800 4095 3101 4160 beneficiis,
3147 4095 3315 4150 multa
3369 4089 3760 4151 misericorditer

2210 4190 2467 4255 contulit;
2498 4189 2815 4260 quamplura
2843 4189 3004 4243 etiam
3036 4189 3192 4260 digna
3228 4191 3490 4244 memoria
3515 4195 3565 4241 et
3590 4184 3760 4252 srripfo

2209 4280 2262 4334 in
2292 4281 2574 4350 cpicopatu
2603 4289 2857 4351 operatus
2887 4287 2989 4345 est,
3027 4295 3146 4349 qua:
3176 4295 3280 4334 non
3313 4280 3492 4351 culpa,
3526 4279 3612 4334 sed
3638 4277 3757 4346 igno-

2209 4371 2383 4424 rantia
2434 4371 2716 4441 scriptoris
2761 4371 2957 4425 litteris
2995 4370 3250 4424 adnotata
3281 4385 3387 4424 non
3420 4370 3644 4424 fuerunt.
3683 4362 3760 4418 llic

2209 4477 2330 4518 cum
2361 4461 2414 4515 in
2444 4463 2756 4533 episcopatu
2798 4462 2908 4517 Deo
2938 4459 2991 4518 et
3018 4463 3327 4517 hominibus
3354 4463 3569 4534 placens
3609 4457 3761 4514 lauda-

2208 4554 2391 4610 biliter
2437 4555 2499 4608 M
2540 4557 2698 4612 annis
2749 4557 3008 4622 vixisset,
3058 4555 3514 4612 sollicitudinibus
3553 4565 3606 4610 et
3641 4550 3762 4608 curis

2213 4647 2518 4713 mundanis,
2548 4647 2742 4717 quibus
2773 4646 2924 4717 prius
2953 4647 3454 4711 abrenuntiaverat,
3483 4662 3540 4701 se
3566 4641 3760 4699 omnino

2211 4756 2411 4796 exuere
2466 4739 2672 4805 volens,
2725 4740 3090 4811 episcopatum
3141 4740 3470 4811 resignavit,
3511 4748 3563 4794 et
3601 4735 3759 4792 relicta

2210 4833 2385 4886 activa
2411 4832 2518 4886 vita
2545 4831 2977 4901 contemplativa:
3003 4847 3062 4886 se
3091 4846 3314 4901 prorsus
3345 4832 3584 4904 tradens,
3603 4827 3763 4882 Clare-

2208 4922 2404 4976 vallem
2429 4922 2584 4984 adiit,
2612 4921 2793 4991 ibique
2820 4922 2960 4976 inter
2986 4922 3214 4976 athletas
3235 4921 3436 4977 Christi
3470 4916 3759 4990 martyrium

2207 5017 2287 5073 sui
2329 5017 2586 5085 temporis
2629 5031 2919 5087 aggressus
2951 5014 3193 5085 jejuniis,
3219 5015 3574 5079 orationibus,
3604 5008 3761 5066 lectio-

2209 5109 2387 5174 nibus,
2438 5118 2602 5180 alque
2647 5108 2768 5163 aliis
2817 5109 3101 5165 charitatis
3141 5109 3398 5178 operibus
3451 5101 3760 5163 solummodo

2208 5213 2427 5263 vacans,
2463 5199 2567 5254 fine
2597 5208 2655 5254 ut
2684 5199 2958 5276 credimus
2999 5199 3160 5256 beato
3205 5200 3256 5254 in
3302 5201 3530 5256 Domino
3558 5195 3754 5268 quievit.

2208 5293 2351 5350 Obiit
2396 5301 2574 5348 autem
2608 5308 2638 5344 v
2665 5279 2788 5347 ldus
2831 5292 3083 5349 Octobris
3132 5301 3187 5348 et
3230 5292 3473 5364 sepultus
3497 5289 3757 5345 estClarc-

2207 5385 2360 5440 vallis
2386 5404 2397 5440 :
2426 5400 2522 5454 pro
2545 5383 2700 5456 cujus
2724 5383 3095 5439 anniversario
3122 5385 3438 5440 solemniter
3463 5377 3758 5440 celebrando

2206 5477 2464 5547 magister
2501 5475 2652 5532 Abbo
2687 5475 2803 5545 ejus
2833 5475 3063 5532 clericus
3091 5478 3225 5532 emit
3263 5477 3314 5532 in
3356 5475 3663 5532 molendinis
3702 5469 3756 5522 de

2207 5567 2488 5622 Crevenno
2511 5583 2577 5622 ιι.
2605 5567 2824 5633 solidos,
2860 5575 2916 5621 et
2939 5567 3059 5637 plus
3083 5569 3149 5623 de
3182 5568 3391 5623 redditu
3424 5577 3479 5622 et
3506 5559 3755 5620 canonicis

2205 5657 2264 5710 Β.
2309 5657 2565 5728 Stephani
2608 5657 2755 5712 dedit
2793 5659 3069 5712 annuatim
3101 5658 3154 5712 in
3189 5659 3374 5712 eodem
3411 5649 3754 5710 anniversario

2203 5747 2536 5811 dividendos,
2584 5747 2656 5801 ita
2690 5746 2832 5816 quod
2859 5747 2913 5800 in
2942 5747 3078 5803 alios
3100 5763 3231 5802 usus
3263 5747 3406 5802 nullo
3437 5745 3590 5801 modo
3611 5739 3751 5797 alicui

2199 5840 2387 5896 liceret
2433 5839 2719 5909 praedictos
2770 5838 3013 5897 redditus
3064 5839 3376 5896 transferre.
3432 5829 3748 5908 Episcopavit
