3918 6316
168 479 249 534 SOI

1010 465 1106 525 DE
1132 468 1374 525 GESTlS
1409 468 1623 525 EPISC.
1674 468 2057 525 ANTISSIOD.
2095 500 2163 511 —
2202 469 2381 527 PARS
2410 469 2451 525 1.

3283 479 3388 536 ει»οε

168 596 327 644 autem
363 596 595 656 tempore
643 583 874 655 piissimi
927 584 1070 654 regis
1121 582 1403 644 Ludovici.
1443 581 1714 637 Willelmo
1744 572 1787 627 A
1815 579 2293 656 consuetudinibus
2314 579 2533 635 obviare
2560 588 2782 635 conatus
2806 589 2921 646 est;
2948 581 3000 637 in
3027 583 3217 653 primis
3241 588 3386 641 enim

163 678 337 734 comite
380 676 715 740 Nivernensi,
753 675 844 744 qui
874 673 1116 742 sepultus
1158 681 1243 728 est
1284 672 1424 744 apud
1469 680 1713 727 sanctum

158 770 467 827 Germanum
510 767 600 836 qui
643 780 747 820 non
792 764 1074 819 minimum
1106 762 1153 817 ei
1188 762 1239 816 in
1272 761 1381 815 vita
1406 777 1500 816 sua
1525 759 1717 815 adver-

158 870 289 916 satus
318 866 416 921 est,
454 866 509 910 et
535 855 779 924 pervenit
808 869 977 922 usque
1007 853 1075 908 ad
1102 860 1313 922 tempus
1342 851 1593 906 Willelmi
1618 851 1712 907 lilii

156 949 276 1017 ejus,
325 946 413 1017 qui
460 944 845 1016 Hierosolymis
886 952 1132 998 mortuus
1174 951 1277 1007 est,
1322 941 1505 997 Romae
1534 950 1713 997 autem

154 1034 455 1108 praesulibus
487 1034 729 1088 Adriano
753 1043 808 1088 et
834 1032 1142 1088 Alexandro
1169 1047 1305 1102 papa
1337 1031 1521 1087 tertio.

524 1144 650 1201 CAP.
681 1145 1007 1201 LVIL—De
1035 1142 1341 1200 Guillelmo.

212 1238 519 1301 Guillelmus
545 1237 896 1292 Tuciacensis
923 1236 1046 1301 fuit,
1081 1251 1188 1293 non
1217 1246 1425 1291 tantum
1463 1235 1708 1301 illustris,

152 1336 232 1390 sed
255 1344 308 1388 et
331 1334 559 1388 honesta
608 1333 820 1403 origine
856 1340 1198 1401 procreatus,
1231 1342 1388 1402 pater
1411 1332 1556 1388 enim
1594 1331 1712 1401 ejus

154 1426 341 1481 exstitit
364 1423 629 1480 Girardus
653 1424 721 1479 de
745 1423 1016 1478 Narbonia
1044 1424 1129 1476 vir
1153 1424 1366 1490 nobilis,
1389 1433 1562 1478 mater
1581 1438 1711 1478 vero

149 1517 308 1586 Agnes
349 1529 455 1568 non
502 1525 702 1583 genere
735 1513 854 1567 viro
881 1526 979 1567 suo
1019 1510 1277 1577 inferior;
1305 1511 1394 1581 qui
1423 1511 1555 1565 clari
1585 1525 1707 1564 cum

150 1614 312 1662 essent
336 1621 521 1661 rerum
559 1605 711 1675 copia
738 1617 792 1659 et
821 1603 1101 1674 sanguinis
1138 1604 1523 1673 generositate,
1556 1602 1710 1657 nobi-

148 1696 291 1750 liores
321 1704 501 1749 tamen
527 1693 770 1749 moribus
797 1702 851 1747 et
880 1693 1152 1747 feliciores
1194 1692 1415 1747 fuerunt
1456 1693 1708 1747 natorum

148 1787 535 1859 propagatione.
589 1785 707 1840 Non
765 1786 911 1839 enim
960 1784 1104 1842 hunc
1162 1792 1371 1845 tantum
1422 1785 1707 1862 praesulem

148 1888 261 1931 nutu
302 1876 394 1932 Dei
441 1888 770 1952 genuerunt,
812 1880 906 1936 sed
936 1879 1213 1951 Hugonem
1241 1879 1519 1936 Senonum
1546 1896 1709 1936 vene-

147 1971 348 2030 rabilem
396 1974 890 2044 archiepiscopum,
947 1972 1040 2041 qui
1089 1971 1481 2041 primogenitus
1520 1985 1708 2026 eorum

149 2062 252 2129 fuit,
281 2066 362 2120 vir
388 2064 652 2120 videlicet
696 2063 993 2127 modestus,
1041 2060 1301 2125 liberalis,
1329 2069 1384 2115 et
1415 2060 1560 2115 omni
1592 2075 1710 2115 mn-

148 2170 250 2209 rum
293 2155 586 2209 honestate
627 2153 906 2224 praeditus.
955 2151 1254 2206 Przedictus
1301 2150 1605 2207 Willelmns
1652 2150 1708 2206 in

142 2246 398 2316 iuventute
452 2260 555 2301 sua
599 2245 836 2316 primum
883 2243 1384 2298 archidiaconatum
1430 2253 1485 2297 et
1522 2251 1710 2313 postea

144 2338 546 2409 prreposituram
568 2335 826 2392 Ecclesiae
851 2333 1179 2389 Senonensis
1207 2333 1626 2401 administravit,
1654 2335 1708 2390 in

145 2442 232 2497 qua
277 2426 755 2483 administratione
792 2426 867 2479 ita
905 2424 1107 2488 ttornit,
1153 2425 1296 2494 quod
1329 2424 1459 2479 nulli
1486 2426 1711 2481 clerico-

145 2535 246 2573 rum
292 2519 345 2573 in
394 2518 595 2575 Galliis
639 2517 910 2589 largitate,
952 2516 1337 2586 hospitalitatis
1375 2518 1570 2587 gratia,
1609 2533 1707 2573 ex-

143 2623 299 2677 pensa:
326 2617 381 2662 et
410 2607 641 2662 familia:
667 2605 1058 2661 numerositate
1094 2606 1364 2661 secundus
1393 2607 1705 2662 exstiterit:

143 2698 282 2768 hujus
306 2699 542 2756 consilio
568 2686 624 2755 et
645 2698 932 2769 prudentia
980 2698 1291 2753 universali
1322 2698 1563 2754 Ecclesia
1597 2698 1710 2754 fere

140 2787 415 2846 ﬂuctuante
468 2798 541 2846 et
585 2789 887 2845 scme
941 2789 1235 2856 scvieute,
1288 2791 1709 2859 praenominatus

142 2879 289 2936 frater
313 2884 432 2950 ejus
459 2880 926 2949 archiepiscopus,
958 2879 1069 2933 imo
1100 2879 1215 2949 ipse
1244 2880 1477 2949 recepit,
1522 2889 1578 2935 et
1612 2880 1706 2936 Se-

140 2972 273 3027 nonis
314 2972 531 3027 addixit
574 2970 755 3026 beate
794 2969 1187 3026 recordationis
1221 2970 1583 3026 Alexandrum
1615 2987 1705 3041 pa~

138 3074 242 3128 pain
283 3062 536 3125 tertium,
583 3060 822 3115 nondum
866 3059 1028 3129 plene
1076 3059 1455 3116 confirmatum
1501 3079 1515 3115 :
1564 3061 1707 3132 quod

137 3151 279 3205 etiam
308 3166 467 3222 reges
495 3157 553 3204 et
581 3150 855 3219 principes
886 3147 1073 3204 facere
1108 3147 1489 3215 formidabant,
1521 3150 1575 3204 in
1599 3166 1705 3221 qua

137 3241 444 3311 receptione,
490 3248 546 3295 et
590 3239 830 3309 quandiu
868 3240 1009 3308 apud
1046 3253 1142 3293 eos
1182 3250 1393 3295 morata
1418 3249 1503 3295 est
1528 3242 1700 3306 curia,

138 3344 276 3399 quam
305 3331 662 3386 laudabiliter
686 3346 747 3386 se
772 3331 1030 3401 utrinque
1055 3331 1268 3395 habuit,
1300 3346 1407 3387 non
1436 3342 1519 3387 est
1544 3331 1703 3387 facile

137 3419 282 3476 dictu.
315 3422 397 3477 Ad
442 3421 820 3491 episcopatum
863 3420 1047 3474 divina
1092 3421 1338 3478 bonitate
1385 3424 1700 3491 accersitus,

138 3510 311 3568 famam
340 3513 671 3569 saecularem
690 3523 749 3567 et
776 3511 951 3567 laudis
980 3512 1231 3568 humanze
1256 3513 1523 3569 lenocinia
1550 3531 1704 3584 pror-

137 3620 213 3662 sus
237 3616 595 3677 postponens,
631 3613 904 3660 consuelm
929 3610 1106 3658 tamen
1136 3619 1477 3675 nequaquam
1504 3605 1703 3660 oblitus

136 3707 203 3752 est
244 3697 673 3770 hospitalitatis,
718 3696 830 3750 imo
884 3709 1004 3749 eam
1059 3709 1339 3763 quousque
1381 3694 1554 3758 vixit,
1611 3695 1701 3764 pie

135 3796 181 3843 et
212 3788 513 3844 liberaliter
551 3786 814 3842 exercuit.
867 3782 1132 3839 Omnibus
1171 3799 1230 3840 se
1273 3783 1560 3847 aﬂabilem,
1600 3799 1698 3853 op-

134 3880 314 3946 pressis
341 3877 786 3943 misericordem,
829 3884 886 3930 et
931 3874 1119 3943 egenis
1155 3874 1443 3944 benignum
1492 3874 1699 3927 incom-

133 3970 335 4037 parabili
349 3968 651 4025 exhibebat
674 3969 1053 4038 simplicitate;
1070 3964 1269 4037 vigiliis
1288 3974 1344 4019 et
1362 3965 1701 4020 orationibus

134 4061 390 4128 insistens,
429 4061 528 4116 vix
556 4061 844 4131 aliquando
872 4056 1248 4115 obdormiebat
1272 4056 1357 4111 vel
1385 4057 1696 4128 evigilabat',

134 4152 246 4219 quin
270 4147 577 4222 psalmodia
603 4153 655 4206 in
685 4152 806 4221 ejus
850 4164 946 4204 ore
992 4157 1290 4205 resonaret.
1324 4147 1542 4204 Missam
1565 4164 1698 4219 quo-

133 4245 246 4301 tidie
288 4247 634 4311 celebrabat,
688 4245 794 4300 nisi
840 4244 978 4299 forte
1027 4243 1205 4313 aliqua
1245 4243 1466 4314 grandis
1515 4259 1701 4313 super-

134 4337 322 4393 veniret
360 4338 692 4394 nemssitas.
747 4336 1009 4407 Equitans
1051 4350 1176 4389 raro
1208 4350 1332 4390 cum
1370 4334 1571 4390 familia
1600 4351 1698 4391 sua

132 4427 457 4498 loquebatur,
494 4430 597 4485 nisi
622 4427 758 4484 forte
787 4428 854 4482 de
882 4426 1111 4498 negotiis
1139 4426 1273 4492 suis,
1305 4426 1399 4481 sed
1428 4434 1522 4479 aut
1551 4425 1697 4480 solus

134 4524 278 4579 tacite
302 4521 597 4592 psallebat,
627 4529 722 4574 aut
758 4533 867 4574 uno
891 4518 958 4572 de
981 4517 1145 4571 sociis
1172 4518 1433 4571 advocato
1461 4515 1698 4586 psalmos

133 4625 179 4668 et
215 4616 430 4671 litanias
464 4615 550 4670 vel
582 4623 753 4668 totum
798 4610 1117 4683 psalterium
1160 4619 1255 4663 aut
1299 4617 1507 4678 partem
1552 4608 1697 4663 illius
1728 4649 1776 4707 Β

130 4706 264 4776 juxta
297 4710 399 4763 viae
430 4706 791 4777 quantitatem
818 4701 1162 4759 decantabat.
1189 4698 1434 4754 Gratiam
1465 4710 1519 4754 et
1545 4713 1696 4754 amo-

136 4815 232 4853 rem
260 4801 591 4871 principum,
623 4796 968 4867 praclatorum
1016 4792 1273 4847 Ecclesiae
1301 4787 1357 4845 et
1385 4788 1567 4861 populi
1613 4798 1698 4845 to-

137 4889 250 4956 tius,
297 4894 347 4947 ei
399 4890 582 4945 divina
631 4885 859 4944 contulit
905 4882 1212 4954 benignitas
1254 4899 1268 4937 :
1311 4891 1554 4951 tempore
1601 4895 1700 4935 suo

135 4981 309 5036 crebra
342 4981 448 5034 fuit
493 4978 754 5034 comitum
803 4972 1218 5028 Nivernensium
1259 4970 1529 5035 mutatio;
1557 4970 1698 5024 unde

137 5073 309 5142 majori
361 5071 619 5128 Ecclesiae
667 5083 779 5124 suae
821 5075 878 5122 et
911 5065 1032 5119 aliis
1056 5061 1401 5133 quamplures
1424 5060 1698 5116 emersere

139 5168 496 5225 tribulationes
522 5175 577 5222 et
602 5164 887 5236 angustiae,
922 5176 1061 5232 quas
1085 5160 1196 5214 Deo
1214 5158 1442 5226 juvante
1470 5158 1555 5212 vir
1576 5157 1698 5227 pius

137 5268 184 5311 et
229 5259 448 5315 humilis
487 5259 561 5312 ita
603 5256 794 5311 sedare
838 5253 1067 5318 studuit,
1105 5251 1248 5320 quod
1297 5262 1411 5305 nec’
1440 5263 1559 5313 sua,
1598 5261 1699 5301 nec

138 5350 243 5406 aliae
284 5351 391 5408 sibi
439 5350 667 5405 subditae
717 5345 974 5401 Ecclesiae
1009 5343 1076 5398 de
1099 5344 1240 5413 juris
1266 5341 1353 5397 sui
1388 5340 1698 5409 integritate

139 5441 343 5511 aliquod
388 5437 696 5497 detrimenti
746 5435 968 5491 omnino
1014 5432 1328 5488 senserint:
1360 5444 1459 5485 nec
1493 5436 1697 5483 tantum

142 5530 511 5595 Ecclesianun,
554 5530 663 5583 imo
692 5535 746 5582 et
770 5524 949 5596 populi
1004 5530 1167 5591 atque
1207 5519 1460 5583 civitatis,
1504 5519 1558 5573 in
1590 5532 1698 5588 qua

142 5623 375 5688 sedebat,
425 5639 481 5678 se
516 5630 803 5692 patronum
852 5627 908 5671 et
956 5622 1187 5669 tutorem
1243 5611 1598 5682 spiritualiter
1644 5618 1700 5665 et

144 5716 496 5787 temporaliter
524 5712 785 5771 exhibuit.
831 5707 1109 5777 Siquidem
1158 5719 1279 5759 cum
1320 5702 1495 5759 Guido
1525 5703 1707 5757 comi--
1736 5750 1737 5753 η

146 5814 303 5859 unum
339 5806 558 5876 adeptus
579 5812 722 5861 esset
749 5799 978 5858 consilio
1004 5796 1262 5853 seductus
1292 5802 1553 5864 perverso
1591 5807 1695 5847 non

147 5902 341 5954 tantum
378 5896 757 5962 Ecclesiarum,
794 5893 888 5948 sed
915 5898 969 5947 et
996 5887 1163 5945 totius
1193 5884 1429 5941 civitatis
1461 5883 1700 5953 antiquis

1732 3291 1773 3351 C

1818 650 2105 725 toreularia
2155 673 2210 727 in
2245 670 2333 738 jus
2381 688 2535 727 suum
2586 674 2828 745 redigere
2856 650 3102 744 tentavit,
3143 680 3214 735 ita
3244 683 3388 750 quod

1816 761 1869 816 in
1911 772 2021 816 tota
2071 763 2203 819 urbe
2248 764 2379 819 nulli
2425 765 2613 819 liceret
2660 767 2897 821 torcular
2923 768 3122 825 habere
3149 772 3253 826 nisi
3286 774 3387 827 sub

1817 851 2018 907 tributo
2062 853 2246 906 comiti
2297 854 2577 907 annuatim
2614 848 2886 911 reddendo
2933 871 2948 910 :
2998 859 3083 912 cui
3123 875 3386 928 praesum-

1811 943 1981 1013 ptioni
2022 943 2217 1012 praesul
2248 945 2536 1013 praedictus
2583 945 2656 999 ita
2707 945 2940 1002 viriliter
2986 949 3206 1016 restitit,
3243 952 3387 1021 quod

1813 1047 1914 1086 nec
1941 1032 2142 1098 clerus,
2191 1049 2290 1090 nec
2334 1035 2565 1105 populus
2607 1038 2885 1107 antiquam
2917 1038 3222 1097 libertatem
3249 1044 3385 1097 ami-

1813 1122 1966 1187 serit,
2019 1137 2122 1177 nec
2168 1123 2223 1177 in
2279 1124 2462 1193 aliquo
2504 1134 2760 1194 gravatus
2801 1125 2981 1182 fuerit.
3028 1128 3172 1183 ldem
3206 1145 3389 1186 comes

1813 1211 1947 1266 alias
1974 1212 2210 1267 decimas
2243 1214 2521 1267 vinearum
2547 1229 2771 1270 assensu
2801 1216 2964 1272 etiam
2993 1208 3383 1284 Ecclesiarum,

1814 1301 1880 1355 ad
1909 1316 2043 1372 quas
2064 1302 2429 1372 pertinebant,
2456 1304 2717 1359 violenter
2738 1309 3041 1376 occupavit,
3065 1309 3136 1363 ita
3165 1311 3307 1382 quod
3329 1311 3385 1365 in

1810 1394 2039 1466 singulis
2064 1396 2238 1465 portis
2272 1398 2524 1452 custodes
2570 1397 2847 1453 constituti
2898 1401 2964 1455 ab
3014 1403 3159 1455 omni
3213 1411 3387 1458 trans-

1809 1494 1972 1540 eunte
2021 1486 2285 1542 decimam
2335 1497 2544 1556 partem
2589 1488 2893 1555 vindemizn,
2941 1502 3031 1544 aut
3058 1492 3177 1561 plus
3221 1493 3384 1547 etiam

1808 1591 1907 1647 per
1952 1576 2059 1631 vim
2107 1578 2462 1646 accipiebant.
2507 1577 2626 1643 Quo
2673 1579 2857 1634 audito
2901 1582 3096 1650 przesul
3134 1583 3387 1637 comitem

1809 1666 2083 1729 convenit,
2126 1676 2180 1720 et
2206 1682 2328 1721 cum
2356 1666 2424 1720 ab
2455 1667 2684 1736 incoepta
2726 1669 2979 1723 violentia
3004 1669 3120 1739 ejus
3144 1672 3389 1726 admoni-

1810 1757 1958 1811 tione
1987 1771 2202 1812 cessare
2237 1773 2341 1810 non
2374 1757 2557 1820 vellet,
2590 1757 2647 1809 in
2676 1758 2849 1827 ipsum
2874 1742 3385 1816 excommunicatio-

1809 1852 1896 1911 nis
1924 1856 1977 1910 et
2026 1849 2078 1910 in
2110 1867 2308 1910 terram
2361 1866 2515 1911 snam
2557 1837 2826 1912 ttilct‘dicti
2860 1852 3181 1912 sententiam
3224 1868 3385 1924 gene-

1744 1941 1783 1997 Β
1813 1952 2003 2007 raliter
2024 1953 2384 2022 promulgavit
2415 1990 2431 2018 ,
2458 1967 2557 2008 nec
2580 1953 2680 2008 hoc
2706 1955 2871 2009 etiam
2900 1959 3206 2021 contentus,
3237 1951 3387 2011 δοίην

1813 2056 1938 2094 num
1967 2056 2158 2109 papam
2187 2057 2283 2110 per
2311 2042 2530 2096 mmtios
2556 2057 2685 2097 suos
2714 2058 2876 2113 super
2904 2045 3007 2100 hoc
3032 2047 3325 2113 consuluit,
3352 2064 3384 2104 a

1809 2146 1919 2200 quo
1958 2131 2236 2201 privilegia
2278 2141 2334 2187 et
2359 2132 2830 2189 confirmationem
2879 2143 2985 2190 tam
3031 2137 3382 2204 decimarum,

1807 2236 1972 2292 quam
2024 2221 2249 2275 aliarum
2303 2236 2485 2276 rerum
2535 2223 2791 2277 Ecclesiae
2840 2224 3104 2293 obtinuit;
3167 2208 3384 2282 nuntios

1810 2322 1990 2365 autem
2033 2309 2152 2379 ejus
2194 2309 2457 2379 praavetiit
2500 2310 2870 2367 misericordia
2917 2314 3153 2381 Domini,
3182 2332 3300 2385 qua:
3329 2325 3385 2373 et

1804 2402 2025 2456 comitis
2058 2401 2353 2455 amicitiam
2385 2411 2441 2455 et
2474 2400 2805 2456 decimarum
2833 2404 3227 2459 restitutionem
3258 2422 3380 2459 cum

1808 2493 2000 2550 humili
2044 2492 2415 2548 satisfactione
2454 2507 2504 2546 et
2546 2493 2802 2558 contulit,
2838 2494 2912 2547 ita
2949 2496 3090 2563 quod
3119 2497 3382 2565 quidquid

1807 2584 2023 2641 clericis
2060 2592 2154 2638 aut
2181 2583 2491 2638 hominibus
2519 2583 2885 2639 Ecclesiarum
2919 2586 3155 2640 ablatum
3185 2586 3382 2653 fuerat,

1808 2680 2097 2749 unicuique
2125 2680 2192 2735 ad
2217 2681 2592 2750 probationem
2623 2693 2776 2733 suam
2805 2679 2889 2733 vel
2913 2680 2979 2733 ad
3006 2689 3196 2734 nutum
3223 2696 3378 2734 suum

1805 2771 2205 2827 restitueretur.
2254 2770 2389 2825 ltem
2441 2770 2583 2825 idem
2632 2785 2819 2824 comes
2863 2770 2931 2825 de
2974 2786 3197 2825 assensu
3232 2772 3381 2842 regio

1806 2865 2168 2921 communiam
2221 2860 2583 2919 Antissiodori
2623 2865 2688 2919 de
2721 2879 2858 2919 novo
2890 2865 3170 2920 instituere
3194 2867 3380 2931 voluit,

1807 2960 1893 3014 cui
1915 2960 2044 3015 item
2069 2959 2473 3030 praesumptioni
2505 2958 2698 3028 praesul
2724 2952 2950 3028 inSignis
2973 2974 3031 3014 se
3051 2960 3384 3014 conﬁdenter

1806 3067 2107 3123 opponens,
2157 3067 2321 3122 super
2349 3051 2452 3105 hoc
2482 3051 2535 3105 in
2578 3051 2725 3120 regia
2765 3052 2918 3105 curia
2966 3066 3182 3106 causam
3207 3053 3384 3107 venti-

1808 3144 2024 3199 landam
2065 3147 2322 3213 suscepit,
2359 3159 2464 3198 non
2497 3152 2677 3198 tamen
2701 3144 2906 3213 absque
2935 3145 3173 3213 periculo
3207 3155 3261 3201 et
3289 3161 3383 3201 ex-

1807 3249 2094 3304 pensarum
2126 3235 2429 3299 nimietate,
2462 3232 2577 3289 fere
2604 3234 2749 3291 enim
2781 3234 3209 3301 malevolentiam
3241 3236 3383 3292 illius

1806 3324 2034 3394 piissimi
2057 3323 2314 3380 Ludovici
2340 3326 2484 3394 regis
2506 3325 2753 3389 incurrit,
2777 3325 2867 3395 qui
2891 3327 2942 3380 ei
2986 3326 3385 3396 improperabat

1805 3416 1950 3488 quod
1985 3416 2520 3471 Antissiodorensem
2559 3415 2836 3470 civitatein
2865 3416 2967 3485 ipsi
2995 3426 3050 3471 et
3076 3418 3380 3473 ltmredibus

1804 3509 1918 3563 suis
1965 3506 2183 3561 auferre
2226 3505 2552 3571 conabatur,
2598 3515 2852 3575 reputans
2897 3507 3147 3561 civitates
3193 3523 3380 3562 omnes

1805 3615 1932 3653 suas
1953 3613 2095 3665 esse,
2122 3599 2173 3652 in
2201 3598 2399 3667 quibus
2425 3600 2746 3651 communia:
2769 3606 2981 3663 essent;
3011 3598 3227 3650 tandem
3253 3612 3381 3652 vero

1803 3706 1927 3746 cum
1953 3691 2078 3746 inde
2107 3692 2198 3746 diu
2229 3691 2548 3744 altercatum
2574 3690 2762 3743 fuisset
2785 3690 3080 3760 privilegiis
3099 3699 3153 3744 et
3181 3690 3383 3745 chartis

1803 3781 2299 3836 Antissiodorensis
2349 3779 2607 3834 Ecclesia:
2645 3780 2931 3849 diligenter
2976 3782 3255 3850 inspectis,
3327 3792 3381 3837 et

1803 3872 2057 3944 cognitis,
2085 3881 2270 3926 etnon
2307 3871 2530 3924 minima
2560 3872 2800 3939 pecunia:
2845 3887 3053 3926 summa
3098 3882 3206 3927 tam
3249 3891 3376 3945 rege

1800 3978 1966 4035 qnam
1993 3963 2111 4018 suis
2147 3961 2425 4032 mitigatis,
2465 3976 2683 4015 causam
2725 3962 2977 4027 obtinuit,
3004 3974 3059 4018 et
3083 3965 3227 4034 regia
3256 3970 3369 4034 pri-

1801 4053 1995 4123 vilegia
2055 4051 2421 4115 continentia,
2462 4052 2607 4119 quod
2664 4050 2869 4121 absque
2913 4067 3138 4109 assensu
3198 4065 3254 4109 et
3304 4055 3380 4110 li-

1801 4144 1977 4199 centia
2030 4140 2517 4196 Autissiodurensis
2568 4140 2805 4209 episcopi
2846 4140 2991 4196 nullo
3034 4146 3194 4198 modo
3248 4145 3381 4202 lice-

1802 4244 1887 4290 ret
1915 4233 2102 4289 comiti
2141 4241 2197 4285 et
2225 4230 2347 4285 aliis
2393 4230 2756 4285 Antissiodori
2803 4234 3169 4289 communiam
3215 4235 3376 4292 instio

1806 4333 1981 4379 tuere.

1874 4413 2079 4468 Tantas
2094 4419 2271 4466 autem
2295 4410 2703 4480 persecutiones
2717 4419 2774 4465 et
2791 4411 3141 4481 gravissimas
3156 4413 3378 4470 insntta-

1804 4505 1979 4559 tiones
2027 4503 2274 4573 przcdicti
2316 4501 2532 4556 camitis
2555 4511 2611 4553 et
2641 4515 2883 4566 suorum,
2921 4506 3135 4571 quando
3160 4515 3217 4560 et
3246 4522 3381 4575 quoc

1804 4593 1963 4647 modo
1989 4592 2158 4644 voluit
2196 4590 2378 4644 divina
2421 4588 2729 4658 paciticavit
2762 4590 3072 4656 clementia,
3103 4595 3373 4664 siquidem

1804 4700 1926 4741 cum
1954 4697 2134 4739 comes
2178 4681 2291 4736 fere
2333 4681 2589 4736 continua
2620 4682 2864 4749 corporis
2909 4684 3230 4752 gravaretur
3259 4702 3377 4742 mo-

1803 4776 1992 4841 lestia,
2024 4774 2257 4845 graviori
2292 4781 2475 4825 tamen
2503 4771 2671 4838 coepit
2698 4771 2838 4839 apud
2868 4771 3255 4831 Clamiciacuut
3292 4778 3377 4831 in-

1803 4867 2086 4923 commodo
2131 4862 2380 4927 detineri,
2426 4870 2485 4915 et
2518 4860 2674 4930 quasi
2722 4861 2777 4914 in
2804 4860 3013 4917 ultimis
3049 4867 3264 4931 vexari;
3310 4868 3381 4922 ad

1803 4974 1963 5029 quem
1995 4957 2356 5019 visitandum,
2390 4968 2499 5008 non
2528 4963 2734 5007 tantum
2765 4946 3049 5022 proceres,
3090 4958 3184 5012 sed
3212 4959 3377 5012 etiam

1802 5048 1968 5104 vicini
1996 5053 2365 5103 convenerant
2391 5042 2666 5113 episcopi;
2713 5052 2833 5097 erat
2861 5056 3043 5108 autem
3083 5055 3209 5102 tunc
3246 5059 3378 5101 tem-

1802 5141 1953 5210 poris
1978 5136 2498 5192 exeommunicatus.
2528 5132 2660 5187 Cum
2691 5144 2873 5188 autem
2900 5139 2968 5190 de
2995 5136 3105 5190 vita
3135 5135 3252 5203 ejus
3280 5137 3378 5190 dm-

1801 5236 2080 5296 bitarent,
2135 5238 2417 5297 coeperunt
2467 5241 2655 5281 omnes
2697 5226 2934 5295 episcopi
3002 5228 3093 5295 qui
3153 5229 3379 5283 aderant

1801 5322 2107 5393 supplicare
2160 5333 2324 5388 super
2375 5316 2763 5380 absolutione;
2827 5317 3092 5371 Eduensis
3142 5332 3272 5372 vero
3325 5329 3380 5374 et

1802 5412 2153 5471 Nivernensis
2183 5409 2435 5481 precibus
2467 5423 2656 5462 eorum
2694 5407 2843 5462 nullo
2890 5410 3051 5462 modo
3092 5407 3379 5465 voluerunt

1801 5509 1886 5565 vel
1911 5507 2028 5562 ausi
2056 5513 2182 5561 sunt
2206 5502 2570 5572 acquiescere,
2594 5500 2790 5569 praesul
2840 5514 2966 5554 vero
2989 5498 3290 5555 Willelmus
3312 5514 3378 5559 ea

1800 5620 1904 5675 qua
1928 5609 2047 5658 erat
2066 5602 2267 5671 pietate
2309 5604 2365 5651 et
2382 5594 2709 5650 confidentia
2733 5602 2931 5659 motus,
2954 5596 3031 5649 ait
3050 5596 3341 5653 baronibus
3361 5594 3406 5653 ε’

1803 5697 1956 5751 Absit
2000 5695 2104 5748 hoc
2149 5691 2386 5744 dedecus
2433 5694 2492 5741 et
2532 5686 2879 5755 opprobrium
2920 5689 3307 5756 sempiternum
3347 5705 3380 5743 a

1802 5787 1976 5849 nobis,
2011 5783 2101 5853 qui
2132 5781 2219 5836 hic
2248 5785 2542 5848 prmsentes
2569 5789 2779 5839 sumus,
2813 5778 2958 5844 quod
2992 5785 3171 5833 tamus
3204 5780 3289 5833 vir
3325 5787 3381 5833 οι

1805 5892 1988 5935 comes
2027 5881 2210 5929 noster
2236 5870 2379 5925 inter
2405 5882 2598 5922 manus
2630 5876 2846 5925 nostras
2876 5871 3377 5926 excommunicatus
