3918 6316
565 402 670 461 503

566 519 868 575 moriatur:
926 528 1025 586 ego
1076 528 1161 569 me
1212 512 1384 583 primo
1435 513 1716 582 interpono
1765 508 2128 580 responsalem

569 604 864 660 Virziliacaa
894 601 1144 658 Ecclesiae
1172 609 1225 654 et
1273 599 1392 653 aliis
1425 613 1523 668 pro
1568 599 1762 668 quibus
1811 598 1864 651 in
1909 612 1975 651 eo
2021 595 2128 650 lata

563 704 646 751 est
674 694 933 751 sententia
962 710 977 759 ;
1011 708 1117 763 quo
1145 690 1326 744 audito
1352 690 1578 744 barones
1606 689 1795 759 gavisi,
1826 688 1934 743 imo
1961 687 2131 756 magis

566 786 924 845 admirantes,
965 793 1019 837 et
1054 779 1456 855 magniﬁcantes
1492 779 1775 834 consilium
1809 786 1862 832 et
1893 774 2130 830 liberali-

566 887 728 932 tatem
757 872 1021 945 praeSulis,
1057 884 1247 924 omnes
1275 868 1520 923 similiter
1550 866 1888 938 responsales
1916 878 1975 920 se
2004 878 2133 919 con-

564 968 874 1032 stituerunt,
905 972 959 1017 et
989 962 1061 1016 ita
1090 960 1317 1016 absolvit
1341 974 1492 1024 eum;
1522 974 1683 1029 super
1711 972 1817 1027 qua
1846 954 2131 1010 absolutio-

560 1044 653 1111 nis
689 1051 1016 1126 benignitate
1054 1064 1159 1105 non
1201 1056 1404 1103 tantum
1438 1062 1721 1116 procerum
1771 1053 1866 1099 aut
1910 1042 2089 1114 populi
2113 1082 2130 1108 ,

566 1144 658 1200 sed
689 1154 740 1198 et
773 1152 977 1196 tantam
1005 1139 1220 1195 comitis
1244 1139 1471 1207 adeptus
1494 1147 1579 1191 est
1603 1136 1854 1191 amicitia:
1879 1135 2130 1205 gratiam,

566 1236 707 1308 quod
738 1251 843 1290 non
871 1248 995 1289 cum
1025 1234 1277 1287 domuum
1317 1237 1410 1283 aut
1447 1230 1755 1298 episcopum
1776 1267 1791 1291 ,
1830 1226 1923 1280 sed
1954 1233 2008 1278 et
2037 1238 2132 1293 pa-

562 1318 774 1384 trbnum
805 1342 983 1392 suum,
1015 1340 1138 1379 cum
1173 1323 1237 1377 de
1265 1321 1356 1378 illo
1386 1330 1510 1376 ante
1538 1321 1711 1391 ipsum
1741 1332 1918 1374 sermo
1952 1316 2128 1381 ﬁeret,

561 1417 894 1487 frequentius
924 1413 1203 1469 nominare
1234 1410 1422 1467 solitus
1456 1419 1593 1479 erat.
1649 1406 1805 1462 Unde
1848 1406 1897 1461 ei
1945 1414 2129 1476 postea

562 1509 708 1564 dedit
752 1517 808 1561 et
851 1504 1102 1560 Ecclesiae
1148 1516 1259 1558 suae
1308 1502 1359 1557 in
1411 1509 1726 1571 perpetuum
1755 1498 2133 1569 "possidendas

562 1612 750 1653 omnes
775 1596 1041 1659 homines,
1063 1608 1199 1662 quos
1223 1592 1275 1646 in
1301 1592 1438 1646 valle
1460 1591 1675 1661 capellae
1704 1588 1875 1644 sancti
1901 1587 2131 1643 Andreae

561 1689 826 1754 habebat;
878 1683 1225 1741 nihilominus
1261 1680 1423 1735 etiam
1463 1679 1734 1735 concessit
1782 1678 1834 1731 in
1882 1675 1987 1731 ﬁne
2035 1688 2132 1729 suo

560 1761 853 1835 Torinodori
884 1776 1102 1837 donum,
1133 1771 1277 1840 quod
1309 1780 1481 1824 mater
1506 1785 1600 1825 sua
1631 1783 1731 1838 pro
1760 1767 1934 1821 anima
1963 1765 2131 1834 ipsius

559 1879 613 1925 et
646 1883 862 1924 suorum
899 1864 1026 1919 fecit
1058 1862 1230 1917 eidem
1260 1860 1512 1931 episcopo
1540 1859 1605 1914 de
1635 1856 1942 1912 hominibus
1995 1868 2131 1923 quos

556 1959 802 2017 Varziaci
834 1956 1102 2018 habebat,
1156 1966 1382 2022 quorum
1434 1951 1507 2005 ibi
1559 1949 1780 2019 triginta
1820 1956 1913 2000 aut
1941 1945 2128 2015 plures

557 2061 711 2109 erant
744 2049 978 2116 familiae,
1012 2060 1148 2117 quos
1176 2053 1297 2114 post
1326 2052 1554 2098 mortem
1585 2040 1800 2096 comitis
1828 2039 1967 2094 idem
1996 2051 2130 2106 pon-

557 2142 686 2198 tifex
716 2156 810 2211 per
840 2153 1053 2193 manum
1091 2146 1146 2190 et
1183 2149 1278 2203 per
1303 2131 1639 2202 privilegium
1670 2130 1743 2201 pii
1777 2128 1918 2199 regis
1946 2125 2126 2180 Ludo-

555 2233 659 2288 vici
691 2230 958 2291 obtinuit,
1011 2242 1115 2283 non
1167 2234 1346 2278 tamen
1375 2223 1579 2291 absque
1617 2234 1812 2290 magno
1849 2218 2035 2273 labore
2071 2225 2125 2271 et

556 2327 806 2382 maximis
826 2322 1097 2392 expensis.
1117 2315 1417 2388 Acquisivit
1444 2323 1622 2369 autem
1646 2312 1784 2382 apud
1805 2311 2125 2367 Varziacum

554 2415 812 2489 quidquid
853 2412 1134 2467 Matthzeus
1163 2407 1345 2477 Caliga
1377 2405 1497 2459 laxa
1538 2403 1589 2458 in
1629 2402 1818 2458 eodem
1857 2409 2037 2456 castro
2072 2408 2128 2457 et

549 2503 872 2562 Castellania
913 2499 1168 2563 habebat,
1215 2510 1333 2566 qua:
1356 2493 1728 2564 possessiones
1761 2489 1940 2560 magni
1971 2497 2127 2544 erant

551 2594 709 2667 pretii
756 2602 811 2648 et
852 2591 1129 2646 redditus:
1163 2601 1305 2642 nunc
1354 2586 1409 2639 in
1454 2580 1841 2653 parte'earum
1894 2581 1997 2635 sita
2044 2589 2129 2634 est

551 2688 743 2742 domus
770 2680 1090 2754 episcopalis
1127 2686 1180 2732 et
1220 2676 1459 2731 Fosseta.
1513 2672 1675 2728 Multa
1706 2672 1809 2726 alia
1841 2670 2126 2740 acquisivit

550 2776 747 2831 ibidem
781 2772 833 2826 in
861 2769 1056 2836 vineis,
1080 2766 1270 2838 pratis,
1297 2764 1544 2820 domibus
1572 2771 1626 2817 et
1655 2761 1884 2817 diversis
1915 2775 2126 2831 posses-

551 2869 819 2931 sionibus,
850 2880 969 2936 qua:
997 2871 1218 2934 propter
1240 2858 1607 2928 prolixitatem
1642 2854 1910 2909 noluimus
1941 2865 2126 2906 nume-

550 2974 702 3025 rare;
737 2956 875 3028 apud
901 2952 1123 3010 Corruel
1148 2949 1433 3020 acquisivit
1456 2947 1640 3018 plures
1692 2945 1960 3008 homines,
1986 2943 2125 3012 apud

552 3051 774 3106 Giacum
806 3046 993 3100 domos
1022 3052 1077 3097 et
1104 3040 1322 3095 furnum
1353 3037 1674 3099 aediﬁcavit,
1724 3046 1779 3091 et
1830 3038 1881 3088 in
1929 3047 2124 3103 magna

547 3149 701 3212 parte
737 3150 893 3192 muro
923 3130 1316 3193 circumdedit,
1365 3128 1551 3182 vineas
1588 3126 1817 3197 plantari
1854 3122 2018 3188 fecit;
2069 3130 2123 3176 et

551 3231 798 3287 homines
847 3235 902 3281 et
952 3222 1119 3279 multa
1171 3219 1275 3274 alia
1325 3218 1522 3275 ibidem
1570 3231 1691 3272 cum
1738 3222 1892 3287 prato
1935 3213 2121 3268 decani

550 3317 873 3389 acquisivit;
931 3312 1072 3384 apud
1110 3309 1510 3366 Charbuiacum
1556 3306 1687 3360 emit
1736 3303 1882 3360 mille
1923 3303 2123 3359 solidos

550 3410 806 3484 quidquid
825 3405 1087 3463 Girardus
1107 3402 1322 3456 Poteret
1350 3398 1502 3454 miles
1529 3399 1600 3453 ibi
1629 3397 1861 3450 habebat
1877 3394 2122 3484 χίιιίόθιη

546 3504 708 3557 etiam
744 3506 898 3569 prata
938 3503 992 3550 et
1031 3492 1196 3547 multa
1229 3489 1333 3544 alia
1368 3487 1738 3557 comparavit,
1790 3494 1845 3540 et
1892 3483 2123 3540 forestas

547 3590 817 3654 instituit;
873 3585 1013 3655 apud
1049 3581 1407 3652 Apoiniacum
1446 3580 1577 3634 emit
1619 3586 1805 3648 prata,
1853 3576 2040 3630 vineas
2067 3581 2121 3628 et

544 3691 722 3737 terras
752 3676 1021 3739 arabiles;
1074 3670 1360 3742 acquisivit
1394 3670 1557 3723 etiam
1606 3668 1677 3722 ibi
1727 3666 1941 3722 l‘eodum
1977 3664 2119 3719 lterii

545 3773 788 3834 Raaudi,
839 3778 894 3824 ct
941 3767 1154 3823 lcodum
1185 3762 1443 3818 Willelmi
1494 3762 1700 3827 militis,
1748 3770 1802 3815 et
1844 3769 2022 3815 terras
2066 3768 2122 3815 et

544 3874 694 3936 prata
740 3877 861 3932 quae
914 3858 1064 3927 llugo
1106 3853 1259 3909 miles
1298 3853 1363 3908 de
1422 3851 1582 3922 Burgi
1627 3860 1681 3905 et
1720 3858 1894 3904 mater
1931 3864 2024 3903 sua
2068 3856 2123 3903 et

547 3956 745 4010 fratres
769 3949 1036 4006 habebant
1059 3947 1199 3999 inter
1220 3943 1468 3998 Icaunam
1491 3940 1707 3995 ﬂuvium
1731 3938 2117 4003 etChaumeis;

544 4054 752 4116 partem
779 4041 940 4096 etiam
972 4036 1113 4091 illam
1135 4073 1151 4098 ,
1187 4047 1351 4103 quam
1389 4032 1440 4086 in
1472 4031 1663 4086 eodem
1692 4043 1915 4083 nemore
1945 4028 2119 4082 recla-

545 4135 785 4196 mabant,
808 4138 862 4185 et
886 4127 1067 4183 omnia
1097 4125 1221 4189 alia,
1246 4138 1365 4192 quae
1387 4123 1531 4176 circa
1561 4120 1701 4175 idem
1723 4129 1984 4183 castrum,
2010 4126 2120 4172 tam

547 4228 601 4281 in
648 4223 838 4287 fcodis,
885 4231 1048 4287 quam
1100 4216 1151 4269 in
1202 4214 1533 4283 proprietate
1576 4211 1952 4281 possidebant,
2001 4224 2121 4279 qua:

548 4314 714 4370 multa
745 4306 1081 4378 comparavit
1111 4304 1355 4374 pecunia.

616 4403 751 4458 Item
785 4408 910 4453 ante
942 4407 1153 4464 tempus
1181 4408 1337 4448 suum
1370 4391 1678 4463 Stephanus
1709 4391 1773 4445 de
1802 4390 1961 4445 Petra
1989 4389 2120 4445 Per-

544 4507 665 4552 tusa
694 4494 777 4547 vir
807 4489 1000 4546 nobilis
1027 4496 1081 4542 et
1107 4493 1297 4555 potens
1326 4492 1500 4538 terras
1531 4482 1761 4539 arabiles
1781 4522 1794 4546 ,
1834 4497 1952 4552 quae
1981 4481 2119 4551 juris

541 4580 863 4655 episcopalis
891 4593 1011 4633 esse
1040 4575 1335 4639 debebant,
1377 4582 1482 4627 tam
1516 4572 1614 4627 sibi
1660 4587 1818 4643 quam
1850 4573 1963 4627 suis
2020 4573 2116 4628 ho-

546 4674 779 4730 minibus
831 4667 1183 4741 possidendas
1232 4672 1627 4733 occupaverat,
1679 4671 1736 4719 et
1779 4664 1867 4719 diu
1919 4664 2116 4733 injuste
2163 4685 2168 4690 -

542 4769 866 4824 detinuerat.
918 4764 1035 4831 Quo
1072 4762 1291 4825 rescito,
1323 4760 1569 4829 quamvis
1596 4760 1697 4815 sibi
1724 4760 1944 4830 junctus
1971 4769 2117 4816 esset

540 4860 714 4929 prima
744 4854 1021 4925 sanguinis
1052 4852 1185 4906 linea
1205 4892 1219 4916 ,
1260 4860 1440 4904 tamen
1471 4849 1559 4904 vir
1582 4849 1675 4904 Dei
1709 4850 1932 4919 justitiae
1965 4860 2115 4919 post-

539 4962 744 5020 ponens
770 4945 983 5017 generis
1012 4941 1487 5012 propinquitatem,
1517 4955 1619 4994 non
1651 4940 1911 5002 cessavit,
1945 4941 2116 4994 donec

540 5050 729 5093 omnes
757 5043 929 5090 terras
957 5031 1242 5102 praedictas
1274 5044 1372 5098 per
1391 5028 1660 5100 justitiam
1691 5029 2111 5085 ecclesiasticam

541 5139 597 5183 et
622 5125 826 5198 judicio
860 5120 1186 5178 Senonensis
1215 5120 1381 5174 curiae
1411 5119 1462 5173 in
1496 5118 1876 5187 psoprietatem
1907 5120 2113 5188 episco-

540 5216 717 5287 palem
751 5211 996 5282 redegit;
1038 5217 1094 5263 et
1122 5224 1189 5264 ne
1220 5208 1273 5262 in
1307 5214 1579 5277 posterum
1612 5205 1788 5274 aliqua
1823 5220 1984 5276 super
2013 5207 2113 5262 hoc

538 5311 845 5375 emergeret
870 5300 1110 5373 querela,
1129 5299 1270 5353 inter
1290 5287 1733 5365 terras’praadicti
1765 5294 2025 5365 Stephani
2057 5304 2114 5350 et

541 5407 717 5452 terras
740 5393 1074 5465 episcopales
1102 5391 1220 5445 loco
1251 5398 1408 5443 metae
1436 5401 1652 5441 crucem
1691 5400 1938 5454 magnam
1968 5384 2109 5458 afﬁgi

539 5490 698 5554 fecit,
730 5497 785 5542 et
810 5497 985 5541 terras
1013 5484 1135 5540 illas
1161 5490 1366 5552 postea,
1404 5478 1641 5549 quandiu
1671 5479 1835 5543 vixit,
1874 5478 2108 5549 propriis

542 5577 787 5634 carrucis
826 5575 1001 5631 excoli
1046 5573 1195 5628 fecit.
1251 5570 1384 5625 Item
1430 5584 1551 5623 cum
1602 5583 1797 5638 magna
1844 5583 2107 5639 aquarum

542 5665 884 5731 inundantia,
915 5681 1035 5738 qua:
1064 5672 1307 5732 tempore
1336 5676 1435 5716 suo
1462 5660 1721 5730 contigit,
1757 5660 2015 5717 melinum
2042 5662 2108 5718 de

542 5761 719 5817 Vento
744 5769 965 5813 ororsus
990 5756 1290 5813 absolutum
1321 5753 1532 5820 fuisset,
1563 5762 1769 5824 partem
1800 5769 1958 5826 quam
1988 5756 2110 5814 δοε-

1322 396 1607 453 APPEND.
1644 398 1736 453 AD
1770 395 1941 453 SEC.
1984 395 2052 452 Χ.
2096 426 2163 435 -—
2192 395 2418 451 OPERA
2455 402 2839 453 AAESHOI‘IKA.

3665 393 3749 447 504

2156 511 2207 570 Α
2232 509 2433 565 selinus
2472 518 2528 564 et
2566 508 2808 563 haeredes
2848 505 2928 560 sui
2979 505 3026 559 in
3070 519 3134 559 eo
3176 503 3471 569 habebant,
3516 505 3666 570 emit,
3708 517 3751 561 et

2234 599 2406 654 multo
2462 598 2653 653 melius
2700 610 2862 665 quam
2906 603 3030 648 ante
3061 592 3238 647 fuerat
3268 592 3513 646 melinum
3559 594 3750 649 resediﬁ-

2233 688 2394 742 cavit.
2450 686 2605 757 Apud
2635 686 2922 740 Tociacum
2956 682 3241 738 aediﬁcavit
3272 680 3479 736 domum
3508 672 3750 754 episcopa-

2233 775 2338 831 lem
2372 785 2427 831 et
2458 776 2771 840 cellarium,
2811 775 3049 843 emitque
3085 774 3280 829 ibidem
3312 782 3512 838 terras,
3548 783 3681 843 prata
3708 784 3752 830 et

2233 865 2399 919 multa
2441 866 2583 931 alia;
2639 864 2785 920 dedit
2819 865 2981 918 etiam
3031 864 3086 918 in
3130 863 3476 919 mdiﬁcatione
3516 865 3663 921 turris
3696 883 3751 921 xx

2231 957 2397 1013 libras
2424 972 2488 1012 ea
2516 956 2845 1021 conditione,
2875 956 3016 1025 quod
3048 956 3304 1010 Dominus
3331 954 3595 1023 Hargodus
3624 957 3666 1011 ei
3684 958 3756 1026 ju-

2232 1045 2372 1100 ravit
2413 1045 2555 1115 quod
2592 1044 2803 1114 quoties
2833 1044 2947 1114 ipse
2979 1044 3061 1099 vel
3088 1056 3424 1099 successores
3470 1043 3546 1097 sui
3594 1046 3754 1100 turrim

2231 1137 2377 1193 illam
2410 1138 2609 1192 habere
2639 1135 2875 1203 vellent,
2909 1145 3016 1190 tam
3046 1136 3191 1205 ipse,
3233 1149 3393 1205 quam
3435 1135 3656 1190 hrercdes
3687 1138 3753 1191 sui

2230 1227 2544 1292 traderent,
2594 1235 2650 1281 et
2695 1227 2946 1281 custodes
2982 1226 3149 1280 turris
3187 1224 3427 1295 praedicti
3463 1226 3658 1294 quoties
3680 1240 3757 1283 eos

2231 1316 2429 1371 mutari
2455 1316 2830 1386 contingeret;
2886 1316 3025 1387 apud
3054 1314 3326 1371 Conadam
3363 1317 3490 1370 emit
3521 1331 3551 1370 a
3584 1315 3754 1373 Mochis

2230 1406 2296 1461 de
2332 1405 2621 1462 Chaleneio
2662 1406 2939 1477 grangiam
2984 1407 3049 1461 de
3092 1405 3350 1470 Brueria,
3389 1421 3504 1476 qua:
3539 1406 3632 1460 sita
3662 1416 3756 1462 erat

2224 1494 2376 1565 juxta
2409 1494 2593 1549 villam
2619 1493 2808 1560 Chael,
2838 1509 2963 1549 cum
2993 1494 3165 1551 bobus
3191 1504 3247 1549 et
3272 1509 3516 1558 carruca,
3542 1495 3691 1563 pratis
3713 1506 3757 1551 et

2231 1583 2394 1638 terris
2416 1583 2667 1639 omnibus
2690 1582 2758 1636 ad
2782 1583 3062 1654 grangiam
3092 1582 3236 1637 illam
3262 1583 3656 1653 pertinentibus,
3677 1599 3756 1653 pro

2230 1675 2426 1745 quibus
2464 1675 2612 1730 dedit
2655 1684 2846 1745 quater
2872 1690 2940 1729 xx
2977 1673 3067 1730 lib.
3099 1673 3555 1729 Proviniacenses.
3594 1674 3759 1744 Aequi.

2234 1765 2362 1820 sivit
2407 1765 2569 1819 etiam
2617 1764 2785 1819 multa
2835 1764 2938 1819 alia
2986 1764 3038 1817 in
3089 1762 3279 1819 eadem
3329 1763 3625 1819 castellanis
3664 1781 3677 1816 :
3718 1772 3761 1819 et

2158 1859 2205 1920 B
2230 1854 2476 1926 quamvis
2513 1853 2751 1911 Herveus
2790 1854 2857 1909 de
2892 1855 3074 1926 Donzy
3108 1855 3191 1909 vir
3226 1863 3388 1909 tanta:
3421 1854 3691 1911 nobilitatis
3716 1863 3759 1909 et

2230 1945 2482 2014 potentiae
2508 1944 2557 2000 ei
2587 1959 2862 2013 nunquam
2891 1953 3128 1999 cessaret
3154 1944 3451 2011 adversari,
3483 1953 3649 1999 tamen
3671 1945 3759 2000 Deo

2227 2034 2525 2104 opitulante
2552 2034 2685 2091 nihil
2719 2035 2787 2090 de
2814 2033 2937 2101 jure
2973 2034 3223 2089 Ecclesiae
3261 2049 3359 2090 suo
3399 2044 3628 2104 tempore
3652 2036 3761 2090 ami-

2227 2124 2318 2189 sit,
2341 2124 2433 2179 sed
2464 2139 2585 2180 cum
2607 2124 2721 2195 jam
2750 2124 2804 2179 in
2834 2123 2975 2179 lecto
3002 2123 3213 2179 mortali
3237 2123 3461 2192 jaceret,
3481 2139 3596 2179 eum
3615 2124 3763 2193 coegit

2225 2216 2292 2270 ad
2323 2215 2519 2271 lectum
2551 2230 2707 2270 suum
2731 2214 2931 2278 venire,
2961 2214 3089 2270 etei
3116 2229 3213 2284 pro
3238 2213 3398 2270 feodo
3417 2212 3583 2269 Giemi
3608 2212 3759 2282 ligium

2227 2305 2536 2375 homagium
2560 2304 2758 2360 facere.
2798 2303 3154 2360 Autissiodori
3195 2305 3330 2360 emit
3375 2292 3512 2375 apud
3552 2312 3759 2358 sanctum

2222 2395 2497 2451 Julianum
2527 2411 2599 2450 xx
2636 2396 2839 2452 solidos
2881 2396 3200 2461 censuales;
3246 2396 3381 2450 emit
3414 2395 3574 2451 etiam
3606 2394 3762 2450 domos

2222 2485 2500 2541 Lamberti
2533 2484 2829 2541 Hosmundi
2857 2525 2870 2548 ,
2922 2500 3042 2554 quae
3073 2485 3345 2557 contiguae
3367 2525 3382 2550 ,
3427 2494 3482 2539 et
3509 2484 3657 2538 nimis
3681 2483 3760 2537 im-

2225 2583 2470 2647 portunae
2506 2583 2661 2630 erant
2698 2584 2867 2643 portae
2905 2585 2959 2630 et
2995 2575 3177 2630 domui
3213 2574 3539 2646 episcopali,
3588 2582 3637 2629 et
3675 2573 3760 2629 illis

2225 2666 2420 2722 dirutis
2449 2664 2654 2736 plateas
2682 2664 2846 2719 curia:
2873 2680 2985 2719 sua:
3018 2665 3189 2719 univit
3225 2674 3281 2720 et
3314 2680 3469 2719 muro
3495 2662 3761 2718 circumde-

2224 2759 2339 2823 dit;
2387 2757 2521 2812 emit
2556 2756 2684 2811 item
2721 2757 2930 2824 domos,
2966 2771 3087 2826 quae
3123 2766 3280 2811 erant
3309 2757 3461 2827 juxta
3489 2763 3758 2826 posternam

2224 2859 2280 2904 et
2305 2848 2510 2918 plateas
2542 2847 2781 2903 Remaldi
2818 2848 3002 2903 militis
3028 2849 3097 2903 de
3128 2848 3452 2914 Lindriaco,
3497 2858 3549 2903 et
3586 2848 3759 2918 plateas

2226 2939 2482 3011 Stephani
2515 2941 2581 2997 de
2609 2939 2915 3005 Sarmasia;
2956 2941 3123 2998 multa
3149 2942 3253 2997 alia
3282 2943 3413 2997 emit
3437 2950 3491 2998 et
3513 2939 3759 3012 acquisivit

2225 3028 2280 3082 in
2309 3028 2497 3083 cadent
2530 3028 2683 3094 urbe,
2724 3045 2843 3099 qua:
2871 3030 3085 3101 longum
3116 3041 3199 3087 est
3224 3045 3562 3087 enumerare.
3611 3031 3759 3087 Pauca

2226 3118 2292 3173 de
2320 3117 2436 3186 ejus
2463 3118 2775 3175 admiranda
2806 3122 3148 3192 simplicitate
3181 3131 3235 3178 et
3263 3124 3580 3179 miraculosa
3612 3122 3761 3177 humi-

2151 3204 2194 3267 C
2227 3205 2377 3262 litate
2411 3208 2677 3264 veraciter
2705 3211 3105 3281 perstringam:
3143 3213 3413 3283 siquidem
3450 3212 3664 3283 quadam
3694 3211 3763 3266 die

2225 3298 2446 3369 contigit
2470 3301 2609 3368 quod
2628 3298 2752 3354 dum
2777 3314 2874 3370 per
2893 3300 3128 3357 villulam
3152 3318 3447 3373 pauperem
3468 3312 3522 3359 et
3534 3302 3764 3359 modicam

2226 3387 2510 3455 transiret,
2540 3391 2849 3447 muliercula
2877 3395 3108 3465 quodam
3139 3412 3169 3450 a
3202 3399 3424 3468 tugurio
3454 3412 3550 3453 suo
3580 3409 3764 3467 egressa

2225 3478 2369 3535 velut
2406 3480 2496 3536 illa
2531 3479 2838 3538 Chananaea
2880 3499 3001 3554 quae
3028 3500 3127 3554 pro
3178 3485 3289 3541 ﬁlia
3348 3488 3645 3559 supplicans
3676 3486 3762 3541 Do-

2222 3572 2369 3627 mino
2396 3573 2607 3629 dicebat
2638 3593 2650 3628 :
2693 3574 2940 3631 Miserere
2968 3579 3088 3644 mei,
3117 3578 3199 3646 fili
3223 3577 3422 3645 David,
3465 3579 3698 3651 lacrymis
3719 3587 3765 3632 et

2219 3660 2421 3731 ejulatu
2440 3663 2746 3718 miseranda
2770 3665 3037 3722 clamabat
3057 3682 3282 3724 currens
3311 3679 3434 3740 post
3452 3671 3760 3741 episcopum:

2224 3750 2470 3808 Miserere
2499 3758 2622 3821 mei,
2650 3757 2801 3809 homo
2833 3757 2948 3824 Dei,
2983 3758 3106 3827 quia
3141 3762 3367 3817 maritus
3406 3779 3548 3818 meus
3576 3764 3697 3816 dum
3726 3769 3765 3814 et

2222 3845 2525 3899 inconsueta
2554 3856 2719 3900 morte
2745 3848 3002 3902 atteritur.
3055 3848 3302 3906 Clamore
3334 3861 3512 3908 motus
3540 3850 3761 3921 respexit.

2223 3933 2490 4005 lacrymas
2518 3935 2741 4001 videns,
2794 3945 2850 3991 et
2893 3952 3114 3994 causam
3166 3956 3469 4007 agnoscens
3507 3943 3571 3997 ab
3599 3941 3765 3997 itinere

2224 4028 2479 4093 divertit,
2528 4030 2856 4086 descendens
2903 4032 2971 4089 ab
3014 4048 3152 4102 equo
3192 4037 3467 4107 tugurium
3498 4035 3764 4091 submissus

2222 4120 2485 4185 intravit;
2531 4121 2735 4175 invenit
2773 4122 3099 4179 mulierculae
3139 4125 3345 4198 virum,
3390 4128 3463 4183 ita
3497 4136 3604 4183 tota
3630 4125 3761 4189 facie,

2222 4213 2368 4284 gula,
2397 4213 2534 4268 collo
2561 4223 2617 4269 et
2642 4221 2857 4285 gutture
2886 4215 3079 4281 inﬂari,
3109 4218 3251 4285 quod
3278 4219 3369 4273 vix
3400 4219 3576 4289 lingua
3606 4217 3668 4272 ab
3687 4227 3765 4270 ore

2221 4306 2458 4376 projecta
2486 4306 2697 4361 viviﬁco
2721 4307 2807 4362 via
2837 4318 3041 4376 pateret
3068 4310 3303 4379 spiritui,
3335 4321 3390 4367 et
3418 4314 3557 4381 quod
3584 4307 3760 4365 nullum

2221 4395 2441 4450 omnino
2470 4410 2773 4452 sermonem
2820 4396 3062 4466 proferre
3104 4399 3355 4457 inﬁrmus
3384 4412 3594 4472 posset;
3641 4398 3762 4454 illico

2220 4483 2475 4555 lacrymis
2502 4485 2747 4555 perfusus
2785 4488 2852 4542 ad
2889 4491 3153 4547 orationis
3181 4491 3426 4563 confugit
3453 4492 3759 4560 sutfragium.

2150 4546 2195 4603 θ
2220 4575 2404 4632 fauces
2434 4578 2628 4632 inﬁrmi
2650 4618 2664 4644 ,
2707 4577 2911 4633 vultum
2939 4589 2996 4636 et
3023 4580 3199 4652 gulam
3232 4546 3387 4652 sign;
3418 4584 3592 4637 crucis
3615 4546 3760 4650 appo-

2220 4666 2320 4721 site
2347 4675 2663 4732 attrectans,
2704 4677 2758 4722 et
2784 4667 2980 4724 annulo
3008 4685 3105 4725 suo
3136 4671 3332 4739 saepius
3360 4672 3693 4742 consignans,
3718 4674 3763 4719 et

2217 4759 2597 4816 benedictione
2641 4762 2764 4816 data
2809 4762 3068 4827 recessit,
3115 4772 3169 4818 et
3200 4763 3343 4817 illico
3379 4775 3558 4819 tumor
3601 4763 3683 4817 ille
3719 4768 3763 4813 et

2218 4852 2439 4906 morbus
2467 4852 2698 4907 deﬁcere
2725 4852 2927 4922 cmpit:
2967 4861 3086 4922 post
3123 4852 3287 4908 breve
3326 4854 3587 4924 temporis
3619 4852 3763 4905 inter-

2215 4943 2435 5007 vallum,
2474 4958 2596 4998 cum
2632 4960 2730 5013 per
2763 4944 3007 4999 eamdem
3041 4942 3218 5000 villam
3260 4946 3481 5011 rediret,
3532 4942 3763 5016 praedicta

2215 5032 2528 5089 muliercula
2556 5034 2606 5087 'ei
2634 5033 3025 5102 gratulabunda
3052 5050 3366 5099 occurrens,
3396 5035 3555 5105 erepit
3585 5031 3764 5104 gratias

2215 5140 2377 5196 agere
2408 5139 2661 5180 asserens
2688 5133 2742 5179 et
2770 5126 2984 5194 publice
3011 5127 3281 5191 clamans,
3316 5127 3461 5194 quod
3490 5142 3585 5197 per
3612 5125 3762 5192 ipsum

2213 5217 2280 5271 de
2318 5225 2426 5271 tam
2462 5216 2609 5285 gravi
2645 5217 2836 5283 mortis
2863 5218 3097 5273 conﬁnio
3125 5218 3299 5273 virum
3331 5233 3491 5272 suum
3526 5214 3760 5272 Dominus

2212 5305 2514 5372 liberasset,
2544 5314 2600 5361 et
2622 5307 2839 5362 sanitati
2868 5308 3211 5363 restituisset.

2285 5395 2421 5451 ltem’
2460 5394 2594 5451 alias
2633 5398 3223 5454 cumbeuedicendum
3265 5398 3437 5452 altare
3484 5398 3538 5452 in
3579 5392 3758 5466 capella

2213 5485 2441 5542 fractum
2488 5486 2554 5542 de
2597 5486 2799 5544 Grandi
2843 5496 3025 5544 monte
3068 5491 3208 5560 apud
3253 5490 3608 5546 Fontanetum
3652 5500 3761 5557 pro-

2211 5586 2459 5647 peraret,
2509 5577 2715 5633 invenit
2755 5579 3032 5634 mulierem
3076 5589 3201 5636 ante
3243 5580 3461 5635 domum
3504 5577 3757 5649 cujusdam

2211 5666 2458 5738 agricolae
2482 5667 2717 5737 graviter
2748 5666 3047 5737 lugentem;
3078 5683 3198 5739 qua:
3239 5683 3400 5740 super
3440 5667 3534 5722 ﬁlii
3576 5666 3758 5720 incom-

2213 5757 2393 5826 modo,
2434 5771 2595 5828 quem
2622 5758 2688 5815 de
2712 5757 3001 5831 longinquo
3040 5774 3203 5817 causa
3245 5760 3525 5830 hospitalis
3549 5758 3611 5813 ad
3632 5767 3750 5828 pra:-
