3918 6316
157 463 246 522 305

915 476 928 485 -
1014 452 1102 509 DE
1138 451 1382 509 GESTlS
1423 450 1634 506 EPISC.
1676 446 2058 505 ANTISSIOD.
2099 472 2170 486 -
2206 443 2387 500 PARS
2423 442 2463 498 1.

3271 440 3378 497 306

157 583 327 635 dictam
370 568 786 629 benedictionem
838 568 1175 634 adduxerat,
1237 564 1695 622 incoasolahiliter
1723 547 1768 604 Λ
1799 561 1989 619 eadem
2019 570 2205 632 crypta
2237 562 2341 616 sito
2372 559 2665 631 assignavit
2695 559 2962 630 stipendia
2993 558 3379 614 servientium:

154 669 379 727 dolebat:
431 681 549 719 nam
589 661 904 719 adolescens
965 661 1022 717 in
1083 671 1236 717 arcto
1300 662 1504 732 positus
1554 660 1695 715 intra

153 759 430 830 praedictam
476 756 687 811 domum
716 754 768 809 in
796 753 1055 809 extremis
1098 752 1401 812 laborabat.
1450 752 1567 819 Quo
1599 769 1696 806 au-

150 853 247 907 dito
287 849 563 919 episcopus
611 848 827 900 domum
876 847 1081 909 intrat,
1143 845 1417 899 infirmum
1470 843 1693 904 visitat.

144 941 274 1009 juxta
313 947 535 993 stratum
583 936 684 991 vile
731 932 949 995 residet,
1001 935 1354 990 adolescentis
1394 934 1598 987 vultum
1641 941 1697 987 ct

147 1032 351 1087 frontem
396 1046 553 1083 manu
600 1038 934 1094 contrectat,
981 1036 1035 1083 et
1080 1027 1396 1100 lacrymosis
1435 1043 1559 1083 eum
1604 1044 1697 1081 vo-

144 1122 276 1176 cibus
321 1117 650 1184 consolatur,
709 1127 763 1172 et
817 1117 884 1171 de
946 1116 1285 1174 confessione
1338 1117 1595 1172 admonet
1640 1126 1696 1172 et

146 1212 389 1265 hortatur.
450 1209 646 1263 Audita
691 1207 1028 1264 confessione
1073 1224 1194 1263 cum
1238 1223 1443 1263 moram
1490 1208 1560 1263 ibi
1609 1207 1691 1261 fa-

142 1311 288 1366 ceret,
329 1308 611 1369 coeperunt
655 1299 703 1353 ei
750 1300 884 1354 socii
931 1300 1010 1354 sui
1055 1300 1255 1364 dicere,
1302 1300 1442 1368 quod
1490 1298 1560 1354 ibi
1605 1314 1694 1354 ca-

140 1391 379 1461 pcliauum
426 1391 701 1446 dimittere
741 1390 1001 1454 deberet,
1048 1391 1139 1460 qui
1188 1390 1402 1444 infirmo
1448 1405 1690 1445 comnm-

139 1484 331 1537 nionem
378 1480 641 1536 Dominici
690 1482 934 1551 corporis
980 1482 1170 1536 daret:
1224 1482 1510 1537 multitudo
1547 1483 1690 1537 enim

138 1572 293 1643 populi
342 1589 464 1628 eum
513 1574 582 1628 ad
632 1572 943 1644 praedictam
996 1573 1255 1642 capellam
1304 1576 1690 1645 exspectabat,

136 1674 179 1718 et
206 1665 307 1734 jam
337 1662 448 1718 fere
474 1673 596 1719 erat
635 1663 740 1720 diei
776 1664 906 1718 hora
937 1666 1088 1734 quasi
1117 1665 1311 1731 tertia;
1341 1664 1536 1736 quibus
1562 1665 1648 1720 ille
1673 1680 1688 1719 :

136 1755 243 1810 lilii
299 1755 430 1812 nihil
494 1756 673 1826 potius
731 1771 892 1825 quam
938 1772 1074 1826 opus
1118 1757 1327 1812 Domini
1383 1757 1687 1828 perficere:

134 1849 257 1904 nullo
294 1850 452 1905 modo
499 1849 626 1904 hinc
668 1850 980 1914 amovebor,
1006 1849 1178 1905 donec
1217 1850 1317 1905 iste
1357 1850 1692 1906 communio-

136 1957 237 1997 nem
274 1942 561 2011 receperit.
628 1940 797 1997 Iussit
847 1944 1031 2012 itaque
1075 1944 1217 2013 quod
1267 1959 1386 2015 ego,
1433 1944 1524 2012 qui
1574 1943 1690 1998 hazc

133 2031 301 2097 scribo,
329 2031 650 2101 palefridum
692 2048 845 2087 suum
892 2035 1260 2099 ascenderem,
1300 2045 1360 2090 ut
1396 2036 1555 2090 citius
1583 2035 1691 2089 via-

132 2122 271 2176 ticum
312 2122 566 2178 all‘crrem
617 2138 645 2176 a
689 2125 948 2195 praedicta
996 2126 1221 2196 capella,
1268 2142 1389 2196 qua:
1429 2125 1543 2181 fere
1585 2141 1692 2181 uno

132 2212 233 2268 inde
271 2213 511 2269 distabat
555 2214 844 2283 milliaria;
873 2217 1015 2286 quod
1057 2227 1116 2270 et
1155 2215 1280 2271 feci.
1327 2217 1465 2272 Cum
1511 2225 1692 2271 autem

132 2305 400 2370 rediissem,
450 2322 562 2361 non
603 2307 708 2361 loci
750 2308 1170 2373 inmunditiam,
1195 2323 1302 2363 non
1332 2308 1530 2363 infirmi
1561 2310 1695 2365 odo-

131 2411 260 2463 rem,
314 2413 415 2453 nec
469 2398 629 2453 strati
676 2397 932 2453 vilitatem
978 2400 1318 2465 abhorrens,
1369 2399 1689 2471 genuﬂexo,

129 2488 312 2544 inﬁrmo
352 2506 523 2546 manu
570 2491 789 2561 propria
834 2490 1085 2546 viaticum
1132 2494 1393 2563 porrexit,
1438 2501 1491 2547 et
1528 2493 1691 2548 bene-

128 2575 336 2634 dictione
380 2582 538 2645 data,
581 2589 634 2635 et
682 2579 864 2636 multis
910 2590 1017 2635 tam
1066 2582 1224 2637 matri
1264 2599 1427 2653 quam
1474 2581 1689 2641 infirmo

129 2668 304 2725 solatiis
340 2671 630 2737 adhibitis,
678 2672 919 2728 recessit.
950 2672 1333 2729 Benedictione
1357 2675 1545 2730 altaris
1574 2690 1688 2744 per.

127 2756 242 2813 {ecta
278 2761 364 2816 vix
407 2762 638 2819 missam
668 2778 957 2834 aggressus
1001 2762 1201 2831 fuerat,
1243 2779 1367 2821 cum
1409 2765 1689 2821 nuntiatur

126 2851 165 2905 ei
205 2854 598 2911 adolescentem
661 2854 811 2910 illum
874 2855 1111 2911 obiisse:
1152 2871 1260 2926 quo
1307 2856 1510 2922 audito,
1563 2872 1687 2912 cum

126 2956 397 3000 sermonem
445 2945 680 3001 haberet
709 2946 776 3017 ad
809 2947 1086 3017 populum,
1115 2955 1260 3003 tanta
1288 2948 1356 3004 de
1384 2964 1449 3005 eo
1476 2947 1687 3005 locutus

125 3042 222 3097 est,
259 3034 394 3104 quod
422 3036 605 3106 quasi
650 3051 842 3090 secure
892 3052 1016 3092 eum
1062 3047 1333 3094 assereret
1370 3038 1483 3109 jam
1528 3039 1684 3095 beata

124 3124 277 3191 quiete
300 3126 534 3196 perfrui.
589 3127 753 3183 Multa
780 3128 885 3183 alia
913 3130 1117 3201 scripto
1149 3139 1206 3186 et
1231 3130 1490 3187 memoria
1520 3131 1683 3201 digna

122 3220 344 3287 vidimus,
371 3230 426 3277 et
457 3220 700 3277 scientes
726 3222 1230 3292 praetermittimus;
1274 3240 1344 3279 ne
1365 3224 1507 3279 forte
1535 3224 1684 3281 fasti-

122 3309 231 3366 diosi
271 3314 576 3369 videamur.
614 3312 766 3368 Nunc
809 3315 873 3370 de
914 3315 994 3370 eis
1040 3331 1161 3385 quae
1197 3316 1452 3372 Ecclesia:
1488 3331 1601 3373 sua:
1633 3326 1690 3373 et

121 3400 218 3455 aliis
251 3403 515 3460 Ecclesiis
560 3404 645 3474 pie
688 3413 743 3460 et
787 3405 1212 3462 misericorditer
1235 3407 1482 3473 contulit,
1512 3422 1686 3478 pauca

121 3491 527 3566 subjungamus:
576 3495 873 3551 Ecclesiam
918 3496 1168 3567 equidem
1209 3498 1368 3553 beato
1410 3498 1686 3569 Stephano

118 3594 315 3650 operoso
355 3583 578 3656 lapideo
612 3586 885 3641 stabulata
930 3587 1169 3658 undique
1207 3588 1546 3658 subtegmine
1576 3588 1685 3642 cir«

117 3674 395 3739 cumdedit,
454 3675 704 3730 anterius
751 3677 1096 3746 pinnaculum
1140 3686 1196 3734 et
1239 3679 1509 3748 posterius
1558 3694 1682 3734 cum

116 3761 272 3820 vitreis
320 3768 387 3821 ad
439 3768 562 3837 ipsa
607 3769 1005 3838 pertinentibus
1057 3770 1221 3837 fecit,
1276 3771 1468 3825 turrim
1511 3770 1679 3826 meri-

115 3853 349 3915 dionalem
378 3875 523 3915 nova
554 3861 832 3916 firmatura
879 3873 934 3917 et
975 3864 1185 3920 decenti
1215 3864 1441 3919 laterum
1471 3873 1677 3922 tectura

113 3950 392 4020 decoravit;
450 3964 619 4010 totam
663 3955 950 4011 ecclesiam
997 3959 1150 4014 novis
1185 3959 1367 4029 tignis,
1413 3952 1675 4026 trabibus,

113 4043 297 4111 tegulis,
342 4053 398 4099 et
448 4044 715 4100 lateribus
754 4045 809 4101 in
854 4057 1011 4116 parte
1055 4049 1346 4119 plumbatis
1377 4051 1675 4122 cooperuit,

112 4143 154 4185 et
187 4147 444 4205 quantum
477 4138 544 4192 ad
573 4139 746 4207 ipsum
790 4138 1047 4208 pertinuit
1072 4143 1397 4208 cameravit;
1436 4151 1705 4214 tempore.

110 4239 190 4277 suo
231 4244 361 4283 nova
406 4228 605 4284 altaria
659 4228 883 4285 fundata
924 4242 1048 4286 sunt
1098 4232 1166 4287 ab
1205 4233 1321 4303 ipso
1366 4242 1420 4289 et
1459 4235 1528 4289 ab
1555 4234 1676 4290 aliis

110 4315 352 4373 incadcm
397 4320 658 4384 ecclesia,
710 4326 763 4373 et
808 4331 1150 4387 consecrata,
1200 4339 1365 4378 unum
1396 4334 1522 4380 autc
1551 4340 1675 4380 cru-

109 4422 228 4471 cem,
254 4411 398 4479 quod
449 4410 567 4479 ipse
595 4411 936 4465 consecravit
980 4414 1032 4467 in
1080 4413 1285 4469 honore
1312 4425 1517 4470 sanctae
1539 4414 1676 4470 Cru-

110 4498 173 4552 cis
195 4509 245 4552 et
290 4502 436 4557 beati
467 4500 691 4557 Joannis
725 4503 1072 4572 evangelista:
1098 4513 1151 4559 et
1192 4506 1365 4561 sancti
1394 4505 1673 4562 Laurentii

108 4594 360 4662 martyris,
409 4603 470 4648 et
511 4604 822 4648 sanctorum
862 4593 1039 4667 (lyrici
1084 4604 1137 4650 et
1175 4595 1350 4651 Julita:
1374 4637 1390 4660 ,
1440 4612 1670 4667 quorum

110 4680 340 4750 reliquias
388 4684 591 4740 ibidem
642 4686 962 4751 recondidit,
1010 4696 1068 4743 ut
1112 4687 1253 4743 beati
1298 4688 1497 4760 Ailgidii
1539 4705 1671 4744 con-

108 4768 325 4837 fessoris,
382 4774 476 4829 ubi
521 4784 574 4829 et
616 4775 752 4831 duos
794 4776 1105 4847 capellanos
1149 4777 1425 4846 instituit,
1478 4780 1569 4849 qui
1620 4779 1675 4834 in

106 4874 407 4931 perpetuum
452 4866 672 4920 missam
717 4865 943 4937 singulis
986 4866 1177 4923 diebus
1205 4867 1544 4925 celebrarent
1574 4885 1674 4940 pro

106 4951 267 5009 anima
311 4954 583 5012 Guidonis
628 4957 842 5012 comitis
882 4970 938 5012 et
979 4967 1389 5015 auteccssorum
1425 4977 1670 5029 suorum,

105 5043 277 5107 quibus
297 5047 598 5116 capellanis
624 5047 693 5103 ab
710 5062 776 5104 eo
798 5049 1039 5105 redditus
1062 5048 1389 5106 sufﬁcientes
1412 5054 1670 5124 assignati

106 5143 232 5187 sunt.
287 5135 467 5191 Unum
500 5138 677 5193 erexit
711 5139 776 5193 de
811 5154 911 5194 suo
940 5140 1003 5195 .in
1043 5152 1229 5213 crypta
1264 5157 1292 5195 a
1324 5153 1479 5212 parte
1510 5146 1676 5201 curia:

108 5221 434 5295 episcopalis,
485 5227 629 5297 quod
681 5236 735 5283 et
785 5230 1128 5284 consecravit
1175 5230 1228 5284 in
1279 5231 1483 5289 honore
1532 5234 1676 5290 beati

108 5307 240 5369 Pauli
287 5318 519 5388 apostoli
565 5327 624 5374 et
670 5329 981 5376 sanctorum
1011 5321 1191 5394 Cyrici
1220 5331 1276 5378 et
1301 5322 1499 5390 Julitze,
1539 5343 1675 5396 quo-

108 5416 209 5458 rum
236 5407 308 5463 ibi
338 5409 579 5481 reliquite
598 5412 984 5477 reconduntur,
1007 5415 1134 5469 etin
1157 5414 1363 5472 honore
1386 5418 1524 5472 beati
1542 5417 1679 5473 Ger—

109 5495 234 5549 mani
249 5498 481 5570 episcopi
505 5511 559 5557 et
578 5501 923 5568 confessoris,
939 5512 991 5556 et
1007 5504 1179 5558 beatae
1204 5503 1385 5561 Maria:
1420 5506 1682 5578 Magdale-

108 5598 207 5650 nm;
233 5588 358 5644 huic
372 5590 523 5648 altari
542 5593 817 5648 deservire
831 5602 1079 5648 tenentur
1101 5597 1348 5653 canonici
1365 5598 1536 5653 beata:
1570 5599 1680 5654 Ma-

109 5675 211 5741 riae,
224 5683 646 5750 etquotidiauam
665 5685 1171 5741 missamcelebrare
1184 5703 1282 5758 pro
1296 5690 1472 5743 anima
1490 5691 1677 5761 ipsius,

109 5775 154 5817 et
178 5786 268 5837 pro
294 5773 467 5827 anima
498 5776 790 5832 Fromundi
837 5768 1017 5833 clerici
1051 5780 1153 5843 sui,
1188 5781 1278 5849 qui
1341 5782 1413 5836 ibi
1464 5783 1678 5852 primus

108 5858 382 5929 assignavit
416 5862 676 5935 redditus;
706 5867 865 5925 altari
890 5870 1029 5926 beati
1078 5869 1305 5928 Andrca:
1352 5874 1577 5944 apostoli
1625 5876 1676 5932 in

1797 653 1951 708 altari
2002 653 2144 709 beati
2194 653 2418 719 Nicolai,
2454 661 2508 707 et
2538 652 2713 707 sancti
2756 650 2970 705 Martini
3010 650 3277 706 concessit
3314 665 3383 705 XL

1796 745 1993 800 solidos
2011 743 2293 800 censuales
2317 758 2440 799 cum
2465 760 2498 798 χ
2535 744 2685 798 libris
2715 758 2853 798 certe
2881 741 2934 797 in
2959 742 3187 798 ecclesra
3224 742 3288 797 D.
3316 743 3383 799 de

1796 836 2057 901 Brucnio;
2100 836 2342 890 ecclesia:
2368 835 2509 890 beati
2538 833 2759 890 Joannis
2792 832 3048 903 Baptista:
3095 849 3215 905 qua:
3244 842 3382 888 tem-

1794 941 1924 997 pore
1948 942 2047 983 suo
2073 943 2103 981 a
2136 927 2412 997 Stephano
2438 926 2646 983 Ollandi
2676 934 2759 982 est
2784 925 3071 987 zedificata,
3095 936 3148 979 ct
3168 926 3238 980 ab
3267 925 3385 996 ipso

1794 1017 2061 1081 dedicata,
2087 1015 2252 1070 multa
2280 1016 2511 1072 contulit
2538 1018 2589 1071 in
2616 1016 2954 1081 aedificando,
2985 1025 3040 1071 et
3072 1016 3139 1071 de
3171 1015 3381 1071 redditu

1794 1108 1939 1164 dedit
1967 1109 2140 1163 cidem
2167 1124 2237 1162 ιι
2264 1106 2484 1172 solidos,
2515 1109 2566 1163 in
2608 1108 2841 1164 ecclesia
2883 1106 2941 1163 S.
2972 1107 3175 1164 Prisca:
3205 1108 3294 1163 ubi
3327 1116 3383 1163 et

1793 1214 1891 1268 per
1918 1199 2092 1269 ipsum
2121 1198 2227 1252 duo
2257 1198 2560 1269 presbyteri
2585 1197 2844 1268 assignati
2897 1206 3023 1253 sunt
3052 1198 3270 1254 assidue
3298 1197 3382 1255 fu-

1794 1288 1901 1342 turi
1926 1305 1939 1353 ;
1964 1287 2204 1343 ecclesia:
2232 1289 2402 1344 beata:
2424 1288 2605 1343 Marha
2627 1289 2773 1345 dedit
2796 1288 3078 1345 ecclesiam
3105 1290 3171 1345 de
3197 1289 3384 1345 Mona-

1794 1380 2027 1436 steriaco
2055 1379 2232 1443 Sicco,
2265 1389 2320 1436 et
2343 1396 2563 1436 ccnsam
2592 1396 2754 1450 quam
2783 1380 3006 1447 habent,
3052 1382 3105 1436 in
3149 1381 3381 1437 ecclesia

1796 1469 1861 1526 de
1891 1470 2129 1526 Blavello
2176 1471 2454 1526 canonicis
2507 1471 2748 1540 ejusdem
2803 1471 3046 1528 ecclesia:
3090 1473 3377 1528 concessit.

1793 1563 2049 1619 Ecclesia:
2096 1564 2155 1618 Β.
2211 1563 2358 1620 Petri
2414 1565 2561 1621 dedit
2600 1565 2881 1621 ecclesiam
2944 1564 3011 1619 de
3040 1563 3274 1631 Venosa,
3324 1571 3380 1619 et

1797 1665 1923 1711 tunc
1950 1656 2019 1712 ibi
2066 1656 2300 1726 primum
2348 1666 2665 1711 manserunt
2696 1656 2975 1722 canonici;
3034 1654 3266 1710 abbatia:
3314 1654 3379 1708 S.

1792 1746 2067 1803 Laurentii
2109 1748 2255 1803 dedit
2281 1747 2566 1804 ecclesiam
2624 1749 2689 1802 de
2744 1747 2911 1818 Cept,
2962 1744 3286 1801 monialibus
3309 1745 3376 1799 de

1793 1839 2122 1894 Crisanuove
2178 1840 2324 1894 dedit
2369 1856 2435 1893 xx
2468 1840 2667 1894 solidos
2693 1838 2999 1903 censuales,
3042 1837 3095 1890 in
3144 1835 3383 1891 ecclesia

1794 1930 1859 1985 de
1890 1929 2284 1994 Monesterello,
2310 1939 2365 1983 et
2395 1930 2741 1984 medietatem
2774 1930 2993 1984 minutae
3039 1927 3260 1984 decima:
3311 1927 3387 1982 de

1792 2020 2082 2092 Lugniaco.
2101 2020 2299 2075 Verum
2322 2035 2483 2089 quam
2511 2020 2728 2090 longum
2751 2028 2894 2075 esset
2914 2033 3235 2074 enumerare
3262 2033 3383 2072 om-

1794 2114 1881 2168 nia
1938 2129 2057 2184 qua:
2107 2111 2363 2168 Ecclesiis
2408 2112 2666 2167 contulit!
2699 2110 3089 2182 Compendiose
3137 2109 3369 2164 dicimus

1795 2206 1937 2275 quod
1962 2205 2107 2260 nulla
2139 2213 2223 2261 est
2256 2204 2307 2259 in
2334 2212 2446 2259 tota
2496 2202 2795 2259 Autissiod.
2838 2202 3098 2273 parochia
3150 2199 3379 2256 ecclesia

1795 2295 2185 2360 courcntualis,
2219 2311 2339 2365 quae
2358 2311 2455 2365 pro
2484 2293 2763 2349 beneﬁciis
2812 2293 2914 2348 sibi
2939 2293 3006 2348 ab
3053 2306 3120 2347 eo
3167 2287 3381 2345 collatis

1795 2404 1901 2444 non
1926 2396 2171 2443 teneatur
2185 2386 2614 2442 anniversarium
2628 2386 2745 2452 eius
2757 2383 3070 2439 solemniter
3081 2380 3293 2437 celebra
3302 2392 3375 2433 re.

1794 2482 1903 2537 Nec
1924 2482 2026 2537 hoc
2056 2481 2338 2536 tacendum
2364 2479 2696 2541 censuimus,
2728 2477 2873 2547 quod
2898 2477 2964 2531 ad
2999 2481 3251 2529 ornatum
3291 2486 3381 2526 ec-

1792 2573 1970 2628 clesia:
2000 2572 2060 2626 Β.
2119 2570 2383 2640 Stephani
2416 2585 2580 2625 unum
2631 2568 2777 2625 dedit
2819 2566 3039 2638 pallium
3081 2564 3376 2635 optimum;

1791 2667 1920 2721 item
1947 2680 2071 2721 cum
2118 2662 2183 2716 ad
2210 2663 2420 2718 curiam
2452 2661 2658 2732 primus
2705 2659 2946 2715 omnium
3004 2656 3379 2725 episcoporum

1789 2757 2189 2813 Gallicanorum
2216 2766 2459 2824 tempore
2485 2751 2800 2808 sehismatis
2845 2749 3112 2810 tenderet,
3135 2745 3187 2799 in
3217 2743 3373 2798 novi-

1791 2856 1902 2904 tate
1930 2846 2276 2919 pontificatus
2306 2845 2386 2900 sui
2414 2842 2650 2914 capitulo
2680 2842 2763 2897 sui
2805 2840 2952 2897 dedit
3006 2839 3173 2893 totius
3221 2839 3379 2892 bene-

1791 2941 1898 2996 ficii
1928 2938 2177 2997 ecclesia:
2208 2939 2274 2993 de
2303 2938 2570 3002 Bacerna,
2597 2934 2887 3008 instituens
2913 2931 3056 3002 quod
3085 2928 3281 2985 feswm
3304 2926 3365 2982 Β.

1788 3032 2002 3088 Martini
2032 3029 2298 3094 hiemalis,
2330 3027 2558 3099 pulsatis
2571 3025 2861 3095 majoribus
2887 3020 3165 3092 campanis
3180 3018 3377 3075 solem-

1785 3128 1927 3184 nitcr
1970 3124 2351 3189 celebrarent,
2408 3130 2465 3176 ct
2511 3117 2937 3175 anniversarium
2990 3112 3230 3184 Hugonis
3277 3108 3375 3166 Se-

1792 3218 2048 3274 nonensis
2076 3214 2316 3283 arehiep.
2343 3212 2532 3266 fratris
2559 3210 2641 3265 sui
2688 3209 2893 3263 honore
2938 3205 3119 3261 debito
3166 3213 3220 3258 et
3247 3217 3377 3257 con-

1791 3309 1954 3380 diguo
1982 3305 2262 3361 annuatim
2288 3310 2515 3375 agerent
2539 3320 2552 3355 :
2591 3309 2778 3371 postea
2805 3313 2929 3354 cum
2957 3312 2988 3351 a
3017 3294 3245 3353 concilio
3271 3292 3376 3347 La-

1791 3399 2066 3457 teranensi
2117 3396 2385 3459 rediisset,
2440 3394 2587 3450 dedit
2641 3406 2860 3447 urceum
2913 3396 3229 3461 argenteum
3279 3401 3376 3440 vm

1788 3492 2133 3549 mareharum
2163 3490 2230 3544 ad
2261 3486 2504 3544 ecclesiae
2535 3494 2811 3551 ornatum,
2836 3492 2893 3539 et
2916 3483 2981 3538 ad
3010 3480 3379 3552 reponeudant

1788 3599 1985 3656 aquam
2007 3582 2367 3640 benedictam.

1856 3675 1980 3731 Fuit
2005 3675 2188 3746 itaque
2216 3682 2455 3742 tempore
2491 3672 2662 3728 beata:
2707 3670 3101 3726 recordationis
3146 3668 3378 3722 Alexan-

1785 3767 1865 3823 dri
1899 3782 2050 3837 papa:
2083 3766 2166 3829 ΙΙΙ,
2202 3772 2463 3835 regnante
2505 3764 2557 3817 in
2606 3762 2777 3818 Gallia
2810 3762 2897 3830 pio
2922 3776 3050 3830 rege
3079 3759 3374 3823 Ludovico,

1783 3859 1875 3931 qui
1899 3872 2020 3913 cum
2044 3858 2112 3912 de
2137 3871 2202 3912 eo
2231 3857 2566 3925 loqueretur,
2600 3853 2938 3923 frequentius
2966 3852 3149 3906 dicere
3185 3850 3376 3904 solitus

1781 3960 1917 4018 erat,
1980 3950 2125 4022 quod
2174 3949 2478 4005 Willelmus
2534 3948 2818 4017 episcopus
2858 3942 3377 3999 Autissiodurensis

1781 4063 1920 4104 unus
1945 4047 2012 4103 de
2039 4044 2356 4100 melioribus
2379 4041 2753 4098 sacerdotibus
2783 4038 2950 4093 totius
2981 4035 3131 4106 regni
3175 4034 3259 4090 sui
3284 4033 3374 4103 ju-

1779 4140 1922 4197 dicio
1949 4147 2003 4194 et
2027 4136 2388 4193 :estimationc
2410 4149 2509 4189 sua
2533 4139 2711 4198 esset;
2742 4128 3180 4202 pervcnitautem
3202 4132 3377 4196 usque

1780 4231 1847 4287 ad
1874 4239 2082 4299 tempus
2108 4227 2200 4282 filii
2226 4225 2345 4297 ejus
2367 4223 2597 4294 Philippi
2645 4230 2700 4278 et
2748 4217 3148 4277 consecrationi
3183 4215 3372 4287 ipsius,

1780 4338 1900 4394 qua:
1931 4322 2115 4376 Remis
2138 4319 2408 4375 celebrata
2436 4326 2542 4377 est.
2571 4312 2837 4379 interfuit,
2860 4325 3002 4366 anno
3028 4324 3057 4364 a
3086 4306 3264 4364 Verbo
3292 4306 3378 4361 in-

1777 4426 2001 4474 carnato
2032 4415 2187 4482 H79,
2221 4416 2272 4468 in
2303 4412 2512 4481 octavis
2533 4410 2774 4466 omnium
2805 4407 3024 4473 Sanct.;
3059 4406 3110 4460 in
3140 4404 3256 4475 ipso
3284 4416 3378 4458 au-

1776 4514 1887 4561 tem
1921 4521 2061 4561 anno
2080 4506 2227 4561 circa
2251 4503 2597 4559 festivitatem
2626 4500 2685 4554 Β.
2715 4498 2947 4568 Remigii
2973 4504 3240 4568 a‘grotare
3263 4507 3377 4550 ca:-

1777 4598 1875 4669 pit,
1903 4607 1958 4652 et
1982 4614 2103 4652 cum
2126 4612 2185 4652 se
2210 4596 2436 4652 sentiret
2461 4602 2728 4665 quartana
2749 4591 2962 4664 gravari
3005 4587 3372 4653 incommodo,

1786 4691 1852 4744 ad
1879 4689 2151 4744 abbatiam
2183 4686 2244 4741 B.
2272 4685 2499 4741 Mariaui
2532 4699 2696 4740 causa
2732 4680 3043 4753 quiescendi
3073 4679 3243 4746 venit,
3267 4678 3372 4733 ibi-

1784 4796 1887 4854 que
1931 4795 2101 4850 usque
2134 4779 2201 4834 ad
2254 4779 2461 4834 obitum
2511 4791 2669 4833 suum
2701 4773 2972 4829 decubuit.
3016 4770 3154 4827 Cum
3190 4777 3373 4824 autem

1783 4875 2064 4945 ingruente
2092 4872 2288 4943 hieme,
2323 4868 2559 4942 graviori
2608 4873 2893 4937 urgeretur
2943 4861 3189 4919 molestia
3222 4860 3374 4916 infir-

1781 4964 2005 5029 mitatis,
2031 4961 2294 5017 advocato
2339 4957 2667 5015 Tbeobaudo
2710 4953 3004 5011 venerabili
3049 4951 3372 5009 Nivernensi

1777 5059 2032 5128 episcopo
2057 5056 2157 5111 sibi
2182 5054 2534 5120 amicissimo,
2560 5061 2615 5108 et
2638 5051 2870 5109 Girardo
2890 5050 3086 5107 abbate
3109 5047 3383 5105 Vtceliaci'

1784 5150 2187 5222 consanguineo
2214 5162 2333 5213 suo,
2362 5155 2417 5203 et
2442 5146 2763 5217 quibusdam
2795 5140 3089 5200 Antissiod.
3116 5138 3372 5197 Ecclesiae

1784 5242 2050 5312 personis,
2073 5249 2128 5295 et
2156 5239 2452 5305 canonicis,
2485 5244 2870 5293 testamentum
2920 5249 3078 5292 suum
3125 5230 3277 5296 fecit,
3316 5238 3372 5285 et

1784 5333 1963 5388 omnia
2010 5346 2128 5402 qua:
2177 5314 2447 5395 habebat,
2487 5336 2595 5397 tam
2625 5329 2679 5384 in
2721 5326 3043 5384 victualibus
3094 5338 3257 5393 quam
3287 5337 3375 5376 ar.

1787 5425 1979 5478 mentis
2001 5432 2056 5477 et
2081 5420 2387 5492 pecoribus,
2424 5419 2580 5474 vendi
2612 5417 2757 5482 fecit,
2807 5424 2862 5471 et
2907 5430 3006 5486 pro
3035 5412 3229 5469 debitis
3256 5410 3373 5467 suis

1787 5514 1959 5569 reddi.
1989 5513 2143 5568 Dedit
2168 5512 2293 5567 item
2340 5509 2413 5565 ibi
2455 5508 2695 5564 ecclesia:
2736 5507 2797 5561 Β.
2850 5503 3109 5576 Stephani
3134 5516 3373 5573 cuppanr

1788 5615 2095 5676 argenteam
2126 5619 2176 5656 Iv
2202 5603 2542 5656 marcharum
2576 5601 2641 5654 de
2671 5600 2815 5653 intus
2846 5606 2899 5652 et
2946 5594 3147 5650 deforis
3171 5609 3368 5664 perop~

1788 5695 1915 5750 time
1936 5696 2269 5758 dcauratam,
2298 5691 2364 5747 ad
2387 5689 2753 5761 reponendum
2784 5688 2836 5742 in
2868 5704 2929 5742 ea
2956 5701 3153 5757 corpus
3183 5687 3339 5741 Domi
3366 5715 3370 5719 ι

1786 5787 1995 5851 nicum;
2057 5785 2202 5840 dedit
2249 5794 2302 5839 et
2359 5781 2633 5838 camuulas
2658 5791 2713 5837 et
2768 5781 2948 5851 pelves
2974 5788 3256 5851 argenteas
3296 5777 3362 5832 ad

1785 5876 2154 5947 quotidianum
2184 5874 2418 5932 cilicium
2452 5874 2639 5929 altaris
2682 5871 2744 5927 Β.
2798 5873 2983 5942 Steph.
3032 5870 3161 5926 Item
3217 5866 3364 5927 dedit
