3918 6316
536 440 641 495 307

1406 444 1677 502 APPEND
1715 446 1805 501 AD
1837 445 2009 502 SEC.
2049 447 2117 501 Χ.
2158 476 2229 487 -
2267 446 2494 501 OPERA
2527 455 2916 504 AAEZIIOTIKA.
3663 445 3746 503 308

536 554 852 615 vestimenta
889 558 1262 624 sacerdotaila,
1284 558 1434 613 albas
1462 559 1594 613 duas
1610 558 1838 612 mirifico
1854 564 2111 626 apparatu
2146 543 2186 599 Α
2217 535 2374 611 θῖείε
2399 557 2599 626 absque
2620 556 2876 612 dilatione
2895 555 3204 612 convocatis
3224 554 3491 621 fratribus,
3506 569 3748 624 personam

537 643 842 713 decoratas,
871 658 993 703 cum
1038 647 1191 703 stolis
1213 658 1268 703 et
1295 649 1579 703 amictibus
1602 647 1875 718 pretiosis,
1896 656 1951 700 et
1974 647 2114 700 tuui-

542 750 663 790 cam
708 751 830 792 cum
870 738 1154 793 dalmatica
1204 748 1258 794 et
1300 738 1521 794 iufnlam
1574 740 1712 792 miro
1762 738 2114 809 auriphrygio

535 835 807 893 ornatam,
853 835 907 882 et
930 828 1116 892 libros,
1138 839 1193 883 et
1218 829 1321 882 alia
1353 845 1473 899 qua:
1505 830 1556 882 in
1585 827 1786 896 capella
1812 843 1908 882 sua
1950 827 2118 881 habe.

533 916 764 973 batcum
804 920 1034 989 cophino
1071 922 1123 974 in
1154 938 1259 992 quo
1287 922 1518 992 reposita
1546 932 1730 986 erant;
1760 920 1907 976 dedit
1950 920 2112 975 etiam

537 1007 966 1079 anriphrygium,
994 1026 1103 1079 quo
1127 1021 1249 1081 post
1277 1013 1482 1066 obitum
1509 1010 1624 1080 ejus
1645 1012 2116 1066 decenterornatte

534 1096 1118 1168 fueruntdnaeinfuhe;
1171 1103 1401 1159 abbatite
1430 1118 1577 1166 vero,
1633 1104 1688 1158 in
1734 1118 1838 1173 qua
1879 1103 2112 1173 iacebat,

533 1188 682 1244 dedit
701 1206 767 1246 χι.
797 1192 998 1248 solidos
1025 1195 1306 1249 censuales
1336 1195 1387 1249 iu
1415 1193 1640 1250 ecclesia
1668 1196 1733 1250 de
1760 1194 2036 1265 Lugniaco
2062 1201 2117 1247 et

534 1282 602 1335 de
628 1280 852 1348 Melius;
885 1284 1107 1338 delerat
1135 1295 1315 1339 autem
1339 1286 1512 1341 cidem
1537 1286 1780 1343 ecclesize
1810 1286 1957 1356 prius
1981 1284 2118 1339 mul-

533 1380 586 1425 ta
615 1370 739 1436 alia,
764 1373 1108 1428 medietatem
1135 1375 1386 1430 videlicet
1410 1391 1584 1431 censze
1612 1375 1888 1444 Vinceilis,
1920 1385 1977 1431 et
2010 1386 2121 1431 ter-

533 1474 626 1514 ras
650 1477 787 1531 quas
807 1464 947 1531 apud
990 1460 1319 1533 Tangiacum
1370 1467 1483 1536 ipse
1510 1475 1733 1531 emerat,
1768 1476 1824 1521 et
1871 1467 2115 1537 qumdam

533 1551 635 1604 alia
666 1552 805 1606 infra
833 1562 888 1607 et
911 1564 1062 1609 extra
1093 1571 1277 1610 muros
1307 1557 1560 1612 civitatis.
1591 1557 1738 1613 Vixit
1765 1568 1965 1623 autem,
2009 1559 2118 1614 imo

531 1644 717 1698 verius
741 1645 793 1698 in
819 1645 1136 1701 infirmitate
1181 1647 1465 1715 laboravit,
1502 1658 1557 1704 et
1589 1650 1962 1720 paenitentiam
2007 1651 2117 1721 egit

537 1749 708 1804 usque
733 1736 799 1791 ad
833 1736 993 1792 linem
1042 1738 1356 1794 Februarii:
1389 1742 1636 1812 quamvis
1676 1742 1821 1797 enim
1875 1742 1948 1797 ita
1979 1751 2123 1799 atte-

535 1834 732 1881 nuatus
752 1834 896 1881 esset
927 1837 1091 1898 atque
1110 1829 1444 1896 debilitatus,
1473 1831 1614 1900 quod
1639 1847 1741 1886 nec
1763 1847 1926 1901 super
1953 1835 2117 1902 pedes

2221 648 2528 713 honestam,
2559 647 2871 711 litteratam,
2902 645 3042 701 bene
3080 645 3450 716 mnrigeratam
3501 644 3748 715 eligerent:

2222 754 2342 792 nam
2367 752 2516 792 mora
2548 738 2800 793 diuturna
2830 738 2910 792 eis
2937 738 3193 791 damnosa
3241 749 3361 790 esse
3389 745 3584 806 poterat
3614 746 3752 805 etpe-

2222 826 2474 882 ricelosa.
2493 825 2721 897 Rogavit
2748 827 2901 891 item,
2930 826 3070 895 quod
3096 826 3147 879 in
3170 824 3443 880 vilioribus
3466 824 3754 879 vestimentis

2221 918 2667 983 sacerdotalibus,
2697 934 2816 989 qua:
2838 920 2889 973 in
2921 919 3145 974 ecclesia
3175 918 3314 974 beati
3337 916 3581 988 Stephani
3609 927 3754 985 erant,

2221 1007 2555 1077 sepeliretur.
2586 1008 2736 1065 Tunc
2762 1010 2813 1065 in
2845 1010 2962 1066 lucc
2996 1012 3157 1065 verba
3204 1026 3325 1065 cum
3374 1026 3554 1081 magno
3589 1011 3755 1081 ejulatu

2220 1100 2499 1168 prorupit:
2522 1099 2612 1155 Ille
2639 1116 2823 1156 veram
2851 1118 3035 1172 pacem
3064 1102 3217 1156 vobis
3240 1103 3639 1157 misericorditer
3655 1119 3759 1158 con-

2222 1186 2401 1251 cedat,
2426 1190 2517 1258 qui
2546 1204 2856 1246 recessurus
2878 1205 2908 1244 a
2948 1190 3220 1261 discipulis
3247 1190 3450 1261 inquit:
3496 1190 3669 1245 Ριςοειιι
3694 1208 3758 1245 rc-

2222 1277 2398 1348 linquo
2419 1282 2578 1346 vobis,
2607 1297 2786 1351 pacem
2815 1298 2983 1336 meum
3010 1282 3077 1336 do
3103 1282 3264 1346 vobis,
3296 1291 3349 1335 et
3370 1282 3447 1336 sic
3470 1281 3597 1337 facta
3624 1296 3759 1353 gene-

2227 1369 2325 1425 rali
2355 1370 2710 1438 confessione,
2770 1372 3247 1430 intercessionibus
3302 1373 3372 1427 ab
3410 1372 3488 1428 eis
3515 1372 3759 1443 impetrata

2222 1469 2276 1515 et
2302 1460 2659 1529 absolutione,
2690 1463 2810 1517 data
2839 1463 3233 1527 benedictione,
3263 1477 3358 1518 eos
3386 1461 3597 1518 dimisit.
3647 1461 3761 1516 Nihil

2226 1550 2350 1605 item
2378 1552 2446 1606 de
2472 1552 2906 1622 contingentibus
2929 1553 3183 1607 omittere
3209 1551 3414 1619 volens,
3441 1552 3761 1608 Senonensetn

2224 1639 2590 1696 venerabilem
2621 1642 2907 1711 prmsulem
2932 1642 3231 1699 Guidoncm
3271 1659 3367 1714 per
3388 1645 3593 1699 nuntios
3613 1660 3765 1699 accer-

2223 1729 2370 1795 sivit,
2402 1731 2681 1787 humiliter
2708 1732 3081 1804 supplicando,
3112 1741 3171 1788 ut
3215 1733 3383 1789 exitui
3416 1748 3511 1789 suo
3542 1733 3764 1787 interesse

2225 1820 2573 1893 dignaretur;
2603 1823 2693 1892 qui
2726 1838 2825 1893 pro
2850 1823 3074 1893 pietate,
3100 1838 3203 1893 qua
3231 1832 3370 1888 erat,
3402 1824 3620 1894 negotiis
3645 1832 3765 1892 post-

533 1922 699 1979 stare,
723 1930 824 1970 nec
845 1931 874 1969 τι
897 1885 1037 1977 lecti)
1063 1933 1288 1989 surgere
1310 1885 1509 1990 posset:
1533 1885 1915 1976 αυειίηεηιίξηη
1941 1885 2121 1976 {amen
2156 1885 2198 1944 θ
2228 1912 2426 1969 habitis
2452 1913 2516 1967 ad
2544 1913 2718 1983 ipsqu
2755 1914 3108 1983 prosperavit,
3131 1924 3187 1970 et
3212 1929 3337 1969 eum
3363 1914 3533 1969 adhuc
3554 1914 3765 1983 spiritan-

534 2009 748 2059 sohtam
775 2008 1098 2065 omnimodis
1126 2010 1470 2065 observabat.
1498 2010 1630 2065 Nam
1668 2020 1776 2066 tota
1804 2011 2117 2083 Quadi-age-

537 2093 696 2160 sima,
721 2110 751 2148 a
783 2096 921 2153 fe5to
950 2098 1198 2153 videlicet
1244 2101 1305 2155 B.
1358 2099 1570 2155 Martini
1612 2117 1785 2171 usque
1831 2102 1898 2157 ad
1943 2100 2120 2156 Nativ.

539 2180 752 2236 Domini
781 2184 1019 2254 quotidie
1029 2185 1281 2254 jejunans
1307 2187 1745 2246 nullumomnino
1767 2191 1949 2247 cibum
1978 2206 2126 2247 sum-

540 2274 667 2344 psit,
698 2275 802 2330 nisi
841 2279 1382 2348 quadragesimalem.

607 2366 819 2422 interea
864 2377 1015 2424 tanta
1043 2378 1164 2425 erat
1196 2371 1530 2427 visitantium
1576 2372 1862 2428 multitudo
1909 2380 1965 2429 et
2014 2372 2125 2428 fre-

538 2456 777 2527 quentia,
804 2459 1132 2527 quodetiam
1175 2460 1371 2531 aliquis
1411 2477 1576 2518 sanus
1619 2474 1674 2518 et
1726 2463 2011 2519 incolumis
2035 2464 2121 2518 vix

536 2558 630 2601 eos
651 2548 920 2603 sustinere
955 2558 1167 2618 posset;
1199 2550 1312 2621 ipse
1341 2559 1542 2619 tamen,
1571 2552 1947 2622 quamvisjam
1969 2554 2124 2623 quasi

537 2637 684 2690 omni
715 2638 960 2708 corporis
988 2638 1174 2711 vigore
1197 2640 1513 2707 destitutus,
1541 2657 1731 2698 omnes
1757 2657 1879 2698 cum
1918 2644 2124 2698 honore

540 2725 710 2797 recipi
741 2728 1105 2799 praecipiebat,
1155 2738 1211 2785 et
1235 2731 1487 2787 omnibus
1515 2732 1723 2803 gratias
1760 2748 1929 2803 agens
1952 2734 2127 2805 lacry-

539 2816 708 2872 mosis
739 2810 959 2874 vocibus
987 2820 1350 2891 supplicabat,
1396 2830 1668 2893 quatenus
1697 2838 1795 2894 pro
1834 2824 1951 2893 ipso
1981 2823 2124 2894 apud

540 2907 827 2962 Dominum
850 2909 1270 2977 intercederent,
1283 2922 1342 2967 ut
1360 2913 1501 2967 bono
1515 2912 1620 2968 fine
1635 2923 2120 2970 consummaretur:

543 2996 851 3065 huiusmodi
898 3000 1044 3054 enim
1074 3002 1298 3056 verbum
1327 3009 1381 3056 et
1422 3001 1479 3056 in
1529 3001 1867 3066 infirmitate,
1916 3012 2122 3059 etcum

541 3103 710 3144 sanius
735 3097 904 3155 esset,
936 3089 1275 3161 frequentius
1309 3091 1365 3147 in
1393 3107 1490 3147 ore
1515 3092 1631 3162 ejus
1654 3093 1994 3157 versabatur.
2021 3093 2121 3148 bo-

542 3191 673 3231 nam
725 3178 929 3233 exitum
957 3193 987 3234 a
1033 3180 1260 3236 Domino
1309 3189 1518 3236 tantum
1571 3181 1769 3238 debere
1798 3184 1944 3250 peti;
1978 3183 2121 3238 unde
2151 3233 2192 3252 η

539 3266 815 3322 multoties
843 3269 1145 3325 audivimus
1170 3285 1292 3326 cum
1320 3286 1586 3342 pauperes
1613 3282 1707 3328 aut
1728 3271 1820 3327 alii
1842 3268 1957 3327 dies
1988 3272 2124 3327 mul-

541 3366 629 3413 tos
654 3357 798 3424 vita,
822 3361 1233 3430 prosperitatem
1250 3372 1341 3417 aut
1366 3366 1677 3420 continuam
1698 3365 1746 3421 ei
1774 3373 2128 3435 precarentur

543 3451 788 3520 corporis
813 3454 1122 3517 sanitatem,
1151 3455 1357 3511 aiebat:
1376 3454 1494 3513 Non
1522 3458 1624 3513 hoc
1643 3474 1673 3512 a
1698 3458 1923 3513 Domino
1942 3468 2127 3529 petere

541 3542 765 3608 debetis,
823 3545 917 3599 sed
952 3554 1179 3609 tantum,
1212 3550 1355 3619 quod
1387 3550 1559 3606 bonus
1601 3548 1671 3605 sit
1724 3552 1904 3607 exitus
1941 3567 2122 3608 meus:

540 3632 654 3687 sola
702 3633 908 3702 itaque,
936 3644 1210 3704 superstes
1256 3638 1469 3708 Spiritu,
1519 3648 1677 3695 terra:
1711 3640 1973 3710 particula
2010 3638 2125 3709 jam

538 3730 803 3786 emortua,
834 3738 1110 3793 nunquam
1147 3734 1326 3780 tamen
1375 3726 1447 3781 ab
1487 3728 1731 3784 oratione
1781 3745 2004 3796 vacans,
2048 3729 2128 3787 sic

537 3809 803 3865 laboravit
828 3827 1000 3882 usque
1024 3814 1092 3869 ad
1107 3812 1270 3869 finem
1290 3813 1591 3872 Februarii.
1617 3816 1767 3874 Tunc
1787 3818 1946 3875 tinem
1968 3835 2125 3876 suum

537 3903 970 3973 appropinquare
997 3920 1295 3976 agnoscens
1319 3906 1583 3964 familiam
1615 3925 1768 3965 suam
1792 3921 1920 3966 ante
1951 3927 2009 3966 se
2032 3912 2127 3970 ad-

539 4002 787 4049 vocatam
816 3994 1046 4050 absolvit
1083 3996 1151 4051 ab
1173 3997 1424 4053 omnibus
1453 4014 1574 4068 qua:
1605 4000 1657 4053 in
1687 4015 1809 4054 eum
1840 4002 2127 4057 commise-

536 4093 683 4153 rant,
713 4093 768 4138 et
795 4086 865 4141 ab
913 4086 994 4140 eis
1049 4102 1108 4141 se
1136 4087 1339 4142 absolvi
1370 4089 1684 4159 suppliciter
1712 4106 1834 4145 cum
1872 4092 2127 4165 lacrymis

535 4174 859 4245 postulavit:
884 4190 1050 4243 pauca
1078 4176 1263 4241 etiam,
1292 4192 1412 4246 qua:
1457 4176 1558 4233 sibi
1592 4179 1805 4233 residua
1828 4189 2004 4246 erant,
2033 4196 2129 4236 au-

535 4265 694 4321 nulos
721 4265 972 4320 videlicet
995 4281 1123 4321 suos
1152 4267 1447 4335 distribuit,
1476 4278 1531 4325 et
1550 4270 1810 4327 advocato
1838 4272 2045 4329 decano
2072 4284 2130 4331 et

536 4355 773 4427 capitulo
803 4372 922 4422 suo,
953 4358 1020 4412 ad
1058 4357 1255 4413 lectum
1282 4375 1461 4428 suum,
1496 4361 1654 4416 finem
1687 4378 1844 4418 suum
1871 4366 1951 4420 eis
1980 4380 2129 4421 com-

539 4446 837 4514 mandavit,
866 4447 1020 4501 valde
1042 4464 1383 4519 conquerens
1407 4460 1462 4506 et
1489 4448 1674 4508 dicens
1694 4469 1752 4509 se
1779 4456 1942 4511 tantis
1961 4470 2125 4511 occu-

2230 2009 2334 2057 tem
2366 2002 2586 2059 invenit.
2613 2003 2747 2058 Cum
2773 2020 2901 2059 vero
2925 2004 2991 2059 de
3018 2002 3360 2059 confessione
3384 2013 3438 2058 et
3475 2002 3767 2059 absolutione

2227 2095 2473 2165 quamvis
2500 2096 2775 2151 multoties
2794 2095 2946 2162 alias,
2981 2106 3108 2151 tunc
3149 2104 3327 2150 tamen
3356 2095 3611 2165 prmcipuc
3636 2102 3683 2147 et
3704 2102 3769 2145 at-

2228 2186 2451 2251 tentius,
2482 2195 2540 2239 ut
2588 2200 2679 2241 res
2698 2185 2963 2255 exigebat,
2997 2185 3207 2242 locutus
3236 2193 3354 2250 est;
3382 2185 3493 2254 ipse
3519 2182 3665 2238 etiam
3693 2195 3768 2234 ne-

2225 2285 2378 2347 potes
2398 2285 2453 2332 et
2481 2275 2739 2331 familiam
2767 2292 2917 2332 suam
2949 2287 3203 2347 tanquam
3241 2274 3458 2331 domino
3485 2281 3539 2329 et
3581 2286 3770 2327 consan-

2226 2368 2420 2438 guineo
2445 2383 2543 2422 suo
2570 2368 2992 2434 commendavit,
3022 2384 3160 2439 quos
3184 2367 3238 2422 iu
3260 2366 3563 2438 patrocinio
3594 2380 3679 2419 suo
3699 2362 3772 2417 be~

2226 2459 2386 2528 uigue
2419 2459 2676 2529 suscepit,
2708 2458 2928 2528 etquod
2973 2474 3248 2527 nunquam
3284 2456 3368 2511 eis
3407 2456 3606 2511 deesset
3644 2467 3772 2522 spon-

2228 2561 2381 2604 tanee
2396 2549 2674 2619 promisit;
2697 2548 2748 2603 in
2766 2559 2921 2604 nocte
2940 2547 3208 2619 sequenti,
3224 2563 3350 2602 cum
3367 2545 3661 2600 infirmitate
3677 2556 3773 2610 gra-

2225 2641 2346 2696 vius
2371 2639 2532 2696 solito
2561 2650 2866 2711 urgeretur,
2887 2640 3218 2708 qumsierunt
3249 2639 3318 2693 ab
3346 2651 3410 2692 eo
3432 2635 3532 2700 sui,
3563 2632 3773 2687 utrumin

2226 2732 2409 2787 cinere
2450 2740 2505 2787 et
2528 2730 2726 2795 cilicio,
2749 2730 2888 2786 sicut
2926 2729 3085 2785 decet
3105 2726 3499 2793 Christianum,
3535 2724 3676 2779 vellet
3698 2720 3775 2775 ob-

2226 2823 2325 2887 ire,
2354 2824 2496 2894 quod
2516 2822 2629 2892 ipse
2644 2836 2795 2885 voce,
2811 2821 2913 2890 qua
2955 2818 3148 2890 potuit,
3172 2826 3228 2874 et
3238 2827 3396 2889 gestu
3417 2815 3616 2879 annuit,
3634 2821 3682 2869 et
3701 2825 3776 2880 po-

2224 2913 2417 2984 poscit,
2434 2914 2677 2969 etcrucis
2697 2912 3048 2981 impressione
3071 2926 3130 2966 se
3144 2918 3203 2964 ut
3231 2910 3408 2980 potuit
3424 2903 3776 2974 munieusejus.

2226 3005 2346 3059 dem
2372 3006 2551 3059 crucis
2566 3003 2842 3074 signaculo
2872 3002 3089 3057 dextera
3106 3008 3259 3071 parte
3290 2999 3499 3053 elevata
3534 2995 3649 3052 illud
3678 2992 3778 3047 uiti-

2227 3110 2368 3148 ntum
2382 3104 2606 3147 Siratutu
2632 3091 2965 3160 cousignavit
2981 3108 2996 3147 :
3013 3091 3198 3158 sicque
3224 3089 3294 3142 ibi
3308 3089 3539 3158 positus,
3558 3100 3665 3139 cum
3681 3079 3776 3135 reli-

2225 3185 2359 3254 giosi
2387 3193 2442 3237 et
2462 3182 2663 3248 clerici,
2692 3182 2782 3250 qui
2803 3182 3049 3245 aderant,
3065 3178 3282 3233 litanias
3304 3186 3361 3232 et
3388 3175 3683 3247 psalterium
3705 3168 3777 3221 de

2227 3281 2533 3337 cantarent,
2545 3272 2776 3342 quandiu
2791 3272 2964 3342 potuit
2976 3286 3098 3327 cum
3115 3270 3242 3339 ipsis
3258 3268 3537 3339 psallebat;
3552 3267 3681 3320 circa
3694 3274 3777 3314 me.

2227 3363 2367 3418 diam
2392 3350 2756 3417 noctem'cum
2786 3370 3085 3417 conventus
3126 3360 3422 3415 tiatutinos
3459 3359 3777 3412 decantasset.

2226 3456 2293 3511 ad
2340 3471 2463 3510 eum
2510 3454 2839 3510 visitandum
2870 3454 3036 3520 venit,
3086 3461 3142 3506 et
3192 3451 3246 3506 in
3288 3459 3577 3521 conspectu
3624 3458 3778 3499 eorum

2226 3544 2408 3601 emisit
2438 3544 2712 3615 spiritum.
2745 3544 2879 3598 Cum
2914 3554 3093 3598 autem
3135 3557 3332 3612 corpus
3375 3540 3493 3611 ejus
3529 3538 3777 3630 lavaretur,

2227 3633 2490 3704 cmpimus
2535 3632 2626 3703 qui
2658 3633 2944 3688 aderamus
2985 3632 3123 3685 ultra
3171 3646 3337 3700 quam
3378 3629 3482 3684 dici
3510 3632 3672 3697 potest
3703 3636 3781 3674 nu-

2192 3786 2193 3789 ,
2228 3723 2376 3789 rari,
2403 3722 2672 3792 siquidem
2719 3723 2785 3777 de
2833 3736 2972 3777 novo
3021 3720 3224 3792 ejulare
3257 3735 3424 3789 super
3469 3711 3707 3787 stupenda
3738 3714 3781 3760 et

2228 3814 2469 3869 inaudita
2496 3813 2613 3884 ejus
2651 3812 3050 3878 attenuatione;
3078 3820 3240 3866 totam
3272 3809 3469 3877 faciem
3489 3806 3601 3875 ejus
3625 3810 3673 3856 et
3689 3797 3781 3852 vul-

2230 3912 2342 3957 tum
2371 3903 2613 3959 balsamo
2658 3901 3032 3972 peruuximus,
3080 3912 3137 3954 et
3173 3906 3462 3970 postquam
3493 3895 3691 3949 indutus
3718 3894 3783 3938 est

2227 3994 2652 4051 sacerdotalibus
2689 4002 2744 4048 et
2783 3992 3180 4063 pontificalibus
3233 3989 3482 4061 insiguiis
3527 3987 3592 4041 ad
3639 3979 3783 4038 eccle-

2229 4085 2363 4140 siam
2389 4100 2511 4140 eum
2552 4083 2874 4138 detulerunt.
2905 4083 2960 4139 In
2998 4083 3239 4138 crastino
3261 4090 3500 4152 quantus
3538 4076 3686 4132 fuerit
3715 4072 3781 4124 lu-

2229 4184 2349 4231 ctus
2388 4175 2549 4231 totius
2572 4175 2829 4240 civitatis,
2862 4175 3050 4245 quanti
3090 4173 3324 4245 gemitus
3355 4181 3412 4226 et
3449 4171 3669 4225 lamenta
3693 4162 3783 4217 fere

2228 4267 2471 4322 omnium
2529 4267 2952 4332 adventantium,
2984 4281 3091 4319 non
3130 4272 3215 4319 est
3250 4262 3408 4317 facile
3441 4262 3600 4316 dictu.
3632 4256 3781 4323 Appa-

2230 4358 2383 4413 rebat
2414 4357 2527 4428 jam
2568 4356 2621 4412 in
2670 4372 2736 4412 eo
2779 4357 2935 4426 quasi
2973 4356 3180 4427 species
3219 4354 3394 4408 beat-.e
3425 4351 3653 4423 quietis:
3683 4358 3782 4398 nant

2229 4449 2409 4505 vultus
2455 4450 2594 4520 ejus,
2642 4458 2698 4504 ut
2738 4436 2936 4504 assolet
2982 4463 3101 4506 esse
3139 4456 3497 4511 mortuorum,
3532 4442 3666 4497 nullo
3689 4442 3785 4492 erat

534 4543 721 4607 patum
743 4536 908 4594 fuisse
935 4539 1075 4608 quod
1124 4554 1230 4595 non
1258 4541 1425 4596 multa
1453 4543 1534 4597 eis
1562 4544 1698 4600 bona
1727 4545 2052 4613 contulerat,
2074 4557 2128 4603 et
2153 4578 2207 4638 Β
2231 4541 2435 4610 pallore
2455 4541 2714 4608 i‘uscatus,
2735 4542 2828 4596 sed
2856 4541 2927 4595 ita
2948 4554 3170 4595 serenus
3190 4546 3244 4593 et
3262 4537 3417 4607 quasi
3449 4529 3782 4590 rubicundus,

539 4637 721 4683 tamen
756 4644 815 4684 se
867 4629 940 4683 ita
988 4644 1115 4700 erga
1144 4631 1288 4699 ipsos
1319 4631 1589 4699 habuisse,
1619 4636 1763 4704 quod
1789 4650 1980 4705 parum
2033 4646 2128 4693 aut

537 4719 674 4774 nihil
724 4720 1035 4776 detrimenti
1066 4722 1146 4778 eis
1183 4723 1494 4793 irrogasset,
1538 4726 1632 4781 sed
1684 4741 1872 4783 omnes
1912 4728 2126 4783 sincera

536 4812 818 4868 dilexisset
838 4814 1120 4870 charitate.
1154 4813 1220 4870 Ut
1245 4825 1421 4870 tamen
1450 4819 1709 4873 memoria
1730 4817 1844 4888 ejus
1872 4820 2011 4889 apud
2032 4835 2128 4877 eos

539 4901 597 4957 in
624 4910 942 4973 perpetuum
970 4904 1283 4972 haberetur,
1318 4904 1466 4961 dedit
1496 4907 1577 4962 eis
1611 4908 1681 4962 ibi
1727 4908 2012 4963 ecclesiam
2063 4908 2121 4964 S.

540 4991 735 5061 Prisci,
772 4994 844 5049 ita
882 4995 1026 5065 quod
1059 5005 1276 5052 centum
1307 4997 1464 5052 solidi
1484 4998 1549 5053 de
1580 5013 1740 5054 censa
1771 4997 2013 5068 ejusdem
2040 5015 2126 5058 ec-

541 5083 719 5138 clesia:
768 5084 1046 5139 annuatim
1093 5087 1461 5143 dividerentur
1511 5089 1564 5143 in
1607 5089 1977 5146 anniversario
2031 5107 2133 5148 suo

539 5173 820 5243 mqualiter
854 5175 1129 5231 canonicis
1154 5186 1207 5231 et
1229 5179 1565 5250 presbyteris
1614 5180 1678 5234 de
1707 5182 1876 5236 choro
1902 5180 1963 5235 Β.
2008 5180 2131 5237 Ste-

539 5265 705 5336 phani
729 5266 823 5337 qui
841 5268 1061 5323 servitio
1088 5268 1432 5324 interessent.
1486 5270 1708 5327 (laeteris
1740 5286 1868 5327 vero
1891 5272 2128 5342 clericis,

542 5366 704 5428 prout
730 5369 1090 5429 opportunum
1143 5360 1441 5426 videretur,
1477 5370 1532 5415 et
1562 5362 1837 5418 residuum
1878 5365 2132 5435 pauperi-

544 5450 648 5506 bus
670 5461 1007 5521 erogaretur,
1040 5452 1239 5508 ibidem
1270 5454 1435 5524 cocpit
1464 5469 1558 5509 eos
1576 5470 1698 5509 cum
1732 5454 1986 5525 lacrymis
2017 5472 2134 5510 mo-

548 5554 680 5595 nere
702 5550 758 5596 et
782 5541 1078 5608 exhortari,
1105 5558 1171 5599 ne
1192 5544 1334 5599 inter
1366 5559 1460 5600 eos
1486 5544 1768 5602 discordiae
1796 5546 1878 5599 vel
1919 5544 2133 5601 invidia:

549 5644 648 5686 seu
676 5631 982 5688 schismatis
1023 5635 1385 5704 perniciosum
1436 5636 1698 5706 irreperet
1726 5636 2009 5707 ﬂagitium,
2040 5637 2135 5692 sed

552 5723 741 5779 Statim
767 5736 832 5778 eo
856 5725 1065 5795 sepulto
1088 5742 1269 5798 regem
1300 5729 1530 5796 adirent,
1556 5728 1764 5783 obitum
1794 5744 1948 5783 suum
1998 5744 2136 5784 uun-

549 5810 772 5879 tiaturi,
796 5820 850 5869 et
870 5812 1104 5869 debitam
1125 5816 1351 5890 eligendi
1380 5817 1650 5875 licentiam
1674 5818 1741 5873 ab
1788 5834 1852 5874 eo
1890 5817 2134 5890 petituri,

2230 4635 2373 4704 quod
2397 4633 2803 4688 advenientibus
2825 4633 2911 4687 ille
2932 4633 3111 4702 potius
3133 4631 3373 4686 dormire
3392 4644 3552 4700 quam
3576 4631 3784 4718 mortuus

2229 4740 2350 4779 esse
2396 4722 2688 4777 videretur.
2732 4721 2911 4776 Missis
2951 4719 3181 4775 cantatis
3208 4761 3223 4785 ,
3266 4727 3488 4788 peracto
3539 4714 3782 4779 obsequiO.

2230 4815 2517 4885 praedictus
2546 4813 2981 4883 archiepiscopus
3016 4812 3292 4867 humiliter
3318 4824 3495 4878 genua
3528 4813 3647 4862 ante
3672 4800 3785 4854 fere-

2232 4917 2374 4963 trum
2407 4907 2649 4973 ilecteus,
2689 4907 2962 4962 osculatus
2984 4916 3068 4962 est
3089 4906 3431 4961 chirothecas
3475 4901 3661 4973 quibus
3688 4908 3781 4948 ma-

2230 5014 2332 5053 nus
2377 4997 2493 5067 ejus
2522 4996 2771 5052 involutae
2797 5008 2974 5064 erant,
3016 5008 3069 5053 et
3099 4997 3341 5053 sandalia
3386 4996 3578 5067 pedum
3623 4989 3781 5060 ipsius.

2231 5089 2373 5160 quod
2418 5100 2471 5144 ct
2513 5090 2664 5145 multi
2717 5100 2960 5145 nostrum
3007 5089 3251 5153 fecimus,
3283 5096 3338 5144 et
3369 5090 3450 5143 sic
3479 5086 3672 5156 primus
3694 5075 3784 5146 rpi~

2231 5195 2515 5249 scoporum
2540 5179 3089 5235 Antissiodoreusium
3135 5179 3376 5248 sepultus
3421 5188 3505 5232 est
3541 5181 3591 5231 in
3624 5172 3783 5228 eadem

2230 5271 2459 5328 ecclesia
2488 5281 2611 5327 ante
2640 5272 2815 5343 majus
2842 5274 3012 5326 altare
3051 5287 3082 5325 a
3119 5281 3270 5342 parte
3292 5270 3514 5326 sinistra
3539 5267 3681 5335 juxta
3703 5275 3784 5331 pa-

2232 5362 2443 5418 rietem.
2472 5362 2663 5417 Postea
2685 5362 2858 5433 Ilugo,
2882 5362 3209 5418 Senouensis
3237 5362 3657 5418 archidiaconus,
3688 5353 3783 5423 ejus

2235 5467 2423 5523 nepos,
2468 5454 2797 5524 sepulturam
2831 5455 2964 5510 satis
2999 5455 3280 5510 honestam
3322 5468 3487 5522 super
3524 5465 3639 5505 eum
3678 5441 3784 5498 :edi-

2235 5541 2387 5598 ficari
2424 5541 2568 5598 fecit.
2601 5542 2825 5598 Vacavit
2845 5554 3024 5598 autem
3051 5544 3391 5615 episcopatus
3419 5556 3559 5597 anno
3584 5538 3780 5604 integro.

2237 5634 2512 5690 mensibus
2537 5635 2744 5700 decem,
2772 5635 2961 5690 diebus
3001 5650 3212 5689 novem.

2462 5726 2591 5781 Car.
2631 5725 2807 5781 LVIII.
2832 5757 2900 5765 -
2921 5725 3000 5781 De
3038 5725 3259 5798 [fugane
3293 5724 3355 5779 de
3388 5722 3613 5779 Νοετίἰε.

2311 5808 2466 5889 llugo
2491 5817 2556 5872 de
2587 5814 2795 5873 Noeriis
2824 5818 2963 5873 sedit
2995 5816 3047 5872 iu
3077 5816 3383 5889 episcopatu
3414 5811 3567 5868 annis
3592 5804 3781 5865 circiter
