3910 5336
210 179 295 235 309
1076 180 1163 241 ne
1199 186 1444 246 assus
1478 190 1690 261 EPISC.
1732 165 2112 260 Aamsston.
2151 237 2215 249 -
2236 207 2416 267 rans
2451 209 2491 266 l.

3309 219 3414 277 510

206 295 277 361 24,
311 310 367 349 ex
402 295 722 353 tltesaurario
773 309 1081 371 assumptus
1136 304 1189 358 in
1237 307 1543 377 episcopum
1592 324 1733 364 anno
1762 290 1808 346 Α
1838 315 1992 382 ficus,
2020 330 2190 390 eoque
2234 322 2377 379 circa
2422 323 2565 381 illam
2611 326 2825 385 fervore
2854 331 3101 398 ardebat.
3132 344 3191 389 ut
3223 336 3287 392 ad
3318 352 3414 393 ca-

207 384 380 440 Domini
406 384 616 441 circnter
646 386 800 452 “85,
826 390 968 446 circa
998 393 1422 462 purificationem
1456 398 1515 452 Β.
1553 399 1734 455 Mariae
1834 406 2054 476 piendas
2074 410 2379 483 vulp‘eculas
2427 432 2548 487 quin
2573 418 2941 477 demoliuntur
2961 425 3174 481 vineam
3198 427 3410 485 Domini

204 476 419 549 virginis;
456 479 535 532 vir
557 479 769 548 quidem
814 485 1093 554 sanguinis
1120 490 1481 558 generositate
1507 492 1730 562 praecla-

204 584 276 623 rus
315 570 399 624 sed
421 571 577 624 animi
607 574 1006 643 magnificentia
1040 580 1371 648 praeclarior.

457 659 654 726 Quibus
690 668 989 734 progenitus
1025 679 1073 722 et
1104 681 1251 727 ortus
1289 673 1407 742 fuit.

254 749 400 820 Hujus
424 761 574 820 pater
599 752 724 810 llilo
770 756 1085 814 Noeriorum
1117 762 1368 820 dominus
1386 807 1400 828 ,
1433 777 1608 825 mater
1633 769 1725 828 do-

199 839 314 893 mina
340 840 399 893 de
423 838 606 896 Gessia
630 858 735 899 non
762 845 1035 905 inferioris
1058 852 1361 910 nobilitatis
1392 856 1511 912 fuit.

515 932 684 999 Quam
726 940 1005 1008 magniﬁce
1040 959 1094 997 se
1126 944 1367 1001 habebat.

249 1019 328 1076 llis
352 1020 505 1092 igitur
527 1033 678 1082 ortus
707 1026 1003 1097 majoribus
1031 1035 1229 1091 nativa:
1263 1035 1364 1093 fuit
1388 1045 1724 1112 generosita-

198 1114 248 1168 tis
288 1131 378 1169 non
405 1117 653 1189 degener.
696 1120 831 1178 Nam
862 1140 1015 1182 more
1043 1130 1302 1186 nobilium
1351 1134 1402 1189 in
1437 1136 1601 1191 multa
1630 1139 1725 1194 de-

196 1204 730 1278 gebat-magnificentia
760 1215 1039 1283 surculari,
1073 1228 1127 1275 et
1155 1221 1320 1276 vitam
1349 1240 1511 1296 agere
1543 1229 1723 1299 priva-

196 1302 279 1348 tam
304 1295 546 1360 indocilis,
572 1299 626 1355 in
653 1305 990 1361 evectionum
1008 1295 1403 1382 multiplicitate
1434 1295 1723 1375 numeroso

194 1387 467 1444 clericomm
498 1400 553 1446 et
593 1394 821 1449 militum
866 1394 1125 1456 comitatu
1146 1444 1160 1467 ,
1194 1404 1361 1461 multa
1394 1408 1718 1468 domestico-

194 1491 286 1531 rum
320 1478 610 1549 frequentia
671 1494 728 1540 et
775 1499 1035 1558 apparatu
1082 1495 1395 1566 magniﬁco,
1455 1502 1720 1573 majorum

192 1582 369 1624 svorum
402 1573 583 1631 titulos
611 1580 952 1650 adaequabat.

194 1682 353 1748 Quibus
397 1699 601 1745 natura:
641 1694 845 1750 dotibus
887 1698 965 1822 vsl
987 1702 1251 1770 scientiae,
1283 1707 1389 1762 sive
1415 1708 1722 1779 eloquentia:

798 1784 905 1822 errr
948 1783 1074 1822 mu.

796 1783 1074 1837 primum.

243 1842 350 1900 Erat
369 1857 540 1905 autem
578 1862 799 1911 staturae
848 1861 1168 1930 mediocris,
1209 1867 1436 1926 decorus
1476 1883 1716 1944 aspectu,

190 1933 401 2001 sapientia
439 1941 735 2011 praeditus,
767 1945 821 2001 in
845 1951 1067 2019 agendis
1109 1962 1384 2023 strenuus,
1415 1933 1558 2019 inter
1584 1933 1713 2022 con;

1832 499 2060 556 sabaoth
2086 513 2142 559 et
2180 506 2449 564 litereticis
2480 512 2820 583 dogmatibus
2850 516 3180 589 degenerare
3204 519 3412 578 faciunt

1830 591 1883 647 in
1913 592 2209 662 labruscas,
2258 606 2375 680 tota
2405 603 2681 673 vigilantia
2711 605 3022 674 laboraret;
3051 620 3240 665 contra
3269 628 3407 683 quos

1828 683 1893 738 ad
1918 688 2151 743 nobilem
2173 672 2421 749 dioecesis
2450 672 2560 750 suae
2582 698 2759 753 vicum
2782 698 2848 754 de
2874 700 3141 756 charitate
3157 703 3409 760 videlicet

1826 788 1891 830 eo
1953 778 2334 850 acciugebatur
2385 781 2678 843 ferventius
2736 803 2843 859 quo
2901 790 3280 849 btercticorum
3333 794 3405 851 ibi

1829 868 2059 939 amplius
2129 871 2339 931 fervere
2390 881 2752 949 cognoscebat
2815 898 3093 950 errorem,
3150 894 3407 958 tantaque

1828 958 1993 1013 animi
2022 964 2329 1018 constantia
2358 966 2644 1025 haereticos
2683 971 2753 1026 ibi
2783 984 3097 1043 persecutus
3120 985 3224 1045 est,
3263 977 3406 1047 quod

1825 1048 2044 1119 quidam
2068 1067 2131 1107 ex
2162 1055 2241 1109 eis
2260 1071 2356 1125 per
2382 1057 2625 1116 diversas
2656 1062 2917 1119 dimceses
2946 1066 3216 1136 publicam
3243 1082 3405 1139 agen-

1827 1145 1906 1194 tes
1937 1144 2313 1209 paenitentiam
2354 1148 2419 1201 ad
2452 1152 2713 1220 gremium
2744 1156 2932 1211 matris
2967 1157 3219 1213 Ecclesiae
3246 1159 3404 1229 abju-

1826 1238 1946 1285 rata
1977 1232 2170 1289 haeresi
2200 1236 2492 1293 salubriter
2514 1249 2638 1295 sunt
2669 1244 2888 1308 reversi,
2909 1245 2996 1299 alii
3014 1248 3404 1317 pertinaciores

1826 1318 1880 1373 in
1910 1321 2103 1377 salutis
2134 1340 2244 1380 sua:
2289 1327 2628 1399 dispendium
2659 1331 2711 1387 in
2759 1333 2966 1388 Italiam
3019 1336 3101 1389 vel
3138 1337 3204 1392 ad
3250 1337 3401 1393 Albi-

1823 1425 2015 1482 genses
2042 1414 2108 1468 ad
2138 1416 2218 1471 sui
2259 1420 2463 1475 erroris
2496 1423 2787 1491 complices
2822 1425 3203 1498 confugerunt,
3243 1437 3402 1485 terrai

1824 1502 2122 1560 nativitatis
2151 1522 2262 1562 suae
2288 1516 2342 1564 et
2373 1512 2602 1581 propria:
2624 1517 2963 1584 cognationis
2985 1527 3267 1585 extorres;
3298 1521 3403 1575 sic-

1824 1606 1929 1662 que
1958 1594 2010 1647 in
2043 1611 2105 1651 eo
2124 1596 2353 1667 perfecit
2384 1604 2617 1673 negotio,
2656 1614 2715 1660 ut
2755 1606 3131 1665 bznreticorum
3173 1612 3401 1668 malleus

1826 1699 1931 1740 non
1966 1686 2235 1747 immerito
2264 1691 2555 1751 diceretur.

1824 1793 2065 1861 Qualiter
2098 1800 2281 1857 domos
2307 1803 2622 1875 episcopales
2655 1809 3133 1867 Antissiodorenses
3157 1813 3401 1868 emendu-

2296 1874 2421 1927 uerit
2459 1876 2533 1929 vel
2568 1878 2913 1948 ampliaverit.

1890 1957 1989 2027 Qui
2020 1958 2147 2017 licet
2188 1963 2241 2018 in
2270 1964 2642 2035 s'piritualibus
2673 1969 2752 2024 sic
2796 1971 3120 2041 proficeret,
3166 1972 3221 2028 in
3265 1983 3400 2029 tem-

189 2026 323 2082 Sultos
342 2033 659 2113 consultior,
692 2038 744 2092 in
782 2048 1014 2109 tantum,
1040 2052 1099 2100 ut
1140 2048 1186 2102 si
1226 2049 1280 2104 in
1307 2053 1548 2123 quolibet
1574 2073 1708 2128 pra:-

1819 2051 2093 2120 poralibus
2136 2026 2317 2113 tamen
2349 2058 2521 2114 multo
2547 2026 2863 2130 proficiebat
2913 2026 3397 2137 ampliusiquibus

189 2132 438 2179 tenscsset
466 2135 701 2185 tractatu
742 2129 860 2199 ejus
884 2140 1303 2207 exspectabatur
1327 2150 1618 2217 sententia,
1662 2161 1719 2208 et
1817 2146 2137 2213 ρτορθηεῑιιε
2185 2129 2587 2206 incumbebat}
2647 2168 2771 2207 nam
2826 2155 3014 2212 (Ῑοιηοε
3063 2158 3395 2229 episcopales

1605 2209 1616 2217 .
1818 2209 1832 2213 _
1917 2209 1933 2213 _
3072 2209 3391 2229 -.ηητηη

189 2209 471 2283 frequentius
504 2221 833 2290 praevalebat
864 2243 878 2279 :
904 2226 1292 2289 inaestimabilis
1321 2234 1617 2307 facundiae,
1661 2243 1713 2299 in
1816 2237 2022 2293 Autiss.
2053 2253 2148 2294 seu
2174 2241 2320 2312 lapsa
2354 2244 2679 2314 reparando,
2713 2262 2806 2301 seu
2845 2264 2979 2303 nova
3011 2249 3391 2315 construendo,

188 2307 508 2370 persuadendo
555 2310 783 2382 efﬁcax,
830 2316 885 2372 in
930 2319 1356 2383 demonstrativo
1398 2347 1596 2402 genere
1639 2335 1715 2393 ιο.
1815 2328 2064 2396 provexit
2088 2329 2139 2383 in
2163 2307 2609 2405 meliusantiquis
2631 2334 3099 2402 aediliciis,cellam
3124 2339 3388 2394 vinariam

188 2399 360 2493 quendi,
388 2403 524 2472 quod
554 2407 796 2465 continet
824 2410 1036 2469 laudem
1063 2424 1118 2472 et
1140 2399 1489 2493 vituperiu'm,
1526 2427 1716 2485 facun-

187 2484 364 2547 dissime
389 2493 527 2549 vires
572 2501 882 2568 exprimens
908 2509 1163 2574 oratoris,
1208 2512 1523 2574 litteraturae
1552 2528 1607 2575 et
1634 2521 1712 2576 vi-

186 2580 297 2636 mis
320 2582 503 2655 ingenii
547 2590 686 2645 adeo
734 2603 792 2648 ut
828 2594 881 2649 in
923 2598 1165 2667 qualibet
1192 2601 1447 2662 facultate
1480 2607 1707 2677 liberali,

187 2687 256 2724 seu
282 2677 600 2746 mechanica,
624 2684 674 2738 ei
697 2696 1004 2758 promptum
1025 2701 1169 2748 esset
1190 2696 1577 2756 verbahabere
1599 2718 1711 2758 ma-

186 2762 302 2817 teria:
325 2773 689 2842 accommoda,
716 2790 779 2832 ac
800 2778 845 2833 si
870 2779 1083 2849 plenam
1112 2783 1227 2853 ejus
1255 2788 1538 2846 scientiam
1566 2803 1708 2848 esset

182 2866 434 2915 assecutus.
481 2861 807 2937 Plerumque
845 2871 1008 2926 etiam
1040 2872 1230 2931 Latino
1259 2880 1473 2951 eloquio
1513 2897 1707 2956 pr0pe-

1815 2420 2306 2475 concamerationis
2348 2421 2571 2492 lapidea:
2602 2412 2793 2497 majori
2835 2425 3036 2495 palatio
3080 2428 3391 2499 contiguam

1812 2513 1868 2560 et
1919 2508 2205 2576 coquinam
2249 2511 2407 2578 juxta
2457 2523 2667 2584 portam
2715 2524 3003 2573 structurae
3056 2518 3392 2575 admirabilis

1813 2597 2023 2668 magnis
2054 2599 2341 2670 impendiis
2366 2605 2753 2673 superaddens.

2129 2690 2207 2745 De
2244 2693 2385 2762 regio
2415 2710 2570 2750 amne
2602 2698 2730 2767 quid
2769 2699 2838 2753 ibi
2873 2700 3074 2770 fecerit.

1878 2779 2032 2852 Apud
2056 2781 2388 2852 Eponiacum
2433 2796 2672 2842 castrum
2709 2804 2885 2857 suum,
2911 2791 3104 2847 domus
3134 2801 3251 2848 erat
3277 2796 3392 2867 cpio

1813 2871 2065 2941 scopulis,
2096 2888 2216 2943 qua:
2247 2876 2387 2946 regis
2417 2877 2596 2933 amnis
2626 2890 2868 2947 vocatur,
2903 2881 2955 2936 in
2994 2882 3110 2938 loco
3139 2884 3384 2953 gratissi-

182 2954 274 3000 rato
320 2952 460 3008 valde
503 2957 686 3012 studio
731 2962 941 3018 cantica
989 2969 1345 3037 componebat
1390 2984 1444 3027 et
1494 2952 1705 3033 cantus.

182 3033 383 3061 P-.___-,
411 3044 425 3061 ι
516 3048 533 3061 υ
691 3051 704 3061 .
728 3053 740 3061 .
881 3054 894 3061 -
1046 3057 1079 3061 --
1176 3059 1185 3061 _

1819 2977 1905 3016 mo
1930 2970 1983 3019 et
2018 2964 2462 3022 commodissimo
2501 2969 2818 3034 constituta,
2866 2986 3026 3042 quam
3068 2974 3260 3030 lcauna
3290 2974 3390 3029 flu-

178 3033 569 3101 Commendanda
615 3051 828 3121 quidem
880 3054 1079 3127 ingenii
1137 3059 1396 3118 vivacitas
1441 3065 1705 3137 siquidem

177 3125 545 3195 brevicudebat
585 3150 822 3214 tempore
865 3125 1014 3218 prius
1057 3152 1121 3205 ad
1167 3152 1348 3210 limam
1387 3125 1710 3227 perduceret

178 3229 302 3284 quam
348 3225 410 3279 ad
462 3227 702 3301 linguam
739 3249 753 3287 :
795 3238 890 3294 sed
936 3248 1084 3295 tanta
1140 3225 1404 3301 aestuabat
1451 3250 1709 3309 aviditate

178 3309 328 3368 edendi
355 3321 491 3386 quod
513 3321 736 3392 fecerat,
765 3334 824 3381 ut
850 3329 1050 3387 inculta
1077 3336 1343 3404 proferret
1370 3338 1422 3393 in
1447 3343 1704 3410 medium,

178 3412 268 3490 quae
291 3407 472 3465 melius
502 3411 672 3469 latere
696 3425 1004 3487 potuerant,
1030 3424 1201 3480 donec
1225 3431 1577 3487 correctionis
1597 3444 1710 3490 stu-

321 3497 529 3558 elimata
555 3504 748 3564 incude
770 3509 1107 3569 luculentiori
1124 3516 1467 3587 splenderent
1487 3534 1703 3580 ornatu.

176 3576 297 3684 lJnde
318 3587 509 3648 factum
558 3606 642 3651 est
679 3603 819 3668 quod
854 3603 971 3671 ejus
999 3576 1255 3676 opuscula
1282 3651 1298 3676 ,
1345 3627 1465 3681 qua:

174 3671 308 3775 ipsius
350 3681 530 3741 favore
575 3704 736 3759 quam
782 3696 1002 3765 proprio
1035 3671 1659 3775 schemata-frequenti
1688 3747 1703 3773 ,

173 3764 271 3823 dum
297 3772 525 3845 viveret,
559 3764 898 3839 habebantur
927 3787 980 3841 in
1021 3805 1143 3856 usu,
1169 3791 1284 3861 ipso
1312 3764 1540 3864 sepulte,
1577 3806 1706 3852 sunt

173 3862 336 3959 pariter
370 3872 704 3942 consepulta.
751 3874 981 3932 Militum
1027 3882 1297 3951 gaudebat
1353 3862 1540 3959 stipar‘i
1592 3890 1701 3949 fre-

173 3953 372 4054 guentia,
400 3967 455 4013 et
480 3961 548 4017 de
578 3964 900 4024 militaribus
931 3974 1122 4029 studiis
1148 3976 1404 4037 libentius
1426 3953 1700 4054 discepta-

173 4034 242 4141 bat
262 4056 374 4100 cum
400 4051 501 4118 eis,
532 4054 674 4109 unde
698 4066 753 4111 et
780 4058 1059 4130 Vegetium
1097 4063 1362 4123 Renatum
1387 4034 1704 4141 frequeiitcr

173 4129 414 4232 relegerat,
446 4143 537 4211 qui
562 4145 630 4199 de
658 4129 959 4215 hujusmodi
990 4153 1230 4225 loquitur
1256 4129 1588 4232 disciplinis,
1635 4167 1702 4221 de

174 4231 257 4317 gito
282 4227 527 4317 militibus
563 4236 731 4291 multa
762 4240 1079 4297 doctrinalia
1106 4227 1460 4317 proponebat.
1508 4227 1699 4309 Miram

1813 3053 1935 3109 vius
1969 3070 2036 3109 ex
2081 3057 2162 3110 sui
2212 3056 2583 3126 profunditatc
2612 3062 2765 3115 sinus
2817 3061 2888 3116 ibi
2944 3064 3265 3134 piscosiores
3293 3080 3390 3119 ex-

1811 3146 2057 3214 pandens
2107 3147 2345 3217 undique
2372 3147 2727 3219 prmtcrfluit,
2776 3152 2879 3207 nisi
2931 3157 3073 3224 quod
3113 3163 3272 3209 terra:
3318 3155 3389 3210 ab

1813 3240 2072 3296 anteriori
2126 3254 2279 3311 parte
2343 3247 2613 3303 continua:
2670 3248 2939 3304 modicum
2997 3251 3383 3327 intervallum,

1810 3346 2059 3402 magnam
2092 3343 2268 3389 tamen
2317 3337 2456 3390 intra
2488 3352 2547 3393 se
2586 3339 2869 3396 continens
2892 3341 3382 3413 intercapedinem,

1810 3422 1882 3476 ibi
1910 3438 2031 3478 esse
2061 3424 2290 3478 insulam
2324 3443 2429 3481 non
2462 3430 2725 3497 permittit
2752 3447 2766 3496 ;
2805 3432 2996 3486 domus
3021 3431 3108 3486 illa
3132 3433 3306 3488 forma
3331 3443 3386 3489 et

1810 3515 2035 3567 materia
2083 3515 2338 3580 humilis,
2384 3517 2717 3572 domicilium
2768 3521 3035 3591 episcopis
3093 3524 3386 3592 praestabat

1809 3605 2118 3673 inglorium,
2152 3607 2292 3663 hanc
2325 3608 2711 3683 multiplicibus
2732 3619 2795 3666 et
2844 3611 3145 3682 magnificae
3191 3614 3387 3669 nobili-

1809 3698 1934 3753 tatis
1961 3707 2016 3752 et
2042 3702 2342 3756 venustatis
2364 3702 2625 3765 :edificiis,
2638 3704 2750 3758 suis
2772 3744 2786 3768 ,
2831 3719 2935 3758 non
2980 3706 3210 3763 modicis
3236 3721 3382 3760 sum-

1806 3788 1986 3860 ptibus
2020 3791 2328 3862 ampliavit;
2374 3793 2656 3863 locumque
2696 3793 2847 3849 illmu
2891 3796 3107 3849 tutioris
3157 3797 3268 3852 suis
3300 3811 3384 3852 re-

1806 3881 1939 3954 fugii
1974 3884 2233 3939 adversus
2261 3885 2486 3941 hostiles
2527 3887 2786 3958 strepitus
2820 3889 2998 3943 facere
3027 3888 3341 3943 desiderans
3363 3931 3381 3956 ,

1807 3974 1876 4030 ab
1901 3961 2155 4031 anteriori
2187 3986 2343 4046 parte
2395 3977 2482 4032 ubi
2515 3988 2659 4033 terra
2688 3988 2804 4034 erat
2829 3980 3082 4034 continua
3109 4020 3123 4044 ,
3168 3979 3236 4034 ab
3280 3995 3386 4035 una

1804 4077 1957 4139 parte
1982 4068 2217 4123 fluminis
2239 4070 2304 4124 ad
2334 4070 2558 4125 alteram
2582 4112 2596 4135 ,
2647 4086 2826 4141 sepem
2871 4086 2939 4125 ex
2978 4070 3256 4125 immensis
3293 4086 3382 4125 ro-

1803 4158 2025 4215 boribus
2054 4175 2373 4231 murumque
2399 4162 2685 4230 perduxit,
2713 4171 2768 4216 et
2809 4161 3038 4233 plurima
3082 4176 3385 4233 propugna-

1805 4251 1923 4305 cula
1956 4253 2185 4324 desuper
2215 4253 2519 4317 collocavit,
2550 4263 2863 4323 terramque
2891 4253 2943 4307 in
2979 4253 3143 4307 altum
3167 4251 3382 4308 fodiens

174 4308 368 4372 habebat
392 4321 724 4381 affectionem
768 4330 835 4385 ad
886 4346 1032 4389 suos.
1084 4308 1335 4395 Urbanus
1360 4340 1425 4396 ad
1449 4357 1541 4398 eos
1578 4360 1701 4400 cum
1732 4360 1783 4420 υ
1811 4343 1984 4399 fossas
2025 4344 2375 4399 continuabat
2430 4334 2819 4410 immanes,ut
2883 4360 2981 4415 per
3024 4359 3119 4400 eas
3163 4359 3383 4398 cursum

173 4399 333 4497 finibus
352 4407 593 4480 degebat,
621 4416 755 4471 adeo
781 4428 839 4473 ut
860 4422 1111 4479 omnibus
1138 4428 1318 4482 omnia
1359 4428 1536 4486 factus
1558 4432 1702 4488 domi

174 4498 285 4546 inter
313 4512 401 4555 eos
428 4513 572 4560 esset
623 4508 778 4577 quasi
824 4525 964 4567 unus
1016 4529 1081 4569 ex
1135 4516 1294 4587 ipsis,
1347 4520 1478 4575 foris
1520 4530 1699 4579 tamen

174 4591 495 4658 Dramgativaa
520 4597 618 4652 sub
649 4613 891 4667 congruo
934 4605 1298 4665 moderamine
1324 4610 1584 4681 dignitate
1608 4614 1702 4670 fir-

175 4682 305 4733 mata.

393 4773 459 4830 In
495 4796 591 4849 quo
625 4798 797 4837 mores
833 4785 946 4854 ejus
979 4799 1215 4858 poterant
1251 4797 1423 4864 argui.

227 4852 461 4919 Omnibus
489 4867 817 4937 favorabilis,
846 4875 950 4930 nisi
992 4879 1223 4936 habendi
1260 4886 1548 4954 cupiditas,
1577 4908 1697 4962 quae

177 4953 327 5003 omnes
348 4966 478 5020 pene
498 4969 741 5029 potentes
764 4965 1034 5033 exagitat,
1076 4971 1141 5024 ad
1176 4953 1489 5033 exactiones
1515 4989 1569 5034 et
1592 4953 1693 5053 op-

177 5039 435 5131 ilhessioncs
469 5053 799 5108 subditorum
823 5094 838 5117 ,
873 5063 927 5107 et
963 5063 1265 5128 ttsurpanda
1291 5064 1413 5135 jura
1452 5084 1555 5124 non
1595 5039 1694 5127 sua

179 5121 315 5192 ipsum
341 5135 452 5203 plus
482 5140 608 5199 forte
636 5146 829 5200 debito
859 5160 1177 5215 provocaret
1197 5195 1211 5216 ,
1257 5121 1312 5210 et
1356 5158 1460 5214 nisi
1501 5172 1691 5218 contra

178 5221 417 5311 quemlibet
442 5230 806 5307 indignatione
847 5250 1105 5310 concepta
1151 5246 1320 5301 ruinae
1349 5262 1458 5306 sua:
1502 5262 1555 5307 et
1594 5272 1697 5311 no-

178 5310 295 5336 MIHI:
316 5312 374 5336 ιει.
384 5316 395 5336 Ξ

1808 4434 2044 4489 fluminis
2074 4435 2381 4499 derivaret,
2441 4435 2700 4507 fieretque
2748 4437 2820 4491 ibi
2870 4436 3013 4506 quod
3062 4445 3255 4490 natura
3281 4449 3380 4489 ne-

1805 4532 2046 4596 gaverat,
2074 4526 2246 4580 insula
2274 4526 2527 4582 videlicet
2553 4527 2766 4581 artificii
2790 4526 3186 4596 supplemento,
3219 4538 3383 4625 opus:

1805 4630 1909 4687 que
1938 4624 2256 4687 conceptum
2288 4631 2352 4673 ex
2388 4625 2542 4688 parte
2572 4618 2685 4688 jam
2713 4624 3146 4671 consummatum
3189 4618 3383 4714 majori
3420 4690 3423 4697 ἱ

1804 4707 1870 4761 ad
1898 4706 2193 4777 perfectum
2242 4708 2622 4779 perduxisset,
2680 4708 2785 4763 nisi
2847 4722 3030 4763 comes
3072 4705 3384 4803 Campania:

1810 4795 2153 4852 Theobaldus
2197 4798 2251 4852 in
2283 4814 2445 4853 manu
2496 4796 2622 4853 forti
2668 4793 2782 4867 éjus
2819 4796 3184 4852 moliminibus
3228 4793 3387 4844 resti-

1806 4890 1982 4956 tisset,
2020 4899 2228 4960 etopus
2257 4907 2394 4964 pene
2426 4891 2478 4945 in
2519 4891 2986 4948 consummatione
3031 4886 3271 4984 existens
3314 4881 3384 4933 ad

1802 4989 2005 5036 terram
2055 4980 2296 5040 funditus
2327 4983 2646 5053 dejecisset,
2680 4985 2928 5041 domibus
2958 4980 3384 5075 tamenepisco-

1801 5071 2012 5142 palibus
2039 5072 2092 5126 in
2126 5088 2222 5129 sua
2252 5076 2613 5131 nihilominus
2637 5076 2941 5146 integritate
2968 5071 3199 5164 servatis

2018 5160 2092 5216 De
2129 5163 2496 5219 Bello-Reditu
2518 5205 2532 5227 ,
2573 5164 2798 5236 qualiter
2832 5160 3167 5215 exstruxerit.

1873 5250 2029 5319 Apud
2079 5249 2408 5309 Charbuiam
2452 5253 2634 5307 villam
2663 5248 3020 5321 episcopalem
3073 5243 3225 5296 locus
3265 5249 3388 5336 erat
