3918 6316
511 372 611 430 511
1289 374 1575 432 APPEND.
1618 375 1710 430 AD
1744 371 1918 441 SIEC.
1953 373 2023 428 Χ.
2055 404 2058 412 -

2166 371 2377 427 )PERA
2412 377 2799 429 AAESIIOTIKA.
3625 378 3713 435 δη

500 486 604 541 bus
643 486 695 542 in
739 502 902 542 unam
947 500 1179 543 massam
1229 487 1472 544 collectis
1496 530 1512 555 ,
1562 489 1667 543 duo
1712 495 1905 558 stagna
1948 484 2079 540 fecit
2109 465 2154 524 Α
2185 481 2386 537 tudinis
2411 481 2628 536 vallavit
2659 482 2709 535 in
2738 495 2967 551 gyrum,
2994 478 3049 535 in
3075 480 3269 550 quibus
3312 491 3458 551 grata
3487 499 3721 553 aquarum

498 579 687 633 multis
716 578 913 635 referta
946 580 1221 650 piscibus:
1255 594 1421 633 unum
1445 577 1715 649 superius,
1751 586 1805 632 et
1843 577 2076 632 alterum
2179 572 2527 628 exuberantia
2546 587 2610 626 ex
2641 570 2878 627 fontibus
2906 569 3425 628 circumﬂaventibus
3464 588 3551 629 cas
3573 577 3718 645 reple.

502 671 728 727 inferius
751 687 819 727 ex
847 672 1141 727 inﬁuxione
1171 669 1400 741 prioris,
1427 671 1624 740 quibus
1663 669 1859 738 adjecit
1883 677 1939 725 et
1967 679 2078 723 tero
2180 666 2275 729 vit;
2301 680 2405 719 non
2434 661 2702 719 medicum
2730 660 2859 718 facit
2882 662 2946 717 ad
2973 662 3284 719 munitionis
3305 674 3651 736 augmentum,
3674 677 3719 722 et

500 762 656 827 tium,
683 771 794 817 tum
819 778 882 817 ex
905 764 1145 834 priorum
1169 763 1417 829 decursu,
1445 770 1554 816 tum
1580 778 1645 817 ex
1666 760 1938 825 ﬂuctibus,
1966 772 2077 816 tum
2183 765 2295 810 tum
2351 769 2416 809 ex
2469 754 2695 825 piscium
2748 754 3095 810 multitudine
3165 756 3256 826 qui
3318 756 3387 812 ibi
3443 759 3720 816 nutriuntur

497 868 562 908 ex
598 854 927 908 torrentibus
948 853 1304 923 undequaque
1325 851 1720 908 conﬂuentibus
1743 853 1797 907 in
1821 852 2077 921 idipsum,
2180 845 2392 916 optimi,
2422 854 2537 899 tum
2583 860 2649 900 ex
2683 845 3005 900 molendinis
3041 858 3161 915 qua:
3206 846 3485 902 aediﬁcavit
3528 849 3719 915 ibidem,

501 956 757 1009 magnum
811 941 1100 996 admodum
1152 950 1206 996 et
1252 941 1556 1011 piscosum;
1617 941 1807 996 domos
1860 941 2080 1010 insuper
2180 943 2292 991 tum
2323 951 2391 992 ex
2423 936 2542 992 aliis
2577 936 2895 995 utilitatibus
2924 937 3059 1004 suis,
3092 938 3343 1009 episcopo
3387 940 3579 1010 totique
3616 958 3713 996 mu-

499 1031 815 1102 multiplicis
842 1039 1149 1095 structura,
1183 1032 1538 1088 nobilissimze
1561 1041 1616 1087 et
1651 1033 1952 1088 venustatis
1974 1032 2077 1087 im-
2181 1027 2380 1099 nicipio
2410 1027 2593 1083 multae
2624 1028 3038 1085 commoditates
3061 1029 3321 1085 existunt.

499 1135 700 1176 mensae
728 1123 999 1177 exstruxit
1023 1123 1248 1188 ibidem,
1269 1138 1406 1193 quas
1437 1122 1596 1178 fossis
1618 1138 1786 1193 aquas
1814 1138 1879 1179 ex
1902 1123 2076 1193 stagni
2461 1117 2540 1173 De
2559 1119 2639 1174 Itis
2663 1135 2779 1190 qua:
2816 1121 2971 1190 gessit
3008 1124 3148 1190 apud
3186 1118 3458 1177 Noen’um.

501 1214 797 1283 superioris
831 1212 1108 1269 inﬁuentia
1140 1214 1564 1281 continentibus,
1585 1222 1640 1270 et
1665 1214 2079 1285 propugnaculis
2249 1206 2441 1305 Opera:
2465 1207 2697 1279 pretium
2720 1209 2975 1267 duximus
3001 1211 3252 1283 prtescnti
3276 1211 3512 1267 inserere
3533 1211 3720 1271 lectioni

496 1315 549 1362 et
581 1322 709 1379 sepe
750 1307 1047 1364 fortissima
1098 1324 1128 1362 a
1173 1316 1325 1379 parte
1368 1309 1667 1374 anteriori,
1719 1323 1839 1378 quae
1886 1317 2080 1378 stagno
2180 1313 2299 1369 quae
2328 1300 2383 1354 et
2410 1308 2612 1369 quanta
2639 1309 2895 1369 operatus
2936 1300 3102 1356 estin
3135 1301 3224 1356 illo
3255 1302 3415 1357 nobili
3448 1305 3723 1373 patrimonii

494 1406 661 1478 priori
685 1416 767 1462 est
795 1407 1061 1477 Opposita,
1091 1406 1414 1461 mirabiliter
1438 1405 1806 1467 communivit,
1839 1404 1938 1474 ipsi
1970 1411 2041 1458 sta

2179 1390 2261 1445 sui
2295 1400 2510 1458 castro;
2552 1390 2780 1447 Noerius
2808 1390 3083 1460 videlicet,
3117 1394 3259 1465 quod
3292 1401 3459 1450 tanta:
3483 1411 3513 1450 a
3538 1398 3724 1467 proavis

497 1512 602 1568 gno
632 1512 843 1551 murum
877 1497 1178 1553 latericium
1216 1509 1603 1568 superponens.
1642 1495 1739 1551 Cui
1772 1495 1891 1551 loco
1918 1495 1985 1550 al)
2013 1509 2043 1550 e

2179 1481 2460 1538 nobilitate
2486 1491 2541 1537 et
2583 1483 2925 1540 immunitate
2954 1484 3236 1557 prmfulget
3262 1495 3325 1541 ut
3354 1488 3425 1541 ita
3459 1488 3510 1542 in
3549 1491 3725 1545 domini

496 1596 651 1657 parte
680 1588 769 1643 ubi
800 1588 948 1643 deest
971 1596 1283 1659 stagnorum
1334 1587 1559 1642 munitio
1597 1586 1745 1642 silvae
1787 1583 2074 1655 confrage,
2180 1572 2261 1627 sui
2296 1573 2628 1644 proprietate
2655 1574 2919 1629 consistat
2942 1583 2992 1630 et
3014 1574 3137 1645 jure
3166 1577 3309 1647 quod
3333 1577 3530 1632 nullum
3556 1579 3726 1636 habeat

496 1680 919 1751 circumquaque
935 1695 1143 1745 mersae,
1167 1688 1221 1735 et
1241 1680 1308 1734 ad
1332 1688 1531 1735 terram
1556 1679 1821 1743 demissae,
1840 1678 2043 1733 validur

2180 1662 2407 1732 alicujus
2434 1664 2734 1735 superioris
2763 1665 3147 1722 dominationis
3188 1677 3511 1739 respectum,
3544 1670 3628 1726 sed
3648 1687 3723 1742 νοτ

500 1781 781 1844 prtestans,
816 1781 868 1828 et
886 1774 952 1828 ad
980 1772 1396 1843 expugnandum
1419 1771 1639 1827 difﬁcile
1657 1772 2047 1827 munimentum

2181 1753 2286 1809 tius
2312 1754 2380 1810 de
2406 1753 2602 1819 alodio,
2636 1763 2696 1809 ut
2724 1755 2883 1827 vulgo
2912 1756 3131 1823 dicitur,
3179 1765 3235 1813 et
3274 1759 3354 1814 sui
3400 1761 3619 1829 separati
3648 1762 3724 1817 do-

500 1820 781 1844 l'""""""’
819 1820 867 1828 "
887 1820 952 1828 """
982 1820 1396 1843 '"r—u""""‘""
1422 1820 1638 1827 "'"""'
1658 1820 2045 1827 """"""'""'"

498 1863 585 1917 via
615 1862 739 1918 licet
771 1872 919 1918 arcta
957 1864 1161 1933 patenti
1190 1862 1361 1921 media
1391 1862 1533 1917 inter
1557 1861 1719 1917 silvas
1740 1903 1754 1929 ,
1783 1877 1881 1932 per
1910 1877 2045 1931 quan

2177 1844 2329 1899 minii
2377 1845 2611 1901 existere
2641 1853 2946 1901 censeatur.
2980 1845 3209 1918 Propter
3245 1849 3389 1918 quod
3432 1865 3532 1905 non
3578 1852 3721 1906 solum

500 1949 682 2006 multis
708 1959 983 2020 portarum
1009 1991 1024 2016 ,
1070 1949 1338 2006 fossarum
1356 1992 1370 2016 ,
1402 1958 1457 2005 ει
1496 1952 1738 2021 ροηιίυηι
1783 1950 2076 2020 interiectis
2176 1934 2440 2001 ﬁnitimis,
2467 1952 2651 1992 verum
2675 1945 2730 1992 et
2752 1936 3085 2008 principibus
3111 1939 3501 2009 potentioribus
3522 1941 3723 1996 circum-

498 2041 794 2096 obstaculis
819 2041 886 2097 ad
913 2042 1127 2096 domum
1157 2041 1469 2096 interiorem
1499 2040 1750 2108 diﬁicilis,
1778 2050 1833 2098 et
1859 2043 1951 2113 qui
1984 2058 2077 2098 su-
2176 2043 2392 2098 Q'la‘lue
2425 2043 2492 2083 9°
2520 2028 2754 2100 amplius
2785 2030 3111 2086 inVidiosum
3139 2032 3323 2088 θεῖεῑίί
3351 2049 3457 2104 (1υο
3484 2033 3545 2089 ad
3581 2044 3723 2089 ιθπθε

497 2130 696 2200 spectis
719 2131 1047 2201 temporibus
1074 2146 1104 2186 a
1133 2132 1316 2201 pauci’s
1343 2132 1618 2188 observari
1639 2133 1838 2200 valeat,
1867 2143 1953 2190 est
1979 2151 2042 2191 ac

2176 2119 2275 2176 sibi
2311 2120 2535 2188 vicinas,
2567 2130 2679 2176 tum
2724 2131 2947 2192 propter
2973 2122 3172 2179 domini
3219 2134 3279 2181 et
3330 2137 3620 2181 casatorum
3643 2141 3723 2181 seu

497 2237 702 2279 cessus.
727 2221 926 2279 Locum
958 2224 1121 2279 istum
1152 2225 1291 2280 idem
1334 2226 1643 2296 episcopus,
1674 2233 1935 2297 quantum
1967 2227 2070 2281 hu-
2174 2212 2528 2268 νίιεδθηοτιιηι
2556 2228 2775 2268 smmi"
2807 2214 3126 2285 POienlim",
3163 2224 3273 2271 ιυιη
3317 2227 3530 2288 propter
3552 2217 3643 2273 ιοεί
3668 2217 3723 2271 δί’

494 2328 651 2367 mana
676 2314 853 2382 potuit
882 2314 1177 2380 industria,
1210 2316 1278 2370 ad
1307 2317 1674 2372 omnimodam
1702 2320 2041 2372 ammnitaten

2178 2314 2287 2360 tum
2322 2306 2810 2379 inexpugnabilem,
2839 2308 3009 2379 magis
3037 2308 3203 2383 libere
3242 2318 3298 2365 et
3337 2310 3547 2381 impune
3576 2315 3725 2380 potest

493 2413 549 2457 et
570 2405 1001 2461 commoditatem
1030 2407 1278 2477 provexit
1307 2426 1319 2462 :
1359 2424 1482 2463 nam
1515 2417 1569 2463 et
1599 2409 1761 2464 sdvas
1785 2409 1873 2464 ubi
1902 2407 2040 2464 frute

2175 2399 2467 2455 extendere
2499 2400 2640 2455 vires’
2665 2414 2811 2466 suas,
2837 2408 2892 2454 et
2922 2400 3035 2471 ipse
3068 2400 3356 2457 formidine
3379 2401 3609 2457 imminet
3630 2417 3722 2455 am-

500 2494 570 2549 tis
598 2503 757 2549 erant
783 2495 865 2550 vel
896 2497 1179 2553 arboribus
1203 2498 1611 2566 humilioribus,
1660 2508 1754 2554 aut
1776 2499 2047 2555 rarioribu:

2175 2488 2350 2560 pli'ori.
2402 2489 2545 2546 Sane
2592 2498 2805 2546 mortuo
2854 2490 3271 2559 Clarennbaudo,
3324 2492 3490 2549 fratre
3535 2492 3722 2547 domino

492 2586 703 2651 obsim,
730 2594 785 2642 et
811 2585 881 2642 ob
907 2587 1011 2644 hoc
1048 2589 1226 2643 minus
1255 2589 1502 2646 utilitatis
1533 2590 1820 2655 habiturae,
1857 2590 2073 2661 penitus
2172 2583 2337 2636 castri
2371 2581 2529 2644 illius,
2558 2583 2696 2638 idem
2727 2582 3012 2655 episcopus
3042 2583 3135 2639 ﬁlii
3166 2583 3286 2655 ejus
3319 2585 3528 2642 Milonis
3550 2583 3724 2640 scilicet

493 2677 810 2746 exstirpavit
836 2685 892 2734 et
918 2677 970 2733 in
1000 2680 1387 2751 agriculturam
1422 2680 1644 2753 redegit,
1680 2682 1867 2738 hortos
1891 2682 1963 2737 ibi
1995 2680 2072 2737 fe-
2172 2677 2227 2731 in
2243 2678 2399 2732 annis
2426 2677 2724 2748 puerilibus
2747 2678 3048 2744 constituti,
3069 2678 3290 2734 tutelam
3319 2679 3571 2749 suscepit,
3587 2691 3727 2749 quam

492 2770 860 2841 cit,plantavit
887 2770 1322 2828 arbores'diversi
1348 2773 1581 2844 generis,
1608 2782 1665 2829 ut
1687 2762 1885 2845 ριίωιει·
1903 2787 2074 2828 amm-
2172 2766 2229 2821 in
2258 2767 2428 2823 multa
2475 2768 2839 2824 sollicitudine
2887 2756 3293 2837 administrans,
3352 2780 3405 2827 et
3452 2771 3584 2826 forte
3626 2767 3725 2839 plus

493 2860 716 2915 nitatem
745 2876 865 2930 quae
905 2863 1260 2932 proveniebat
1285 2878 1351 2919 ex
1385 2862 1520 2928 istis,
1556 2863 1767 2921 fructus
1794 2865 1919 2921 inde
1948 2879 2072 2935 per—
2164 2857 2351 2927 justo;
2385 2876 2510 2914 nam
2539 2869 2761 2930 propter
2785 2861 2889 2916 hoc
2926 2862 2978 2916 in
3004 2862 3226 2933 agendis
3248 2862 3504 2919 Ecclesiae
3527 2877 3625 2917 sum
3652 2875 3723 2913 re-

494 2951 695 3020 ciperet
717 2952 983 3021 copiosos.
1037 2951 1303 3008 Silvarum
1326 2969 1549 3029 quoque
1572 2963 1780 3026 partem
1813 2968 1917 3010 non
1952 2971 2069 3010 mo—
2174 2951 2393 3007 missior
2422 2952 2723 3021 existebat;
2752 2953 2897 3010 circa
2928 2955 3282 3010 munitionem
3306 2953 3542 3026 ejusdem
3570 2950 3721 3007 muni-

499 3040 674 3093 dicam
705 3055 831 3110 sepe
876 3041 1131 3096 continua
1160 3042 1555 3109 circumcinxit,
1586 3044 1654 3099 ab
1679 3060 1740 3100 ea
1765 3054 1917 3115 porta
1950 3060 2071 3114 quae
2173 3042 2300 3113 cipii
2337 3045 2762 3113 promovendam
2793 3053 2905 3100 tota
2934 3046 3097 3101 studii
3145 3046 3434 3101 vivacitate
3470 3041 3718 3105 incubuit;

495 3139 577 3186 est
604 3146 634 3183 a
665 3139 818 3201 parte
840 3131 1096 3187 silvarum
1128 3133 1384 3189 anteriori
1405 3176 1419 3200 ,
1449 3134 1698 3190 videlicet
1731 3136 1797 3191 ad
1820 3151 2067 3206 aggerem
2097 3171 2142 3235 C
2174 3133 2303 3189 totis
2334 3133 2539 3190 viribus
2566 3145 2811 3206 sumptus
2856 3134 3003 3193 fecit.
3040 3126 3173 3192 Nam
3206 3151 3372 3207 super
3399 3150 3572 3191 muros
3593 3131 3720 3235 burgi

496 3221 638 3275 tertii
674 3224 845 3293 stagni
888 3239 1057 3293 usque
1101 3226 1435 3294 perducens,
1481 3234 1536 3281 et
1565 3235 1718 3297 grata
1748 3228 2072 3284 intrinsecus
2098 3210 2142 3235 ν
2176 3224 2468 3293 inferioris,
2507 3242 2665 3298 quem
2702 3227 2768 3283 ad
2797 3228 3033 3284 radicem
3068 3229 3267 3285 montis
3299 3231 3530 3299 positum
3553 3224 3719 3287 amnis,

416 3384 421 3387 _
494 3310 664 3365 lustra
693 3311 927 3367 ferarum
970 3314 1331 3381 concludens,
1363 3327 1418 3373 et
1456 3333 1644 3375 eorum
1677 3320 2074 3378 multitudinem
2174 3317 2265 3387 qui
2296 3316 2504 3373 Seneen
2528 3317 2748 3383 dicitur,
2772 3321 3007 3389 undique
3028 3318 3364 3389 praeterﬂuit,
3392 3335 3457 3375 ex
3483 3332 3625 3373 muro
3642 3328 3719 3369 seu

500 3404 804 3474 cepiosam,
835 3423 953 3476 qua:
996 3417 1049 3463 et
1078 3408 1262 3465 oculos
1293 3411 1615 3468 intuentium
1657 3414 1723 3470 de
1768 3413 1965 3485 palatio
1989 3415 2075 3485 ju-
2173 3421 2241 3463 ex
2290 3407 2449 3479 lignis
2498 3408 2838 3466 solidissimis
2886 3411 3104 3466 robusta
3156 3411 3309 3467 valde
3358 3405 3719 3482 propugnacula

498 3493 670 3549 suuda
697 3495 904 3552 visione
932 3499 1245 3567 pascebant,
1286 3511 1335 3580 et
1366 3502 1689 3575 plerumque
1724 3504 1806 3561 vel
1839 3506 1893 3561 in
1920 3505 2074 3563 festis
2173 3498 2454 3554 collocavit
2502 3501 2555 3554 in
2592 3516 2816 3557 ascensu
2849 3502 3047 3557 montis
3096 3518 3127 3557 ει
3173 3503 3370 3573 humo,
3417 3502 3537 3556 Ιίοθι
3574 3499 3633 3552 3b
3667 3510 3723 3550 θλ

495 3585 811 3655 majoribus,
839 3589 924 3645 vel
954 3592 1004 3645 in
1032 3595 1376 3663 susceptione
1392 3597 1686 3667 hospitum,
1709 3607 1864 3669 grata
1893 3599 2074 3655 Domi-
2172 3598 2324 3660 P8110
2352 3598 2589 3645 castrum
2625 3591 2699 3647 Sit
2727 3592 3140 3663 inexpugnabile
3176 3592 3284 3647 Si!“
3316 3607 3447 3657 SUO;
3491 3588 3646 3644 [05535
3675 3585 3725 3638 ίη

492 3692 563 3731 no
589 3686 643 3732 et
664 3679 862 3734 nobilia
884 3682 1073 3736 exenia
1091 3684 1488 3753 ministrabant;
1518 3703 1618 3742 nec
1640 3689 1819 3745 minus
1844 3688 2035 3745 fecund

2173 3684 2351 3739 excisa
2380 3684 2580 3740 montis
2611 3699 2741 3755 rupe
2767 3686 3113 3755 przegrandes
3136 3726 3150 3751 ,
3178 3693 3471 3755 portasque
3498 3677 3720 3736 munitio.

493 3769 861 3826 cuniculorum
892 3775 1227 3843 receptacula
1252 3776 1391 3831 intra
1423 3788 1569 3849 septa
1597 3779 1684 3835 illa
1700 3781 1781 3837 vel
1805 3789 1957 3837 extra
1979 3797 2071 3837 νο·
2172 3791 2260 3831 res
2289 3778 2576 3832 exstruxit.
2611 3777 2663 3831 lu
2695 3776 2959 3847 superiori
2991 3792 3116 3832 vero
3140 3784 3319 3846 parte,
3363 3774 3454 3841 ubi
3487 3787 3542 3828 se
3568 3770 3616 3825 in
3645 3782 3724 3822 ca-

491 3860 752 3931 luptuosae
781 3866 1003 3922 etutilis
1022 3870 1390 3939 occupationis
1413 3874 1692 3929 materiam
1712 3875 1906 3930 ibidem
1927 3890 2072 3946 prte-
2171 3867 2387 3922 Cumille
2423 3883 2521 3923 suo
2559 3868 2779 3932 montis,
2827 3867 3017 3939 inquo
3060 3867 3224 3923 situm
3274 3876 3358 3923 est
3407 3864 3721 3938 prtesidium.

491 3957 743 4013 stabant:
773 3960 852 4015 sic
878 3961 1029 4018 locus
1061 3964 1377 4021 multimoda
1412 3967 1797 4023 commoditate
1821 3976 1876 4023 ει
1906 3984 2071 4025 οωω.
2173 3958 2348 4028 major
2377 3957 2676 4028 amplitudo
2702 3955 2978 4024 diffundit;
3013 3957 3174 4013 situm
3204 3959 3447 4029 pandens
3484 3951 3718 4011 machinis

489 4049 658 4103 nitate
696 4051 954 4119 praeditus
1007 4055 1371 4124 gratissimam
1420 4054 1645 4126 prastat
1690 4073 1860 4127 usque
1907 4059 2035 4114 hodi

2177 4048 2439 4120 erigendis
2491 4048 2896 4105 accommodum
2920 4089 2935 4116 ,
2980 4053 3176 4121 praeter
3209 4064 3396 4105 muros
3438 4042 3724 4103 munitionis

488 4137 757 4207 episcopis
784 4143 1139 4204 mansionem,
1171 4152 1397 4213 excepto
1419 4147 1561 4215 quod
1596 4146 1739 4216 scpis
1768 4146 2066 4216 demolitio,
2171 4142 2443 4212 antiquos,
2473 4141 2613 4196 inter
2648 4157 2785 4212 quos
2824 4157 2963 4197 unus
3006 4149 3125 4197 erat
3165 4140 3387 4197 solidior
3412 4149 3467 4196 et
3491 4135 3723 4195 exterior.

489 4242 609 4295 quae
632 4228 1053 4287 sineimmodico
1072 4232 1328 4289 silvarum
1353 4236 1675 4292 exterminio
1690 4246 1741 4293 et
1754 4249 2064 4309 sumptuum
2169 4249 2328 4307 quem
2358 4234 2527 4291 frater
2554 4235 2671 4305 ejus
2700 4233 3128 4300 Clarembaldus,
3156 4233 3317 4305 paulo
3337 4242 3617 4304 antequam
3638 4228 3716 4283 de-

488 4319 771 4389 dispendio
823 4321 877 4377 in
918 4337 1013 4378 sua
1063 4325 1368 4395 integritate
1422 4330 1632 4385 servari
1685 4346 1791 4387 non
1835 4341 2064 4403 poterat,
2167 4322 3719 4398 fungeretur,construxeratJlurumpostilluminteriorem

486 4406 633 4464 feras
662 4424 774 4466 sua:
803 4413 1032 4467 reddidit
1062 4414 1319 4471 libertati.
2169 4422 2389 4493 majoris
2408 4419 3109 4491 altitudinis,spissitudinis
3127 4419 3484 4475 etsoliditatis
3498 4414 3652 4474 erexit
3670 4411 3715 4465 in

790 4503 871 4558 De
908 4504 1145 4561 domibus
1187 4506 1395 4564 Tociaci
1432 4520 1482 4566 et
1516 4510 1747 4569 Canada.-
2096 4540 2142 4600 υ
2170 4513 2345 4582 capite
2359 4512 2475 4583 ejus
2491 4511 2623 4566 turri
2640 4511 2891 4567 solidiore
2905 4509 3517 4576 constructa;exteriori
3532 4517 3717 4578 quoque

554 4595 711 4665 Apud
737 4595 1029 4653 Tociaeum
1066 4608 1122 4655 et
1149 4599 1419 4657 Conadam
1447 4613 1626 4660 castra
1669 4606 1918 4663 videlicet
1943 4609 2059 4680 epi-
2097 4595 2131 4600 ⁷
2167 4618 2321 4658 muro
2348 4602 2518 4658 fossas
2543 4603 2739 4658 excisis
2783 4603 3033 4658 cautibus
3079 4603 3210 4659 fecit
3236 4612 3555 4675 prmruptas,
3582 4598 3716 4652 alias-

486 4686 725 4757 sc0palia
754 4688 807 4742 in
837 4689 980 4745 areis
1026 4705 1057 4745 a
1084 4692 1197 4748 suis
1231 4694 1717 4764 prasdecessoribus
1743 4700 2063 4768 praeparatis
2162 4710 2268 4764 que
2303 4695 2562 4765 prtemisit
2592 4695 2894 4751 excisiones
2925 4696 2977 4749 in
3012 4704 3216 4761 monte,
3253 4712 3372 4767 qua:
3399 4697 3573 4750 hostes
3607 4702 3714 4761 pos-

490 4775 681 4832 domos
704 4778 945 4834 condidit
978 4781 1312 4853 episcopales
1349 4793 1403 4840 et
1437 4787 1732 4843 nobilitatis
1761 4790 2060 4847 immensae.
2164 4796 2285 4842 sent
2321 4803 2351 4842 a
2382 4786 2634 4858 praesidio
2680 4787 3050 4856 multiplicatis
3080 4787 3371 4843 obstaculis
3417 4797 3472 4843 et
3516 4778 3717 4854 impedi-

737 4869 815 4924 De
850 4872 928 4937 his
963 4890 1080 4941 qua:
1111 4876 1269 4943 gessit
1303 4877 1444 4946 apud
1490 4876 1827 4936 Varziacum.
2165 4878 2419 4935 dimentis
2446 4893 2653 4934 arcere.
2683 4878 2831 4933 Fecit
2853 4886 2907 4933 et
2936 4878 3291 4933 antemuralia
3314 4894 3468 4933 muro
3487 4868 3713 4932 exteriori

555 4957 806 5014 Castrum
852 4974 1009 5016 suum
1045 4963 1223 5018 nobile
1253 4962 1571 5022 Varziacum
1596 5008 1612 5034 ,
1670 4970 1812 5039 quod
1843 4979 2065 5040 propter
2166 4984 2427 5031 connexa,
2460 4977 2516 5023 et
2542 4968 2788 5023 immensi
2826 4967 3035 5023 roboris
3073 4967 3315 5024 trabibus
3350 4973 3594 5024 contexta
3636 4960 3713 5016 tie-

486 5049 771 5105 imminuta
799 5051 901 5108 loci
929 5055 1076 5125 prius
1099 5056 1470 5128 frequentibus
1493 5062 1712 5131 patebat
1741 5062 2061 5134 depraedan-
2165 5075 2347 5130 super,
2372 5066 2431 5113 ut
2456 5060 2547 5129 qui
2579 5062 2770 5114 subtus
2798 5060 3096 5115 existerent
3127 5060 3352 5116 telorum
3373 5060 3549 5131 jactus
3568 5068 3712 5126 quan-

485 5140 620 5195 tium
651 5140 982 5211 incursibus,
1030 5161 1215 5203 muros
1248 5152 1551 5220 reparando
1589 5153 1839 5223 antiquos
1866 5163 1919 5209 et
1948 5154 2063 5211 fos-
2166 5153 2401 5218 toslibet,
2433 5161 2526 5208 aut
2560 5161 2825 5209 tormenta
2854 5154 3195 5226 jacuiatoria,
3231 5170 3329 5212 seu
3351 5154 3593 5226 quaelibet
3624 5147 3709 5202 alia

485 5247 575 5289 sas
603 5236 841 5291 turribus
862 5237 1167 5308 ingentibus
1197 5241 1592 5313 circumsepsit,
1634 5244 1825 5303 domos
1850 5248 2062 5318 cpisco-
2166 5245 2403 5301 hostium
2435 5246 2712 5302 molimina
2736 5263 2842 5302 non
2893 5248 3162 5315 timerent,
3193 5250 3287 5306 sed
3315 5248 3489 5305 securi
3522 5242 3712 5300 venien-

482 5324 634 5394 pales
658 5328 815 5397 juxta
862 5330 1147 5387 ecclesiam
1191 5334 1363 5388 beata:
1410 5334 1663 5407 Eugenia:
1693 5353 1847 5393 muro
1892 5339 2063 5395 solido
2167 5339 2307 5394 tibus
2335 5356 2400 5396 ex
2441 5340 2671 5396 adverso
2700 5341 3058 5412 posteriorum
3084 5340 3352 5398 fossarum
3385 5349 3440 5395 et
3466 5337 3614 5401 muri,
3637 5330 3710 5387 cui

484 5418 788 5486 magniﬁcis
825 5421 1105 5488 aediﬁciis,
1154 5425 1395 5481 turribus
1446 5442 1510 5481 ac
1563 5430 1983 5499 pr0pugnaculis
2028 5446 2059 5486 a
2165 5430 2652 5500 conjungebantur,
2704 5432 3054 5502 prohiberent
3101 5449 3400 5490 accessum.
3427 5432 3579 5487 Juxta
3606 5439 3709 5481 mu-

484 5506 675 5575 primis
699 5510 938 5565 condidit
960 5514 1343 5584 fundamentis,
1373 5519 1675 5587 pnesidium
1707 5537 1920 5593 quoque
1946 5522 2061 5592 epi—
2168 5540 2284 5579 rum
2316 5525 2465 5580 illum
2488 5524 2656 5580 fontis
2679 5541 2870 5581 venam
2907 5526 3289 5584 scaturientem
3334 5523 3563 5587 invenit,
3605 5528 3707 5586 qua?

488 5594 703 5690 scopale
728 5597 953 5655 ulterius
994 5618 1149 5658 muro
1174 5604 1433 5670 solidiori,
1481 5610 1720 5665 turribus
1751 5612 2057 5669 munitiori-
2165 5615 2292 5672 licet
2338 5617 2408 5672 sit
2455 5617 2685 5683 modica,
2711 5616 2867 5689 juges
2907 5627 3081 5673 tamen
3130 5625 3184 5672 et
3229 5616 3533 5690 perspicuas
3563 5620 3707 5678 aquas

483 5683 585 5738 bus
614 5696 667 5739 et
695 5692 1119 5750 antemuralibus
1149 5695 1201 5750 in
1232 5705 1402 5753 tutam
1426 5700 1492 5755 ad
1519 5703 1935 5772 expugnandum
1957 5704 2060 5759 dif-
2164 5715 2399 5761 emanat.

484 5773 677 5832 ﬁcilem
701 5779 1055 5838 munitionem
1085 5787 1364 5857 provexit,
1409 5799 1463 5845 et
1492 5788 1651 5847 fossis
1689 5792 1841 5849 mira:
1864 5795 2055 5876 ampli~
2226 5797 2400 5854 Extra
2423 5807 2574 5870 septa
2600 5800 2837 5873 praesidii
2873 5799 3181 5873 principalis
3203 5774 3410 5873 magna
3438 5785 3702 5853 nobilitatis
