  <div class='ocr_page' id='page_1' title='image "/cluster/home/n/w/nwhite01/storage/ocr_20150623/138/hvd.32044015471774/162.png"; bbox 0 0 3910 5336; ppageno 0'>
   <div class='ocr_carea' id='block_1_1' title="bbox 157 431 3374 495">
    <p class='ocr_par' dir='ltr' id='par_1_1' title="bbox 157 431 3374 495">
     <span class='ocr_line' id='line_1_1' title="bbox 157 431 3374 495; baseline 0.001 -5"><span class='ocrx_word' id='word_1_1' title='bbox 157 434 244 491; x_wconf 71' lang='grc'><strong>313</strong></span> <span class='ocrx_word' id='word_1_2' title='bbox 1055 434 1143 490; x_wconf 82' lang='lat' dir='ltr'><strong>DE</strong></span> <span class='ocrx_word' id='word_1_3' title='bbox 1179 433 1426 490; x_wconf 79' lang='lat' dir='ltr'><strong>GESTIS</strong></span> <span class='ocrx_word' id='word_1_4' title='bbox 1455 433 1666 489; x_wconf 77' lang='lat' dir='ltr'><strong>EPISC.</strong></span> <span class='ocrx_word' id='word_1_5' title='bbox 1709 431 2090 489; x_wconf 76' lang='lat' dir='ltr'><strong>ANTISSIOD.</strong></span> <span class='ocrx_word' id='word_1_6' title='bbox 2127 465 2195 474; x_wconf 88' lang='lat'><strong>—</strong></span> <span class='ocrx_word' id='word_1_7' title='bbox 2225 433 2403 490; x_wconf 74' lang='lat' dir='ltr'><strong>PARS</strong></span> <span class='ocrx_word' id='word_1_8' title='bbox 2430 434 2469 489; x_wconf 85' lang='grc' dir='ltr'><strong>Ι.</strong></span> <span class='ocrx_word' id='word_1_9' title='bbox 3267 438 3374 495; x_wconf 68' lang='grc' dir='ltr'>δη</span> 
     </span>
    </p>
   </div>
   <div class='ocr_carea' id='block_1_2' title="bbox 152 539 1672 623">
    <p class='ocr_par' dir='ltr' id='par_1_2' title="bbox 152 546 1672 622">
     <span class='ocr_line' id='line_1_2' title="bbox 152 546 1672 622; baseline -0.001 -18"><span class='ocrx_word' id='word_1_10' title='bbox 152 548 382 604; x_wconf 64' lang='lat' dir='ltr'><strong>exstruxit</strong></span> <span class='ocrx_word' id='word_1_11' title='bbox 415 546 696 618; x_wconf 79' lang='lat' dir='ltr'><strong>palatium,</strong></span> <span class='ocrx_word' id='word_1_12' title='bbox 731 550 876 619; x_wconf 88' lang='lat' dir='ltr'><strong>quod</strong></span> <span class='ocrx_word' id='word_1_13' title='bbox 914 549 1014 619; x_wconf 83' lang='lat' dir='ltr'><strong>ipsi</strong></span> <span class='ocrx_word' id='word_1_14' title='bbox 1046 550 1299 622; x_wconf 73' lang='lat' dir='ltr'><strong>pnesidio</strong></span> <span class='ocrx_word' id='word_1_15' title='bbox 1328 565 1434 604; x_wconf 92' lang='lat' dir='ltr'><strong>non</strong></span> <span class='ocrx_word' id='word_1_16' title='bbox 1465 549 1672 602; x_wconf 76' lang='lat' dir='ltr'><strong>modica</strong></span> 
     </span>
    </p>
   </div>
   <div class='ocr_carea' id='block_1_3' title="bbox 1775 539 3372 623">
    <p class='ocr_par' dir='ltr' id='par_1_3' title="bbox 1790 551 3372 623">
     <span class='ocr_line' id='line_1_3' title="bbox 1790 551 3372 623; baseline -0.001 -11"><span class='ocrx_word' id='word_1_17' title='bbox 1790 556 2083 612; x_wconf 72' lang='lat' dir='ltr'><strong>voluntatis</strong></span> <span class='ocrx_word' id='word_1_18' title='bbox 2106 555 2172 608; x_wconf 87' lang='lat' dir='ltr'><strong>ad</strong></span> <span class='ocrx_word' id='word_1_19' title='bbox 2195 552 2407 622; x_wconf 85' lang='lat' dir='ltr'><strong>aliquod</strong></span> <span class='ocrx_word' id='word_1_20' title='bbox 2425 551 2728 623; x_wconf 71' lang='lat' dir='ltr'><strong>epiScopale</strong></span> <span class='ocrx_word' id='word_1_21' title='bbox 2745 554 3080 611; x_wconf 77' lang='lat' dir='ltr'><strong>domicilium</strong></span> <span class='ocrx_word' id='word_1_22' title='bbox 3102 553 3372 610; x_wconf 83' lang='lat' dir='ltr'><strong>divertere</strong></span> 
     </span>
    </p>
   </div>
   <div class='ocr_carea' id='block_1_4' title="bbox 155 639 3373 716">
    <p class='ocr_par' dir='ltr' id='par_1_4' title="bbox 155 639 3373 716">
     <span class='ocr_line' id='line_1_4' title="bbox 155 639 3373 716; baseline 0.002 -22"><span class='ocrx_word' id='word_1_23' title='bbox 155 639 424 694; x_wconf 77' lang='lat' dir='ltr'><strong>uiunitionis</strong></span> <span class='ocrx_word' id='word_1_24' title='bbox 456 639 665 705; x_wconf 77' lang='lat' dir='ltr'><strong>existit,</strong></span> <span class='ocrx_word' id='word_1_25' title='bbox 717 650 926 710; x_wconf 77' lang='lat' dir='ltr'><strong>gratam</strong></span> <span class='ocrx_word' id='word_1_26' title='bbox 958 640 1206 696; x_wconf 83' lang='lat' dir='ltr'><strong>videlicet</strong></span> <span class='ocrx_word' id='word_1_27' title='bbox 1229 640 1429 694; x_wconf 85' lang='lat' dir='ltr'><strong>domini</strong></span> <span class='ocrx_word' id='word_1_28' title='bbox 1457 639 1692 695; x_wconf 84' lang='lat' dir='ltr'><strong>mansio—</strong></span> <span class='ocrx_word' id='word_1_29' title='bbox 1789 650 2040 711; x_wconf 74' lang='lat' dir='ltr'><strong>faciebat,</strong></span> <span class='ocrx_word' id='word_1_30' title='bbox 2090 646 2454 715; x_wconf 76' lang='lat' dir='ltr'><strong>recipiebatur</strong></span> <span class='ocrx_word' id='word_1_31' title='bbox 2505 647 2820 710; x_wconf 91' lang='lat' dir='ltr'><strong>honoriﬁce,</strong></span> <span class='ocrx_word' id='word_1_32' title='bbox 2873 656 2928 701; x_wconf 92' lang='lat' dir='ltr'><strong>et</strong></span> <span class='ocrx_word' id='word_1_33' title='bbox 2980 646 3373 716; x_wconf 74' lang='lat' dir='ltr'><strong>procumbatur</strong></span> 
     </span>
    </p>
   </div>
   <div class='ocr_carea' id='block_1_5' title="bbox 152 729 1683 800">
    <p class='ocr_par' dir='ltr' id='par_1_5' title="bbox 152 729 1683 800">
     <span class='ocr_line' id='line_1_5' title="bbox 152 729 1683 800; baseline -0.001 -16"><span class='ocrx_word' id='word_1_34' title='bbox 152 745 268 794; x_wconf 86' lang='lat' dir='ltr'><strong>nem,</strong></span> <span class='ocrx_word' id='word_1_35' title='bbox 295 744 447 798; x_wconf 86' lang='lat' dir='ltr'><strong>quam</strong></span> <span class='ocrx_word' id='word_1_36' title='bbox 474 730 643 784; x_wconf 88' lang='lat' dir='ltr'><strong>multo</strong></span> <span class='ocrx_word' id='word_1_37' title='bbox 687 740 742 784; x_wconf 93' lang='lat' dir='ltr'><strong>et</strong></span> <span class='ocrx_word' id='word_1_38' title='bbox 784 729 1106 800; x_wconf 80' lang='lat' dir='ltr'><strong>voluptuose</strong></span> <span class='ocrx_word' id='word_1_39' title='bbox 1148 731 1424 784; x_wconf 78' lang='lat' dir='ltr'><strong>decoravit</strong></span> <span class='ocrx_word' id='word_1_40' title='bbox 1460 741 1683 793; x_wconf 88' lang='lat' dir='ltr'><strong>ornatu;</strong></span> 
     </span>
    </p>
   </div>
   <div class='ocr_carea' id='block_1_6' title="bbox 154 819 1688 889">
    <p class='ocr_par' dir='ltr' id='par_1_6' title="bbox 154 819 1688 889">
     <span class='ocr_line' id='line_1_6' title="bbox 154 819 1688 889; baseline -0.001 -15"><span class='ocrx_word' id='word_1_41' title='bbox 154 820 352 888; x_wconf 82' lang='lat' dir='ltr'><strong>fecitque</strong></span> <span class='ocrx_word' id='word_1_42' title='bbox 373 819 648 876; x_wconf 88' lang='lat' dir='ltr'><strong>cuniculos</strong></span> <span class='ocrx_word' id='word_1_43' title='bbox 671 821 1055 876; x_wconf 82' lang='lat' dir='ltr'><strong>subterraneos</strong></span> <span class='ocrx_word' id='word_1_44' title='bbox 1079 836 1108 874; x_wconf 87' lang='lat' dir='ltr'><strong>a</strong></span> <span class='ocrx_word' id='word_1_45' title='bbox 1137 821 1271 874; x_wconf 89' lang='lat' dir='ltr'><strong>cella</strong></span> <span class='ocrx_word' id='word_1_46' title='bbox 1305 820 1530 884; x_wconf 89' lang='lat' dir='ltr'><strong>vinaria,</strong></span> <span class='ocrx_word' id='word_1_47' title='bbox 1567 833 1688 889; x_wconf 64' lang='lat' dir='ltr'><strong>quae</strong></span> 
     </span>
    </p>
   </div>
   <div class='ocr_carea' id='block_1_7' title="bbox 152 908 1688 980">
    <p class='ocr_par' dir='ltr' id='par_1_7' title="bbox 152 908 1688 980">
     <span class='ocr_line' id='line_1_7' title="bbox 152 908 1688 980; baseline 0 -16"><span class='ocrx_word' id='word_1_48' title='bbox 152 909 257 964; x_wconf 88' lang='lat' dir='ltr'><strong>turri</strong></span> <span class='ocrx_word' id='word_1_49' title='bbox 287 908 493 964; x_wconf 79' lang='lat' dir='ltr'><strong>suberat</strong></span> <span class='ocrx_word' id='word_1_50' title='bbox 541 910 847 980; x_wconf 83' lang='lat' dir='ltr'><strong>principali,</strong></span> <span class='ocrx_word' id='word_1_51' title='bbox 895 911 948 966; x_wconf 92' lang='lat' dir='ltr'><strong>in</strong></span> <span class='ocrx_word' id='word_1_52' title='bbox 1005 912 1266 980; x_wconf 83' lang='lat' dir='ltr'><strong>palatium</strong></span> <span class='ocrx_word' id='word_1_53' title='bbox 1318 910 1566 974; x_wconf 85' lang='lat' dir='ltr'><strong>inferius,</strong></span> <span class='ocrx_word' id='word_1_54' title='bbox 1621 911 1688 964; x_wconf 88' lang='lat' dir='ltr'><strong>de</strong></span> 
     </span>
    </p>
   </div>
   <div class='ocr_carea' id='block_1_8' title="bbox 149 999 1687 1070">
    <p class='ocr_par' dir='ltr' id='par_1_8' title="bbox 149 999 1687 1070">
     <span class='ocr_line' id='line_1_8' title="bbox 149 999 1687 1070; baseline 0.002 -19"><span class='ocrx_word' id='word_1_55' title='bbox 149 1015 232 1068; x_wconf 91' lang='lat' dir='ltr'><strong>quo</strong></span> <span class='ocrx_word' id='word_1_56' title='bbox 255 999 606 1067; x_wconf 66' lang='lat' dir='ltr'><strong>praediximus,</strong></span> <span class='ocrx_word' id='word_1_57' title='bbox 630 1011 898 1069; x_wconf 84' lang='lat' dir='ltr'><strong>quatenus</strong></span> <span class='ocrx_word' id='word_1_58' title='bbox 919 1011 1137 1070; x_wconf 87' lang='lat' dir='ltr'><strong>propter</strong></span> <span class='ocrx_word' id='word_1_59' title='bbox 1157 1003 1338 1054; x_wconf 90' lang='lat' dir='ltr'><strong>vinum</strong></span> <span class='ocrx_word' id='word_1_60' title='bbox 1363 1017 1456 1055; x_wconf 89' lang='lat' dir='ltr'><strong>seu</strong></span> <span class='ocrx_word' id='word_1_61' title='bbox 1483 1001 1687 1054; x_wconf 70' lang='lat' dir='ltr'><strong>vit-tua-</strong></span> 
     </span>
    </p>
   </div>
   <div class='ocr_carea' id='block_1_9' title="bbox 150 1087 1685 1160">
    <p class='ocr_par' dir='ltr' id='par_1_9' title="bbox 150 1087 1685 1160">
     <span class='ocr_line' id='line_1_9' title="bbox 150 1087 1685 1160; baseline 0.001 -18"><span class='ocrx_word' id='word_1_62' title='bbox 150 1089 201 1142; x_wconf 79' lang='lat' dir='ltr'><strong>lia</strong></span> <span class='ocrx_word' id='word_1_63' title='bbox 232 1087 459 1156; x_wconf 70' lang='lat' dir='ltr'><strong>quiarlibet</strong></span> <span class='ocrx_word' id='word_1_64' title='bbox 491 1106 596 1144; x_wconf 90' lang='lat' dir='ltr'><strong>non</strong></span> <span class='ocrx_word' id='word_1_65' title='bbox 623 1099 899 1159; x_wconf 89' lang='lat' dir='ltr'><strong>oporteret</strong></span> <span class='ocrx_word' id='word_1_66' title='bbox 929 1091 1134 1160; x_wconf 78' lang='lat' dir='ltr'><strong>ingredi</strong></span> <span class='ocrx_word' id='word_1_67' title='bbox 1165 1091 1247 1144; x_wconf 88' lang='lat' dir='ltr'><strong>vel</strong></span> <span class='ocrx_word' id='word_1_68' title='bbox 1289 1091 1470 1160; x_wconf 87' lang='lat' dir='ltr'><strong>egredi</strong></span> <span class='ocrx_word' id='word_1_69' title='bbox 1498 1091 1685 1160; x_wconf 67' lang='lat' dir='ltr'><strong>praesi-</strong></span> 
     </span>
    </p>
   </div>
   <div class='ocr_carea' id='block_1_10' title="bbox 149 1177 1682 1248">
    <p class='ocr_par' dir='ltr' id='par_1_10' title="bbox 149 1177 1682 1248">
     <span class='ocr_line' id='line_1_10' title="bbox 149 1177 1682 1248; baseline 0.001 -17"><span class='ocrx_word' id='word_1_70' title='bbox 149 1178 264 1231; x_wconf 85' lang='lat' dir='ltr'><strong>dium</strong></span> <span class='ocrx_word' id='word_1_71' title='bbox 288 1177 592 1245; x_wconf 83' lang='lat' dir='ltr'><strong>principale,</strong></span> <span class='ocrx_word' id='word_1_72' title='bbox 626 1179 718 1232; x_wconf 85' lang='lat' dir='ltr'><strong>sed</strong></span> <span class='ocrx_word' id='word_1_73' title='bbox 743 1178 1066 1233; x_wconf 89' lang='lat' dir='ltr'><strong>victualibus</strong></span> <span class='ocrx_word' id='word_1_74' title='bbox 1092 1193 1189 1248; x_wconf 91' lang='lat' dir='ltr'><strong>per</strong></span> <span class='ocrx_word' id='word_1_75' title='bbox 1210 1195 1421 1232; x_wconf 90' lang='lat' dir='ltr'><strong>murum</strong></span> <span class='ocrx_word' id='word_1_76' title='bbox 1448 1178 1682 1248; x_wconf 65' lang='lat' dir='ltr'><strong>prtesidii</strong></span> 
     </span>
    </p>
   </div>
   <div class='ocr_carea' id='block_1_11' title="bbox 147 1266 1685 1338">
    <p class='ocr_par' dir='ltr' id='par_1_11' title="bbox 147 1266 1685 1338">
     <span class='ocr_line' id='line_1_11' title="bbox 147 1266 1685 1338; baseline 0 -16"><span class='ocrx_word' id='word_1_77' title='bbox 147 1266 492 1332; x_wconf 81' lang='lat' dir='ltr'><strong>demissiorem,</strong></span> <span class='ocrx_word' id='word_1_78' title='bbox 525 1271 723 1338; x_wconf 85' lang='lat' dir='ltr'><strong>sportis</strong></span> <span class='ocrx_word' id='word_1_79' title='bbox 753 1271 1002 1325; x_wconf 83' lang='lat' dir='ltr'><strong>demissis</strong></span> <span class='ocrx_word' id='word_1_80' title='bbox 1039 1272 1222 1324; x_wconf 86' lang='lat' dir='ltr'><strong>vinum</strong></span> <span class='ocrx_word' id='word_1_81' title='bbox 1260 1269 1375 1323; x_wconf 90' lang='lat' dir='ltr'><strong>sive</strong></span> <span class='ocrx_word' id='word_1_82' title='bbox 1403 1284 1542 1338; x_wconf 90' lang='lat' dir='ltr'><strong>aqua</strong></span> <span class='ocrx_word' id='word_1_83' title='bbox 1588 1283 1685 1338; x_wconf 88' lang='lat' dir='ltr'><strong>per</strong></span> 
     </span>
    </p>
   </div>
   <div class='ocr_carea' id='block_1_12' title="bbox 148 1359 1680 1431">
    <p class='ocr_par' dir='ltr' id='par_1_12' title="bbox 148 1359 1680 1431">
     <span class='ocr_line' id='line_1_12' title="bbox 148 1359 1680 1431; baseline 0.002 -19"><span class='ocrx_word' id='word_1_84' title='bbox 148 1359 315 1413; x_wconf 86' lang='lat' dir='ltr'><strong>ﬁstulas</strong></span> <span class='ocrx_word' id='word_1_85' title='bbox 349 1360 579 1415; x_wconf 79' lang='lat' dir='ltr'><strong>mirabili</strong></span> <span class='ocrx_word' id='word_1_86' title='bbox 609 1362 840 1431; x_wconf 88' lang='lat' dir='ltr'><strong>quodam</strong></span> <span class='ocrx_word' id='word_1_87' title='bbox 871 1361 1100 1415; x_wconf 87' lang='lat' dir='ltr'><strong>artiﬁcio</strong></span> <span class='ocrx_word' id='word_1_88' title='bbox 1123 1360 1333 1415; x_wconf 87' lang='lat' dir='ltr'><strong>occulte</strong></span> <span class='ocrx_word' id='word_1_89' title='bbox 1359 1360 1680 1415; x_wconf 78' lang='lat' dir='ltr'><strong>deferretur.</strong></span> 
     </span>
    </p>
   </div>
   <div class='ocr_carea' id='block_1_13' title="bbox 147 1451 1682 1521">
    <p class='ocr_par' dir='ltr' id='par_1_13' title="bbox 147 1451 1682 1521">
     <span class='ocr_line' id='line_1_13' title="bbox 147 1451 1682 1521; baseline -0.001 -14"><span class='ocrx_word' id='word_1_90' title='bbox 147 1453 361 1508; x_wconf 81' lang='lat' dir='ltr'><strong>llirabilis</strong></span> <span class='ocrx_word' id='word_1_91' title='bbox 385 1469 512 1508; x_wconf 86' lang='lat' dir='ltr'><strong>sane</strong></span> <span class='ocrx_word' id='word_1_92' title='bbox 560 1455 790 1518; x_wconf 77' lang='lat' dir='ltr'><strong>cautela,</strong></span> <span class='ocrx_word' id='word_1_93' title='bbox 825 1462 883 1507; x_wconf 91' lang='lat' dir='ltr'><strong>ut</strong></span> <span class='ocrx_word' id='word_1_94' title='bbox 912 1454 1121 1508; x_wconf 86' lang='lat' dir='ltr'><strong>scilicet</strong></span> <span class='ocrx_word' id='word_1_95' title='bbox 1149 1453 1399 1508; x_wconf 90' lang='lat' dir='ltr'><strong>victualia</strong></span> <span class='ocrx_word' id='word_1_96' title='bbox 1451 1467 1570 1521; x_wconf 71' lang='lat' dir='ltr'><strong>qua:</strong></span> <span class='ocrx_word' id='word_1_97' title='bbox 1613 1451 1682 1506; x_wconf 87' lang='lat' dir='ltr'><strong>ad</strong></span> 
     </span>
    </p>
   </div>
   <div class='ocr_carea' id='block_1_14' title="bbox 146 1543 1680 1609">
    <p class='ocr_par' dir='ltr' id='par_1_14' title="bbox 146 1543 1680 1609">
     <span class='ocr_line' id='line_1_14' title="bbox 146 1543 1680 1609; baseline -0.001 -10"><span class='ocrx_word' id='word_1_98' title='bbox 146 1545 452 1599; x_wconf 85' lang='lat' dir='ltr'><strong>munitionem</strong></span> <span class='ocrx_word' id='word_1_99' title='bbox 481 1545 651 1600; x_wconf 84' lang='lat' dir='ltr'><strong>castri</strong></span> <span class='ocrx_word' id='word_1_100' title='bbox 679 1545 819 1599; x_wconf 75' lang='lat' dir='ltr'><strong>illata</strong></span> <span class='ocrx_word' id='word_1_101' title='bbox 852 1545 1088 1609; x_wconf 83' lang='lat' dir='ltr'><strong>fuerant,</strong></span> <span class='ocrx_word' id='word_1_102' title='bbox 1128 1545 1212 1598; x_wconf 93' lang='lat' dir='ltr'><strong>vel</strong></span> <span class='ocrx_word' id='word_1_103' title='bbox 1245 1545 1455 1598; x_wconf 86' lang='lat' dir='ltr'><strong>invecta</strong></span> <span class='ocrx_word' id='word_1_104' title='bbox 1484 1543 1555 1597; x_wconf 88' lang='lat' dir='ltr'><strong>ibi</strong></span> <span class='ocrx_word' id='word_1_105' title='bbox 1579 1543 1680 1597; x_wconf 91' lang='lat' dir='ltr'><strong>sub</strong></span> 
     </span>
    </p>
   </div>
   <div class='ocr_carea' id='block_1_15' title="bbox 147 1633 1680 1698">
    <p class='ocr_par' dir='ltr' id='par_1_15' title="bbox 147 1633 1680 1698">
     <span class='ocr_line' id='line_1_15' title="bbox 147 1633 1680 1698; baseline 0.001 -11"><span class='ocrx_word' id='word_1_106' title='bbox 147 1635 376 1688; x_wconf 80' lang='lat' dir='ltr'><strong>niunitiori</strong></span> <span class='ocrx_word' id='word_1_107' title='bbox 413 1635 664 1689; x_wconf 88' lang='lat' dir='ltr'><strong>custodia</strong></span> <span class='ocrx_word' id='word_1_108' title='bbox 695 1635 905 1690; x_wconf 88' lang='lat' dir='ltr'><strong>ﬁdelius</strong></span> <span class='ocrx_word' id='word_1_109' title='bbox 927 1645 1302 1698; x_wconf 81' lang='lat' dir='ltr'><strong>servarentur,</strong></span> <span class='ocrx_word' id='word_1_110' title='bbox 1331 1644 1386 1688; x_wconf 93' lang='lat' dir='ltr'><strong>et</strong></span> <span class='ocrx_word' id='word_1_111' title='bbox 1411 1633 1680 1689; x_wconf 82' lang='lat' dir='ltr'><strong>obseratis</strong></span> 
     </span>
    </p>
   </div>
   <div class='ocr_carea' id='block_1_16' title="bbox 144 1724 1676 1797">
    <p class='ocr_par' dir='ltr' id='par_1_16' title="bbox 144 1724 1676 1797">
     <span class='ocr_line' id='line_1_16' title="bbox 144 1724 1676 1797; baseline 0.003 -20"><span class='ocrx_word' id='word_1_112' title='bbox 144 1724 193 1778; x_wconf 80' lang='lat' dir='ltr'><strong>ad</strong></span> <span class='ocrx_word' id='word_1_113' title='bbox 231 1740 425 1780; x_wconf 89' lang='lat' dir='ltr'><strong>omnem</strong></span> <span class='ocrx_word' id='word_1_114' title='bbox 493 1727 887 1782; x_wconf 73' lang='lat' dir='ltr'><strong>excludendum</strong></span> <span class='ocrx_word' id='word_1_115' title='bbox 937 1728 1296 1796; x_wconf 85' lang='lat' dir='ltr'><strong>suspicionem</strong></span> <span class='ocrx_word' id='word_1_116' title='bbox 1364 1727 1676 1797; x_wconf 77' lang='lat' dir='ltr'><strong>repagulis,</strong></span> 
     </span>
    </p>
   </div>
   <div class='ocr_carea' id='block_1_17' title="bbox 144 1813 1678 1883">
    <p class='ocr_par' dir='ltr' id='par_1_17' title="bbox 144 1813 1678 1883">
     <span class='ocr_line' id='line_1_17' title="bbox 144 1813 1678 1883; baseline 0.003 -18"><span class='ocrx_word' id='word_1_117' title='bbox 144 1813 288 1868; x_wconf 85' lang='lat' dir='ltr'><strong>usibus</strong></span> <span class='ocrx_word' id='word_1_118' title='bbox 314 1815 376 1867; x_wconf 92' lang='lat' dir='ltr'><strong>ad</strong></span> <span class='ocrx_word' id='word_1_119' title='bbox 405 1815 735 1883; x_wconf 80' lang='lat' dir='ltr'><strong>postulatum</strong></span> <span class='ocrx_word' id='word_1_120' title='bbox 763 1816 1085 1871; x_wconf 85' lang='lat' dir='ltr'><strong>necessariis</strong></span> <span class='ocrx_word' id='word_1_121' title='bbox 1115 1816 1203 1870; x_wconf 89' lang='lat' dir='ltr'><strong>tali</strong></span> <span class='ocrx_word' id='word_1_122' title='bbox 1233 1816 1465 1871; x_wconf 81' lang='lat' dir='ltr'><strong>artificio</strong></span> <span class='ocrx_word' id='word_1_123' title='bbox 1493 1817 1678 1870; x_wconf 86' lang='lat' dir='ltr'><strong>deser-</strong></span> 
     </span>
    </p>
   </div>
   <div class='ocr_carea' id='block_1_18' title="bbox 1787 736 3372 807">
    <p class='ocr_par' dir='ltr' id='par_1_18' title="bbox 1787 736 3372 807">
     <span class='ocr_line' id='line_1_18' title="bbox 1787 736 3372 807; baseline -0.001 -13"><span class='ocrx_word' id='word_1_124' title='bbox 1787 741 2033 794; x_wconf 85' lang='lat' dir='ltr'><strong>honeste.</strong></span> <span class='ocrx_word' id='word_1_125' title='bbox 2061 737 2174 790; x_wconf 89' lang='lat' dir='ltr'><strong>lluc</strong></span> <span class='ocrx_word' id='word_1_126' title='bbox 2205 751 2372 805; x_wconf 80' lang='lat' dir='ltr'><strong>grave</strong></span> <span class='ocrx_word' id='word_1_127' title='bbox 2400 745 2454 789; x_wconf 91' lang='lat' dir='ltr'><strong>et</strong></span> <span class='ocrx_word' id='word_1_128' title='bbox 2483 751 2774 790; x_wconf 87' lang='lat' dir='ltr'><strong>onerosum</strong></span> <span class='ocrx_word' id='word_1_129' title='bbox 2816 738 3053 792; x_wconf 90' lang='lat' dir='ltr'><strong>debitum</strong></span> <span class='ocrx_word' id='word_1_130' title='bbox 3087 736 3372 807; x_wconf 70' lang='lat' dir='ltr'><strong>episcOpuI</strong></span> 
     </span>
    </p>
   </div>
   <div class='ocr_carea' id='block_1_19' title="bbox 1787 827 3370 898">
    <p class='ocr_par' dir='ltr' id='par_1_19' title="bbox 1787 827 3370 898">
     <span class='ocr_line' id='line_1_19' title="bbox 1787 827 3370 898; baseline -0.001 -15"><span class='ocrx_word' id='word_1_131' title='bbox 1787 829 1963 883; x_wconf 89' lang='lat' dir='ltr'><strong>divina</strong></span> <span class='ocrx_word' id='word_1_132' title='bbox 1994 835 2317 898; x_wconf 85' lang='lat' dir='ltr'><strong>procurante</strong></span> <span class='ocrx_word' id='word_1_133' title='bbox 2347 827 2657 890; x_wconf 90' lang='lat' dir='ltr'><strong>clementia,</strong></span> <span class='ocrx_word' id='word_1_134' title='bbox 2705 837 2760 882; x_wconf 90' lang='lat' dir='ltr'><strong>et</strong></span> <span class='ocrx_word' id='word_1_135' title='bbox 2788 828 3091 882; x_wconf 87' lang='lat' dir='ltr'><strong>occasionis</strong></span> <span class='ocrx_word' id='word_1_136' title='bbox 3113 841 3370 897; x_wconf 61' lang='lat' dir='ltr'><strong>congrua</strong></span> 
     </span>
    </p>
   </div>
   <div class='ocr_carea' id='block_1_20' title="bbox 1785 917 3366 988">
    <p class='ocr_par' dir='ltr' id='par_1_20' title="bbox 1785 917 3366 988">
     <span class='ocr_line' id='line_1_20' title="bbox 1785 917 3366 988; baseline 0.001 -16"><span class='ocrx_word' id='word_1_137' title='bbox 1785 917 2244 988; x_wconf 88' lang='lat' dir='ltr'><strong>opportunitatem</strong></span> <span class='ocrx_word' id='word_1_138' title='bbox 2275 925 2552 985; x_wconf 87' lang='lat' dir='ltr'><strong>operante,</strong></span> <span class='ocrx_word' id='word_1_139' title='bbox 2587 917 2639 970; x_wconf 90' lang='lat' dir='ltr'><strong>in</strong></span> <span class='ocrx_word' id='word_1_140' title='bbox 2669 929 2988 987; x_wconf 80' lang='lat' dir='ltr'><strong>perpetuum</strong></span> <span class='ocrx_word' id='word_1_141' title='bbox 3026 917 3210 972; x_wconf 91' lang='lat' dir='ltr'><strong>taliter</strong></span> <span class='ocrx_word' id='word_1_142' title='bbox 3229 918 3366 973; x_wconf 80' lang='lat' dir='ltr'><strong>abo-</strong></span> 
     </span>
    </p>
   </div>
   <div class='ocr_carea' id='block_1_21' title="bbox 1785 1006 3366 1064">
    <p class='ocr_par' dir='ltr' id='par_1_21' title="bbox 1785 1006 3366 1064">
     <span class='ocr_line' id='line_1_21' title="bbox 1785 1006 3366 1064; baseline -0.002 -1"><span class='ocrx_word' id='word_1_143' title='bbox 1785 1009 1934 1064; x_wconf 87' lang='lat' dir='ltr'><strong>levit.</strong></span> <span class='ocrx_word' id='word_1_144' title='bbox 1961 1009 2094 1062; x_wconf 84' lang='lat' dir='ltr'><strong>Nam</strong></span> <span class='ocrx_word' id='word_1_145' title='bbox 2119 1023 2240 1061; x_wconf 90' lang='lat' dir='ltr'><strong>cum</strong></span> <span class='ocrx_word' id='word_1_146' title='bbox 2266 1006 2511 1061; x_wconf 87' lang='lat' dir='ltr'><strong>Giemum</strong></span> <span class='ocrx_word' id='word_1_147' title='bbox 2539 1016 2777 1062; x_wconf 90' lang='lat' dir='ltr'><strong>castrum</strong></span> <span class='ocrx_word' id='word_1_148' title='bbox 2810 1008 3199 1063; x_wconf 86' lang='lat' dir='ltr'><strong>nobilissimum</strong></span> <span class='ocrx_word' id='word_1_149' title='bbox 3229 1006 3366 1061; x_wconf 85' lang='lat' dir='ltr'><strong>Her-</strong></span> 
     </span>
    </p>
   </div>
   <div class='ocr_carea' id='block_1_22' title="bbox 1782 1094 3366 1165">
    <p class='ocr_par' dir='ltr' id='par_1_22' title="bbox 1782 1094 3366 1165">
     <span class='ocr_line' id='line_1_22' title="bbox 1782 1094 3366 1165; baseline -0.002 -12"><span class='ocrx_word' id='word_1_150' title='bbox 1782 1099 1867 1153; x_wconf 85' lang='lat' dir='ltr'><strong>vei</strong></span> <span class='ocrx_word' id='word_1_151' title='bbox 1898 1099 1963 1152; x_wconf 90' lang='lat' dir='ltr'><strong>de</strong></span> <span class='ocrx_word' id='word_1_152' title='bbox 1992 1096 2278 1158; x_wconf 88' lang='lat' dir='ltr'><strong>Donziaco,</strong></span> <span class='ocrx_word' id='word_1_153' title='bbox 2316 1095 2530 1149; x_wconf 90' lang='lat' dir='ltr'><strong>comitis</strong></span> <span class='ocrx_word' id='word_1_154' title='bbox 2558 1094 2929 1162; x_wconf 80' lang='lat' dir='ltr'><strong>Nivernensis,</strong></span> <span class='ocrx_word' id='word_1_155' title='bbox 2965 1096 3109 1165; x_wconf 87' lang='lat' dir='ltr'><strong>quod</strong></span> <span class='ocrx_word' id='word_1_156' title='bbox 3157 1105 3275 1149; x_wconf 88' lang='lat' dir='ltr'><strong>erat</strong></span> <span class='ocrx_word' id='word_1_157' title='bbox 3297 1095 3366 1150; x_wconf 86' lang='lat' dir='ltr'><strong>do</strong></span> 
     </span>
    </p>
   </div>
   <div class='ocr_carea' id='block_1_23' title="bbox 1781 1183 3367 1254">
    <p class='ocr_par' dir='ltr' id='par_1_23' title="bbox 1781 1183 3367 1254">
     <span class='ocr_line' id='line_1_23' title="bbox 1781 1183 3367 1254; baseline -0.004 -11"><span class='ocrx_word' id='word_1_158' title='bbox 1781 1187 1939 1243; x_wconf 86' lang='lat' dir='ltr'><strong>feodo</strong></span> <span class='ocrx_word' id='word_1_159' title='bbox 1964 1184 2450 1240; x_wconf 80' lang='lat' dir='ltr'><strong>Autissiodurensis</strong></span> <span class='ocrx_word' id='word_1_160' title='bbox 2472 1183 2735 1249; x_wconf 83' lang='lat' dir='ltr'><strong>ecclesiae,</strong></span> <span class='ocrx_word' id='word_1_161' title='bbox 2784 1185 2838 1240; x_wconf 93' lang='lat' dir='ltr'><strong>in</strong></span> <span class='ocrx_word' id='word_1_162' title='bbox 2870 1186 3253 1254; x_wconf 87' lang='lat' dir='ltr'><strong>proprietatem</strong></span> <span class='ocrx_word' id='word_1_163' title='bbox 3281 1198 3367 1238; x_wconf 84' lang='lat' dir='ltr'><strong>re-</strong></span> 
     </span>
    </p>
   </div>
   <div class='ocr_carea' id='block_1_24' title="bbox 1783 1271 3364 1348">
    <p class='ocr_par' dir='ltr' id='par_1_24' title="bbox 1783 1271 3364 1348">
     <span class='ocr_line' id='line_1_24' title="bbox 1783 1271 3364 1348; baseline -0.002 -16"><span class='ocrx_word' id='word_1_164' title='bbox 1783 1278 1926 1348; x_wconf 85' lang='lat' dir='ltr'><strong>giam</strong></span> <span class='ocrx_word' id='word_1_165' title='bbox 1985 1275 2306 1336; x_wconf 89' lang='lat' dir='ltr'><strong>devenisset,</strong></span> <span class='ocrx_word' id='word_1_166' title='bbox 2357 1271 2512 1340; x_wconf 79' lang='lat' dir='ltr'><strong>juxta</strong></span> <span class='ocrx_word' id='word_1_167' title='bbox 2560 1282 2838 1343; x_wconf 88' lang='lat' dir='ltr'><strong>pactorum</strong></span> <span class='ocrx_word' id='word_1_168' title='bbox 2898 1275 3148 1340; x_wconf 89' lang='lat' dir='ltr'><strong>formam,</strong></span> <span class='ocrx_word' id='word_1_169' title='bbox 3202 1289 3364 1345; x_wconf 90' lang='lat' dir='ltr'><strong>quam</strong></span> 
     </span>
    </p>
   </div>
   <div class='ocr_carea' id='block_1_25' title="bbox 1782 1364 3365 1436">
    <p class='ocr_par' dir='ltr' id='par_1_25' title="bbox 1782 1364 3365 1436">
     <span class='ocr_line' id='line_1_25' title="bbox 1782 1364 3365 1436; baseline -0.001 -14"><span class='ocrx_word' id='word_1_170' title='bbox 1782 1368 2030 1423; x_wconf 89' lang='lat' dir='ltr'><strong>dominus</strong></span> <span class='ocrx_word' id='word_1_171' title='bbox 2051 1381 2145 1420; x_wconf 77' lang='lat' dir='ltr'><strong>rex</strong></span> <span class='ocrx_word' id='word_1_172' title='bbox 2171 1364 2448 1434; x_wconf 81' lang='lat' dir='ltr'><strong>Philippus</strong></span> <span class='ocrx_word' id='word_1_173' title='bbox 2473 1374 2824 1420; x_wconf 84' lang='lat' dir='ltr'><strong>consenserat</strong></span> <span class='ocrx_word' id='word_1_174' title='bbox 2845 1375 2898 1420; x_wconf 93' lang='lat' dir='ltr'><strong>et</strong></span> <span class='ocrx_word' id='word_1_175' title='bbox 2926 1365 3148 1431; x_wconf 88' lang='lat' dir='ltr'><strong>fecerat,</strong></span> <span class='ocrx_word' id='word_1_176' title='bbox 3167 1375 3225 1420; x_wconf 91' lang='lat' dir='ltr'><strong>ut</strong></span> <span class='ocrx_word' id='word_1_177' title='bbox 3249 1368 3365 1436; x_wconf 87' lang='lat' dir='ltr'><strong>ipse</strong></span> 
     </span>
    </p>
   </div>
   <div class='ocr_carea' id='block_1_26' title="bbox 1781 1451 3368 1523">
    <p class='ocr_par' dir='ltr' id='par_1_26' title="bbox 1781 1451 3368 1523">
     <span class='ocr_line' id='line_1_26' title="bbox 1781 1451 3368 1523; baseline -0.001 -14"><span class='ocrx_word' id='word_1_178' title='bbox 1781 1455 1946 1510; x_wconf 85' lang='lat' dir='ltr'><strong>ﬁliam</strong></span> <span class='ocrx_word' id='word_1_179' title='bbox 1978 1453 2120 1507; x_wconf 89' lang='lat' dir='ltr'><strong>Petri</strong></span> <span class='ocrx_word' id='word_1_180' title='bbox 2151 1453 2366 1507; x_wconf 90' lang='lat' dir='ltr'><strong>comitis</strong></span> <span class='ocrx_word' id='word_1_181' title='bbox 2393 1451 2761 1518; x_wconf 81' lang='lat' dir='ltr'><strong>Nivernensis,</strong></span> <span class='ocrx_word' id='word_1_182' title='bbox 2779 1454 2862 1507; x_wconf 91' lang='lat' dir='ltr'><strong>cui</strong></span> <span class='ocrx_word' id='word_1_183' title='bbox 2887 1453 3008 1506; x_wconf 76' lang='lat' dir='ltr'><strong>filiae</strong></span> <span class='ocrx_word' id='word_1_184' title='bbox 3029 1455 3368 1523; x_wconf 84' lang='lat' dir='ltr'><strong>competebat</strong></span> 
     </span>
    </p>
   </div>
   <div class='ocr_carea' id='block_1_27' title="bbox 1774 1537 3366 1616">
    <p class='ocr_par' dir='ltr' id='par_1_27' title="bbox 1774 1537 3366 1616">
     <span class='ocr_line' id='line_1_27' title="bbox 1774 1537 3366 1616; baseline 0 -18"><span class='ocrx_word' id='word_1_185' title='bbox 1774 1546 1896 1616; x_wconf 87' lang='lat' dir='ltr'><strong>jure</strong></span> <span class='ocrx_word' id='word_1_186' title='bbox 1919 1543 2266 1598; x_wconf 70' lang='lat' dir='ltr'><strong>hazreditario</strong></span> <span class='ocrx_word' id='word_1_187' title='bbox 2281 1543 2592 1608; x_wconf 88' lang='lat' dir='ltr'><strong>comitatus,</strong></span> <span class='ocrx_word' id='word_1_188' title='bbox 2609 1537 2832 1598; x_wconf 79' lang='lat' dir='ltr'><strong>haberet</strong></span> <span class='ocrx_word' id='word_1_189' title='bbox 2845 1557 3088 1607; x_wconf 76' lang='lat' dir='ltr'><strong>uxorem,</strong></span> <span class='ocrx_word' id='word_1_190' title='bbox 3105 1542 3366 1597; x_wconf 88' lang='lat' dir='ltr'><strong>translato</strong></span> 
     </span>
    </p>
   </div>
   <div class='ocr_carea' id='block_1_28' title="bbox 1779 1632 3364 1705">
    <p class='ocr_par' dir='ltr' id='par_1_28' title="bbox 1779 1632 3364 1705">
     <span class='ocr_line' id='line_1_28' title="bbox 1779 1632 3364 1705; baseline -0.003 -16"><span class='ocrx_word' id='word_1_191' title='bbox 1779 1635 1834 1689; x_wconf 93' lang='lat' dir='ltr'><strong>in</strong></span> <span class='ocrx_word' id='word_1_192' title='bbox 1867 1649 2045 1705; x_wconf 86' lang='lat' dir='ltr'><strong>regem</strong></span> <span class='ocrx_word' id='word_1_193' title='bbox 2076 1633 2256 1688; x_wconf 88' lang='lat' dir='ltr'><strong>taliter</strong></span> <span class='ocrx_word' id='word_1_194' title='bbox 2290 1635 2461 1688; x_wconf 86' lang='lat' dir='ltr'><strong>castri</strong></span> <span class='ocrx_word' id='word_1_195' title='bbox 2487 1633 2746 1698; x_wconf 91' lang='lat' dir='ltr'><strong>dominio,</strong></span> <span class='ocrx_word' id='word_1_196' title='bbox 2793 1634 3078 1702; x_wconf 90' lang='lat' dir='ltr'><strong>episcopus</strong></span> <span class='ocrx_word' id='word_1_197' title='bbox 3111 1632 3250 1701; x_wconf 86' lang='lat' dir='ltr'><strong>apud</strong></span> <span class='ocrx_word' id='word_1_198' title='bbox 3278 1646 3364 1686; x_wconf 89' lang='lat' dir='ltr'><strong>re-</strong></span> 
     </span>
    </p>
   </div>
   <div class='ocr_carea' id='block_1_29' title="bbox 1777 1723 3361 1795">
    <p class='ocr_par' dir='ltr' id='par_1_29' title="bbox 1777 1723 3361 1795">
     <span class='ocr_line' id='line_1_29' title="bbox 1777 1723 3361 1795; baseline -0.001 -17"><span class='ocrx_word' id='word_1_199' title='bbox 1777 1726 1918 1795; x_wconf 90' lang='lat' dir='ltr'><strong>giam</strong></span> <span class='ocrx_word' id='word_1_200' title='bbox 1956 1725 2408 1793; x_wconf 87' lang='lat' dir='ltr'><strong>magniﬁcentiam</strong></span> <span class='ocrx_word' id='word_1_201' title='bbox 2459 1725 2625 1779; x_wconf 81' lang='lat' dir='ltr'><strong>multa</strong></span> <span class='ocrx_word' id='word_1_202' title='bbox 2673 1725 3035 1795; x_wconf 81' lang='lat' dir='ltr'><strong>interpellavit</strong></span> <span class='ocrx_word' id='word_1_203' title='bbox 3080 1723 3361 1790; x_wconf 88' lang='lat' dir='ltr'><strong>instantia,</strong></span> 
     </span>
    </p>
   </div>
   <div class='ocr_carea' id='block_1_30' title="bbox 1778 1814 3363 1887">
    <p class='ocr_par' dir='ltr' id='par_1_30' title="bbox 1778 1814 3363 1887">
     <span class='ocr_line' id='line_1_30' title="bbox 1778 1814 3363 1887; baseline 0.002 -21"><span class='ocrx_word' id='word_1_204' title='bbox 1778 1817 2036 1886; x_wconf 87' lang='lat' dir='ltr'><strong>quoniam</strong></span> <span class='ocrx_word' id='word_1_205' title='bbox 2066 1815 2280 1870; x_wconf 86' lang='lat' dir='ltr'><strong>feodum</strong></span> <span class='ocrx_word' id='word_1_206' title='bbox 2313 1817 2555 1871; x_wconf 83' lang='lat' dir='ltr'><strong>ecclesiae</strong></span> <span class='ocrx_word' id='word_1_207' title='bbox 2583 1817 2701 1872; x_wconf 88' lang='lat' dir='ltr'><strong>sine</strong></span> <span class='ocrx_word' id='word_1_208' title='bbox 2729 1816 2846 1887; x_wconf 83' lang='lat' dir='ltr'><strong>ejus</strong></span> <span class='ocrx_word' id='word_1_209' title='bbox 2896 1814 3210 1886; x_wconf 82' lang='lat' dir='ltr'><strong>praejudicio</strong></span> <span class='ocrx_word' id='word_1_210' title='bbox 3255 1829 3363 1870; x_wconf 89' lang='lat' dir='ltr'><strong>non</strong></span> 
     </span>
    </p>
   </div>
   <div class='ocr_carea' id='block_1_31' title="bbox 142 1896 3363 1978">
    <p class='ocr_par' dir='ltr' id='par_1_31' title="bbox 142 1896 3363 1978">
     <span class='ocr_line' id='line_1_31' title="bbox 142 1896 3363 1978; baseline 0.002 -22"><span class='ocrx_word' id='word_1_211' title='bbox 142 1906 296 1958; x_wconf 79' lang='lat' dir='ltr'><strong>virent.</strong></span> <span class='ocrx_word' id='word_1_212' title='bbox 321 1904 638 1961; x_wconf 79' lang='lat' dir='ltr'><strong>Praesidium</strong></span> <span class='ocrx_word' id='word_1_213' title='bbox 661 1906 1032 1972; x_wconf 79' lang='lat' dir='ltr'><strong>nihilominus,</strong></span> <span class='ocrx_word' id='word_1_214' title='bbox 1071 1907 1257 1972; x_wconf 85' lang='lat' dir='ltr'><strong>armis,</strong></span> <span class='ocrx_word' id='word_1_215' title='bbox 1308 1908 1534 1971; x_wconf 91' lang='lat' dir='ltr'><strong>balistis,</strong></span> <span class='ocrx_word' id='word_1_216' title='bbox 1564 1923 1671 1963; x_wconf 66' lang='grc' dir='ltr'><strong>(εω-</strong></span> <span class='ocrx_word' id='word_1_217' title='bbox 1705 1896 1750 1954; x_wconf 80' lang='grc' dir='ltr'><strong>Β</strong></span> <span class='ocrx_word' id='word_1_218' title='bbox 1779 1917 1990 1977; x_wconf 91' lang='lat' dir='ltr'><strong>poterat</strong></span> <span class='ocrx_word' id='word_1_219' title='bbox 2057 1909 2313 1963; x_wconf 89' lang='lat' dir='ltr'><strong>retinere.</strong></span> <span class='ocrx_word' id='word_1_220' title='bbox 2384 1907 2624 1962; x_wconf 85' lang='lat' dir='ltr'><strong>Tandem</strong></span> <span class='ocrx_word' id='word_1_221' title='bbox 2689 1909 2742 1963; x_wconf 93' lang='lat' dir='ltr'><strong>in</strong></span> <span class='ocrx_word' id='word_1_222' title='bbox 2805 1908 3363 1978; x_wconf 86' lang='lat' dir='ltr'><strong>recompensationem</strong></span> 
     </span>
    </p>
   </div>
   <div class='ocr_carea' id='block_1_32' title="bbox 143 1998 1674 2068">
    <p class='ocr_par' dir='ltr' id='par_1_32' title="bbox 143 1998 1674 2068">
     <span class='ocr_line' id='line_1_32' title="bbox 143 1998 1674 2068; baseline 0.006 -20"><span class='ocrx_word' id='word_1_223' title='bbox 143 1998 335 2066; x_wconf 86' lang='lat' dir='ltr'><strong>terisque</strong></span> <span class='ocrx_word' id='word_1_224' title='bbox 353 1999 415 2051; x_wconf 86' lang='lat' dir='ltr'><strong>ad</strong></span> <span class='ocrx_word' id='word_1_225' title='bbox 431 1999 554 2068; x_wconf 86' lang='lat' dir='ltr'><strong>ejus</strong></span> <span class='ocrx_word' id='word_1_226' title='bbox 579 1999 856 2055; x_wconf 89' lang='lat' dir='ltr'><strong>tuitionem</strong></span> <span class='ocrx_word' id='word_1_227' title='bbox 883 2001 1199 2057; x_wconf 88' lang='lat' dir='ltr'><strong>necessariis</strong></span> <span class='ocrx_word' id='word_1_228' title='bbox 1226 2001 1674 2057; x_wconf 64' lang='lat' dir='ltr'><strong>intestimabiliter</strong></span> 
     </span>
    </p>
   </div>
   <div class='ocr_carea' id='block_1_33' title="bbox 141 2087 1675 2164">
    <p class='ocr_par' dir='ltr' id='par_1_33' title="bbox 141 2087 1675 2164">
     <span class='ocr_line' id='line_1_33' title="bbox 141 2087 1675 2164; baseline 0.006 -26"><span class='ocrx_word' id='word_1_229' title='bbox 141 2087 472 2152; x_wconf 86' lang='lat' dir='ltr'><strong>communivit;</strong></span> <span class='ocrx_word' id='word_1_230' title='bbox 535 2091 844 2144; x_wconf 83' lang='lat' dir='ltr'><strong>mansiones</strong></span> <span class='ocrx_word' id='word_1_231' title='bbox 893 2091 1124 2146; x_wconf 88' lang='lat' dir='ltr'><strong>militum</strong></span> <span class='ocrx_word' id='word_1_232' title='bbox 1174 2108 1266 2147; x_wconf 90' lang='lat' dir='ltr'><strong>seu</strong></span> <span class='ocrx_word' id='word_1_233' title='bbox 1312 2093 1675 2164; x_wconf 87' lang='lat' dir='ltr'><strong>quorumlibet</strong></span> 
     </span>
    </p>
   </div>
   <div class='ocr_carea' id='block_1_34' title="bbox 143 2173 1669 2250">
    <p class='ocr_par' dir='ltr' id='par_1_34' title="bbox 143 2173 1669 2250">
     <span class='ocr_line' id='line_1_34' title="bbox 143 2173 1669 2250; baseline 0.007 -25"><span class='ocrx_word' id='word_1_234' title='bbox 143 2173 323 2228; x_wconf 83' lang='lat' dir='ltr'><strong>aliorum</strong></span> <span class='ocrx_word' id='word_1_235' title='bbox 353 2175 490 2230; x_wconf 90' lang='lat' dir='ltr'><strong>infra</strong></span> <span class='ocrx_word' id='word_1_236' title='bbox 522 2186 676 2246; x_wconf 91' lang='lat' dir='ltr'><strong>septa</strong></span> <span class='ocrx_word' id='word_1_237' title='bbox 709 2179 1021 2234; x_wconf 90' lang='lat' dir='ltr'><strong>munitionis</strong></span> <span class='ocrx_word' id='word_1_238' title='bbox 1043 2181 1337 2250; x_wconf 87' lang='lat' dir='ltr'><strong>superioris</strong></span> <span class='ocrx_word' id='word_1_239' title='bbox 1365 2190 1669 2245; x_wconf 89' lang='lat' dir='ltr'><strong>contentas,</strong></span> 
     </span>
    </p>
   </div>
   <div class='ocr_carea' id='block_1_35' title="bbox 141 2262 1724 2346">
    <p class='ocr_par' dir='ltr' id='par_1_35' title="bbox 141 2262 1724 2346">
     <span class='ocr_line' id='line_1_35' title="bbox 141 2262 1724 2346; baseline 0.007 -32"><span class='ocrx_word' id='word_1_240' title='bbox 141 2262 272 2317; x_wconf 89' lang='lat' dir='ltr'><strong>multo</strong></span> <span class='ocrx_word' id='word_1_241' title='bbox 300 2267 463 2333; x_wconf 89' lang='lat' dir='ltr'><strong>pretio</strong></span> <span class='ocrx_word' id='word_1_242' title='bbox 490 2269 846 2337; x_wconf 85' lang='lat' dir='ltr'><strong>comparavit,</strong></span> <span class='ocrx_word' id='word_1_243' title='bbox 877 2278 931 2323; x_wconf 93' lang='lat' dir='ltr'><strong>et</strong></span> <span class='ocrx_word' id='word_1_244' title='bbox 961 2271 1014 2324; x_wconf 90' lang='lat' dir='ltr'><strong>in</strong></span> <span class='ocrx_word' id='word_1_245' title='bbox 1047 2271 1426 2340; x_wconf 85' lang='lat' dir='ltr'><strong>proprietatem</strong></span> <span class='ocrx_word' id='word_1_246' title='bbox 1460 2271 1672 2342; x_wconf 90' lang='lat' dir='ltr'><strong>nepotis</strong></span> <span class='ocrx_word' id='word_1_247' title='bbox 1717 2341 1724 2346; x_wconf 28' lang='grc' dir='ltr'><strong><em>ν</em></strong></span> 
     </span>
    </p>
   </div>
   <div class='ocr_carea' id='block_1_36' title="bbox 139 2352 1672 2430">
    <p class='ocr_par' dir='ltr' id='par_1_36' title="bbox 139 2352 1672 2430">
     <span class='ocr_line' id='line_1_36' title="bbox 139 2352 1672 2430; baseline 0.006 -24"><span class='ocrx_word' id='word_1_248' title='bbox 139 2352 201 2406; x_wconf 85' lang='lat' dir='ltr'><strong>sui</strong></span> <span class='ocrx_word' id='word_1_249' title='bbox 221 2354 422 2425; x_wconf 82' lang='lat' dir='ltr'><strong>redegit.</strong></span> <span class='ocrx_word' id='word_1_250' title='bbox 477 2356 616 2410; x_wconf 87' lang='lat' dir='ltr'><strong>Tam</strong></span> <span class='ocrx_word' id='word_1_251' title='bbox 646 2359 696 2410; x_wconf 91' lang='lat' dir='ltr'><strong>in</strong></span> <span class='ocrx_word' id='word_1_252' title='bbox 730 2359 828 2412; x_wconf 92' lang='lat' dir='ltr'><strong>hoc</strong></span> <span class='ocrx_word' id='word_1_253' title='bbox 863 2374 1027 2428; x_wconf 90' lang='lat' dir='ltr'><strong>quam</strong></span> <span class='ocrx_word' id='word_1_254' title='bbox 1063 2361 1115 2414; x_wconf 93' lang='lat' dir='ltr'><strong>in</strong></span> <span class='ocrx_word' id='word_1_255' title='bbox 1152 2360 1394 2430; x_wconf 68' lang='lat' dir='ltr'><strong>praedicti</strong></span> <span class='ocrx_word' id='word_1_256' title='bbox 1422 2370 1672 2416; x_wconf 87' lang='lat' dir='ltr'><strong>constru-</strong></span> 
     </span>
    </p>
   </div>
   <div class='ocr_carea' id='block_1_37' title="bbox 139 2443 1671 2518">
    <p class='ocr_par' dir='ltr' id='par_1_37' title="bbox 139 2443 1671 2518">
     <span class='ocr_line' id='line_1_37' title="bbox 139 2443 1671 2518; baseline 0.008 -23"><span class='ocrx_word' id='word_1_257' title='bbox 139 2443 278 2497; x_wconf 86' lang='lat' dir='ltr'><strong>ctione</strong></span> <span class='ocrx_word' id='word_1_258' title='bbox 309 2445 484 2514; x_wconf 88' lang='lat' dir='ltr'><strong>palatii</strong></span> <span class='ocrx_word' id='word_1_259' title='bbox 511 2447 902 2518; x_wconf 86' lang='lat' dir='ltr'><strong>circumspecta</strong></span> <span class='ocrx_word' id='word_1_260' title='bbox 926 2466 1056 2506; x_wconf 87' lang='lat' dir='ltr'><strong>usus</strong></span> <span class='ocrx_word' id='word_1_261' title='bbox 1079 2450 1363 2515; x_wconf 88' lang='lat' dir='ltr'><strong>industria,</strong></span> <span class='ocrx_word' id='word_1_262' title='bbox 1401 2460 1459 2505; x_wconf 90' lang='lat' dir='ltr'><strong>ut</strong></span> <span class='ocrx_word' id='word_1_263' title='bbox 1485 2465 1671 2507; x_wconf 82' lang='lat' dir='ltr'><strong>acces-</strong></span> 
     </span>
    </p>
   </div>
   <div class='ocr_carea' id='block_1_38' title="bbox 139 2535 1669 2614">
    <p class='ocr_par' dir='ltr' id='par_1_38' title="bbox 139 2535 1669 2614">
     <span class='ocr_line' id='line_1_38' title="bbox 139 2535 1669 2614; baseline 0.007 -26"><span class='ocrx_word' id='word_1_264' title='bbox 139 2548 208 2589; x_wconf 90' lang='lat' dir='ltr'><strong>sus</strong></span> <span class='ocrx_word' id='word_1_265' title='bbox 235 2535 516 2592; x_wconf 84' lang='lat' dir='ltr'><strong>volentium</strong></span> <span class='ocrx_word' id='word_1_266' title='bbox 557 2539 756 2594; x_wconf 90' lang='lat' dir='ltr'><strong>domini</strong></span> <span class='ocrx_word' id='word_1_267' title='bbox 799 2541 949 2596; x_wconf 88' lang='lat' dir='ltr'><strong>adire</strong></span> <span class='ocrx_word' id='word_1_268' title='bbox 1001 2543 1381 2611; x_wconf 64' lang='lat' dir='ltr'><strong>praesentiam,</strong></span> <span class='ocrx_word' id='word_1_269' title='bbox 1427 2544 1494 2598; x_wconf 89' lang='lat' dir='ltr'><strong>ad</strong></span> <span class='ocrx_word' id='word_1_270' title='bbox 1547 2543 1669 2614; x_wconf 84' lang='lat' dir='ltr'><strong>ejus</strong></span> 
     </span>
    </p>
   </div>
   <div class='ocr_carea' id='block_1_39' title="bbox 138 2624 1673 2702">
    <p class='ocr_par' dir='ltr' id='par_1_39' title="bbox 138 2624 1673 2702">
     <span class='ocr_line' id='line_1_39' title="bbox 138 2624 1673 2702; baseline 0.008 -25"><span class='ocrx_word' id='word_1_271' title='bbox 138 2624 346 2692; x_wconf 82' lang='lat' dir='ltr'><strong>palatium</strong></span> <span class='ocrx_word' id='word_1_272' title='bbox 372 2639 527 2684; x_wconf 82' lang='lat' dir='ltr'><strong>extra</strong></span> <span class='ocrx_word' id='word_1_273' title='bbox 563 2640 713 2700; x_wconf 89' lang='lat' dir='ltr'><strong>septa</strong></span> <span class='ocrx_word' id='word_1_274' title='bbox 752 2631 1062 2702; x_wconf 78' lang='lat' dir='ltr'><strong>principalis</strong></span> <span class='ocrx_word' id='word_1_275' title='bbox 1091 2633 1324 2700; x_wconf 58' lang='lat' dir='ltr'><strong>praesidii</strong></span> <span class='ocrx_word' id='word_1_276' title='bbox 1355 2635 1534 2691; x_wconf 90' lang='lat' dir='ltr'><strong>minus</strong></span> <span class='ocrx_word' id='word_1_277' title='bbox 1573 2636 1673 2690; x_wconf 88' lang='lat' dir='ltr'><strong>ha-</strong></span> 
     </span>
    </p>
   </div>
   <div class='ocr_carea' id='block_1_40' title="bbox 137 2715 1671 2792">
    <p class='ocr_par' dir='ltr' id='par_1_40' title="bbox 137 2715 1671 2792">
     <span class='ocr_line' id='line_1_40' title="bbox 137 2715 1671 2792; baseline 0.008 -22"><span class='ocrx_word' id='word_1_278' title='bbox 137 2715 313 2772; x_wconf 83' lang='lat' dir='ltr'><strong>beretur</strong></span> <span class='ocrx_word' id='word_1_279' title='bbox 335 2729 638 2792; x_wconf 87' lang='lat' dir='ltr'><strong>suspectus,</strong></span> <span class='ocrx_word' id='word_1_280' title='bbox 683 2731 738 2777; x_wconf 92' lang='lat' dir='ltr'><strong>et</strong></span> <span class='ocrx_word' id='word_1_281' title='bbox 774 2724 919 2778; x_wconf 88' lang='lat' dir='ltr'><strong>omni</strong></span> <span class='ocrx_word' id='word_1_282' title='bbox 951 2733 1212 2780; x_wconf 81' lang='lat' dir='ltr'><strong>extraneo</strong></span> <span class='ocrx_word' id='word_1_283' title='bbox 1248 2725 1553 2782; x_wconf 87' lang='lat' dir='ltr'><strong>habitatore</strong></span> <span class='ocrx_word' id='word_1_284' title='bbox 1574 2740 1671 2781; x_wconf 82' lang='lat' dir='ltr'><strong>ex-</strong></span> 
     </span>
    </p>
   </div>
   <div class='ocr_carea' id='block_1_41' title="bbox 139 2807 1670 2885">
    <p class='ocr_par' dir='ltr' id='par_1_41' title="bbox 139 2807 1670 2885">
     <span class='ocr_line' id='line_1_41' title="bbox 139 2807 1670 2885; baseline 0.008 -26"><span class='ocrx_word' id='word_1_285' title='bbox 139 2807 284 2873; x_wconf 85' lang='lat' dir='ltr'><strong>cluso,</strong></span> <span class='ocrx_word' id='word_1_286' title='bbox 303 2811 555 2868; x_wconf 88' lang='lat' dir='ltr'><strong>dominus</strong></span> <span class='ocrx_word' id='word_1_287' title='bbox 583 2813 745 2868; x_wconf 88' lang='lat' dir='ltr'><strong>castri</strong></span> <span class='ocrx_word' id='word_1_288' title='bbox 768 2813 969 2868; x_wconf 89' lang='lat' dir='ltr'><strong>nullum</strong></span> <span class='ocrx_word' id='word_1_289' title='bbox 993 2816 1212 2870; x_wconf 89' lang='lat' dir='ltr'><strong>omnino</strong></span> <span class='ocrx_word' id='word_1_290' title='bbox 1242 2815 1506 2885; x_wconf 89' lang='lat' dir='ltr'><strong>suspectis</strong></span> <span class='ocrx_word' id='word_1_291' title='bbox 1533 2824 1670 2871; x_wconf 90' lang='lat' dir='ltr'><strong>tem-</strong></span> 
     </span>
    </p>
   </div>
   <div class='ocr_carea' id='block_1_42' title="bbox 139 2901 1671 2977">
    <p class='ocr_par' dir='ltr' id='par_1_42' title="bbox 139 2901 1671 2977">
     <span class='ocr_line' id='line_1_42' title="bbox 139 2901 1671 2977; baseline 0.006 -23"><span class='ocrx_word' id='word_1_292' title='bbox 139 2901 317 2968; x_wconf 84' lang='lat' dir='ltr'><strong>poribus</strong></span> <span class='ocrx_word' id='word_1_293' title='bbox 337 2945 350 2968; x_wconf 88' lang='lat'><strong>,</strong></span> <span class='ocrx_word' id='word_1_294' title='bbox 384 2903 484 2958; x_wconf 88' lang='lat' dir='ltr'><strong>nisi</strong></span> <span class='ocrx_word' id='word_1_295' title='bbox 517 2905 584 2959; x_wconf 90' lang='lat' dir='ltr'><strong>dc</strong></span> <span class='ocrx_word' id='word_1_296' title='bbox 613 2905 764 2976; x_wconf 88' lang='lat' dir='ltr'><strong>cujus</strong></span> <span class='ocrx_word' id='word_1_297' title='bbox 794 2905 1047 2961; x_wconf 88' lang='lat' dir='ltr'><strong>ﬁdelitate</strong></span> <span class='ocrx_word' id='word_1_298' title='bbox 1093 2906 1400 2977; x_wconf 83' lang='lat' dir='ltr'><strong>plenissime</strong></span> <span class='ocrx_word' id='word_1_299' title='bbox 1435 2907 1671 2963; x_wconf 83' lang='lat' dir='ltr'><strong>conﬁde-</strong></span> 
     </span>
    </p>
   </div>
   <div class='ocr_carea' id='block_1_43' title="bbox 139 2993 1670 3067">
    <p class='ocr_par' dir='ltr' id='par_1_43' title="bbox 139 2993 1670 3067">
     <span class='ocr_line' id='line_1_43' title="bbox 139 2993 1670 3067; baseline 0.005 -23"><span class='ocrx_word' id='word_1_300' title='bbox 139 3001 214 3052; x_wconf 88' lang='lat' dir='ltr'><strong>ret,</strong></span> <span class='ocrx_word' id='word_1_301' title='bbox 241 2993 363 3047; x_wconf 91' lang='lat' dir='ltr'><strong>infra</strong></span> <span class='ocrx_word' id='word_1_302' title='bbox 379 3004 530 3063; x_wconf 81' lang='lat' dir='ltr'><strong>septa</strong></span> <span class='ocrx_word' id='word_1_303' title='bbox 549 2996 825 3065; x_wconf 87' lang='lat' dir='ltr'><strong>superiora</strong></span> <span class='ocrx_word' id='word_1_304' title='bbox 857 2997 1099 3066; x_wconf 89' lang='lat' dir='ltr'><strong>recipere</strong></span> <span class='ocrx_word' id='word_1_305' title='bbox 1122 3009 1424 3067; x_wconf 89' lang='lat' dir='ltr'><strong>cogeretur.</strong></span> <span class='ocrx_word' id='word_1_306' title='bbox 1442 2996 1670 3067; x_wconf 88' lang='lat' dir='ltr'><strong>Propter</strong></span> 
     </span>
    </p>
   </div>
   <div class='ocr_carea' id='block_1_44' title="bbox 138 3084 1670 3158">
    <p class='ocr_par' dir='ltr' id='par_1_44' title="bbox 138 3084 1670 3158">
     <span class='ocr_line' id='line_1_44' title="bbox 138 3084 1670 3158; baseline 0.007 -25"><span class='ocrx_word' id='word_1_307' title='bbox 138 3084 249 3148; x_wconf 87' lang='lat' dir='ltr'><strong>quod</strong></span> <span class='ocrx_word' id='word_1_308' title='bbox 269 3085 422 3137; x_wconf 87' lang='lat' dir='ltr'><strong>etiam</strong></span> <span class='ocrx_word' id='word_1_309' title='bbox 463 3086 841 3155; x_wconf 89' lang='lat' dir='ltr'><strong>baptismalem</strong></span> <span class='ocrx_word' id='word_1_310' title='bbox 876 3089 1145 3158; x_wconf 86' lang='lat' dir='ltr'><strong>municipii</strong></span> <span class='ocrx_word' id='word_1_311' title='bbox 1174 3088 1454 3142; x_wconf 84' lang='lat' dir='ltr'><strong>ecclesiam</strong></span> <span class='ocrx_word' id='word_1_312' title='bbox 1491 3089 1670 3158; x_wconf 89' lang='lat' dir='ltr'><strong>posuit</strong></span> 
     </span>
    </p>
   </div>
   <div class='ocr_carea' id='block_1_45' title="bbox 135 3172 1668 3250">
    <p class='ocr_par' dir='ltr' id='par_1_45' title="bbox 135 3172 1668 3250">
     <span class='ocr_line' id='line_1_45' title="bbox 135 3172 1668 3250; baseline 0.005 -23"><span class='ocrx_word' id='word_1_313' title='bbox 135 3186 256 3228; x_wconf 74' lang='lat' dir='ltr'><strong>extra</strong></span> <span class='ocrx_word' id='word_1_314' title='bbox 291 3186 455 3246; x_wconf 87' lang='lat' dir='ltr'><strong>septa,</strong></span> <span class='ocrx_word' id='word_1_315' title='bbox 491 3172 664 3232; x_wconf 73' lang='lat' dir='ltr'><strong>s&#39;olam</strong></span> <span class='ocrx_word' id='word_1_316' title='bbox 694 3178 892 3233; x_wconf 90' lang='lat' dir='ltr'><strong>domini</strong></span> <span class='ocrx_word' id='word_1_317' title='bbox 931 3180 1188 3248; x_wconf 84' lang='lat' dir='ltr'><strong>capellam</strong></span> <span class='ocrx_word' id='word_1_318' title='bbox 1217 3181 1270 3234; x_wconf 91' lang='lat' dir='ltr'><strong>in</strong></span> <span class='ocrx_word' id='word_1_319' title='bbox 1301 3180 1668 3250; x_wconf 85' lang='lat' dir='ltr'><strong>superioribus</strong></span> 
     </span>
    </p>
   </div>
   <div class='ocr_carea' id='block_1_46' title="bbox 1775 1997 3426 2068">
    <p class='ocr_par' dir='ltr' id='par_1_46' title="bbox 1775 1997 3426 2068">
     <span class='ocr_line' id='line_1_46' title="bbox 1775 1997 3426 2068; baseline -0.001 -16"><span class='ocrx_word' id='word_1_320' title='bbox 1775 1997 1916 2053; x_wconf 91' lang='lat' dir='ltr'><strong>feodi</strong></span> <span class='ocrx_word' id='word_1_321' title='bbox 1969 1998 2224 2062; x_wconf 90' lang='lat' dir='ltr'><strong>obtinuit,</strong></span> <span class='ocrx_word' id='word_1_322' title='bbox 2274 1997 2523 2053; x_wconf 83' lang='lat' dir='ltr'><strong>confecto</strong></span> <span class='ocrx_word' id='word_1_323' title='bbox 2567 1999 2693 2052; x_wconf 90' lang='lat' dir='ltr'><strong>inde</strong></span> <span class='ocrx_word' id='word_1_324' title='bbox 2761 1998 3122 2053; x_wconf 88' lang='lat' dir='ltr'><strong>instrumento</strong></span> <span class='ocrx_word' id='word_1_325' title='bbox 3176 1997 3361 2068; x_wconf 80' lang='lat' dir='ltr'><strong>regali,</strong></span> <span class='ocrx_word' id='word_1_326' title='bbox 3423 1999 3426 2004; x_wconf 86' lang='grc'><em>’</em></span> 
     </span>
    </p>
   </div>
   <div class='ocr_carea' id='block_1_47' title="bbox 1773 2086 3364 2158">
    <p class='ocr_par' dir='ltr' id='par_1_47' title="bbox 1773 2086 3364 2158">
     <span class='ocr_line' id='line_1_47' title="bbox 1773 2086 3364 2158; baseline 0.001 -18"><span class='ocrx_word' id='word_1_327' title='bbox 1773 2087 1916 2158; x_wconf 90' lang='lat' dir='ltr'><strong>quod</strong></span> <span class='ocrx_word' id='word_1_328' title='bbox 1947 2102 2039 2142; x_wconf 78' lang='lat' dir='ltr'><strong>rex</strong></span> <span class='ocrx_word' id='word_1_329' title='bbox 2073 2088 2481 2158; x_wconf 84' lang='lat' dir='ltr'><strong>procurationes</strong></span> <span class='ocrx_word' id='word_1_330' title='bbox 2530 2087 2799 2157; x_wconf 78' lang='lat' dir='ltr'><strong>ejusmodi</strong></span> <span class='ocrx_word' id='word_1_331' title='bbox 2847 2089 3054 2142; x_wconf 84' lang='lat' dir='ltr'><strong>remisit</strong></span> <span class='ocrx_word' id='word_1_332' title='bbox 3095 2086 3364 2158; x_wconf 80' lang='lat' dir='ltr'><strong>episcopis</strong></span> 
     </span>
    </p>
   </div>
   <div class='ocr_carea' id='block_1_48' title="bbox 1772 2175 3360 2248">
    <p class='ocr_par' dir='ltr' id='par_1_48' title="bbox 1772 2175 3360 2248">
     <span class='ocr_line' id='line_1_48' title="bbox 1772 2175 3360 2248; baseline -0.001 -16"><span class='ocrx_word' id='word_1_333' title='bbox 1772 2179 1825 2232; x_wconf 91' lang='lat' dir='ltr'><strong>in</strong></span> <span class='ocrx_word' id='word_1_334' title='bbox 1865 2186 2213 2248; x_wconf 89' lang='lat' dir='ltr'><strong>perpetuum;</strong></span> <span class='ocrx_word' id='word_1_335' title='bbox 2254 2185 2310 2233; x_wconf 87' lang='lat' dir='ltr'><strong>et</strong></span> <span class='ocrx_word' id='word_1_336' title='bbox 2348 2193 2416 2232; x_wconf 90' lang='lat' dir='ltr'><strong>ne</strong></span> <span class='ocrx_word' id='word_1_337' title='bbox 2451 2177 2736 2246; x_wconf 86' lang='lat' dir='ltr'><strong>episcopus</strong></span> <span class='ocrx_word' id='word_1_338' title='bbox 2772 2175 3260 2233; x_wconf 85' lang='lat' dir='ltr'><strong>Antissiodorensis</strong></span> <span class='ocrx_word' id='word_1_339' title='bbox 3306 2175 3360 2230; x_wconf 88' lang='lat' dir='ltr'><strong>in</strong></span> 
     </span>
    </p>
   </div>
   <div class='ocr_carea' id='block_1_49' title="bbox 1771 2265 3360 2338">
    <p class='ocr_par' dir='ltr' id='par_1_49' title="bbox 1771 2265 3360 2338">
     <span class='ocr_line' id='line_1_49' title="bbox 1771 2265 3360 2338; baseline -0.002 -15"><span class='ocrx_word' id='word_1_340' title='bbox 1771 2267 1957 2338; x_wconf 86' lang='lat' dir='ltr'><strong>aliquo</strong></span> <span class='ocrx_word' id='word_1_341' title='bbox 2019 2267 2415 2322; x_wconf 83' lang='lat' dir='ltr'><strong>domiciliorum</strong></span> <span class='ocrx_word' id='word_1_342' title='bbox 2476 2283 2694 2320; x_wconf 87' lang='lat' dir='ltr'><strong>suorum</strong></span> <span class='ocrx_word' id='word_1_343' title='bbox 2751 2266 2923 2336; x_wconf 91' lang='lat' dir='ltr'><strong>ipsum</strong></span> <span class='ocrx_word' id='word_1_344' title='bbox 2979 2266 3062 2320; x_wconf 88' lang='lat' dir='ltr'><strong>vel</strong></span> <span class='ocrx_word' id='word_1_345' title='bbox 3124 2265 3360 2334; x_wconf 85' lang='lat' dir='ltr'><strong>aliquem</strong></span> 
     </span>
    </p>
   </div>
   <div class='ocr_carea' id='block_1_50' title="bbox 1770 2357 3359 2431">
    <p class='ocr_par' dir='ltr' id='par_1_50' title="bbox 1770 2357 3359 2431">
     <span class='ocr_line' id='line_1_50' title="bbox 1770 2357 3359 2431; baseline -0.003 -15"><span class='ocrx_word' id='word_1_346' title='bbox 1770 2375 1838 2416; x_wconf 79' lang='lat' dir='ltr'><strong>ex</strong></span> <span class='ocrx_word' id='word_1_347' title='bbox 1883 2360 1998 2431; x_wconf 85' lang='lat' dir='ltr'><strong>ejus</strong></span> <span class='ocrx_word' id='word_1_348' title='bbox 2061 2361 2278 2416; x_wconf 90' lang='lat' dir='ltr'><strong>nomine</strong></span> <span class='ocrx_word' id='word_1_349' title='bbox 2320 2361 2561 2431; x_wconf 84' lang='lat' dir='ltr'><strong>recipere</strong></span> <span class='ocrx_word' id='word_1_350' title='bbox 2611 2361 2847 2430; x_wconf 89' lang='lat' dir='ltr'><strong>hospitio</strong></span> <span class='ocrx_word' id='word_1_351' title='bbox 2910 2367 3006 2415; x_wconf 89' lang='lat' dir='ltr'><strong>aut</strong></span> <span class='ocrx_word' id='word_1_352' title='bbox 3063 2357 3359 2414; x_wconf 89' lang='lat' dir='ltr'><strong>ministrari</strong></span> 
     </span>
    </p>
   </div>
   <div class='ocr_carea' id='block_1_51' title="bbox 1769 2450 3360 2518">
    <p class='ocr_par' dir='ltr' id='par_1_51' title="bbox 1769 2450 3360 2518">
     <span class='ocr_line' id='line_1_51' title="bbox 1769 2450 3360 2518; baseline -0.003 -8"><span class='ocrx_word' id='word_1_353' title='bbox 1769 2453 2076 2510; x_wconf 87' lang='lat' dir='ltr'><strong>necessario</strong></span> <span class='ocrx_word' id='word_1_354' title='bbox 2135 2462 2405 2518; x_wconf 88' lang='lat' dir='ltr'><strong>teneatur,</strong></span> <span class='ocrx_word' id='word_1_355' title='bbox 2461 2452 2752 2518; x_wconf 84' lang='lat' dir='ltr'><strong>concessit,</strong></span> <span class='ocrx_word' id='word_1_356' title='bbox 2811 2452 2962 2506; x_wconf 90' lang='lat' dir='ltr'><strong>salvo</strong></span> <span class='ocrx_word' id='word_1_357' title='bbox 3009 2450 3360 2506; x_wconf 77' lang='lat' dir='ltr'><strong>nihilominus</strong></span> 
     </span>
    </p>
   </div>
   <div class='ocr_carea' id='block_1_52' title="bbox 1770 2537 3358 2612">
    <p class='ocr_par' dir='ltr' id='par_1_52' title="bbox 1770 2537 3358 2612">
     <span class='ocr_line' id='line_1_52' title="bbox 1770 2537 3358 2612; baseline -0.005 -10"><span class='ocrx_word' id='word_1_358' title='bbox 1770 2560 1934 2602; x_wconf 90' lang='lat' dir='ltr'><strong>cereo</strong></span> <span class='ocrx_word' id='word_1_359' title='bbox 1971 2553 2187 2600; x_wconf 90' lang='lat' dir='ltr'><strong>centum</strong></span> <span class='ocrx_word' id='word_1_360' title='bbox 2236 2543 2497 2597; x_wconf 87' lang='lat' dir='ltr'><strong>librarum</strong></span> <span class='ocrx_word' id='word_1_361' title='bbox 2543 2558 2703 2605; x_wconf 83' lang='lat' dir='ltr'><strong>cerae,</strong></span> <span class='ocrx_word' id='word_1_362' title='bbox 2729 2542 2873 2612; x_wconf 90' lang='lat' dir='ltr'><strong>quod</strong></span> <span class='ocrx_word' id='word_1_363' title='bbox 2903 2543 2953 2596; x_wconf 92' lang='lat' dir='ltr'><strong>in</strong></span> <span class='ocrx_word' id='word_1_364' title='bbox 2981 2541 3119 2596; x_wconf 89' lang='lat' dir='ltr'><strong>festo</strong></span> <span class='ocrx_word' id='word_1_365' title='bbox 3142 2542 3203 2594; x_wconf 88' lang='lat' dir='ltr'><strong>B.</strong></span> <span class='ocrx_word' id='word_1_366' title='bbox 3236 2537 3358 2594; x_wconf 86' lang='lat' dir='ltr'><strong>Ste-</strong></span> 
     </span>
    </p>
   </div>
   <div class='ocr_carea' id='block_1_53' title="bbox 1770 2631 3354 2709">
    <p class='ocr_par' dir='ltr' id='par_1_53' title="bbox 1770 2631 3354 2709">
     <span class='ocr_line' id='line_1_53' title="bbox 1770 2631 3354 2709; baseline -0.007 -16"><span class='ocrx_word' id='word_1_367' title='bbox 1770 2639 1930 2709; x_wconf 90' lang='lat' dir='ltr'><strong>pbani</strong></span> <span class='ocrx_word' id='word_1_368' title='bbox 1977 2637 2044 2693; x_wconf 92' lang='lat' dir='ltr'><strong>de</strong></span> <span class='ocrx_word' id='word_1_369' title='bbox 2087 2635 2402 2690; x_wconf 89' lang='lat' dir='ltr'><strong>lnventioue</strong></span> <span class='ocrx_word' id='word_1_370' title='bbox 2451 2632 2590 2702; x_wconf 88' lang='lat' dir='ltr'><strong>ejus,</strong></span> <span class='ocrx_word' id='word_1_371' title='bbox 2641 2631 2889 2686; x_wconf 81' lang='lat' dir='ltr'><strong>videlicet</strong></span> <span class='ocrx_word' id='word_1_372' title='bbox 2925 2631 2977 2685; x_wconf 93' lang='lat' dir='ltr'><strong>in</strong></span> <span class='ocrx_word' id='word_1_373' title='bbox 3019 2631 3284 2700; x_wconf 77' lang='lat' dir='ltr'><strong>Augusto,</strong></span> <span class='ocrx_word' id='word_1_374' title='bbox 3322 2643 3354 2682; x_wconf 85' lang='lat' dir='ltr'><strong>a</strong></span> 
     </span>
    </p>
   </div>
   <div class='ocr_carea' id='block_1_54' title="bbox 1770 2718 3354 2798">
    <p class='ocr_par' dir='ltr' id='par_1_54' title="bbox 1770 2718 3354 2798">
     <span class='ocr_line' id='line_1_54' title="bbox 1770 2718 3354 2798; baseline -0.009 -12"><span class='ocrx_word' id='word_1_375' title='bbox 1770 2729 1936 2786; x_wconf 86' lang='lat' dir='ltr'><strong>castri</strong></span> <span class='ocrx_word' id='word_1_376' title='bbox 1961 2726 2203 2798; x_wconf 64' lang='lat' dir='ltr'><strong>praedicti</strong></span> <span class='ocrx_word' id='word_1_377' title='bbox 2226 2725 2445 2780; x_wconf 90' lang='lat' dir='ltr'><strong>domino</strong></span> <span class='ocrx_word' id='word_1_378' title='bbox 2471 2724 2714 2780; x_wconf 70' lang='lat' dir='ltr'><strong>ecclesia:</strong></span> <span class='ocrx_word' id='word_1_379' title='bbox 2736 2721 3193 2778; x_wconf 78' lang='lat' dir='ltr'><strong>Autissiodurensi</strong></span> <span class='ocrx_word' id='word_1_380' title='bbox 3218 2718 3354 2775; x_wconf 86' lang='lat' dir='ltr'><strong>solvi</strong></span> 
     </span>
    </p>
   </div>
   <div class='ocr_carea' id='block_1_55' title="bbox 1769 2811 3350 2886">
    <p class='ocr_par' dir='ltr' id='par_1_55' title="bbox 1769 2811 3350 2886">
     <span class='ocr_line' id='line_1_55' title="bbox 1769 2811 3350 2886; baseline -0.007 -12"><span class='ocrx_word' id='word_1_381' title='bbox 1769 2833 1838 2874; x_wconf 79' lang='lat' dir='ltr'><strong>ex</strong></span> <span class='ocrx_word' id='word_1_382' title='bbox 1892 2817 2112 2886; x_wconf 90' lang='lat' dir='ltr'><strong>antiqua</strong></span> <span class='ocrx_word' id='word_1_383' title='bbox 2156 2814 2545 2871; x_wconf 89' lang='lat' dir='ltr'><strong>consuetudine</strong></span> <span class='ocrx_word' id='word_1_384' title='bbox 2596 2814 2892 2867; x_wconf 89' lang='lat' dir='ltr'><strong>consuevit.</strong></span> <span class='ocrx_word' id='word_1_385' title='bbox 2956 2811 3126 2878; x_wconf 85' lang='lat' dir='ltr'><strong>Quem</strong></span> <span class='ocrx_word' id='word_1_386' title='bbox 3174 2825 3350 2880; x_wconf 86' lang='lat' dir='ltr'><strong>usque</strong></span> 
     </span>
    </p>
   </div>
   <div class='ocr_carea' id='block_1_56' title="bbox 1770 2901 3356 2974">
    <p class='ocr_par' dir='ltr' id='par_1_56' title="bbox 1770 2901 3356 2974">
     <span class='ocr_line' id='line_1_56' title="bbox 1770 2901 3356 2974; baseline -0.005 -11"><span class='ocrx_word' id='word_1_387' title='bbox 1770 2909 1928 2964; x_wconf 89' lang='lat' dir='ltr'><strong>hodie</strong></span> <span class='ocrx_word' id='word_1_388' title='bbox 1953 2908 2200 2962; x_wconf 90' lang='lat' dir='ltr'><strong>dominus</strong></span> <span class='ocrx_word' id='word_1_389' title='bbox 2226 2921 2319 2960; x_wconf 80' lang='lat' dir='ltr'><strong>rex</strong></span> <span class='ocrx_word' id='word_1_390' title='bbox 2363 2922 2392 2958; x_wconf 90' lang='lat' dir='ltr'><strong>a</strong></span> <span class='ocrx_word' id='word_1_391' title='bbox 2437 2904 2735 2974; x_wconf 57' lang='lat' dir='ltr'><strong>praepositis</strong></span> <span class='ocrx_word' id='word_1_392' title='bbox 2762 2903 2874 2958; x_wconf 86' lang='lat' dir='ltr'><strong>suis</strong></span> <span class='ocrx_word' id='word_1_393' title='bbox 2903 2903 2966 2958; x_wconf 85' lang='lat' dir='ltr'><strong>de</strong></span> <span class='ocrx_word' id='word_1_394' title='bbox 2993 2901 3183 2958; x_wconf 81' lang='lat' dir='ltr'><strong>Giemo</strong></span> <span class='ocrx_word' id='word_1_395' title='bbox 3223 2901 3356 2957; x_wconf 85' lang='lat' dir='ltr'><strong>fecit</strong></span> 
     </span>
    </p>
   </div>
   <div class='ocr_carea' id='block_1_57' title="bbox 1769 2989 3354 3067">
    <p class='ocr_par' dir='ltr' id='par_1_57' title="bbox 1769 2989 3354 3067">
     <span class='ocr_line' id='line_1_57' title="bbox 1769 2989 3354 3067; baseline -0.004 -17"><span class='ocrx_word' id='word_1_396' title='bbox 1769 2996 2020 3067; x_wconf 86' lang='lat' dir='ltr'><strong>persolvi,</strong></span> <span class='ocrx_word' id='word_1_397' title='bbox 2047 3011 2200 3065; x_wconf 68' lang='lat' dir='ltr'><strong>paena</strong></span> <span class='ocrx_word' id='word_1_398' title='bbox 2233 2995 2476 3065; x_wconf 87' lang='lat' dir='ltr'><strong>apposita</strong></span> <span class='ocrx_word' id='word_1_399' title='bbox 2502 2993 2668 3065; x_wconf 84' lang='lat' dir='ltr'><strong>quod,</strong></span> <span class='ocrx_word' id='word_1_400' title='bbox 2701 2993 2911 3061; x_wconf 87' lang='lat' dir='ltr'><strong>quoties</strong></span> <span class='ocrx_word' id='word_1_401' title='bbox 2955 2989 3226 3060; x_wconf 62' lang='grc' dir='ltr'><strong>ιιι-εει)οείιί</strong></span> <span class='ocrx_word' id='word_1_402' title='bbox 3258 3005 3354 3045; x_wconf 82' lang='lat' dir='ltr'><strong>ce-</strong></span> 
     </span>
    </p>
   </div>
   <div class='ocr_carea' id='block_1_58' title="bbox 1775 3081 3351 3152">
    <p class='ocr_par' dir='ltr' id='par_1_58' title="bbox 1775 3081 3351 3152">
     <span class='ocr_line' id='line_1_58' title="bbox 1775 3081 3351 3152; baseline -0.003 -12"><span class='ocrx_word' id='word_1_403' title='bbox 1775 3100 1926 3140; x_wconf 91' lang='lat' dir='ltr'><strong>reum</strong></span> <span class='ocrx_word' id='word_1_404' title='bbox 1959 3086 2107 3139; x_wconf 88' lang='lat' dir='ltr'><strong>illum</strong></span> <span class='ocrx_word' id='word_1_405' title='bbox 2137 3101 2235 3139; x_wconf 90' lang='lat' dir='ltr'><strong>suo</strong></span> <span class='ocrx_word' id='word_1_406' title='bbox 2263 3086 2492 3140; x_wconf 87' lang='lat' dir='ltr'><strong>termino</strong></span> <span class='ocrx_word' id='word_1_407' title='bbox 2518 3099 2621 3138; x_wconf 88' lang='lat' dir='ltr'><strong>non</strong></span> <span class='ocrx_word' id='word_1_408' title='bbox 2656 3083 2970 3148; x_wconf 89' lang='lat' dir='ltr'><strong>reddebant,</strong></span> <span class='ocrx_word' id='word_1_409' title='bbox 2998 3097 3094 3152; x_wconf 90' lang='lat' dir='ltr'><strong>pro</strong></span> <span class='ocrx_word' id='word_1_410' title='bbox 3124 3081 3351 3151; x_wconf 87' lang='lat' dir='ltr'><strong>singulis</strong></span> 
     </span>
    </p>
   </div>
   <div class='ocr_carea' id='block_1_59' title="bbox 1768 3170 3356 3244">
    <p class='ocr_par' dir='ltr' id='par_1_59' title="bbox 1768 3170 3356 3244">
     <span class='ocr_line' id='line_1_59' title="bbox 1768 3170 3356 3244; baseline -0.004 -13"><span class='ocrx_word' id='word_1_411' title='bbox 1768 3177 1956 3231; x_wconf 87' lang='lat' dir='ltr'><strong>diebus</strong></span> <span class='ocrx_word' id='word_1_412' title='bbox 2003 3177 2198 3244; x_wconf 88' lang='lat' dir='ltr'><strong>quibus</strong></span> <span class='ocrx_word' id='word_1_413' title='bbox 2267 3176 2320 3228; x_wconf 91' lang='lat' dir='ltr'><strong>in</strong></span> <span class='ocrx_word' id='word_1_414' title='bbox 2393 3174 2659 3228; x_wconf 85' lang='lat' dir='ltr'><strong>solutione</strong></span> <span class='ocrx_word' id='word_1_415' title='bbox 2725 3174 3013 3227; x_wconf 81' lang='lat' dir='ltr'><strong>cessabant</strong></span> <span class='ocrx_word' id='word_1_416' title='bbox 3061 3170 3260 3226; x_wconf 91' lang='lat' dir='ltr'><strong>solidos</strong></span> <span class='ocrx_word' id='word_1_417' title='bbox 3306 3170 3356 3224; x_wconf 82' lang='lat'><strong>5&#39;</strong></span> 
     </span>
    </p>
   </div>
   <div class='ocr_carea' id='block_1_60' title="bbox 137 3255 3350 3340">
    <p class='ocr_par' dir='ltr' id='par_1_60' title="bbox 137 3255 3350 3340">
     <span class='ocr_line' id='line_1_60' title="bbox 137 3255 3350 3340; baseline -0.002 -21"><span class='ocrx_word' id='word_1_418' title='bbox 137 3281 229 3322; x_wconf 78' lang='lat' dir='ltr'><strong>esse</strong></span> <span class='ocrx_word' id='word_1_419' title='bbox 270 3269 602 3337; x_wconf 73' lang='lat' dir='ltr'><strong>permittens,</strong></span> <span class='ocrx_word' id='word_1_420' title='bbox 633 3269 912 3340; x_wconf 78' lang='lat' dir='ltr'><strong>magniﬁca</strong></span> <span class='ocrx_word' id='word_1_421' title='bbox 943 3269 1159 3338; x_wconf 82' lang='lat' dir='ltr'><strong>quidem</strong></span> <span class='ocrx_word' id='word_1_422' title='bbox 1191 3285 1351 3339; x_wconf 78' lang='lat' dir='ltr'><strong>opera</strong></span> <span class='ocrx_word' id='word_1_423' title='bbox 1398 3278 1452 3324; x_wconf 79' lang='lat' dir='ltr'><strong>et</strong></span> <span class='ocrx_word' id='word_1_424' title='bbox 1498 3269 1663 3324; x_wconf 83' lang='lat' dir='ltr'><strong>multa</strong></span> <span class='ocrx_word' id='word_1_425' title='bbox 1691 3255 1737 3317; x_wconf 86' lang='lat' dir='ltr'>C</span> <span class='ocrx_word' id='word_1_426' title='bbox 1767 3267 1934 3338; x_wconf 87' lang='lat' dir='ltr'><strong>paris.</strong></span> <span class='ocrx_word' id='word_1_427' title='bbox 1983 3266 2082 3336; x_wconf 85' lang='lat' dir='ltr'><strong>ipsi</strong></span> <span class='ocrx_word' id='word_1_428' title='bbox 2125 3266 2236 3336; x_wconf 83' lang='lat' dir='ltr'><strong>regi</strong></span> <span class='ocrx_word' id='word_1_429' title='bbox 2285 3264 2732 3319; x_wconf 86' lang='lat' dir='ltr'><strong>irremissibiliter</strong></span> <span class='ocrx_word' id='word_1_430' title='bbox 2769 3262 3180 3332; x_wconf 84' lang='lat' dir='ltr'><strong>componebant.</strong></span> <span class='ocrx_word' id='word_1_431' title='bbox 3230 3260 3350 3316; x_wconf 88' lang='lat' dir='ltr'><strong>Uti-</strong></span> 
     </span>
    </p>
   </div>
   <div class='ocr_carea' id='block_1_61' title="bbox 136 3358 1665 3430">
    <p class='ocr_par' dir='ltr' id='par_1_61' title="bbox 136 3358 1665 3430">
     <span class='ocr_line' id='line_1_61' title="bbox 136 3358 1665 3430; baseline 0.006 -21"><span class='ocrx_word' id='word_1_432' title='bbox 136 3358 452 3415; x_wconf 86' lang='lat' dir='ltr'><strong>adtniratione</strong></span> <span class='ocrx_word' id='word_1_433' title='bbox 480 3362 640 3430; x_wconf 84' lang='lat' dir='ltr'><strong>digna</strong></span> <span class='ocrx_word' id='word_1_434' title='bbox 672 3370 725 3414; x_wconf 90' lang='lat' dir='ltr'><strong>et</strong></span> <span class='ocrx_word' id='word_1_435' title='bbox 745 3363 1228 3426; x_wconf 88' lang='lat' dir='ltr'><strong>commendatione,</strong></span> <span class='ocrx_word' id='word_1_436' title='bbox 1258 3363 1358 3417; x_wconf 90' lang='lat' dir='ltr'><strong>nisi</strong></span> <span class='ocrx_word' id='word_1_437' title='bbox 1390 3364 1461 3418; x_wconf 92' lang='lat' dir='ltr'><strong>ibi</strong></span> <span class='ocrx_word' id='word_1_438' title='bbox 1493 3364 1665 3418; x_wconf 84' lang='lat' dir='ltr'><strong>homi-</strong></span> 
     </span>
    </p>
   </div>
   <div class='ocr_carea' id='block_1_62' title="bbox 136 3453 1666 3525">
    <p class='ocr_par' dir='ltr' id='par_1_62' title="bbox 136 3453 1666 3525">
     <span class='ocr_line' id='line_1_62' title="bbox 136 3453 1666 3525; baseline 0.006 -26"><span class='ocrx_word' id='word_1_439' title='bbox 136 3463 235 3502; x_wconf 89' lang='lat' dir='ltr'><strong>num</strong></span> <span class='ocrx_word' id='word_1_440' title='bbox 259 3466 360 3504; x_wconf 72' lang='lat' dir='ltr'><strong>suae</strong></span> <span class='ocrx_word' id='word_1_441' title='bbox 383 3453 794 3506; x_wconf 87' lang='lat' dir='ltr'><strong>commissorum</strong></span> <span class='ocrx_word' id='word_1_442' title='bbox 819 3455 1076 3508; x_wconf 77' lang='lat' dir='ltr'><strong>custodia:</strong></span> <span class='ocrx_word' id='word_1_443' title='bbox 1097 3454 1426 3508; x_wconf 88' lang='lat' dir='ltr'><strong>substantias</strong></span> <span class='ocrx_word' id='word_1_444' title='bbox 1449 3455 1501 3508; x_wconf 94' lang='lat' dir='ltr'><strong>in</strong></span> <span class='ocrx_word' id='word_1_445' title='bbox 1525 3455 1666 3525; x_wconf 86' lang='lat' dir='ltr'><strong>ligna</strong></span> 
     </span>
    </p>
   </div>
   <div class='ocr_carea' id='block_1_63' title="bbox 137 3542 1668 3614">
    <p class='ocr_par' dir='ltr' id='par_1_63' title="bbox 137 3542 1668 3614">
     <span class='ocr_line' id='line_1_63' title="bbox 137 3542 1668 3614; baseline 0.005 -24"><span class='ocrx_word' id='word_1_446' title='bbox 137 3542 447 3595; x_wconf 83' lang='lat' dir='ltr'><strong>convertisset</strong></span> <span class='ocrx_word' id='word_1_447' title='bbox 499 3552 555 3596; x_wconf 90' lang='lat' dir='ltr'><strong>et</strong></span> <span class='ocrx_word' id='word_1_448' title='bbox 601 3542 824 3612; x_wconf 81' lang='lat' dir='ltr'><strong>lapides,</strong></span> <span class='ocrx_word' id='word_1_449' title='bbox 871 3553 924 3598; x_wconf 91' lang='lat' dir='ltr'><strong>ct</strong></span> <span class='ocrx_word' id='word_1_450' title='bbox 965 3544 1100 3598; x_wconf 89' lang='lat' dir='ltr'><strong>bona</strong></span> <span class='ocrx_word' id='word_1_451' title='bbox 1136 3561 1232 3611; x_wconf 85' lang='lat' dir='ltr'><strong>pro</strong></span> <span class='ocrx_word' id='word_1_452' title='bbox 1276 3561 1466 3614; x_wconf 83' lang='lat' dir='ltr'><strong>magna</strong></span> <span class='ocrx_word' id='word_1_453' title='bbox 1516 3553 1668 3614; x_wconf 84' lang='lat' dir='ltr'><strong>parte</strong></span> 
     </span>
    </p>
   </div>
   <div class='ocr_carea' id='block_1_64' title="bbox 137 3631 1667 3702">
    <p class='ocr_par' dir='ltr' id='par_1_64' title="bbox 137 3631 1667 3702">
     <span class='ocr_line' id='line_1_64' title="bbox 137 3631 1667 3702; baseline 0.006 -24"><span class='ocrx_word' id='word_1_454' title='bbox 137 3631 517 3700; x_wconf 82' lang='lat' dir='ltr'><strong>consumpsisset</strong></span> <span class='ocrx_word' id='word_1_455' title='bbox 544 3632 891 3700; x_wconf 85' lang='lat' dir='ltr'><strong>episcopalia,</strong></span> <span class='ocrx_word' id='word_1_456' title='bbox 937 3649 1056 3702; x_wconf 74' lang='lat' dir='ltr'><strong>quae</strong></span> <span class='ocrx_word' id='word_1_457' title='bbox 1087 3633 1276 3687; x_wconf 87' lang='lat' dir='ltr'><strong>melius</strong></span> <span class='ocrx_word' id='word_1_458' title='bbox 1318 3634 1530 3688; x_wconf 87' lang='lat' dir='ltr'><strong>fuerant</strong></span> <span class='ocrx_word' id='word_1_459' title='bbox 1575 3642 1667 3687; x_wconf 87' lang='lat' dir='ltr'><strong>aut</strong></span> 
     </span>
    </p>
   </div>
   <div class='ocr_carea' id='block_1_65' title="bbox 136 3717 1668 3795">
    <p class='ocr_par' dir='ltr' id='par_1_65' title="bbox 136 3717 1668 3795">
     <span class='ocr_line' id='line_1_65' title="bbox 136 3717 1668 3795; baseline 0.006 -26"><span class='ocrx_word' id='word_1_460' title='bbox 136 3717 336 3774; x_wconf 63' lang='lat' dir='ltr'><strong>ecclesiae</strong></span> <span class='ocrx_word' id='word_1_461' title='bbox 392 3721 714 3777; x_wconf 85' lang='lat' dir='ltr'><strong>utilitatibus</strong></span> <span class='ocrx_word' id='word_1_462' title='bbox 767 3730 860 3777; x_wconf 88' lang='lat' dir='ltr'><strong>aut</strong></span> <span class='ocrx_word' id='word_1_463' title='bbox 911 3739 1203 3795; x_wconf 84' lang='lat' dir='ltr'><strong>pauperum</strong></span> <span class='ocrx_word' id='word_1_464' title='bbox 1254 3723 1668 3778; x_wconf 82' lang='lat' dir='ltr'><strong>neocssitatibus</strong></span> 
     </span>
    </p>
   </div>
   <div class='ocr_carea' id='block_1_66' title="bbox 134 3807 1671 3884">
    <p class='ocr_par' dir='ltr' id='par_1_66' title="bbox 134 3807 1671 3884">
     <span class='ocr_line' id='line_1_66' title="bbox 134 3807 1671 3884; baseline 0.002 -21"><span class='ocrx_word' id='word_1_465' title='bbox 134 3807 432 3875; x_wconf 63' lang='lat' dir='ltr'><strong>Applicanda.</strong></span> <span class='ocrx_word' id='word_1_466' title='bbox 478 3812 730 3868; x_wconf 85' lang='lat' dir='ltr'><strong>Castrum</strong></span> <span class='ocrx_word' id='word_1_467' title='bbox 772 3813 898 3867; x_wconf 88' lang='lat' dir='ltr'><strong>illud</strong></span> <span class='ocrx_word' id='word_1_468' title='bbox 925 3828 1202 3884; x_wconf 83' lang='lat' dir='ltr'><strong>quousque</strong></span> <span class='ocrx_word' id='word_1_469' title='bbox 1237 3828 1402 3883; x_wconf 92' lang='lat' dir='ltr'><strong>nepos</strong></span> <span class='ocrx_word' id='word_1_470' title='bbox 1434 3828 1563 3867; x_wconf 91' lang='lat' dir='ltr'><strong>suus</strong></span> <span class='ocrx_word' id='word_1_471' title='bbox 1612 3813 1671 3867; x_wconf 86' lang='lat' dir='ltr'><strong>in</strong></span> 
     </span>
    </p>
   </div>
   <div class='ocr_carea' id='block_1_67' title="bbox 135 3901 1667 3975">
    <p class='ocr_par' dir='ltr' id='par_1_67' title="bbox 135 3901 1667 3975">
     <span class='ocr_line' id='line_1_67' title="bbox 135 3901 1667 3975; baseline 0.006 -26"><span class='ocrx_word' id='word_1_472' title='bbox 135 3912 271 3954; x_wconf 88' lang='lat' dir='ltr'><strong>annos</strong></span> <span class='ocrx_word' id='word_1_473' title='bbox 301 3901 633 3959; x_wconf 88' lang='lat' dir='ltr'><strong>adolesceret</strong></span> <span class='ocrx_word' id='word_1_474' title='bbox 660 3905 980 3974; x_wconf 89' lang='lat' dir='ltr'><strong>pubertatis,</strong></span> <span class='ocrx_word' id='word_1_475' title='bbox 1011 3914 1065 3960; x_wconf 92' lang='lat' dir='ltr'><strong>et</strong></span> <span class='ocrx_word' id='word_1_476' title='bbox 1089 3905 1204 3975; x_wconf 89' lang='lat' dir='ltr'><strong>ejus</strong></span> <span class='ocrx_word' id='word_1_477' title='bbox 1226 3913 1369 3959; x_wconf 89' lang='lat' dir='ltr'><strong>esset</strong></span> <span class='ocrx_word' id='word_1_478' title='bbox 1391 3905 1667 3974; x_wconf 85' lang='lat' dir='ltr'><strong>mancipa-</strong></span> 
     </span>
    </p>
   </div>
   <div class='ocr_carea' id='block_1_68' title="bbox 137 3989 1663 4065">
    <p class='ocr_par' dir='ltr' id='par_1_68' title="bbox 137 3989 1663 4065">
     <span class='ocr_line' id='line_1_68' title="bbox 137 3989 1663 4065; baseline 0.006 -26"><span class='ocrx_word' id='word_1_479' title='bbox 137 3994 202 4041; x_wconf 88' lang='lat' dir='ltr'><strong>tus</strong></span> <span class='ocrx_word' id='word_1_480' title='bbox 227 3989 420 4057; x_wconf 68' lang='lat' dir='ltr'><strong>tutelaz,</strong></span> <span class='ocrx_word' id='word_1_481' title='bbox 451 3993 504 4046; x_wconf 91' lang='lat' dir='ltr'><strong>in</strong></span> <span class='ocrx_word' id='word_1_482' title='bbox 536 3993 702 4047; x_wconf 86' lang='lat' dir='ltr'><strong>multa</strong></span> <span class='ocrx_word' id='word_1_483' title='bbox 732 3994 870 4048; x_wconf 74' lang='lat' dir='ltr'><strong>rexit</strong></span> <span class='ocrx_word' id='word_1_484' title='bbox 913 3993 1305 4065; x_wconf 83' lang='lat' dir='ltr'><strong>magniﬁcentia</strong></span> <span class='ocrx_word' id='word_1_485' title='bbox 1343 4002 1398 4048; x_wconf 90' lang='lat' dir='ltr'><strong>et</strong></span> <span class='ocrx_word' id='word_1_486' title='bbox 1443 3995 1663 4059; x_wconf 90' lang='lat' dir='ltr'><strong>virtute,</strong></span> 
     </span>
    </p>
   </div>
   <div class='ocr_carea' id='block_1_69' title="bbox 135 4079 1659 4152">
    <p class='ocr_par' dir='ltr' id='par_1_69' title="bbox 135 4079 1659 4152">
     <span class='ocr_line' id='line_1_69' title="bbox 135 4079 1659 4152; baseline 0.006 -24"><span class='ocrx_word' id='word_1_487' title='bbox 135 4085 175 4128; x_wconf 84' lang='lat' dir='ltr'><strong>et</strong></span> <span class='ocrx_word' id='word_1_488' title='bbox 197 4079 654 4152; x_wconf 83' lang='lat' dir='ltr'><strong>interceptionibus</strong></span> <span class='ocrx_word' id='word_1_489' title='bbox 679 4084 1141 4138; x_wconf 88' lang='lat' dir='ltr'><strong>circumstantium</strong></span> <span class='ocrx_word' id='word_1_490' title='bbox 1168 4084 1221 4136; x_wconf 90' lang='lat' dir='ltr'><strong>in</strong></span> <span class='ocrx_word' id='word_1_491' title='bbox 1251 4099 1416 4137; x_wconf 90' lang='lat' dir='ltr'><strong>manu</strong></span> <span class='ocrx_word' id='word_1_492' title='bbox 1449 4083 1659 4151; x_wconf 88' lang='lat' dir='ltr'><strong>potenti</strong></span> 
     </span>
    </p>
   </div>
   <div class='ocr_carea' id='block_1_70' title="bbox 135 4169 1665 4243">
    <p class='ocr_par' dir='ltr' id='par_1_70' title="bbox 135 4169 1665 4243">
     <span class='ocr_line' id='line_1_70' title="bbox 135 4169 1665 4243; baseline 0.004 -21"><span class='ocrx_word' id='word_1_493' title='bbox 135 4169 380 4238; x_wconf 83' lang='lat' dir='ltr'><strong>resistens,</strong></span> <span class='ocrx_word' id='word_1_494' title='bbox 403 4181 461 4227; x_wconf 87' lang='lat' dir='ltr'><strong>et</strong></span> <span class='ocrx_word' id='word_1_495' title='bbox 487 4173 897 4236; x_wconf 87' lang='lat' dir='ltr'><strong>incursantium,</strong></span> <span class='ocrx_word' id='word_1_496' title='bbox 933 4173 1247 4243; x_wconf 63' lang='lat' dir='ltr'><strong>praedasque</strong></span> <span class='ocrx_word' id='word_1_497' title='bbox 1293 4174 1358 4227; x_wconf 78' lang='lat' dir='ltr'><strong>de</strong></span> <span class='ocrx_word' id='word_1_498' title='bbox 1388 4182 1530 4226; x_wconf 87' lang='lat' dir='ltr'><strong>terra</strong></span> <span class='ocrx_word' id='word_1_499' title='bbox 1553 4188 1665 4228; x_wconf 68' lang='lat' dir='ltr'><strong>sum</strong></span> 
     </span>
    </p>
   </div>
   <div class='ocr_carea' id='block_1_71' title="bbox 138 4259 1666 4332">
    <p class='ocr_par' dir='ltr' id='par_1_71' title="bbox 138 4259 1666 4332">
     <span class='ocr_line' id='line_1_71' title="bbox 138 4259 1666 4332; baseline 0.007 -25"><span class='ocrx_word' id='word_1_500' title='bbox 138 4259 282 4314; x_wconf 64' lang='lat' dir='ltr'><strong>tutela:</strong></span> <span class='ocrx_word' id='word_1_501' title='bbox 341 4262 658 4332; x_wconf 89' lang='lat' dir='ltr'><strong>plerumque</strong></span> <span class='ocrx_word' id='word_1_502' title='bbox 712 4263 980 4332; x_wconf 81' lang='lat' dir='ltr'><strong>agentium</strong></span> <span class='ocrx_word' id='word_1_503' title='bbox 1033 4271 1344 4332; x_wconf 83' lang='lat' dir='ltr'><strong>argumenta</strong></span> <span class='ocrx_word' id='word_1_504' title='bbox 1389 4261 1666 4317; x_wconf 81' lang='lat' dir='ltr'><strong>refellebat</strong></span> 
     </span>
    </p>
   </div>
   <div class='ocr_carea' id='block_1_72' title="bbox 135 4351 1665 4423">
    <p class='ocr_par' dir='ltr' id='par_1_72' title="bbox 135 4351 1665 4423">
     <span class='ocr_line' id='line_1_72' title="bbox 135 4351 1665 4423; baseline 0.006 -25"><span class='ocrx_word' id='word_1_505' title='bbox 135 4362 217 4400; x_wconf 89' lang='lat' dir='ltr'><strong>non</strong></span> <span class='ocrx_word' id='word_1_506' title='bbox 258 4351 547 4420; x_wconf 86' lang='lat' dir='ltr'><strong>imparibus</strong></span> <span class='ocrx_word' id='word_1_507' title='bbox 583 4353 929 4421; x_wconf 79' lang='lat' dir='ltr'><strong>argumentis,</strong></span> <span class='ocrx_word' id='word_1_508' title='bbox 975 4353 1050 4407; x_wconf 88' lang='lat' dir='ltr'><strong>ita</strong></span> <span class='ocrx_word' id='word_1_509' title='bbox 1091 4354 1231 4421; x_wconf 92' lang='lat' dir='ltr'><strong>quod</strong></span> <span class='ocrx_word' id='word_1_510' title='bbox 1261 4353 1532 4416; x_wconf 86' lang='lat' dir='ltr'><strong>omnibus,</strong></span> <span class='ocrx_word' id='word_1_511' title='bbox 1571 4353 1665 4423; x_wconf 90' lang='lat' dir='ltr'><strong>qui</strong></span> 
     </span>
    </p>
   </div>
   <div class='ocr_carea' id='block_1_73' title="bbox 135 4443 1664 4512">
    <p class='ocr_par' dir='ltr' id='par_1_73' title="bbox 135 4443 1664 4512">
     <span class='ocr_line' id='line_1_73' title="bbox 135 4443 1664 4512; baseline 0.007 -23"><span class='ocrx_word' id='word_1_512' title='bbox 135 4448 256 4493; x_wconf 85' lang='lat' dir='ltr'><strong>erant</strong></span> <span class='ocrx_word' id='word_1_513' title='bbox 282 4443 331 4495; x_wconf 91' lang='lat' dir='ltr'><strong>in</strong></span> <span class='ocrx_word' id='word_1_514' title='bbox 370 4444 622 4508; x_wconf 84' lang='lat' dir='ltr'><strong>circuitu,</strong></span> <span class='ocrx_word' id='word_1_515' title='bbox 665 4443 1015 4498; x_wconf 81' lang='lat' dir='ltr'><strong>formidabilis</strong></span> <span class='ocrx_word' id='word_1_516' title='bbox 1061 4452 1369 4512; x_wconf 81' lang='lat' dir='ltr'><strong>appareret;</strong></span> <span class='ocrx_word' id='word_1_517' title='bbox 1394 4445 1486 4499; x_wconf 89' lang='lat' dir='ltr'><strong>sed</strong></span> <span class='ocrx_word' id='word_1_518' title='bbox 1510 4445 1664 4499; x_wconf 91' lang='lat' dir='ltr'><strong>ducis</strong></span> 
     </span>
    </p>
   </div>
   <div class='ocr_carea' id='block_1_74' title="bbox 135 4527 1657 4606">
    <p class='ocr_par' dir='ltr' id='par_1_74' title="bbox 135 4527 1657 4606">
     <span class='ocr_line' id='line_1_74' title="bbox 135 4527 1657 4606; baseline 0.005 -23"><span class='ocrx_word' id='word_1_519' title='bbox 135 4527 437 4602; x_wconf 68' lang='lat' dir='ltr'><strong>Burgundim,</strong></span> <span class='ocrx_word' id='word_1_520' title='bbox 485 4544 539 4590; x_wconf 88' lang='lat' dir='ltr'><strong>et</strong></span> <span class='ocrx_word' id='word_1_521' title='bbox 587 4545 901 4591; x_wconf 69' lang='lat' dir='ltr'><strong>caeterorum</strong></span> <span class='ocrx_word' id='word_1_522' title='bbox 959 4535 1256 4605; x_wconf 88' lang='lat' dir='ltr'><strong>principum</strong></span> <span class='ocrx_word' id='word_1_523' title='bbox 1298 4545 1347 4589; x_wconf 87' lang='lat' dir='ltr'><strong>et</strong></span> <span class='ocrx_word' id='word_1_524' title='bbox 1383 4543 1657 4606; x_wconf 86' lang='lat' dir='ltr'><strong>potentum</strong></span> 
     </span>
    </p>
   </div>
   <div class='ocr_carea' id='block_1_75' title="bbox 136 4625 1662 4697">
    <p class='ocr_par' dir='ltr' id='par_1_75' title="bbox 136 4625 1662 4697">
     <span class='ocr_line' id='line_1_75' title="bbox 136 4625 1662 4697; baseline 0.007 -26"><span class='ocrx_word' id='word_1_525' title='bbox 136 4631 286 4676; x_wconf 76' lang='lat' dir='ltr'><strong>contra</strong></span> <span class='ocrx_word' id='word_1_526' title='bbox 316 4625 485 4695; x_wconf 88' lang='lat' dir='ltr'><strong>ipsum</strong></span> <span class='ocrx_word' id='word_1_527' title='bbox 507 4627 618 4681; x_wconf 87' lang='lat' dir='ltr'><strong>sive</strong></span> <span class='ocrx_word' id='word_1_528' title='bbox 643 4636 879 4681; x_wconf 84' lang='lat' dir='ltr'><strong>castrum</strong></span> <span class='ocrx_word' id='word_1_529' title='bbox 918 4636 1170 4694; x_wconf 71' lang='lat' dir='ltr'><strong>concepta</strong></span> <span class='ocrx_word' id='word_1_530' title='bbox 1211 4627 1520 4697; x_wconf 79' lang='lat' dir='ltr'><strong>frequenter</strong></span> <span class='ocrx_word' id='word_1_531' title='bbox 1548 4645 1662 4682; x_wconf 90' lang='lat' dir='ltr'><strong>m0-</strong></span> 
     </span>
    </p>
   </div>
   <div class='ocr_carea' id='block_1_76' title="bbox 136 4706 1662 4786">
    <p class='ocr_par' dir='ltr' id='par_1_76' title="bbox 136 4706 1662 4786">
     <span class='ocr_line' id='line_1_76' title="bbox 136 4706 1662 4786; baseline 0.01 -27"><span class='ocrx_word' id='word_1_532' title='bbox 136 4706 282 4766; x_wconf 86' lang='lat' dir='ltr'><strong>limina</strong></span> <span class='ocrx_word' id='word_1_533' title='bbox 306 4724 446 4769; x_wconf 89' lang='lat' dir='ltr'><strong>tanta</strong></span> <span class='ocrx_word' id='word_1_534' title='bbox 469 4717 746 4786; x_wconf 84' lang='lat' dir='ltr'><strong>prudentia</strong></span> <span class='ocrx_word' id='word_1_535' title='bbox 776 4716 1233 4786; x_wconf 55' lang='lat' dir='ltr'><strong>confringebannt</strong></span> <span class='ocrx_word' id='word_1_536' title='bbox 1255 4733 1464 4785; x_wconf 89' lang='lat' dir='ltr'><strong>semper</strong></span> <span class='ocrx_word' id='word_1_537' title='bbox 1493 4719 1662 4774; x_wconf 88' lang='lat' dir='ltr'><strong>bono-</strong></span> 
     </span>
    </p>
   </div>
   <div class='ocr_carea' id='block_1_77' title="bbox 139 4798 1659 4876">
    <p class='ocr_par' dir='ltr' id='par_1_77' title="bbox 139 4798 1659 4876">
     <span class='ocr_line' id='line_1_77' title="bbox 139 4798 1659 4876; baseline 0.01 -29"><span class='ocrx_word' id='word_1_538' title='bbox 139 4798 322 4854; x_wconf 86' lang='lat' dir='ltr'><strong>rabilem</strong></span> <span class='ocrx_word' id='word_1_539' title='bbox 342 4803 599 4858; x_wconf 89' lang='lat' dir='ltr'><strong>calculum</strong></span> <span class='ocrx_word' id='word_1_540' title='bbox 626 4815 945 4876; x_wconf 79' lang='lat' dir='ltr'><strong>reportaret.</strong></span> <span class='ocrx_word' id='word_1_541' title='bbox 970 4807 1264 4876; x_wconf 79' lang='lat' dir='ltr'><strong>Acquisivit</strong></span> <span class='ocrx_word' id='word_1_542' title='bbox 1287 4817 1464 4863; x_wconf 90' lang='lat' dir='ltr'><strong>autem</strong></span> <span class='ocrx_word' id='word_1_543' title='bbox 1486 4810 1659 4863; x_wconf 90' lang='lat' dir='ltr'><strong>eidem</strong></span> 
     </span>
    </p>
   </div>
   <div class='ocr_carea' id='block_1_78' title="bbox 137 4892 1660 4968">
    <p class='ocr_par' dir='ltr' id='par_1_78' title="bbox 137 4892 1660 4968">
     <span class='ocr_line' id='line_1_78' title="bbox 137 4892 1660 4968; baseline 0.012 -31"><span class='ocrx_word' id='word_1_544' title='bbox 137 4892 282 4956; x_wconf 84' lang='lat' dir='ltr'><strong>nepoti</strong></span> <span class='ocrx_word' id='word_1_545' title='bbox 313 4909 408 4946; x_wconf 90' lang='lat' dir='ltr'><strong>suo</strong></span> <span class='ocrx_word' id='word_1_546' title='bbox 449 4895 620 4951; x_wconf 88' lang='lat' dir='ltr'><strong>villam</strong></span> <span class='ocrx_word' id='word_1_547' title='bbox 657 4897 724 4952; x_wconf 90' lang='lat' dir='ltr'><strong>de</strong></span> <span class='ocrx_word' id='word_1_548' title='bbox 755 4895 1019 4963; x_wconf 87' lang='lat' dir='ltr'><strong>Vallanto,</strong></span> <span class='ocrx_word' id='word_1_549' title='bbox 1045 4899 1199 4968; x_wconf 75' lang='lat' dir='ltr'><strong>juxta</strong></span> <span class='ocrx_word' id='word_1_550' title='bbox 1231 4898 1456 4954; x_wconf 87' lang='lat' dir='ltr'><strong>Giacum</strong></span> <span class='ocrx_word' id='word_1_551' title='bbox 1483 4901 1660 4955; x_wconf 89' lang='lat' dir='ltr'><strong>villam</strong></span> 
     </span>
    </p>
   </div>
   <div class='ocr_carea' id='block_1_79' title="bbox 137 4978 1658 5058">
    <p class='ocr_par' dir='ltr' id='par_1_79' title="bbox 137 4978 1658 5058">
     <span class='ocr_line' id='line_1_79' title="bbox 137 4978 1658 5058; baseline 0.012 -27"><span class='ocrx_word' id='word_1_552' title='bbox 137 4978 472 5050; x_wconf 80' lang='lat' dir='ltr'><strong>episcopalem,</strong></span> <span class='ocrx_word' id='word_1_553' title='bbox 503 5003 654 5054; x_wconf 80' lang='lat' dir='ltr'><strong>quam</strong></span> <span class='ocrx_word' id='word_1_554' title='bbox 685 4987 851 5042; x_wconf 84' lang='lat' dir='ltr'><strong>multa</strong></span> <span class='ocrx_word' id='word_1_555' title='bbox 889 4990 1108 5056; x_wconf 89' lang='lat' dir='ltr'><strong>pecunia</strong></span> <span class='ocrx_word' id='word_1_556' title='bbox 1155 4991 1506 5058; x_wconf 87' lang='lat' dir='ltr'><strong>comparavit.</strong></span> <span class='ocrx_word' id='word_1_557' title='bbox 1555 4995 1658 5048; x_wconf 85' lang='lat' dir='ltr'><strong>Sed</strong></span> 
     </span>
    </p>
   </div>
   <div class='ocr_carea' id='block_1_80' title="bbox 139 5065 1663 5153">
    <p class='ocr_par' dir='ltr' id='par_1_80' title="bbox 139 5065 1663 5153">
     <span class='ocr_line' id='line_1_80' title="bbox 139 5065 1663 5153; baseline 0.012 -31"><span class='ocrx_word' id='word_1_558' title='bbox 139 5065 188 5119; x_wconf 75' lang='lat' dir='ltr'><strong>de</strong></span> <span class='ocrx_word' id='word_1_559' title='bbox 209 5069 282 5126; x_wconf 91' lang='lat' dir='ltr'><strong>his</strong></span> <span class='ocrx_word' id='word_1_560' title='bbox 318 5075 594 5142; x_wconf 87' lang='lat' dir='ltr'><strong>hactenus;</strong></span> <span class='ocrx_word' id='word_1_561' title='bbox 629 5096 768 5134; x_wconf 85' lang='lat' dir='ltr'><strong>nunc</strong></span> <span class='ocrx_word' id='word_1_562' title='bbox 799 5079 866 5133; x_wconf 89' lang='lat' dir='ltr'><strong>ad</strong></span> <span class='ocrx_word' id='word_1_563' title='bbox 899 5079 998 5132; x_wconf 86' lang='lat' dir='ltr'><strong>alia</strong></span> <span class='ocrx_word' id='word_1_564' title='bbox 1028 5089 1380 5143; x_wconf 87' lang='lat' dir='ltr'><strong>transeamus,</strong></span> <span class='ocrx_word' id='word_1_565' title='bbox 1412 5091 1468 5137; x_wconf 90' lang='lat' dir='ltr'><strong>ct</strong></span> <span class='ocrx_word' id='word_1_566' title='bbox 1495 5101 1663 5153; x_wconf 85' lang='lat' dir='ltr'><strong>quan-</strong></span> 
     </span>
    </p>
   </div>
   <div class='ocr_carea' id='block_1_81' title="bbox 145 5163 1666 5242">
    <p class='ocr_par' dir='ltr' id='par_1_81' title="bbox 145 5163 1666 5242">
     <span class='ocr_line' id='line_1_81' title="bbox 145 5163 1666 5242; baseline 0.016 -34"><span class='ocrx_word' id='word_1_567' title='bbox 145 5167 234 5212; x_wconf 85' lang='lat' dir='ltr'><strong>tum</strong></span> <span class='ocrx_word' id='word_1_568' title='bbox 262 5163 310 5216; x_wconf 89' lang='lat' dir='ltr'><strong>in</strong></span> <span class='ocrx_word' id='word_1_569' title='bbox 338 5167 640 5237; x_wconf 84' lang='lat' dir='ltr'><strong>ampliandis</strong></span> <span class='ocrx_word' id='word_1_570' title='bbox 671 5171 920 5228; x_wconf 77' lang='lat' dir='ltr'><strong>ecclesiae</strong></span> <span class='ocrx_word' id='word_1_571' title='bbox 951 5187 1057 5224; x_wconf 63' lang='lat' dir='ltr'><strong>suae</strong></span> <span class='ocrx_word' id='word_1_572' title='bbox 1097 5171 1391 5226; x_wconf 87' lang='lat' dir='ltr'><strong>redditibus</strong></span> <span class='ocrx_word' id='word_1_573' title='bbox 1434 5176 1666 5242; x_wconf 82' lang='lat' dir='ltr'><strong>proﬁce-</strong></span> 
     </span>
    </p>
   </div>
   <div class='ocr_carea' id='block_1_82' title="bbox 143 5257 532 5280">
    <p class='ocr_par' dir='ltr' id='par_1_82' title="bbox 143 5257 532 5280">
     <span class='ocr_line' id='line_1_82' title="bbox 143 5257 532 5280; baseline 0 0"><span class='ocrx_word' id='word_1_574' title='bbox 143 5257 201 5280; x_wconf 64' lang='lat' dir='ltr'><strong>M&#39;</strong></span> <span class='ocrx_word' id='word_1_575' title='bbox 245 5263 324 5280; x_wconf 68' lang='grc' dir='ltr'><strong>..ιο</strong></span> <span class='ocrx_word' id='word_1_576' title='bbox 372 5271 456 5280; x_wconf 61' lang='grc' dir='ltr'><strong>ΑΑ--</strong></span> <span class='ocrx_word' id='word_1_577' title='bbox 481 5259 532 5280; x_wconf 56' lang='lat' dir='ltr'><strong>Ife</strong></span> 
     </span>
    </p>
   </div>
   <div class='ocr_carea' id='block_1_83' title="bbox 1765 3351 3348 3425">
    <p class='ocr_par' dir='ltr' id='par_1_83' title="bbox 1765 3351 3348 3425">
     <span class='ocr_line' id='line_1_83' title="bbox 1765 3351 3348 3425; baseline -0.004 -14"><span class='ocrx_word' id='word_1_578' title='bbox 1765 3357 1830 3412; x_wconf 87' lang='lat' dir='ltr'><strong>lis</strong></span> <span class='ocrx_word' id='word_1_579' title='bbox 1869 3372 2002 3413; x_wconf 89' lang='lat' dir='ltr'><strong>sane</strong></span> <span class='ocrx_word' id='word_1_580' title='bbox 2049 3355 2416 3425; x_wconf 88' lang='lat' dir='ltr'><strong>compensatio</strong></span> <span class='ocrx_word' id='word_1_581' title='bbox 2464 3364 2520 3410; x_wconf 89' lang='lat' dir='ltr'><strong>et</strong></span> <span class='ocrx_word' id='word_1_582' title='bbox 2565 3353 2810 3408; x_wconf 84' lang='lat' dir='ltr'><strong>ecclesiae</strong></span> <span class='ocrx_word' id='word_1_583' title='bbox 2861 3351 3167 3422; x_wconf 88' lang='lat' dir='ltr'><strong>profutura,</strong></span> <span class='ocrx_word' id='word_1_584' title='bbox 3224 3365 3348 3406; x_wconf 90' lang='lat' dir='ltr'><strong>cum</strong></span> 
     </span>
    </p>
   </div>
   <div class='ocr_carea' id='block_1_84' title="bbox 1765 3445 3349 3516">
    <p class='ocr_par' dir='ltr' id='par_1_84' title="bbox 1765 3445 3349 3516">
     <span class='ocr_line' id='line_1_84' title="bbox 1765 3445 3349 3516; baseline -0.006 -10"><span class='ocrx_word' id='word_1_585' title='bbox 1765 3451 1993 3506; x_wconf 90' lang='lat' dir='ltr'><strong>multum</strong></span> <span class='ocrx_word' id='word_1_586' title='bbox 2047 3465 2111 3504; x_wconf 82' lang='lat' dir='ltr'><strong>ex</strong></span> <span class='ocrx_word' id='word_1_587' title='bbox 2166 3463 2231 3502; x_wconf 91' lang='lat' dir='ltr'><strong>eo</strong></span> <span class='ocrx_word' id='word_1_588' title='bbox 2279 3448 2462 3501; x_wconf 90' lang='lat' dir='ltr'><strong>oneris</strong></span> <span class='ocrx_word' id='word_1_589' title='bbox 2505 3446 2772 3516; x_wconf 84' lang='lat' dir='ltr'><strong>episcopis</strong></span> <span class='ocrx_word' id='word_1_590' title='bbox 2816 3446 2887 3498; x_wconf 88' lang='lat' dir='ltr'><strong>sit</strong></span> <span class='ocrx_word' id='word_1_591' title='bbox 2935 3445 3244 3508; x_wconf 89' lang='lat' dir='ltr'><strong>remissum,</strong></span> <span class='ocrx_word' id='word_1_592' title='bbox 3291 3450 3349 3497; x_wconf 90' lang='lat' dir='ltr'><strong>et</strong></span> 
     </span>
    </p>
   </div>
   <div class='ocr_carea' id='block_1_85' title="bbox 1765 3532 3346 3593">
    <p class='ocr_par' dir='ltr' id='par_1_85' title="bbox 1765 3532 3346 3593">
     <span class='ocr_line' id='line_1_85' title="bbox 1765 3532 3346 3593; baseline -0.004 0"><span class='ocrx_word' id='word_1_593' title='bbox 1765 3539 1832 3593; x_wconf 88' lang='lat' dir='ltr'><strong>de</strong></span> <span class='ocrx_word' id='word_1_594' title='bbox 1864 3538 2020 3593; x_wconf 89' lang='lat' dir='ltr'><strong>feodo</strong></span> <span class='ocrx_word' id='word_1_595' title='bbox 2056 3537 2230 3592; x_wconf 88' lang='lat' dir='ltr'><strong>Giemi</strong></span> <span class='ocrx_word' id='word_1_596' title='bbox 2260 3534 2392 3590; x_wconf 90' lang='lat' dir='ltr'><strong>nihil</strong></span> <span class='ocrx_word' id='word_1_597' title='bbox 2421 3534 2522 3588; x_wconf 90' lang='lat' dir='ltr'><strong>nisi</strong></span> <span class='ocrx_word' id='word_1_598' title='bbox 2555 3534 2728 3588; x_wconf 89' lang='lat' dir='ltr'><strong>honor</strong></span> <span class='ocrx_word' id='word_1_599' title='bbox 2754 3533 2834 3590; x_wconf 89' lang='lat' dir='ltr'><strong>eis</strong></span> <span class='ocrx_word' id='word_1_600' title='bbox 2867 3541 3202 3589; x_wconf 88' lang='lat' dir='ltr'><strong>accresceret</strong></span> <span class='ocrx_word' id='word_1_601' title='bbox 3227 3532 3346 3588; x_wconf 88' lang='lat' dir='ltr'><strong>sine</strong></span> 
     </span>
    </p>
   </div>
   <div class='ocr_carea' id='block_1_86' title="bbox 1766 3629 1964 3683">
    <p class='ocr_par' dir='ltr' id='par_1_86' title="bbox 1766 3629 1964 3683">
     <span class='ocr_line' id='line_1_86' title="bbox 1766 3629 1964 3683; baseline 0 -1"><span class='ocrx_word' id='word_1_602' title='bbox 1766 3629 1964 3683; x_wconf 81' lang='lat' dir='ltr'><strong>fructu.</strong></span> 
     </span>
    </p>
   </div>
   <div class='ocr_carea' id='block_1_87' title="bbox 1767 3741 3345 3817">
    <p class='ocr_par' dir='ltr' id='par_1_87' title="bbox 1767 3741 3345 3817">
     <span class='ocr_line' id='line_1_87' title="bbox 1767 3741 3345 3817; baseline -0.004 -16"><span class='ocrx_word' id='word_1_603' title='bbox 1767 3745 2007 3814; x_wconf 70' lang='lat' dir='ltr'><strong>Qualiter</strong></span> <span class='ocrx_word' id='word_1_604' title='bbox 2033 3745 2300 3817; x_wconf 75' lang='lat' dir='ltr'><strong>acquisivit</strong></span> <span class='ocrx_word' id='word_1_605' title='bbox 2321 3744 2546 3817; x_wconf 70' lang='lat' dir='ltr'><strong>decimus</strong></span> <span class='ocrx_word' id='word_1_606' title='bbox 2583 3753 2644 3817; x_wconf 77' lang='lat' dir='ltr'><strong>et</strong></span> <span class='ocrx_word' id='word_1_607' title='bbox 2673 3745 2885 3798; x_wconf 85' lang='lat' dir='ltr'><strong>domum</strong></span> <span class='ocrx_word' id='word_1_608' title='bbox 2909 3743 3250 3814; x_wconf 78' lang='lat' dir='ltr'><strong>episcopalem</strong></span> <span class='ocrx_word' id='word_1_609' title='bbox 3281 3741 3345 3796; x_wconf 83' lang='lat' dir='ltr'><strong>de</strong></span> 
     </span>
    </p>
   </div>
   <div class='ocr_carea' id='block_1_88' title="bbox 2411 3815 2692 3884">
    <p class='ocr_par' dir='ltr' id='par_1_88' title="bbox 2411 3815 2692 3884">
     <span class='ocr_line' id='line_1_88' title="bbox 2411 3815 2692 3884; baseline 0 -16"><span class='ocrx_word' id='word_1_610' title='bbox 2411 3815 2692 3884; x_wconf 81' lang='lat' dir='ltr'><strong>Colengiis.</strong></span> 
     </span>
    </p>
   </div>
   <div class='ocr_carea' id='block_1_89' title="bbox 1835 3901 3343 3975">
    <p class='ocr_par' dir='ltr' id='par_1_89' title="bbox 1835 3901 3343 3975">
     <span class='ocr_line' id='line_1_89' title="bbox 1835 3901 3343 3975; baseline -0.005 -14"><span class='ocrx_word' id='word_1_611' title='bbox 1835 3907 2026 3961; x_wconf 86' lang='lat' dir='ltr'><strong>Petrus</strong></span> <span class='ocrx_word' id='word_1_612' title='bbox 2051 3906 2116 3961; x_wconf 89' lang='lat' dir='ltr'><strong>de</strong></span> <span class='ocrx_word' id='word_1_613' title='bbox 2140 3904 2404 3960; x_wconf 90' lang='lat' dir='ltr'><strong>Corcione</strong></span> <span class='ocrx_word' id='word_1_614' title='bbox 2426 3904 2733 3975; x_wconf 86' lang='lat' dir='ltr'><strong>Culengias,</strong></span> <span class='ocrx_word' id='word_1_615' title='bbox 2770 3920 2932 3972; x_wconf 89' lang='lat' dir='ltr'><strong>super</strong></span> <span class='ocrx_word' id='word_1_616' title='bbox 2952 3903 3201 3956; x_wconf 88' lang='lat' dir='ltr'><strong>lcaunam</strong></span> <span class='ocrx_word' id='word_1_617' title='bbox 3241 3901 3343 3955; x_wconf 82' lang='lat' dir='ltr'><strong>llu-</strong></span> 
     </span>
    </p>
   </div>
   <div class='ocr_carea' id='block_1_90' title="bbox 1765 3989 3345 4060">
    <p class='ocr_par' dir='ltr' id='par_1_90' title="bbox 1765 3989 3345 4060">
     <span class='ocr_line' id='line_1_90' title="bbox 1765 3989 3345 4060; baseline -0.004 -12"><span class='ocrx_word' id='word_1_618' title='bbox 1765 3995 1908 4048; x_wconf 87' lang='lat' dir='ltr'><strong>vium</strong></span> <span class='ocrx_word' id='word_1_619' title='bbox 1941 4010 2062 4048; x_wconf 90' lang='lat' dir='ltr'><strong>cum</strong></span> <span class='ocrx_word' id='word_1_620' title='bbox 2093 3993 2341 4047; x_wconf 89' lang='lat' dir='ltr'><strong>omnibus</strong></span> <span class='ocrx_word' id='word_1_621' title='bbox 2381 4007 2501 4060; x_wconf 65' lang='lat' dir='ltr'><strong>qua:</strong></span> <span class='ocrx_word' id='word_1_622' title='bbox 2537 3993 2782 4045; x_wconf 87' lang='lat' dir='ltr'><strong>monachi</strong></span> <span class='ocrx_word' id='word_1_623' title='bbox 2821 3993 2886 4045; x_wconf 89' lang='lat' dir='ltr'><strong>de</strong></span> <span class='ocrx_word' id='word_1_624' title='bbox 2923 3991 3199 4044; x_wconf 80' lang='lat' dir='ltr'><strong>Charitate</strong></span> <span class='ocrx_word' id='word_1_625' title='bbox 3245 3989 3345 4042; x_wconf 85' lang='lat' dir='ltr'><strong>ha-</strong></span> 
     </span>
    </p>
   </div>
   <div class='ocr_carea' id='block_1_91' title="bbox 1763 4080 3349 4151">
    <p class='ocr_par' dir='ltr' id='par_1_91' title="bbox 1763 4080 3349 4151">
     <span class='ocr_line' id='line_1_91' title="bbox 1763 4080 3349 4151; baseline -0.005 -10"><span class='ocrx_word' id='word_1_626' title='bbox 1763 4085 1985 4150; x_wconf 89' lang='lat' dir='ltr'><strong>bebant,</strong></span> <span class='ocrx_word' id='word_1_627' title='bbox 2038 4084 2233 4138; x_wconf 86' lang='lat' dir='ltr'><strong>ibidem</strong></span> <span class='ocrx_word' id='word_1_628' title='bbox 2299 4083 2466 4137; x_wconf 90' lang='lat' dir='ltr'><strong>multo</strong></span> <span class='ocrx_word' id='word_1_629' title='bbox 2527 4091 2732 4137; x_wconf 86' lang='lat' dir='ltr'><strong>emerat</strong></span> <span class='ocrx_word' id='word_1_630' title='bbox 2795 4082 2988 4151; x_wconf 90' lang='lat' dir='ltr'><strong>pretio.</strong></span> <span class='ocrx_word' id='word_1_631' title='bbox 3040 4080 3349 4148; x_wconf 83' lang='lat' dir='ltr'><strong>Episcopus</strong></span> 
     </span>
    </p>
   </div>
   <div class='ocr_carea' id='block_1_92' title="bbox 1764 4167 3342 4241">
    <p class='ocr_par' dir='ltr' id='par_1_92' title="bbox 1764 4167 3342 4241">
     <span class='ocr_line' id='line_1_92' title="bbox 1764 4167 3342 4241; baseline -0.005 -12"><span class='ocrx_word' id='word_1_632' title='bbox 1764 4191 1916 4230; x_wconf 90' lang='lat' dir='ltr'><strong>suam</strong></span> <span class='ocrx_word' id='word_1_633' title='bbox 1970 4175 2018 4229; x_wconf 93' lang='lat' dir='ltr'><strong>ei</strong></span> <span class='ocrx_word' id='word_1_634' title='bbox 2066 4174 2231 4228; x_wconf 90' lang='lat' dir='ltr'><strong>voluit</strong></span> <span class='ocrx_word' id='word_1_635' title='bbox 2273 4173 2555 4228; x_wconf 88' lang='lat' dir='ltr'><strong>rcfunderc</strong></span> <span class='ocrx_word' id='word_1_636' title='bbox 2598 4173 2902 4241; x_wconf 88' lang='lat' dir='ltr'><strong>pecuniam,</strong></span> <span class='ocrx_word' id='word_1_637' title='bbox 2947 4179 3002 4224; x_wconf 90' lang='lat' dir='ltr'><strong>ct</strong></span> <span class='ocrx_word' id='word_1_638' title='bbox 3046 4169 3239 4226; x_wconf 90' lang='lat' dir='ltr'><strong>obtulit</strong></span> <span class='ocrx_word' id='word_1_639' title='bbox 3287 4167 3342 4222; x_wconf 90' lang='lat' dir='ltr'><strong>in</strong></span> 
     </span>
    </p>
   </div>
   <div class='ocr_carea' id='block_1_93' title="bbox 1763 4261 3342 4337">
    <p class='ocr_par' dir='ltr' id='par_1_93' title="bbox 1763 4261 3342 4337">
     <span class='ocr_line' id='line_1_93' title="bbox 1763 4261 3342 4337; baseline -0.007 -15"><span class='ocrx_word' id='word_1_640' title='bbox 1763 4267 2035 4337; x_wconf 89' lang='lat' dir='ltr'><strong>emptione</strong></span> <span class='ocrx_word' id='word_1_641' title='bbox 2079 4268 2339 4321; x_wconf 90' lang='lat' dir='ltr'><strong>bonorum</strong></span> <span class='ocrx_word' id='word_1_642' title='bbox 2381 4264 2870 4319; x_wconf 86' lang='lat' dir='ltr'><strong>ecclesiasticorum</strong></span> <span class='ocrx_word' id='word_1_643' title='bbox 2917 4261 3168 4316; x_wconf 87' lang='lat' dir='ltr'><strong>diueccsis</strong></span> <span class='ocrx_word' id='word_1_644' title='bbox 3207 4274 3342 4324; x_wconf 69' lang='lat' dir='ltr'><strong>suae,</strong></span> 
     </span>
    </p>
   </div>
   <div class='ocr_carea' id='block_1_94' title="bbox 1763 4347 3356 4425">
    <p class='ocr_par' dir='ltr' id='par_1_94' title="bbox 1763 4347 3356 4425">
     <span class='ocr_line' id='line_1_94' title="bbox 1763 4347 3356 4425; baseline -0.008 -12"><span class='ocrx_word' id='word_1_645' title='bbox 1763 4375 1823 4414; x_wconf 89' lang='lat' dir='ltr'><strong>se</strong></span> <span class='ocrx_word' id='word_1_646' title='bbox 1865 4372 1986 4411; x_wconf 89' lang='lat' dir='ltr'><strong>esse</strong></span> <span class='ocrx_word' id='word_1_647' title='bbox 2046 4369 2296 4410; x_wconf 87' lang='lat' dir='ltr'><strong>asserens</strong></span> <span class='ocrx_word' id='word_1_648' title='bbox 2350 4355 2636 4425; x_wconf 89' lang='lat' dir='ltr'><strong>potiorem,</strong></span> <span class='ocrx_word' id='word_1_649' title='bbox 2686 4362 2740 4406; x_wconf 85' lang='lat' dir='ltr'><strong>et</strong></span> <span class='ocrx_word' id='word_1_650' title='bbox 2789 4351 3107 4407; x_wconf 89' lang='lat' dir='ltr'><strong>obtinuisset</strong></span> <span class='ocrx_word' id='word_1_651' title='bbox 3156 4347 3356 4417; x_wconf 80' lang='lat' dir='ltr'><strong>procul</strong></span> 
     </span>
    </p>
   </div>
   <div class='ocr_carea' id='block_1_95' title="bbox 1765 4440 3358 4514">
    <p class='ocr_par' dir='ltr' id='par_1_95' title="bbox 1765 4440 3358 4514">
     <span class='ocr_line' id='line_1_95' title="bbox 1765 4440 3358 4514; baseline -0.009 -10"><span class='ocrx_word' id='word_1_652' title='bbox 1765 4447 1948 4512; x_wconf 87' lang='lat' dir='ltr'><strong>dubio,</strong></span> <span class='ocrx_word' id='word_1_653' title='bbox 1975 4446 2077 4501; x_wconf 88' lang='lat' dir='ltr'><strong>nisi</strong></span> <span class='ocrx_word' id='word_1_654' title='bbox 2108 4445 2260 4499; x_wconf 87' lang='lat' dir='ltr'><strong>favor</strong></span> <span class='ocrx_word' id='word_1_655' title='bbox 2288 4446 2488 4514; x_wconf 84' lang='lat' dir='ltr'><strong>regius,</strong></span> <span class='ocrx_word' id='word_1_656' title='bbox 2535 4459 2695 4513; x_wconf 88' lang='lat' dir='ltr'><strong>quem</strong></span> <span class='ocrx_word' id='word_1_657' title='bbox 2734 4442 2926 4498; x_wconf 89' lang='lat' dir='ltr'><strong>Petrus</strong></span> <span class='ocrx_word' id='word_1_658' title='bbox 2955 4441 3055 4495; x_wconf 88' lang='lat' dir='ltr'><strong>sibi</strong></span> <span class='ocrx_word' id='word_1_659' title='bbox 3083 4440 3358 4496; x_wconf 50' lang='lat' dir='ltr'><strong>concilia-</strong></span> 
     </span>
    </p>
   </div>
   <div class='ocr_carea' id='block_1_96' title="bbox 1763 4529 3352 4603">
    <p class='ocr_par' dir='ltr' id='par_1_96' title="bbox 1763 4529 3352 4603">
     <span class='ocr_line' id='line_1_96' title="bbox 1763 4529 3352 4603; baseline -0.005 -17"><span class='ocrx_word' id='word_1_660' title='bbox 1763 4544 1939 4599; x_wconf 82' lang='lat' dir='ltr'><strong>verat,</strong></span> <span class='ocrx_word' id='word_1_661' title='bbox 1993 4534 2249 4603; x_wconf 87' lang='lat' dir='ltr'><strong>episc0po</strong></span> <span class='ocrx_word' id='word_1_662' title='bbox 2307 4533 2616 4588; x_wconf 86' lang='lat' dir='ltr'><strong>restitisset.</strong></span> <span class='ocrx_word' id='word_1_663' title='bbox 2671 4530 2874 4585; x_wconf 87' lang='lat' dir='ltr'><strong>Tamen</strong></span> <span class='ocrx_word' id='word_1_664' title='bbox 2927 4529 3093 4583; x_wconf 88' lang='lat' dir='ltr'><strong>multo</strong></span> <span class='ocrx_word' id='word_1_665' title='bbox 3143 4536 3352 4582; x_wconf 63' lang='lat' dir='ltr'><strong>conatis</strong></span> 
     </span>
    </p>
   </div>
   <div class='ocr_carea' id='block_1_97' title="bbox 1769 4618 3346 4694">
    <p class='ocr_par' dir='ltr' id='par_1_97' title="bbox 1769 4618 3346 4694">
     <span class='ocr_line' id='line_1_97' title="bbox 1769 4618 3346 4694; baseline -0.006 -15"><span class='ocrx_word' id='word_1_666' title='bbox 1769 4625 1985 4679; x_wconf 88' lang='lat' dir='ltr'><strong>tandem</strong></span> <span class='ocrx_word' id='word_1_667' title='bbox 2024 4625 2310 4694; x_wconf 87' lang='lat' dir='ltr'><strong>episcopus</strong></span> <span class='ocrx_word' id='word_1_668' title='bbox 2347 4624 2584 4679; x_wconf 88' lang='lat' dir='ltr'><strong>decimas</strong></span> <span class='ocrx_word' id='word_1_669' title='bbox 2623 4631 2680 4676; x_wconf 90' lang='lat' dir='ltr'><strong>et</strong></span> <span class='ocrx_word' id='word_1_670' title='bbox 2717 4621 3042 4686; x_wconf 82' lang='lat' dir='ltr'><strong>oblationes,</strong></span> <span class='ocrx_word' id='word_1_671' title='bbox 3073 4629 3149 4681; x_wconf 89' lang='lat' dir='ltr'><strong>et,</strong></span> <span class='ocrx_word' id='word_1_672' title='bbox 3187 4618 3346 4686; x_wconf 91' lang='lat' dir='ltr'><strong>quid-</strong></span> 
     </span>
    </p>
   </div>
   <div class='ocr_carea' id='block_1_98' title="bbox 1767 4706 3356 4785">
    <p class='ocr_par' dir='ltr' id='par_1_98' title="bbox 1767 4706 3356 4785">
     <span class='ocr_line' id='line_1_98' title="bbox 1767 4706 3356 4785; baseline -0.005 -18"><span class='ocrx_word' id='word_1_673' title='bbox 1767 4717 1895 4785; x_wconf 89' lang='lat' dir='ltr'><strong>quid</strong></span> <span class='ocrx_word' id='word_1_674' title='bbox 1931 4716 1996 4769; x_wconf 88' lang='lat' dir='ltr'><strong>ad</strong></span> <span class='ocrx_word' id='word_1_675' title='bbox 2037 4713 2338 4784; x_wconf 89' lang='lat' dir='ltr'><strong>spiritualia</strong></span> <span class='ocrx_word' id='word_1_676' title='bbox 2380 4714 2704 4782; x_wconf 88' lang='lat' dir='ltr'><strong>pertinebat,</strong></span> <span class='ocrx_word' id='word_1_677' title='bbox 2737 4711 2805 4765; x_wconf 92' lang='lat' dir='ltr'><strong>ab</strong></span> <span class='ocrx_word' id='word_1_678' title='bbox 2846 4725 2912 4764; x_wconf 87' lang='lat' dir='ltr'><strong>eo</strong></span> <span class='ocrx_word' id='word_1_679' title='bbox 2950 4724 3046 4777; x_wconf 89' lang='lat' dir='ltr'><strong>per</strong></span> <span class='ocrx_word' id='word_1_680' title='bbox 3072 4706 3356 4776; x_wconf 40' lang='lat' dir='ltr'><strong>composit</strong></span> 
     </span>
    </p>
   </div>
   <div class='ocr_carea' id='block_1_99' title="bbox 1769 4797 3356 4871">
    <p class='ocr_par' dir='ltr' id='par_1_99' title="bbox 1769 4797 3356 4871">
     <span class='ocr_line' id='line_1_99' title="bbox 1769 4797 3356 4871; baseline -0.008 -12"><span class='ocrx_word' id='word_1_681' title='bbox 1769 4808 1968 4860; x_wconf 89' lang='lat' dir='ltr'><strong>tionem</strong></span> <span class='ocrx_word' id='word_1_682' title='bbox 1993 4805 2220 4860; x_wconf 81' lang='lat' dir='ltr'><strong>extorsit</strong></span> <span class='ocrx_word' id='word_1_683' title='bbox 2252 4812 2308 4859; x_wconf 90' lang='lat' dir='ltr'><strong>et</strong></span> <span class='ocrx_word' id='word_1_684' title='bbox 2336 4803 2552 4858; x_wconf 88' lang='lat' dir='ltr'><strong>domum</strong></span> <span class='ocrx_word' id='word_1_685' title='bbox 2593 4803 2834 4871; x_wconf 87' lang='lat' dir='ltr'><strong>insuper,</strong></span> <span class='ocrx_word' id='word_1_686' title='bbox 2862 4815 2982 4870; x_wconf 69' lang='lat' dir='ltr'><strong>qua:</strong></span> <span class='ocrx_word' id='word_1_687' title='bbox 3019 4813 3160 4854; x_wconf 87' lang='lat' dir='ltr'><strong>nunc</strong></span> <span class='ocrx_word' id='word_1_688' title='bbox 3193 4797 3246 4850; x_wconf 90' lang='lat' dir='ltr'><strong>in</strong></span> <span class='ocrx_word' id='word_1_689' title='bbox 3279 4809 3356 4848; x_wconf 75' lang='lat' dir='ltr'><strong>eo</strong></span> 
     </span>
    </p>
   </div>
   <div class='ocr_carea' id='block_1_100' title="bbox 1769 4893 2636 4965">
    <p class='ocr_par' dir='ltr' id='par_1_100' title="bbox 1769 4893 2636 4965">
     <span class='ocr_line' id='line_1_100' title="bbox 1769 4893 2636 4965; baseline -0.007 -13"><span class='ocrx_word' id='word_1_690' title='bbox 1769 4895 2061 4965; x_wconf 88' lang='lat' dir='ltr'><strong>municipio</strong></span> <span class='ocrx_word' id='word_1_691' title='bbox 2082 4894 2407 4965; x_wconf 90' lang='lat' dir='ltr'><strong>episcopalis</strong></span> <span class='ocrx_word' id='word_1_692' title='bbox 2432 4893 2636 4948; x_wconf 78' lang='lat' dir='ltr'><strong>existit.</strong></span> 
     </span>
    </p>
   </div>
   <div class='ocr_carea' id='block_1_101' title="bbox 1770 4998 3350 5077">
    <p class='ocr_par' dir='ltr' id='par_1_101' title="bbox 1770 4998 3350 5077">
     <span class='ocr_line' id='line_1_101' title="bbox 1770 4998 3350 5077; baseline -0.008 -18"><span class='ocrx_word' id='word_1_693' title='bbox 1770 5005 2012 5072; x_wconf 80' lang='lat' dir='ltr'><strong>Qualiter</strong></span> <span class='ocrx_word' id='word_1_694' title='bbox 2063 5006 2332 5077; x_wconf 82' lang='lat' dir='ltr'><strong>acquisivit</strong></span> <span class='ocrx_word' id='word_1_695' title='bbox 2389 5005 2645 5058; x_wconf 83' lang='lat' dir='ltr'><strong>decimam</strong></span> <span class='ocrx_word' id='word_1_696' title='bbox 2704 5001 2970 5067; x_wconf 70' lang='lat' dir='ltr'><strong>Varziact,</strong></span> <span class='ocrx_word' id='word_1_697' title='bbox 3018 5010 3065 5056; x_wconf 82' lang='lat' dir='ltr'><strong>et</strong></span> <span class='ocrx_word' id='word_1_698' title='bbox 3107 4998 3200 5054; x_wconf 78' lang='lat' dir='ltr'><strong>sub</strong></span> <span class='ocrx_word' id='word_1_699' title='bbox 3240 5009 3350 5050; x_wconf 83' lang='lat' dir='ltr'><strong>ano</strong></span> 
     </span>
    </p>
   </div>
   <div class='ocr_carea' id='block_1_102' title="bbox 2458 5085 2654 5129">
    <p class='ocr_par' dir='ltr' id='par_1_102' title="bbox 2458 5085 2654 5129">
     <span class='ocr_line' id='line_1_102' title="bbox 2458 5085 2654 5129; baseline 0.01 -3"><span class='ocrx_word' id='word_1_700' title='bbox 2458 5085 2654 5129; x_wconf 84' lang='lat' dir='ltr'><strong>tenore.</strong></span> 
     </span>
    </p>
   </div>
   <div class='ocr_carea' id='block_1_103' title="bbox 1838 5153 3353 5238">
    <p class='ocr_par' dir='ltr' id='par_1_103' title="bbox 1838 5153 3353 5238">
     <span class='ocr_line' id='line_1_103' title="bbox 1838 5153 3353 5238; baseline -0.005 -16"><span class='ocrx_word' id='word_1_701' title='bbox 1838 5169 1991 5238; x_wconf 83' lang='lat' dir='ltr'><strong>Apud</strong></span> <span class='ocrx_word' id='word_1_702' title='bbox 2024 5171 2344 5226; x_wconf 82' lang='lat' dir='ltr'><strong>Varziacum</strong></span> <span class='ocrx_word' id='word_1_703' title='bbox 2378 5185 2569 5238; x_wconf 89' lang='lat' dir='ltr'><strong>parum</strong></span> <span class='ocrx_word' id='word_1_704' title='bbox 2612 5177 2704 5222; x_wconf 89' lang='lat' dir='ltr'><strong>aut</strong></span> <span class='ocrx_word' id='word_1_705' title='bbox 2738 5165 2871 5220; x_wconf 84' lang='lat' dir='ltr'><strong>nihil</strong></span> <span class='ocrx_word' id='word_1_706' title='bbox 2900 5164 2967 5218; x_wconf 86' lang='lat' dir='ltr'><strong>de</strong></span> <span class='ocrx_word' id='word_1_707' title='bbox 2997 5160 3102 5222; x_wconf 73' lang='lat' dir='ltr'><strong>vini</strong></span> <span class='ocrx_word' id='word_1_708' title='bbox 3141 5153 3353 5210; x_wconf 57' lang='lat' dir='ltr'><strong>decima</strong></span> 
     </span>
    </p>
   </div>
   <div class='ocr_carea' id='block_1_104' title="bbox 2774 5252 3353 5280">
    <p class='ocr_par' dir='ltr' id='par_1_104' title="bbox 2774 5252 3353 5280">
     <span class='ocr_line' id='line_1_104' title="bbox 2774 5252 3353 5280; baseline 0 0"><span class='ocrx_word' id='word_1_709' title='bbox 2774 5274 2786 5280; x_wconf 81' lang='lat'><strong>-</strong></span> <span class='ocrx_word' id='word_1_710' title='bbox 2806 5257 3014 5280; x_wconf 65' lang='lat' dir='ltr'><strong>-...J:-e-</strong></span> <span class='ocrx_word' id='word_1_711' title='bbox 3060 5252 3234 5280; x_wconf 59' lang='lat' dir='ltr'><strong>enlllnn</strong></span> <span class='ocrx_word' id='word_1_712' title='bbox 3259 5258 3353 5280; x_wconf 62' lang='grc' dir='ltr'><strong>(ιο-ι</strong></span> 
     </span>
    </p>
   </div>
  </div>
