3910 5336
500 232 605 287 515

1299 229 1589 295 APPEND.
1633 229 1722 283 AD
1760 228 1934 284 8:130.
1965 225 2034 280 Χ.
2070 256 2140 266 -·
2178 223 2408 281 ΟΡΕΒΑ
2444 231 2829 315 ΔΔΕΣΠΟΤΙΙΚΑ.

3679 220 3768 279 516

501 349 769 419 episcopis
821 356 1083 420 praestare
1124 356 1377 404 tenentur
1414 363 1515 419 pro
1559 346 1865 417 huiusmodi
1900 344 2093 399 remis-
2124 325 2167 384 Α
2198 342 2503 398 versionem
2573 339 2881 412 huiusmodi
2939 346 3307 411 temperarent
3354 347 3619 410 quatenus
3656 356 3769 412 pera

500 440 674 506 sione,
728 455 892 499 unam
941 441 1193 495 videlicet
1255 440 1319 495 de
1371 441 1563 495 decem
1613 438 1862 499 sarcinis,
1926 451 2090 506 quam

505 529 753 585 serviens
775 530 1013 601 episcopi
1038 546 1177 583 unus
1204 539 1296 583 aut
1319 529 1520 599 plures,
1546 528 1635 597 qui
1665 528 1730 582 ad
1759 529 1860 581 hoc
1889 527 2090 580 fuerint

503 620 762 688 deputati,
797 619 1047 673 duxerint
1081 618 1380 688 eligendam
1416 636 1427 671 :
1464 632 1656 684 magna
1702 614 1946 687 profecto
1986 615 2091 668 Ec-

505 708 686 764 clesiae
712 710 939 763 utilitas.
967 709 1237 764 Iiemissio
1266 710 1410 762 enim
1446 718 1665 777 propter
1698 709 1799 763 hoc
1832 707 1971 762 facta
2005 707 2094 759 vix

506 801 571 853 ad
621 816 888 856 summam
941 812 1156 857 centum
1214 800 1475 854 librarum
1542 799 1822 854 annuatim
1887 804 2098 868 poterat

507 892 813 961 pervenire,
862 899 916 946 et
962 891 1251 946 aestimatio
1300 889 1634 944 decimarum
1680 892 2096 958 quingentarum

506 982 588 1038 vel
619 990 996 1038 sexcentarum
1028 991 1077 1035 et
1108 996 1174 1036 eo
1201 981 1434 1049 amplius
1461 979 1844 1034 Pruviauensis
1871 988 2098 1033 moneta:

507 1085 771 1127 summam
821 1070 1135 1139 frequenter
1169 1071 1425 1135 excedat.
1466 1069 1629 1123 Multa
1679 1069 1731 1122 in
1778 1070 2093 1138 episcopatu

506 1159 677 1228 gessit
701 1159 905 1213 utiliter
934 1170 987 1213 et
1017 1158 1328 1229 prudenter,
1350 1175 1471 1227 quae
1492 1158 1574 1214 vel
1603 1158 1788 1213 audita
1820 1156 2099 1213 memerita

508 1263 614 1302 non
656 1258 969 1312 occurrunt,
1005 1247 1085 1301 vel
1128 1250 1279 1317 prius
1312 1247 1378 1302 ad
1421 1256 1662 1301 nostram
1712 1246 1959 1301 notitiam
1993 1261 2098 1300 non

511 1346 800 1392 venerunt.

546 1426 719 1492 Quam
753 1428 977 1482 virluose
1022 1427 1287 1482 resistebat
1330 1427 1744 1496 persecutoribus
1794 1424 2066 1481 Ecclesiw.

580 1518 1027 1575 Persecutoribus
1049 1519 1101 1573 in
1127 1534 1317 1590 magna
1342 1518 1629 1573 resistebat
1652 1518 1879 1584 virtute;
1908 1518 2100 1572 horum

510 1610 891 1666 ecclesiastica:
924 1611 1235 1666 severitatis
1283 1626 1547 1676 censura;
1602 1610 1796 1664 horum
1846 1609 2099 1666 rebellio-

2195 446 2342 486 sonae
2391 431 2608 486 comitis
2636 446 2734 500 pro
2761 444 2983 486 suorum
3019 446 3343 488 excessuum
3393 431 3661 502 exigentis
3690 449 3769 488 ex-

2193 520 2699 576 communicationis
2747 535 3005 603 mucrone
3036 536 3290 591 percussa
3323 521 3376 575 in
3414 521 3638 577 civitate
3673 522 3771 577 An-

2195 612 2571 667 tissiodorcnsi
2604 621 2917 667 servaretur
2964 612 3145 668 taliter
3186 612 3559 678 interdictum,
3590 623 3666 667 ut
3706 615 3772 668 vi-

2196 703 2394 759 delicet
2420 704 2474 759 in
2504 704 2740 759 adventu
2783 702 2921 771 ejus,
2955 718 3057 758 una
3115 703 3169 758 iu
3203 703 3396 773 majori
3445 702 3671 758 ecclesia
3716 704 3773 758 de

2197 794 2801 865 campanismaioribus
2823 792 3170 862 pulsarctur:
3202 802 3256 848 et
3296 795 3376 850 sic
3402 794 3638 849 adventu
3671 794 3773 862 eius

2197 886 2430 957 cognito,
2466 885 2707 954 quandiu
2748 900 2987 954 prteseus
3029 894 3176 941 esset
3203 885 3589 941 clauderentur
3618 885 3773 941 eccle-

2198 978 2311 1040 siae,
2343 990 2398 1031 et
2432 977 2613 1031 divina
2642 975 2817 1031 cilicia
2844 978 2944 1032 sub
2974 977 3251 1032 interdicti
3295 976 3511 1032 silentio
3558 991 3774 1047 ageren-

2201 1078 2330 1135 tur;
2357 1060 2535 1139 ipsius
2570 1084 2698 1122 vero
2739 1068 2981 1123 discessu
3018 1065 3259 1136 ejusdem
3299 1065 3604 1137 pulsatione
3649 1081 3778 1121 cam-

2200 1178 2372 1233 pauze,
2429 1160 2579 1215 velut
2639 1161 2817 1214 edicto
2888 1159 3160 1229 praeconio
3215 1159 3430 1229 publice
3489 1158 3777 1230 designato,

2199 1250 2354 1321 quasi
2401 1248 2804 1304 discedentibus
2849 1247 3080 1310 nebulis,
3110 1247 3354 1302 ccclesiis
3384 1246 3775 1301 solemnitatem

2200 1357 2417 1396 suarum
2446 1349 2601 1412 grata
2634 1339 2899 1395 serenitas
2942 1338 3278 1401 redderetur,
3328 1337 3568 1394 exclusis
3615 1345 3779 1390 tamen

2201 1432 2509 1487 hominibus
2533 1431 2749 1486 comitis
2776 1430 2843 1484 ab
2875 1428 3230 1483 ecclesiarum
3265 1429 3537 1498 ingressu,
3583 1427 3673 1497 qui
3691 1426 3779 1480 soli

2202 1527 2463 1580 suberant
2533 1525 2869 1579 interdicto:
2926 1538 3118 1576 sanum
3178 1522 3421 1591 profecto
3473 1530 3531 1575 et
3587 1520 3782 1575 salubre

2203 1621 2485 1668 statutum.
2540 1612 2674 1666 Nam
2716 1626 2899 1666 comes
2959 1627 3063 1663 non
3115 1610 3234 1665 sine
3288 1609 3615 1667 confusione
3671 1624 3777 1679 per.

517 1717 639 1757 nem
671 1702 877 1758 viribus
921 1701 1337 1773 compescenda,
1368 1711 1423 1755 et
1462 1701 1693 1771 plurima
1748 1715 1867 1769 qua:
1895 1701 2009 1755 sive
2035 1702 2106 1757 ob
2138 1688 2180 1747 Β
2211 1706 2443 1761 maxima
2473 1705 2680 1777 ingredi
2712 1710 2922 1774 poterat
2960 1703 3037 1757 vel
3069 1703 3250 1774 egredi
3286 1702 3564 1772 propriam
3610 1700 3784 1755 civita-

512 1793 635 1857 hoc,
666 1792 780 1847 sive
808 1793 877 1848 ob
917 1792 1052 1847 alias
1084 1807 1279 1848 causas
1313 1790 1535 1869 pertulit
1569 1789 1623 1845 iu
1645 1790 1958 1861 episcopatu
2006 1791 2100 1844 ad-

512 1895 689 1948 versa,
723 1892 903 1938 mente
949 1883 1215 1953 intrepida
1260 1891 1314 1937 et
1357 1882 1651 1947 constanti,
1690 1882 1831 1937 sicut
1866 1890 1985 1937 erat
2021 1882 2105 1936 vir

512 1974 696 2029 animo
744 1974 1064 2045 magniﬁcus
1112 1983 1168 2029 et
1235 1972 1584 2044 insuperabili
1656 1974 2103 2044 longanimitate,

516 2066 806 2135 percurrit,
869 2067 935 2122 de
967 2067 1164 2137 quibus
1214 2079 1380 2135 pauca
1436 2079 1555 2133 qua:
1607 2063 1760 2131 nobis
1804 2073 1930 2118 nota
1983 2074 2108 2119 sunt
2153 2134 2171 2148 .

516 2156 960 2213 memorabilibus
988 2156 1240 2211 duximus
1268 2154 1556 2210 inserenda
1594 2154 1946 2210 membranis.

520 2267 595 2321 De
623 2267 795 2337 forma
826 2268 1223 2322 interdicturum
1253 2276 1453 2323 statuta
1482 2277 1711 2338 tempore
1751 2268 1957 2322 comitis
2006 2267 2107 2323 Pe—

832 2340 933 2405 tri,
965 2348 1012 2393 et
1054 2353 1215 2391 causa
1251 2354 1416 2408 quare
1455 2339 1529 2392 sic
1574 2348 1797 2392 statuta.

584 2427 791 2498 Agebat
819 2428 870 2482 in
896 2428 1721 2499 Antissiodorensi,iNivernensi
1753 2439 1807 2486 et
1837 2429 2109 2486 Tornodo-

517 2520 661 2575 rensi
711 2520 970 2577 comitatu
1029 2535 1212 2576 comes
1265 2520 1481 2587 Petrus,
1514 2520 1767 2576 videlicet
1814 2520 1882 2575 de
1930 2519 2108 2577 Curti-

514 2612 691 2678 niaco,
720 2612 926 2668 domini
957 2612 1096 2683 regis
1138 2612 1367 2684 Philippi
1419 2612 1687 2679 l‘ratuelis,
1734 2613 1890 2681 cujus
1920 2615 2109 2670 favore

513 2714 863 2777 procurante,
900 2705 1015 2775 ipse
1050 2705 1244 2759 Petrus
1288 2705 1549 2774 Agnetem
1600 2706 1766 2759 tiliam
1815 2706 2107 2773 Guidnnis,

518 2795 790 2864 quondam
816 2795 1033 2851 comitis
1061 2794 1434 2859 Nivernensis,
1476 2796 1562 2850 cui
1606 2795 1950 2851 successione
1995 2797 2109 2851 lite-

520 2884 774 2939 reditaria
838 2884 1130 2950 comitatus
1182 2884 1567 2952 competebant
1640 2883 1902 2954 praedicti,
1957 2884 2111 2939 duxit

518 2987 767 3037 uxorem,
799 2972 926 3027 dato
960 2980 1181 3042 propter
1208 2973 1314 3026 hoc
1347 2972 1564 3027 domino
1590 2973 1703 3045 regi
1747 2974 1913 3029 nobili
1942 2975 2110 3043 patri-

2210 1806 2338 1860 tem,
2364 1812 2463 1851 nec
2500 1803 2720 1865 propter
2760 1794 3055 1850 clamorem
3110 1792 3289 1862 populi
3338 1806 3548 1847 moram
3598 1790 3672 1843 ibi
3720 1788 3785 1841 fa-

2207 1906 2331 1946 cere
2356 1890 2674 1960 longiorem,
2697 1897 2751 1942 ct
2774 1887 3002 1942 ecclesia
3026 1902 3122 1941 suo
3153 1901 3255 1939 non
3297 1883 3597 1954 cogebatur
3620 1881 3774 1937 silen-

2212 1980 2288 2035 tio
2327 1978 2673 2033 mdiﬁcationi
2699 1976 2888 2031 deesse
2909 1985 2963 2030 et
2996 1974 3259 2044 profectui
3286 1973 3622 2027 animarum.

2451 2069 2604 2135 Quod
2641 2068 2695 2122 in
2725 2068 2954 2125 adversis
2983 2065 3203 2120 viriliter
3226 2082 3280 2119 se
3309 2063 3554 2118 habebat.

2281 2161 2641 2231 Tcmpestatis
2688 2159 2847 2227 hujus
2905 2174 3042 2229 pene
3098 2155 3465 2212 intolerabiles
3504 2164 3563 2210 et
3614 2154 3785 2209 form:-

2211 2251 2417 2306 dandas
2470 2250 2734 2321 procellas
2789 2249 3076 2317 episcopus
3142 2246 3306 2299 multa
3358 2245 3788 2316 magnanimitate

2211 2342 2467 2397 sustinuit
2512 2339 2842 2409 intrepidus,
2870 2346 3043 2393 totum
3081 2352 3140 2391 se
3187 2351 3288 2405 pro
3315 2335 3516 2391 tuendo
3548 2335 3787 2389 Ecclesia

2202 2429 2333 2498 jure
2359 2429 2695 2500 impendens,
2728 2443 2827 2497 pro
2854 2444 2958 2496 qua
2987 2428 3292 2497 opponebat
3322 2440 3381 2479 se
3407 2440 3626 2479 murum
3657 2425 3788 2477 insu—

2210 2520 2509 2592 perabilem
2570 2519 2914 2574 venientibus
2960 2532 3024 2571 ex
3082 2516 3329 2581 adverso,
3377 2525 3431 2571 et
3476 2531 3587 2571 non
3631 2515 3786 2570 solum

2212 2611 2454 2675 comitis,
2480 2626 2669 2665 verum
2715 2617 2769 2664 et
2815 2608 3044 2663 aliorum
3093 2605 3534 2663 infestationibus
3578 2606 3789 2659 viriliter

2213 2706 2539 2771 resistendo,
2572 2717 2677 2757 nou
2710 2700 3017 2765 deficiebat,
3046 2700 3219 2755 donec
3245 2699 3350 2752 illis
3374 2697 3676 2752 liumiiiatis
3701 2696 3789 2751 sub

2211 2795 2417 2867 potenti
2446 2810 2607 2849 manu
2640 2793 2732 2848 Dei
2757 2791 2805 2864 (ι
2860 2790 3003 2845 Petr.
3038 2806 3088 2855 v,
3120 2790 3173 2860 7)
3204 2790 3271 2844 ad
3320 2790 3583 2844 honorem
3607 2786 3720 2856 ejus
3742 2794 3791 2841 et

2213 2901 2428 2957 sponsa:
2463 2899 2575 2941 sua:
2601 2881 2858 2937 Ecclesia:
2906 2881 3066 2934 linem
3094 2880 3384 2948 attingeret
3417 2875 3790 2932 commendan-

2216 2978 2364 3042 dum,
2395 2991 2557 3046 super
2588 2989 2696 3046 quo
2718 2988 2889 3046 pauca
2920 2974 2986 3028 de
3030 2970 3214 3026 multis
3260 2964 3515 3026 duximus
3545 2967 3792 3041 perstrin-

519 3063 688 3119 monii
717 3064 799 3118 sui
843 3073 1044 3127 castro,
1096 3065 1188 3133 qui
1244 3063 1513 3134 Mnusargi
1552 3075 1915 3134 nuncupatur,
1958 3074 2015 3120 ut
2041 3067 2111 3122 ad
2142 3044 2184 3105 Ο
2216 3070 2410 3141 genda.

519 3155 667 3210 illius
709 3155 1022 3226 coniugium
1071 3157 1411 3225 perveniret;
1450 3157 1532 3210 vir
1560 3157 1780 3226 quidem
1822 3158 1955 3229 regii
1988 3173 2112 3212 san-

519 3243 697 3315 guinis
739 3253 799 3299 et.
829 3244 1107 3299 immensa:
1154 3247 1431 3314 potentiae,
1480 3245 1573 3300 sed
1618 3246 2111 3315 ineircumspectus

520 3333 724 3400 animo,
751 3342 807 3389 et
834 3333 1129 3389 iracundiae
1181 3333 1550 3401 formidandis,
1599 3343 1653 3390 et
1702 3336 1796 3404 qui
1851 3334 2111 3391 molestiis

521 3435 617 3477 aut
642 3423 859 3494 iniuriis
896 3424 1202 3493 irrogandis
1226 3423 1370 3477 nulla
1400 3424 1609 3478 ratione
1634 3424 1800 3478 animi
1829 3425 1912 3479 sui
1941 3425 2110 3495 impe-

526 3522 641 3569 tum
675 3524 1016 3584 temperaret.
1056 3514 1206 3571 Undc
1236 3525 1291 3571 et
1319 3514 1420 3571 sub
1448 3517 1564 3586 ejus
1590 3516 1955 3572 dominatione
2000 3534 2108 3574 non

523 3607 696 3662 solum
744 3608 1049 3678 episcOpus,
1081 3623 1268 3662 verum
1314 3609 1477 3665 etiam
1511 3609 1752 3664 ecclesiae
1779 3610 1880 3665 sibi
1930 3611 2108 3680 subje-

529 3706 631 3753 cite
662 3700 871 3770 virique
908 3699 1266 3756 ecclesiastici
1311 3701 1512 3757 multas
1533 3711 1587 3756 et
1610 3718 1804 3772 graves
1833 3703 2111 3759 molestias

523 3788 861 3861 frequentius
905 3794 1271 3859 sustinebant,
1303 3803 1415 3847 tum
1461 3795 1531 3849 ab
1569 3809 1635 3848 eo
1684 3804 1797 3849 tmn
1845 3796 1913 3850 ab
1963 3795 2107 3861 aliis,

523 3883 638 3950 qui,
659 3883 742 3937 vel
759 3885 825 3938 de
845 3898 910 3938 eo
928 3883 1199 3938 familiare
1217 3885 1447 3939 nocendi
1473 3885 1761 3939 sumebant
1779 3885 2107 3955 exemplum,

525 3973 607 4027 vel
635 3975 831 4044 quibus
855 3990 921 4030 eo
948 3993 1057 4031 non
1103 3977 1390 4031 resistente
1419 3976 1473 4029 in
1499 3975 1782 4031 ecclesiam
1816 3976 1910 4031 Dei
1940 3977 2111 4033 facul-

521 4076 606 4122 tas
625 4077 743 4122 erat
772 4068 992 4124 liberior
1029 4069 1386 4137 debacchari;
1416 4078 1474 4123 et
1500 4069 1569 4124 ab
1598 4069 1753 4124 initio
1782 4069 2107 4125 dominatio-

522 4158 610 4213 nis
654 4174 766 4214 sua:
812 4168 1022 4214 tantum
1079 4161 1180 4215 sub
1233 4175 1300 4214 eo
1339 4159 1603 4214 laboravit
1649 4158 1902 4224 ecclesia,
1965 4162 2109 4229 quod

521 4248 1015 4305 Antissiodorensis
1054 4250 1247 4305 civitas
1293 4249 1404 4306 fere
1444 4264 1543 4320 per
1584 4250 1894 4319 quindecim
1939 4266 2109 4307 annos

520 4350 743 4411 propter
778 4357 1033 4399 excessus
1061 4342 1348 4398 interdicto
1382 4341 1657 4408 conclusa,
1694 4342 1897 4398 clausis
1925 4343 2102 4399 eccle-

521 4431 638 4496 siis,
685 4431 988 4486 divinorum
1018 4431 1318 4488 ciliciorum
1374 4431 1585 4487 silentia
1633 4439 1932 4500 pateretur,
1998 4433 2104 4487 nisi

525 4521 666 4592 quod
693 4522 830 4576 raris
876 4531 1179 4592 temporum
1233 4523 1533 4578 intervallis
1580 4523 1853 4590 dilucidis,
1904 4523 2104 4580 comite

521 4626 618 4682 per
637 4610 1061 4667 satisfactionem
1089 4612 1153 4667 ad
1180 4612 1436 4669 Ecclesiae
1473 4614 1736 4685 gremium
1778 4620 2102 4675 revertente,

522 4703 843 4771 quandoque
867 4703 1095 4757 ecclesia
1144 4719 1243 4758 sua
1288 4718 1490 4773 organa
1528 4704 1853 4758 resumebat.
1903 4702 2102 4757 Statim

522 4802 700 4849 tamen
728 4792 872 4853 intra
900 4793 1080 4853 brevis
1114 4793 1374 4862 temporis
1398 4793 1630 4862 spatium
1660 4807 1843 4848 comes
1869 4791 2102 4862 replica-

521 4884 591 4940 tis
626 4881 839 4951 injuriis
867 4882 984 4952 ejus
1020 4884 1372 4939 serenitatem
1406 4897 1726 4952 permanere
1754 4884 1958 4938 diutius
1994 4899 2104 4938 non

520 4976 755 5039 sinebat,
784 4975 913 5046 quin
938 4975 1021 5029 sui
1053 4982 1333 5045 pateretur
1357 4975 1556 5029 silentii
1592 4974 1907 5030 recidivum.
1933 4974 2109 5044 Super

523 5068 625 5120 hoc
656 5067 868 5120 tandem
895 5065 1028 5120 inito
1076 5064 1218 5119 inter
1240 5065 1553 5134 episcopum
1591 5074 1641 5119 et
1673 5065 1965 5135 capitulum
1992 5066 2107 5120 An-

521 5154 924 5211 tissiodorensis
954 5154 1207 5210 Ecclesiae
1236 5155 1520 5210 salubriori
1551 5155 1800 5223 consilio,
1850 5156 2103 5225 quoniam

520 5258 618 5312 per
654 5243 956 5312 huiusmodi
993 5245 1282 5300 interdicta
1326 5244 1627 5315 frequentia
1674 5247 1729 5301 in
1776 5247 2103 5305 immensum

2134 4396 2182 4454 Ι)

2217 3179 2457 3247 Qualiter
2491 3180 2677 3234 Petrus
2700 3195 2869 3233 comes
2902 3176 3372 3247 Antissiodorcusis
3413 3175 3648 3247 extraxit
3675 3188 3791 3243 pue-

2286 3268 2401 3306 rum
2450 3252 2516 3305 de
2558 3262 2722 3315 terra,
2767 3266 2917 3321 quem
2966 3247 3220 3301 tumulari
3268 3245 3458 3315 fecerat
3499 3245 3557 3299 in
3599 3260 3793 3298 camera

2281 3338 2529 3392 episcom.

2283 3435 2501 3500 Comes,
2535 3434 2661 3488 licet
2697 3435 2748 3488 ei
2808 3433 3071 3486 familiare
3101 3439 3245 3487 esset
3294 3439 3350 3484 et
3401 3430 3660 3500 frequens
3708 3441 3794 3497 per

2213 3528 2830 3583 excommunicationem
2878 3525 2946 3579 ab
3000 3525 3205 3578 unitate
3244 3522 3502 3579 Ecclesiae
3534 3518 3791 3592 separari,

2211 3618 2443 3688 quodam
2499 3627 2742 3686 tempore
2793 3615 3294 3670 cxcommunicatus
3351 3612 3530 3667 fuerat
3574 3614 3645 3666 ab
3690 3609 3792 3680 epi-

2211 3722 2376 3777 scopo
2422 3705 2903 3768 Antissiodorcnsi,
2953 3704 3149 3758 civitas
3199 3702 3490 3759 interdicto
3546 3699 3791 3757 conclusa

2209 3804 2431 3867 propter
2458 3807 2650 3864 graves
2679 3791 2796 3861 eius
2822 3807 3099 3847 excessus.
3148 3791 3251 3859 Qui
3292 3788 3633 3846 vehementis
3668 3786 3791 3843 indi-

2210 3886 2479 3959 gnationis
2547 3885 2671 3954 igne
2715 3899 3031 3949 succensus,
3086 3899 3191 3938 non
3242 3882 3416 3939 solum
3466 3881 3787 3952 episcopum.

2211 3978 2364 4048 cuius
2394 3975 2585 4041 ﬁdelis,
2625 3983 2683 4029 nt
2712 3981 2837 4043 pote
2870 3972 2990 4041 ejus
3041 3972 3304 4028 vassallus
3352 3986 3475 4028 esse
3510 3970 3787 4032 debuerat,

2211 4070 2304 4125 sed
2328 4078 2384 4124 et
2408 4068 2699 4123 canonicos
2725 4075 2780 4121 et
2810 4066 3040 4121 clericos
3065 4080 3198 4119 voce
3226 4062 3492 4134 prazconis
3523 4076 3553 4116 a
3579 4061 3791 4117 civitate

2210 4160 2393 4231 eiecit,
2438 4174 2634 4229 corpus
2678 4158 2831 4229 parvi
2884 4158 3104 4220 mortui,
3157 4155 3301 4226 quod
3332 4163 3556 4225 propter
3582 4150 3791 4207 interdi-

2211 4264 2359 4308 ctum
2417 4253 2655 4307 civitatis
2703 4251 3130 4306 ecclesiasticam
3189 4265 3295 4303 non
3343 4256 3557 4318 poterat
3601 4247 3792 4300 habere

2212 4344 2567 4414 sepulturam,
2599 4344 2909 4413 importuno
2940 4344 3129 4397 matris
3158 4342 3313 4413 pueri
3330 4341 3540 4423 excitus
3561 4339 3791 4393 clamore

2206 4446 2262 4491 ct
2310 4436 2586 4507 laerymis,
2637 4436 2690 4490 in
2745 4437 2859 4506 ipsa
2903 4436 3140 4506 episcopi
3171 4444 3389 4490 camera
3437 4442 3563 4489 ante
3599 4434 3787 4488 lectum

2208 4527 2408 4582 domini
2456 4528 2539 4582 sui
2584 4528 2821 4598 episcopi
2872 4527 3001 4581 fecit
3049 4517 3259 4583 humari
3309 4527 3364 4581 in
3417 4524 3789 4581 contumeliam

2206 4618 2322 4687 ejus
2367 4626 2421 4674 et
2448 4618 2542 4673 Dei
2572 4626 2962 4688 contemptum.
3008 4616 3123 4672 Hoc
3166 4626 3277 4672 tam
3321 4617 3597 4688 piaculare
3646 4613 3789 4685 ﬂagi-

2209 4706 2341 4759 tium
2394 4707 2680 4775 episcopus
2744 4707 2924 4776 rigore
2991 4705 3351 4761 districtionis
3415 4705 3789 4761 ecclesiastica:

2209 4811 2355 4851 mera
2386 4795 2689 4852 constantia
2715 4804 3056 4865 persecutus,
3092 4798 3309 4851 tandem
3338 4796 3512 4865 ipsum
3536 4790 3789 4862 compulit

2215 4891 2279 4943 ad
2331 4887 2758 4943 satisfactionem
2829 4887 3138 4956 huiusmodi
3201 4886 3583 4942 exhibendam.
3641 4879 3787 4950 Quod

2210 4984 2298 5037 die
2332 4981 2641 5037 Palmarum
2673 4981 2726 5035 in
2770 4983 3118 5051 processione
3166 4981 3395 5037 solemni
3443 4977 3787 5050 praesentibus

2213 5074 2377 5129 beato
2403 5071 2679 5128 Willelmo
2715 5072 2980 5128 avunculo
3006 5073 3247 5140 comitis,
3298 5072 3390 5142 qui
3433 5088 3557 5126 eutn
3600 5068 3665 5123 ad
3694 5068 3787 5120 hu-

2215 5165 2525 5219 miliandum
2556 5180 2616 5221 se
2644 5164 2951 5229 roborabat,
2973 5163 3323 5229 Bituricensi,
3353 5174 3409 5218 et
3437 5163 3598 5218 Petro
3624 5158 3787 5213 Seno-

2216 5254 2367 5309 nensi
2400 5254 2841 5324 archiepiscopis,
2866 5261 2923 5307 et
2956 5252 3141 5306 nmltis
3187 5254 3328 5319 aliis,
3373 5267 3509 5323 quos
3554 5248 3631 5304 vel
3679 5246 3787 5314 epi-
