3918 6316
102 452 186 506 517

970 440 1055 496 os
1093 438 1336 496 GESTIS
1374 437 1589 495 EPlSC.
1628 437 2097 498 ANTISSIOD.-—
2120 414 2305 502 rans
2334 446 2377 501 ι.
2440 454 2441 461 ι

3192 457 3297 512 518

100 562 215 629 quod
247 559 348 627 jam
374 572 466 627 per
500 569 707 610 menses
752 553 955 625 aliquot
992 553 1062 608 ibi
1099 554 1347 623 jacuerat
1393 550 1626 611 tumular-
1653 536 1703 594 Α
1732 564 1971 625 tempora
2002 558 2252 615 vindicta:
2292 569 2591 632 opportuna
2622 572 2963 634 exspectans,
2997 566 3113 638 ejus
3156 569 3301 626 inso-

103 654 235 715 tione,
279 646 430 704 etab
484 646 595 717 ipsa
649 660 862 699 camera
912 659 1085 715 usque
1132 644 1199 697 ad
1252 642 1623 698 cmmeterium

100 745 263 802 Montis
288 739 487 797 Autrici
534 740 694 794 nudis
744 738 989 810 pedibus,
1025 737 1157 792 solis
1201 737 1418 791 indutus
1448 734 1621 799 lineis,

100 838 215 894 velut
245 834 471 906 plebeius
500 832 722 903 quilibet
755 831 821 886 ad
855 829 1224 884 tumulandum
1267 828 1464 883 ibidem
1503 842 1626 896 pro-

99 928 204 997 priis
246 924 475 981 humeris
504 921 825 993 deportavit,
866 934 984 975 sese
1012 919 1302 974 humilians
1340 918 1627 973 salubriter

98 1033 244 1072 coram
273 1018 393 1077 Deo,
428 1014 518 1083 qui
541 1012 679 1068 colla
712 1027 894 1082 regum
932 1020 987 1065 et
1012 1011 1253 1065 cervices
1283 1007 1527 1063 inclinat.

340 1105 467 1172 Quis
513 1105 669 1175 fuerit
715 1104 885 1158 exitus
926 1103 1081 1173 hujus
1121 1102 1344 1157 comitis.

148 1199 246 1255 Non
271 1198 360 1254 abs
390 1212 446 1254 re
474 1197 803 1251 arbitramur
855 1195 1093 1250 existere
1120 1202 1177 1248 ut
1205 1193 1327 1264 quis
1354 1190 1513 1261 hujus
1539 1207 1629 1247 co-

96 1291 212 1346 mitis
245 1289 410 1344 exitus
458 1286 642 1352 fuerit,
682 1287 915 1356 posteris
957 1287 1321 1358 designemus,
1371 1294 1429 1339 ut
1480 1294 1630 1341 tanto

97 1382 299 1438 securius
321 1381 455 1435 iram
488 1379 698 1434 Domini
725 1387 912 1434 contra
944 1393 1003 1433 se
1037 1392 1336 1448 provocare
1361 1384 1627 1442 metuant,

97 1482 261 1540 quanto
293 1487 356 1528 ex
395 1471 622 1526 alterius
653 1470 934 1526 addiscent
964 1468 1212 1539 exemplo
1246 1483 1409 1540 quam
1435 1484 1629 1548 veren-

97 1562 192 1618 dum
216 1563 278 1616 sit
302 1560 605 1616 incidereiu
636 1575 827 1615 manus
848 1560 942 1615 Dei
971 1560 1205 1615 viventis
1226 1558 1415 1630 (Hebr.
1446 1575 1499 1625 χ,
1518 1558 1657 1630 51),,

97 1652 163 1723 qui
206 1651 439 1707 retribuit
504 1649 847 1705 abundanter
920 1648 1250 1704 facientibus
1316 1647 1630 1717 superbiam

98 1743 232 1812 (Ptol.
260 1744 381 1808 ιιι,
408 1742 529 1811 24),
564 1727 856 1796 humilibus
877 1740 1010 1795 dans
1035 1740 1289 1811 gratiam,
1314 1738 1367 1794 et
1384 1724 1633 1810 superbis

97 1835 305 1889 resistens
327 1832 372 1904 (ι
408 1831 556 1887 Petr.
585 1848 636 1899 v,
666 1831 742 1903 5).
796 1830 1074 1900 Siquidem
1120 1845 1302 1886 comes
1337 1829 1459 1894 iste,
1484 1844 1632 1884 rnor-

99 1936 163 1980 tua
186 1928 369 1997 Agnete
392 1940 567 1981 uxore
593 1940 715 1990 sua,
738 1940 862 1980 cum
886 1923 988 1978 sibi
1021 1923 1493 1978 matrimonialiter
1521 1922 1627 1978 Υοο

99 2015 289 2079 landam,
313 2030 559 2070 sororem
589 2013 809 2069 chrici
839 2011 1418 2083 Constantinopolitani
1463 2012 1631 2082 impe-

98 2110 271 2173 ratoris,
304 2108 560 2163 secundis
584 2106 789 2177 nuptiis
817 2105 1145 2176 copulasset,
1172 2105 1363 2160 eodem
1394 2105 1630 2160 Henrico

98 2197 262 2252 sublato
280 2198 341 2253 de
363 2198 569 2263 medio,
586 2195 711 2266 jure
732 2194 1172 2267 propinquitatis,
1196 2194 1380 2249 uxoris
1403 2193 1630 2249 obtentu

99 2288 144 2341 ad
176 2289 432 2359 imperium
479 2288 796 2350 asciscitur,
831 2287 1124 2357 instigante
1157 2300 1326 2341 uxore
1366 2285 1493 2340 illuc
1526 2286 1629 2340 iter

98 2379 366 2449 aggreditur,
388 2378 457 2434 ab
488 2378 749 2442 Honorio,
768 2376 1008 2432 Romano
1029 2375 1305 2447 pontifice,
1333 2375 1629 2445 imperator

98 2468 591 2540 Constantinopoleos
642 2470 998 2525 confirmatur
1025 2477 1079 2523 et
1105 2468 1381 2539 inungitur
1424 2467 1629 2538 pariter

96 2573 186 2614 cum
217 2576 388 2616 uxore.
422 2561 636 2615 Dehinc
659 2576 779 2615 cum
811 2575 1005 2628 magno
1038 2559 1355 2614 Latinorum
1379 2558 1625 2614 exercitu

95 2648 391 2719 Dyrrachium
418 2666 598 2721 usque
620 2651 888 2723 pervenit,
904 2652 1179 2708 civitatem
1205 2651 1437 2717 obsidet,
1457 2665 1627 2706 uxore

95 2740 181 2809 ejus
202 2758 282 2812 per
303 2752 482 2813 partes
508 2742 788 2798 Romaniae
815 2744 1041 2799 tutiores
1070 2743 1281 2815 (utpote
1308 2742 1624 2798 Latinorum

95 2836 238 2891 ditioai
260 2837 449 2893 dudum
499 2837 778 2907 subactas)
806 2836 1328 2908 Constantinopolim
1375 2837 1515 2893 felici
1541 2822 1627 2892 iti~

96 2939 191 2980 nere
217 2929 555 2995 procedente.
599 2926 898 2998 Imperator
926 2928 981 2983 in
1003 2928 1288 2987 obsidione
1318 2943 1425 2984 non
1453 2928 1622 2999 profi-

95 3020 163 3083 cit,
185 3020 387 3076 solvitur
418 3020 658 3086 obsidio,
689 3034 787 3091 per
813 3029 987 3077 terras
1018 3021 1240 3078 hostiles
1265 3021 1624 3076 communiori

95 3111 290 3168 videlicet
312 3114 390 3168 via
426 3115 734 3193 imperator
782 3113 1051 3169 incautius
1098 3114 1203 3170 iter
1258 3113 1389 3185 legit
1437 3128 1625 3170 versus

95 3197 567 3274 Constantinopolim
594 3244 609 3273 ,
655 3205 941 3274 imperium
990 3214 1305 3275 recepturus
1330 3246 1344 3271 ,
1402 3205 1469 3261 de
1510 3204 1623 3260 suis

95 3290 248 3349 viribus
267 3296 500 3365 superbe
528 3309 883 3364 praesumens.
932 3295 1039 3350 Sed
1070 3295 1329 3350 Dominus
1353 3293 1621 3360 excelsus,

60 3412 65 3422 -
94 3384 156 3450 Qui
179 3384 375 3442 humilia
404 3388 655 3458 respicit,
686 3388 864 3442 etalta
890 3404 919 3444 a
948 3388 1104 3458 longe
1130 3387 1410 3457 cognoscit
1442 3386 1617 3457 (Psal.

92 3490 278 3542 cumt,
327 3478 402 3550 6),
466 3478 645 3550 ipsum
692 3494 1018 3549 omnemque
1064 3479 1365 3534 exercitum
1419 3479 1535 3549 ejus
1569 3479 1621 3533 in

92 3580 238 3624 ntanns
263 3570 462 3628 inimici
508 3571 774 3627 conclusit
803 3581 860 3627 et
898 3572 1123 3627 tradidit
1152 3572 1205 3627 in
1247 3571 1621 3641 captivitatem

90 3659 290 3718 virtutem
325 3679 543 3720 eorum.
590 3665 786 3719 Audiat
808 3665 1041 3719 humana
1072 3664 1321 3736 superbia
1348 3672 1403 3719 et
1438 3671 1621 3718 atten-

90 3748 156 3807 dat
181 3772 192 3809 :
220 3755 347 3813 Ecce
371 3758 463 3813 hic
499 3757 582 3811 vir
625 3766 785 3812 tanta:
815 3757 1111 3814 nobilitatis
1137 3767 1193 3812 et
1213 3756 1489 3827 potentim,
1519 3756 1613 3826 qui

89 3843 211 3900 toties
239 3857 418 3903 contra
446 3847 623 3902 Deum
667 3855 722 3902 et
750 3846 1048 3902 Ecclesiam
1097 3846 1409 3902 calcaneum
1437 3859 1618 3901 erexe-

90 3941 166 3995 rat.
191 3952 320 3993 nunc
348 3937 715 4008 captivusest
743 3936 1002 4008 inglorius
1052 3937 1314 3993 carcerali
1363 3937 1623 3993 custodite

90 4028 371 4098 mancipatus
400 4029 639 4085 Domino
680 4028 997 4094 miserante,
1030 4029 1075 4085 si
1108 4029 1194 4084 vel
1235 4044 1358 4085 sero
1399 4030 1466 4084 de
1490 4043 1619 4099 pec-

88 4114 190 4168 catis
213 4127 602 4189 compungatur
637 4118 706 4174 ad
749 4134 968 4174 manum
991 4119 1204 4175 Domini
1231 4118 1620 4191 flagellantem,

86 4205 146 4261 vel
177 4224 372 4280 pinnam
422 4212 599 4282 ipsius
640 4210 694 4265 in
751 4209 1009 4281 praesenti
1041 4210 1089 4265 si
1138 4225 1248 4265 non
1298 4211 1618 4277 conteritur,

88 4295 346 4361 inchoante.
372 4301 485 4359 Sed
513 4318 655 4357 nunc
681 4302 749 4356 ad
776 4310 983 4357 textum
1013 4301 1297 4371 propositi,
1320 4310 1374 4357 et
1389 4300 1623 4371 qualiter

85 4387 293 4447 ultionem
335 4394 402 4451 de
450 4394 892 4463 persecutoribus
930 4392 1190 4448 Ecclesize
1231 4393 1518 4463 expetierit
1552 4391 1620 4447 ad

84 4473 252 4537 laudem
279 4480 374 4538 Dei
395 4494 457 4540 et
484 4483 745 4562 honorem
775 4481 1035 4538 Ecclesiae
1064 4496 1478 4553 prosequamur.

1728 647 1945 703 lentiam
1979 650 2158 707 taliter
2202 652 2443 709 edomuit
2469 654 2536 710 ad
2564 664 2894 725 extremum,
2946 658 3142 730 ipsum,
3174 660 3303 718 licet

1727 740 1865 796 forte
1904 742 1955 796 in
1987 743 2090 799 hoc
2114 743 2184 798 ab
2228 747 2553 818 evangelicae
2580 749 2857 821 religionis
2884 755 3303 811 mansuetudine

1726 829 2064 888 cxorbitasse
2108 834 2256 895 visus
2286 835 2450 892 fuerit
2491 838 2797 911 episcopus,
2827 841 2958 898 utile
2984 851 3167 900 tamen
3198 844 3302 901 Ec-

1727 918 1905 1005 clesia:
1930 930 1986 977 et
2023 925 2366 994 magnatibus
2412 924 2754 985 formidabile
2793 946 3100 1002 proponens
3117 948 3302 990 exem-

1726 1012 1874 1082 plum
1907 1030 1921 1068 :
1959 1029 2082 1069 nam
2110 1030 2229 1072 cum
2287 1018 2592 1076 substracto
2634 1021 2683 1077 ei
2720 1020 2905 1079 favore
2924 1025 3138 1081 comitis
3165 1033 3302 1081 tem-

1726 1117 1860 1174 pora
1910 1104 2091 1160 nubila
2151 1106 2334 1177 gloriae
2403 1124 2514 1185 sua:
2581 1126 2645 1166 ac
2691 1113 2975 1182 potestatis
3047 1129 3301 1172 serenum

1728 1195 2061 1266 fuseassent,
2091 1208 2284 1257 nactus
2314 1203 2573 1272 temporis
2600 1206 3059 1275 opportunitatem
3085 1206 3300 1278 episco-

1728 1305 1829 1361 pus
1854 1291 1969 1346 suis
1998 1291 2281 1348 desideriis
2329 1304 2744 1364 congruentem,
2777 1297 2955 1367 ipsum
2993 1309 3210 1370 captum
3248 1299 3301 1354 in

1729 1379 1989 1450 quadriga
2013 1382 2325 1452 assumpsit,
2345 1391 2401 1438 et
2427 1384 2779 1454 compedibus
2802 1386 3102 1458 alligatum,
3123 1387 3305 1457 capite

1729 1488 1894 1543 super
1939 1473 2101 1537 nudo,
2139 1474 2279 1544 quod
2310 1476 2509 1531 dudum
2540 1486 2822 1533 contracta
2844 1478 3091 1535 calvities
3118 1478 3302 1535 defor-

1732 1564 1934 1630 mabat,
1956 1580 2056 1634 per
2078 1565 2225 1621 vicos
2248 1575 2299 1621 et
2353 1566 2560 1637 plateas
2607 1568 2842 1624 civitatis
2870 1570 3307 1626 Autissioduren—

1733 1654 1807 1709 sis
1835 1656 1970 1710 satis
2020 1655 2375 1727 ignominiose
2427 1666 2741 1725 tractatum,
2774 1660 2905 1716 fecit
2934 1661 3147 1732 publice
3198 1661 3308 1716 cir-

1731 1744 2009 1812 cnmfcrri,
2056 1747 2408 1803 ridiculosum
2441 1749 2642 1820 popqu
2669 1750 2916 1822 praebens
2943 1744 3008 1806 de
3042 1752 3159 1822 ipso
3185 1766 3309 1822 spc-

1733 1837 2007 1892 ctaculttm
2050 1856 2064 1893 :
2097 1847 2155 1894 ut
2176 1838 2266 1893 ubi
2292 1855 2515 1895 summa:
2543 1842 2827 1911 potestatis
2862 1843 3079 1898 functus
3099 1844 3307 1898 honore

1734 1925 1928 1992 fuerat,
1960 1928 2032 1983 ibi
2072 1929 2419 1986 ridiculosius
2455 1947 2567 1987 suae
2606 1932 2915 1988 dilectionis
2951 1933 3183 1988 ludibria
3212 1946 3309 2003 pa-

1733 2027 1958 2084 teretur,
1987 2021 2364 2092 discerentque
2387 2023 2624 2099 universi
2667 2025 2719 2079 in
2753 2024 2993 2080 fascibus
3024 2023 3307 2081 constituti

1729 2124 1835 2162 non
1886 2124 2139 2179 perverse
2183 2127 2362 2183 agere,
2413 2127 2513 2168 nec
2560 2114 2749 2171 extolli
2780 2116 3152 2180 successibus,
3207 2114 3306 2170 sed

1729 2200 2003 2256 humiliari
2055 2204 2153 2258 sub
2203 2218 2268 2258 eo
2297 2205 2387 2273 qui
2421 2205 2670 2277 deposuit
2702 2216 2955 2277 potentes
2986 2208 3054 2265 de
3092 2208 3227 2265 sede
3253 2216 3311 2263 et

1732 2290 1965 2349 humiles
1996 2295 2255 2349 exaltavit
2286 2294 2437 2367 (Luc.
2477 2313 2518 2362 ι,
2549 2296 2663 2369 52).

1929 2381 2170 2449 Qualiter
2201 2382 2515 2440 Euraudum
2543 2389 2763 2443 convicit
2791 2390 2856 2443 de
2889 2391 3098 2447 haeresi.

1800 2471 1935 2529 Huic
1964 2477 2225 2531 successit
2253 2476 2306 2530 in
2334 2474 2510 2532 cilicio
2539 2486 2597 2533 et
2619 2488 2892 2548 potestate
2931 2480 3215 2537 Euraudus
3241 2481 3308 2535 de

1726 2561 2089 2631 Castronovo,
2119 2566 2276 2622 miles
2310 2583 2417 2622 non
2465 2568 2739 2625 inferioris
2778 2571 3032 2639 malitiae,
3070 2586 3169 2627 nec
3210 2572 3310 2626 mi-

1727 2657 1877 2711 noris
1900 2657 2123 2729 ingenii,
2151 2658 2235 2715 vel
2262 2660 2591 2717 remissioris
2613 2663 2865 2719 desiderii
2896 2664 2963 2718 ad
2979 2664 3307 2727 nocendum,

1727 2745 1981 2803 Ecclesiae
2004 2748 2339 2804 saevissimus
2359 2760 2697 2819 persecutor,
2731 2762 2917 2824 utpote
2939 2754 3024 2809 cui
3052 2754 3307 2809 haeretica

1727 2838 1994 2909 pravitate
2037 2838 2241 2896 infecto
2278 2842 2613 2911 propositum
2648 2852 2769 2898 erat
2813 2843 3306 2901 ecclesiasticorum
3394 2838 3397 2841 “

1724 2931 2038 3002 dogmatum
2069 2930 2503 3001 professoribus,
2534 2944 2697 3004 prout
2731 2935 2963 2990 audebat
2990 2943 3046 2990 et
3073 2942 3307 3005 poterat,

1725 3020 2027 3075 adversari.
2054 3020 2131 3076 De
2155 3018 2312 3090 cujus
2338 3022 2657 3077 enormibus
2684 3022 2838 3088 illud,
2868 3024 3012 3095 quod
3042 3024 3306 3093 sequitur,

1727 3111 2104 3167 transmittere
2126 3112 2380 3167 duximus
2404 3113 2469 3167 ad
2501 3113 2749 3169 notitiam
2780 3123 3142 3184 posterorum.
3179 3112 3310 3181 Qui-

1650 3229 1695 3291 C
1728 3202 1884 3268 dam,
1915 3202 2007 3272 qui
2042 3203 2161 3274 ejus
2203 3202 2469 3261 offensum
2501 3205 2841 3271 incurrerat,
2871 3221 2901 3260 a
2928 3205 3307 3277 persequenti-

1724 3296 1827 3351 bus
1876 3294 2166 3366 fugabatur
2208 3298 2277 3353 ad
2321 3305 2574 3355 mortem.
2619 3298 2706 3363 ls,
2738 3308 2799 3354 ut
2836 3299 3088 3355 instantis
3119 3297 3310 3354 mortis

1723 3388 1978 3444 evaderet
2007 3388 2327 3458 periculum,
2374 3389 2428 3444 in
2479 3389 2766 3446 ecclesiam
2819 3389 2880 3444 Β.
2926 3388 3110 3453 Mariae
3163 3389 3309 3444 infra

1718 3495 1911 3536 muros
1939 3480 2008 3537 ob
2038 3481 2436 3537 immunitatem
2468 3480 2570 3536 loci
2602 3481 2833 3552 fugiens,
2857 3494 2917 3536 se
2940 3480 3163 3549 recepit.
3191 3477 3308 3535 Huc

1724 3568 1866 3623 nulla
1900 3568 2010 3625 Deo
2034 3570 2279 3626 exhibita
2306 3570 2610 3625 reverentia
2631 3611 2645 3632 ,
2674 3569 2922 3626 ecclesiae
2968 3569 3311 3625 immunitate

1722 3656 1943 3713 effracta
1964 3699 1980 3723 ,
2010 3659 2065 3714 in
2091 3659 2207 3729 ipsa
2233 3658 2461 3714 ecclesia
2491 3658 2669 3729 gladio
2699 3658 2829 3714 fecit
2851 3667 3199 3729 persecutore
3218 3674 3311 3715 oc-

1723 3748 1829 3804 cidi
1854 3789 1868 3813 ,
1916 3756 1971 3802 et
2013 3763 2209 3803 cruore
2246 3734 2466 3804 innoxio
2497 3749 2591 3804 Dei
2638 3749 3010 3804 sanctuarium
3053 3750 3312 3806 atrociter

1721 3837 2051 3908 profanavit.
2087 3838 2193 3894 Sed
2224 3838 2485 3895 Dominus
2523 3837 2703 3908 justus
2726 3839 2927 3910 judex,
2957 3839 3098 3895 sicut
3127 3840 3181 3895 in
3228 3855 3311 3896 se-

1723 3927 2012 3999 quentibus
2035 3936 2357 3997 exponetur,
2387 3928 2601 4000 dignam
2628 3929 2676 3982 ei
2704 3927 2952 3982 retribuit
2983 3928 3311 3983 vicissitudi-

1723 4033 1847 4074 nem
1895 4018 2232 4073 meritorum.
2281 4017 2424 4072 Sane
2475 4017 2687 4073 tandem
2725 4018 2802 4080 is.
2850 4014 3060 4073 offenso
3087 4017 3191 4072 sibi
3221 4030 3311 4071 co-

1723 4111 1853 4166 mite
1885 4110 2070 4179 Petro,
2100 4110 2382 4166 discedens
2414 4111 2482 4165 ab
2520 4126 2587 4166 eo
2621 4110 2690 4165 ad
2718 4111 2972 4166 comitem
3018 4108 3313 4165 Niveruen—

1723 4217 1870 4268 sem,
1917 4203 2187 4260 Herveum
2218 4202 2468 4259 videlicet
2508 4218 2568 4259 se
2592 4202 2853 4269 contulit;
2885 4204 2971 4259 cui
3017 4202 3311 4259 comitatus

1723 4304 1962 4352 cesserat
1990 4293 2338 4352 Nivernensis
2381 4295 2606 4350 obtentu
2636 4293 3075 4350 Mathildis~filiae
3098 4292 3314 4350 comitis

1725 4386 1906 4455 Petri,
1955 4403 2153 4458 quam,
2202 4388 2343 4443 sicut
2373 4387 2744 4457 snpradictum
2778 4396 2896 4453 est,
2932 4386 3119 4442 favore
3164 4385 3314 4455 regio

1725 4477 1970 4543 favente,
2016 4477 2247 4533 duxerat
2294 4476 2350 4531 in
2393 4491 2651 4542 uxorem,
2703 4476 2788 4531 cui
2822 4475 3162 4545 competebat
3191 4472 3315 4541 jure

82 4564 139 4621 De
163 4567 303 4628 Petro
353 4576 418 4630 de
451 4571 704 4630 Corcione
752 4574 983 4647 qualiter
1022 4573 1162 4629 ultus
1208 4574 1367 4645 fuerit
1400 4575 1454 4628 in
1480 4590 1619 4630 eum.
1654 4592 1700 4652 ο
1728 4566 2073 4623 ltmreditario
2093 4566 2409 4621 comitatus.
2435 4565 2491 4620 In
2520 4566 2675 4637 cujus
2696 4564 2894 4621 Hervei
2916 4563 3147 4652 gratiam
3170 4562 3312 4618 idem

137 4658 304 4720 Petrus
348 4666 416 4721 de
457 4659 744 4733 Corcione,
795 4665 861 4720 de
925 4679 1033 4735 quo
1084 4665 1336 4734 superius
1394 4662 1625 4721 fecimus

86 4753 388 4822 mentionem,
438 4756 494 4811 in
558 4755 808 4811 omnibus
837 4754 1060 4826 agendis
1092 4754 1385 4831 comitatus
1430 4769 1625 4810 secun-

86 4841 161 4898 dus
183 4858 289 4901 erat
328 4863 359 4903 a
401 4847 643 4912 comite;
689 4847 914 4918 ejusque
945 4854 1079 4901 nutu
1103 4856 1160 4901 et
1185 4845 1412 4900 consilio
1439 4860 1624 4900 comes

87 4928 261 5002 Petrus,
300 4939 366 4993 de
398 4954 509 5009 quo
537 4937 922 5008 praemisimus,
950 4952 1047 5007 per
1095 4936 1280 4991 omnia
1311 4936 1618 5007 regebatur.

90 5018 193 5079 lsad
217 5029 615 5099 oppressionem
654 5026 1007 5084 ecclesiarum
1027 5027 1298 5083 comitem
1346 5028 1501 5083 valde
1526 5028 1619 5098 qui

89 5112 232 5172 animo
273 5119 661 5189 incompositus
687 5125 825 5183 erat,
857 5125 915 5171 ut
945 5116 1326 5186 praediximus,
1364 5116 1625 5174 incitabat

91 5199 193 5270 ipse,
233 5217 387 5275 prout
424 5218 669 5279 poterat;
723 5223 911 5262 earum
942 5207 1317 5278 tranquillitati
1348 5208 1624 5264 nihilomi-

91 5308 169 5351 nus
190 5298 431 5358 inimicus
453 5312 508 5359 et
536 5304 724 5374 quieti,
753 5304 820 5359 ad
850 5303 1012 5374 hujus
1042 5304 1228 5360 bestiae
1261 5305 1621 5361 edomandam

93 5389 312 5449 saevitiam
347 5394 630 5466 episcopus
693 5395 944 5452 omnibus
988 5397 1405 5468 accingebatur,
1461 5406 1624 5468 prout

87 5470 355 5551 \cmporum
391 5486 695 5558 postulabat
748 5488 1065 5555 necessitas,
1116 5489 1471 5558 argumentis.
1523 5489 1625 5557 Qui

95 5585 192 5626 cum
227 5577 400 5637 favore
452 5582 666 5639 comitis
691 5592 1054 5654 prosequente
1101 5583 1344 5653 quandiu
1374 5599 1486 5639 suae
1514 5585 1626 5637 cul-

96 5674 195 5718 men
215 5673 481 5737 potestatis
499 5674 742 5739 emicuit,
768 5674 1066 5730 Ecclesiam
1097 5675 1190 5729 Dei
1223 5684 1278 5730 et
1306 5674 1480 5745 ipsum
1511 5675 1627 5744 epi-

100 5766 284 5827 scol‘lllll
320 5768 566 5839 prosequi
600 5782 705 5824 non
738 5779 997 5824 cessaret.
1030 5769 1322 5840 Episcopus
1341 5768 1481 5823 sicut
1509 5777 1630 5824 erat

104 5852 315 5910 seculari
364 5863 587 5929 quadam
652 5861 942 5918 admodum
986 5860 1272 5923 ,industria
1344 5859 1626 5930 praeditus,

1729 4658 2012 4713 Euraudus
2040 4657 2093 4712 in
2122 4664 2329 4712 tantum
2354 4662 2603 4727 receptus
2625 4665 2729 4722 est,
2752 4663 2812 4710 ut
2837 4652 3087 4708 eumdem
3111 4651 3311 4716 locum,

1728 4764 1889 4819 quem
1925 4749 2066 4819 apud
2094 4747 2349 4804 comitem
2376 4745 2599 4801 Petrum
2620 4743 2954 4806 obtinuerat,
2977 4742 3142 4796 etiam
3171 4740 3313 4811 apud
3334 4780 3353 4799 .

1726 4845 1979 4900 comitem
2000 4841 2386 4897 Nivernensem
2406 4839 2694 4896 obtineret.
2715 4836 2829 4892 Sub
2848 4834 3002 4904 cujus
3020 4842 3312 4904 potestate,

1728 4934 1869 4991 sicut
1910 4935 1966 4989 in
1989 4930 2451 4989 Autissiodorensi
2496 4930 2648 5001 prius
2682 4942 2896 5000 quoque
2924 4926 3185 4982 comitatu
3214 4924 3315 4979 Ec-

1727 5030 1892 5086 clesia
1915 5028 2099 5086 multis
2112 5025 2556 5099 oppressionibus
2572 5022 2853 5087 laboravit;
2875 5017 3311 5075 increbrescente

1724 5130 1916 5178 contra
1944 5135 2068 5176 eum
2096 5119 2312 5174 tandem
2351 5118 2655 5181 haereseos,
2696 5127 2802 5183 qua
2836 5109 3145 5172 notabatur,
3176 5107 3312 5160 infa-

1725 5213 1832 5269 mia
1849 5252 1865 5278 ,
1893 5212 2034 5267 idem
2056 5211 2342 5281 episcopus
2362 5209 2505 5265 sicut
2523 5215 2643 5263 erat
2669 5203 3060 5271 catholicorum
3085 5200 3308 5268 dogma-

1727 5313 1839 5358 tum
1888 5301 2092 5365 zelator
2140 5301 2472 5372 praecipuus,
2520 5306 2577 5354 et
2622 5295 2999 5368 pervcrsitatis
3041 5290 3310 5347 haeretica

1724 5397 1963 5456 fervidus
1989 5394 2338 5466 exstirpator,
2371 5393 2426 5447 in
2467 5388 2764 5448 Parisiensi
2795 5387 3024 5444 concilio
3056 5384 3123 5438 ab
3149 5380 3311 5437 Octa-

1730 5491 1890 5545 viano
1933 5488 2191 5543 Romana:
2232 5485 2494 5542 Ecclesiae
2536 5483 2852 5554 presbytero
2879 5475 3174 5539 cardinah‘,
3217 5475 3309 5543 qui

1733 5591 1860 5636 tunc
1910 5580 2197 5653 legationis
2223 5576 2400 5633 cilicio
2434 5575 2759 5647 fungebatur
2784 5572 2837 5625 in
2866 5569 3128 5634 Francia,
3159 5565 3310 5621 Pari-

1730 5674 1825 5729 siis
1863 5654 2194 5737 convocato,
2243 5669 2429 5725 multis
2476 5664 2918 5735 archiepiscopis,
2950 5659 3220 5731 episcopis
3256 5666 3313 5712 et

1732 5768 1942 5825 caeteris
1972 5767 2465 5825 ecclesiasticarum
2490 5762 2812 5834 dignitatum
2848 5758 2934 5815 vel
2960 5757 3310 5813 administra-

1734 5860 1939 5917 tionum
1970 5859 2289 5916 inferiorum
2338 5855 2585 5928 personis
2628 5853 3018 5926 prmsentibus,
3047 5846 3314 5923 ipsumgdo
