3918 6316
518 518 523 519 ,
570 460 675 519 519

1307 456 1600 514 APPEND.
1638 457 1730 512 AD
1769 455 1945 513 SEO.
1987 456 2055 511 Χ.
2098 486 2154 497 -—

2254 456 2431 510 PERA
2465 465 2856 514 AAEZIIOTIKA.
3679 459 3758 518 320

569 575 762 630 haeresi
793 572 1007 644 publice
1034 572 1338 639 accusavit;
1363 580 1677 627 accusatum
1717 570 2044 626 testimoniis
2070 570 2144 624 ir-
2172 563 2218 621 Α
2247 570 2389 642 apud
2432 570 2657 626 Giacum
2689 572 2870 626 villam
2932 588 3117 643 suam,
3169 588 3330 644 quam
3374 587 3483 629 tere
3511 580 3654 628 telam
3692 576 3759 630 illa

571 663 982 735 refragabilibus
1030 663 1301 730 convicit;
1348 663 1629 719 convictus
1663 664 1997 734 approbante
2020 676 2152 716 con-

571 756 700 811 cilio
756 756 1079 812 sententiam
1146 753 1513 810 damnationis
1568 755 1809 824 excepit;
1865 754 2153 809 damnatus

572 846 717 917 ignis
759 844 1200 901 cencrematione
1239 840 1524 915 profanam
1572 845 1810 900 animam
1842 844 2150 909 exhalavit,

571 934 733 1005 digna
762 935 1024 1004 recipiens
1049 935 1314 1005 stipendia
1351 935 1705 1001 meritorum,
1747 945 1801 991 et
1844 935 2025 1005 generi
2054 948 2152 993 suo

572 1022 770 1077 {tedam
792 1035 902 1077 sua:
927 1022 1303 1090 perversitatis
1324 1030 1508 1076 notam
1532 1022 1851 1094 imprimens
1875 1031 1931 1079 et
1956 1038 2152 1094 oppro-

569 1118 750 1173 brium
780 1118 1187 1188 sempiternum.
1219 1118 1451 1186 Discite,
1479 1135 1670 1176 omnes
1716 1120 1810 1190 qui
1850 1121 2152 1191 operamini

574 1206 956 1277 iniquitatem,
984 1207 1076 1276 qui
1099 1217 1377 1279 potentum
1405 1208 1621 1265 ambitis
1649 1208 1818 1265 latera
1859 1210 1926 1264 ad
1955 1225 2156 1265 nocen-

571 1296 733 1361 dttm,
772 1297 968 1353 discite
993 1299 1136 1377 quod
1164 1309 1383 1354 extenta
1410 1300 1482 1354 sit
1524 1315 1718 1356 manus
1756 1301 1969 1357 Domini
1994 1316 2155 1372 super

572 1399 765 1441 omnes
788 1396 1104 1455 peccatores
1125 1398 1304 1444 terrae.
1329 1388 1470 1445 Ecce
1492 1390 1581 1444 hic
1603 1405 1832 1461 magnus
1848 1399 1904 1446 et
1929 1401 2120 1462 potens
2135 1431 2152 1459 ,

573 1475 706 1544 ipsis
736 1477 898 1531 etiam
928 1478 1241 1546 potentibus
1261 1477 1663 1551 formidandus,
1695 1484 1762 1538 ad
1783 1483 2154 1555 ignominiosae

576 1567 768 1634 mortis
817 1576 1025 1623 tractus
1070 1570 1424 1640 supplicium,
1457 1571 1676 1646 dignam
1713 1589 1826 1633 sua:
1854 1576 2154 1645 iniquitatis

574 1665 947 1733 temporaliter
973 1676 1215 1743 reportat
1241 1670 1567 1726 mercedem.
1592 1670 1812 1729 Utinam
1840 1671 1924 1727 vel
1942 1673 1996 1727 in
2018 1688 2156 1727 mor-

576 1755 645 1809 tis
674 1757 903 1812 articulo
930 1757 1008 1812 sic
1034 1758 1304 1813 contritus
1332 1759 1581 1829 exemplo
1638 1761 1865 1818 latronis
1904 1762 1995 1831 qui
2027 1762 2165 1816 cum

577 1844 806 1899 Domino
866 1845 1191 1912 cruciﬁxus,
1240 1862 1360 1903 sera
1426 1848 1585 1914 licet,
1640 1848 1913 1908 fructuosa
1970 1861 2145 1907 tamen

2248 668 2573 730 ocupaverat
2614 661 2872 732 impetigo
2891 701 2907 727 ,
2938 662 3301 732 quotquotjbi
3326 662 3612 733 caputiatos
3641 679 3759 734 repe-

2248 752 2356 816 rit,
2387 767 2576 808 omnes
2609 754 2783 823 cepit,
2815 761 2868 809 et
2898 767 3054 823 pmna
3085 753 3317 809 multans
3358 768 3450 809 eos
3474 755 3760 823 pecuniaria,

2249 844 2470 913 insuper
2496 845 2576 899 eis
2616 846 2861 915 praecidit
2900 846 3116 915 caputia
3137 886 3152 911 ,
3173 854 3259 911 et,
3290 853 3347 899 ut
3384 854 3537 900 tanta:
3561 860 3763 914 pnsum-

2248 937 2449 1006 ptionis
2474 936 2710 990 vindicta
2737 936 2914 1006 palam
2944 945 3088 992 esset
3133 937 3503 1006 discerentque
3525 937 3649 990 servi
3682 953 3761 991 non

2251 1022 2578 1079 insolescere
2605 1031 2796 1079 contra
2827 1025 3106 1088 dominos,
3137 1024 3391 1094 praecepit
3417 1035 3473 1078 ut
3497 1038 3585 1096 per
3608 1040 3763 1079 annum

2252 1111 2519 1184 integrum
2568 1114 2773 1184 absque
2801 1114 3031 1184 caputiis
3074 1115 3234 1169 nudis
3268 1114 3483 1169 omnino
3519 1115 3761 1184 capitibus,

2251 1210 2308 1256 et
2335 1202 2449 1256 aeri
2475 1203 2735 1273 expositis
2761 1212 2922 1258 :estus
2950 1212 3006 1258 et
3036 1202 3235 1273 l‘rigora
3252 1243 3268 1268 ,
3302 1203 3577 1272 variasque
3597 1205 3763 1273 experi-

2254 1298 2442 1346 rentur
2465 1292 2608 1347 aeris
2633 1292 2929 1363 passiones.
2956 1293 3180 1349 Videres
3218 1293 3543 1348 miserandos
3571 1294 3763 1348 homines

2252 1382 2439 1437 aestivo
2469 1389 2711 1453 tempore
2737 1397 2835 1453 per
2869 1398 2995 1439 rura
3024 1384 3291 1454 capitibus
3337 1382 3582 1453 expositis
3606 1383 3763 1453 absque

2253 1472 2401 1528 omni
2418 1472 2682 1529 velamine
2700 1473 2829 1529 solis
2846 1472 3133 1533 ardoribus
3153 1482 3405 1537 astuare;
3422 1472 3631 1526 brumali
3648 1488 3762 1535 vero.

2253 1563 2420 1618 nimio
2465 1563 2644 1635 algore
2687 1563 2885 1635 rigere.
2919 1563 3242 1635 Annumque
3283 1563 3543 1634 integrum
3583 1562 3667 1617 sub
3688 1562 3763 1617 ista

2253 1651 2563 1723 exegissent
2587 1668 2837 1719 censura,
2876 1653 2979 1708 nisi
3006 1652 3337 1719 Senonensis
3364 1652 3761 1721 archiepiscopus,

2252 1742 2428 1800 Guido
2461 1744 2755 1799 avunculus
2785 1744 3043 1814 episcopi,
3074 1743 3200 1798 illac
3229 1742 3370 1798 forte
3391 1743 3675 1812 pneteriens
3696 1742 3767 1795 hu-

2254 1833 2532 1888 manitatis
2564 1842 2864 1889 commotus
2892 1833 3190 1891 visceribus
3234 1846 3400 1902 super
3439 1830 3583 1897 illos,
3603 1839 3649 1885 et
3679 1832 3765 1902 epi-

574 1933 915 1991 confessione
943 1936 1225 2005 paenituit,
1255 1937 1397 2007 quod
1422 1938 1598 1994 vicem
1632 1938 1897 2014 scelerum
1926 1955 2147 1996 suorum

2254 1939 2474 2007 scopum
2508 1933 2669 1981 tanta:
2698 1940 2932 1997 arguens
2957 1925 3343 1991 inclementia},
3368 1939 3484 1979 eam
3510 1924 3767 1978 remissione

574 2041 681 2081 non
714 2037 953 2097 reportet
989 2029 1044 2082 in
1082 2029 1258 2096 poenis
1287 2030 1302 2083 ι

750 2117 828 2171 De
854 2116 1166 2187 Caputiatis.
1204 2118 1445 2184 Qualiter
1474 2136 1561 2175 eos
1590 2122 1972 2178 exterminavit.

644 2207 700 2261 In
732 2209 919 2264 diebus
948 2208 1053 2264 illis
1075 2208 1217 2264 circa
1240 2211 1593 2279 promotionis
1618 2228 1729 2268 suae
1753 2213 2001 2282 exordia,
2023 2222 2147 2271 orta

575 2304 660 2351 est
688 2297 742 2351 in
771 2296 959 2353 Galliis
985 2298 1251 2355 horrenda
1296 2300 1458 2354 nimis
1483 2310 1538 2354 et
1567 2302 1867 2372 periculosa
1891 2319 2154 2374 praesum-

573 2386 717 2458 ptio,
747 2396 801 2465 et
826 2404 946 2458 quae
976 2388 1211 2459 plebeios
1249 2392 1468 2447 trahere
1499 2404 1739 2463 cmperat
1782 2396 2151 2453 universosin

573 2481 916 2549 superiorum
939 2482 1286 2538 rebellionem
1312 2493 1367 2538 et
1385 2486 1762 2541 exterminium
1792 2495 2119 2558 potestatum
2136 2528 2150 2552 ,

572 2588 692 2642 qua:
714 2581 969 2643 tanquam
993 2590 1024 2629 a
1047 2576 1188 2631 bono
1212 2577 1415 2632 habens
1428 2578 1714 2649 originem,
1731 2580 1921 2650 angelo
1942 2580 2156 2635 Satanae

574 2677 695 2719 sese
720 2664 772 2718 in
801 2664 936 2720 lucis
958 2665 1205 2736 angelum
1249 2665 1668 2723 transformante
1692 2669 1930 2723 exitialia
1960 2684 2155 2740 sugge-

576 2762 755 2817 reret,
799 2753 1103 2809 simulatam
1138 2755 1264 2810 boni
1296 2757 1532 2827 speciem
1580 2757 1970 2827 praetendebat.
2019 2757 2156 2813 Nam

575 2845 678 2898 sub
702 2845 923 2900 obtentu
960 2853 1156 2900 mutuae
1206 2846 1490 2903 charitatis
1532 2848 1790 2918 praestitis
1833 2847 2157 2917 iuramentis

578 2934 1097 2991 conlmderabantur
1124 2936 1192 2990 ad
1223 2936 1490 3006 invicem,
1518 2939 1661 3008 quod
1689 2939 1789 2995 sibi
1828 2940 1883 2992 in
1921 2939 2159 2995 necessi-

582 3023 783 3078 tatibus
815 3024 928 3080 suis
972 3033 1218 3079 mutuum
1248 3024 1458 3081 ferrent
1501 3027 1783 3082 consilium
1817 3038 1872 3082 et
1900 3027 2156 3083 auxilium

577 3124 765 3169 contra
796 3130 1002 3171 omnes.
1037 3116 1204 3187 Cujus
1250 3117 1727 3174 confmderationis
1756 3129 2043 3175 consortes
2073 3130 2156 3176 te-

2254 2015 2543 2085 temporis,
2572 2015 2715 2085 quod
2765 2016 2832 2070 ad
2877 2031 3076 2070 annum
3108 2015 3483 2085 complendum
3512 2022 3763 2083 supererat,

2252 2104 2613 2159 decurtasset.
2645 2104 2738 2161 Sic
2780 2105 2948 2177 igitur
2975 2106 3029 2160 in
3067 2105 3218 2160 brevi
3246 2110 3302 2160 et
3327 2104 3468 2159 villis
3495 2105 3597 2160 suis
3618 2102 3769 2159 etimi-

2252 2195 2353 2252 bus
2403 2204 2563 2252 tantae
2607 2198 3039 2267 praesumptionis
3090 2197 3474 2253 exterminavit
3516 2196 3767 2258 vesaniam,

2251 2288 2406 2358 cujus
2436 2290 2681 2360 exemplo
2723 2305 2820 2359 per
2845 2290 2977 2345 alias
3022 2304 3236 2361 quoque
3278 2290 3453 2365 villas,
3494 2278 3770 2344 diteccseset

2252 2382 2562 2453 provincias
2603 2382 2754 2436 brevi
2788 2391 3030 2451 tempore
3074 2381 3381 2453 hujusmodi
3411 2380 3686 2446 temeritas,
3708 2376 3767 2431 la-

2254 2484 2412 2530 vente
2433 2473 2696 2540 Domino,
2723 2473 2825 2529 fuit
2856 2474 3113 2531 radicitus
3142 2475 3467 2546 exstirpata.

2256 2583 2519 2651 Qualiter,
2552 2585 2674 2641 sede
2698 2593 2914 2640 vacante
2933 2625 2948 2649 ,
2976 2585 3357 2656 Lingonensem
3385 2584 3648 2640 Ecclesium
3672 2582 3767 2637 rexit

2746 2666 2793 2711 et
2818 2655 3015 2726 regalia
3046 2655 3345 2710 custodiuit.

2278 2802 2285 2807 _
2325 2745 2510 2801 Tantae
2540 2745 2820 2801 industriae
2865 2759 2976 2800 sua:
3015 2752 3070 2799 et
3098 2744 3430 2815 prudentiae,
3460 2758 3558 2815 qua
3583 2739 3770 2813 praecuti-

2255 2837 2438 2902 nebat,
2467 2838 2701 2891 maxime
2723 2820 2996 2908 saecularis
3017 2838 3441 2907 circumquaque
3461 2835 3770 2908 divulgabatur

2254 2929 2471 3000 opinio,
2519 2938 2605 2995 et,
2637 2937 2864 2984 vacante
2915 2944 3128 2999 quoque
3157 2929 3386 2986 ecclesia
3415 2926 3700 2999 Lingonensi
3730 2934 3770 2979 et

2254 3028 2478 3089 propter
2506 3013 2735 3088 eligendi
2782 3018 3074 3074 scissuram
3116 3018 3323 3075 diutius
3352 3020 3642 3083 laborante,
3683 3032 3769 3085 qua:

2254 3110 2323 3165 ob
2349 3110 2608 3181 regalium
2635 3111 2957 3176 custodiam,
2988 3126 3105 3182 quae
3153 3112 3291 3168 lines
3323 3112 3529 3184 imperii
3569 3120 3616 3165 et
3654 3106 3769 3178 regni

575 3205 752 3259 larum
796 3207 1011 3276 caputia
1038 3223 1160 3262 cum
1192 3209 1485 3279 signaculis
1511 3208 1805 3280 plumbeis,
1833 3226 1953 3281 qua;
1980 3211 2153 3267 beata
2175 3205 2224 3281 ’Π
2257 3200 2633 3261 disterminant
2657 3201 2710 3257 in
2736 3201 2913 3271 aliqua
2939 3202 3018 3257 Sili
3050 3211 3227 3271 parte,
3274 3218 3382 3258 non
3413 3205 3464 3256 ἱιι
3491 3199 3772 3272 Simplicium

576 3295 759 3352 Maria:
788 3297 855 3352 de
886 3297 1053 3353 Pedio
1078 3298 1417 3366 dicebantur,
1445 3312 1853 3372 assumpserant
1880 3303 1933 3357 in
1963 3302 2153 3358 chara-
2180 3262 2225 3325 Ο
2260 3293 2509 3360 remissa.
2542 3294 2634 3350 sed
2659 3294 2712 3349 in
2739 3308 2933 3366 magna
2957 3292 3154 3350 νίτιυίθ
3185 3295 3419 3365 regenda
3443 3302 3522 3350 εει
3550 3295 3611 3347 ad
3636 3300 3770 3346 ⁰υ³ι⁰⁴

575 3395 782 3443 cterem
809 3396 865 3443 et
902 3388 955 3442 in
984 3389 1194 3459 signum
1213 3430 1227 3455 ,
1271 3406 1391 3461 quae
1423 3407 1517 3447 eos
1543 3406 1572 3446 a
1616 3393 1827 3449 caeteris
1853 3393 2153 3465 distiugue-

576 3477 734 3544 bant,
763 3478 1086 3536 diabolicum
1110 3481 1354 3551 profecto
1383 3495 1440 3538 et
1461 3485 1821 3555 perniciosum
1844 3481 2165 3552 inventum;'

575 3582 703 3623 nam
726 3568 791 3623 de
820 3569 924 3624 hoc
950 3572 1279 3640 sequebatur
1304 3573 1448 3642 quod
1473 3573 1655 3630 nullus
1682 3575 1866 3641 timor,
1896 3575 2039 3630 nulla
2070 3590 2155 3630 re-

576 3659 821 3714 verentia
846 3662 1218 3731 superioribus
1245 3666 1604 3736 potestatibus
1637 3669 1948 3734 haberetur,
1976 3669 2072 3725 sed
2099 3669 2153 3723 in

580 3764 702 3806 eam
757 3751 1063 3809 libertatem
1104 3771 1224 3812 sese
1270 3773 1462 3814 onmes
1507 3773 1753 3816 asserere
1795 3761 2154 3827 conabantur,

580 3857 742 3913 quam
770 3843 838 3899 ab
878 3845 1032 3901 initio
1062 3849 1291 3904 condita:
1332 3859 1597 3905 creatura:
1632 3867 1661 3906 a
1694 3851 1886 3921 primis
1916 3852 2158 3921 parenti-

574 3935 677 3991 bus
725 3952 785 3992 se
823 3939 1157 3995 contraxisse
1222 3940 1506 4007 dicebant,
1576 3942 1890 4014 ignorantes
1942 3945 2155 4014 peccati

573 4025 744 4083 fuisse
789 4028 1042 4083 meritum
1073 4031 1410 4087 servitutem.
1441 4031 1575 4087 Hinc
1601 4033 1765 4087 etiam
1804 4035 2153 4104 sequebatur,

579 4118 723 4187 quod
750 4119 978 4174 minoris
1017 4119 1306 4188 majorisve
1343 4122 1489 4176 nulla
1531 4134 1678 4178 esset
1722 4124 2031 4189 distinctio,
2062 4125 2155 4179 sed

581 4209 765 4277 potius
795 4208 1065 4275 confusio,
1090 4225 1209 4278 qum
1239 4225 1419 4265 rerum
1450 4227 1716 4266 summam
1747 4228 1866 4282 qua:
1892 4228 2037 4269 nunc
2066 4228 2156 4267 su-

575 4297 847 4367 periorum
866 4296 1230 4353 moderamine
1243 4315 1306 4354 ac
1322 4301 1657 4368 ministerio,
1672 4312 1890 4358 auctore
1905 4304 2153 4371 Domino,

576 4390 803 4458 regitur,
840 4388 989 4443 brevi
1023 4397 1263 4459 tempore
1309 4392 1551 4446 traheret
1597 4393 1650 4446 in
1684 4394 1917 4448 ruinam.
1949 4394 2156 4452 Conse-

576 4486 805 4549 quenter
844 4479 1013 4535 etiam
1047 4481 1224 4536 omnis
1263 4481 1378 4537 sive
1409 4481 1627 4551 politica
1652 4523 1667 4549 ,
1698 4483 1811 4538 sive
1852 4484 2152 4551 catholica,

578 4570 634 4626 in
664 4572 812 4641 pacis
843 4573 1090 4627 humanae
1132 4583 1186 4627 et
1234 4572 1426 4628 salutis
1466 4575 1765 4630 animarum
1813 4576 2152 4647 dispendium

577 4664 799 4720 daretur
849 4667 899 4720 in
946 4666 1327 4722 exterminium
1370 4668 1687 4739 disciplina;
1735 4677 1824 4737 et,
1871 4686 1989 4740 qua!
2038 4671 2150 4726 sola

578 4753 821 4808 carnalia
869 4763 1118 4809 astruunt
1142 4795 1157 4821 ,
1190 4756 1423 4813 hmreses
1466 4758 1821 4827 pullularent,
1852 4761 2036 4830 vigore
2064 4775 2155 4816 ec-

579 4844 886 4901 clesiastico
914 4847 1316 4903 succumbente.
1342 4847 1533 4904 Postea
1565 4850 1685 4913 ista,
1722 4851 1847 4906 licet
1868 4851 2153 4921 plerosque

576 4934 763 4991 Galliae
785 4936 939 5002 lines,
967 4945 1197 4992 tractum
1222 4944 1401 4993 tamen
1426 4937 1955 4996 Antissiodorensem
1981 4946 2036 4995 et
2063 4940 2154 4995 Bi-

580 5024 815 5079 turicum
844 5025 1088 5094 ﬁnesque
1127 5025 1452 5097 Burgundize
1497 5028 1657 5083 latius
1695 5040 1936 5100 coeperat
1961 5044 2151 5100 perva-

579 5113 718 5183 gari,
750 5123 805 5167 et
825 5114 936 5184 jam
973 5115 1026 5169 in
1061 5124 1266 5171 tantam
1294 5126 1618 5187 proruperat
1661 5120 1926 5174 insaniam
1961 5131 2020 5174 ut
2045 5121 2157 5176 col-

579 5205 706 5262 latis
731 5206 935 5262 viribus
966 5210 1199 5278 prompti
1236 5217 1417 5264 essent
1463 5217 1761 5266 assertores
1786 5212 1964 5282 gladio
1995 5212 2160 5268 Iiber-

579 5305 746 5353 tatem
778 5299 881 5355 sibi
931 5301 1249 5371 degenerem
1291 5300 1589 5357 vindicare.
1636 5301 1838 5359 Contra
1872 5304 2012 5358 hanc
2045 5302 2155 5360 for-

580 5388 891 5445 midabilem
937 5390 1336 5463 pestilentiam,
1367 5407 1487 5461 quae
1521 5394 1867 5455 nonblandis
1899 5396 2156 5451 exhorta-

579 5476 818 5533 tionibus
843 5479 937 5534 sed
988 5480 1267 5551 immensis
1288 5492 1406 5537 erat
1436 5483 1718 5537 conatibus
1740 5486 2153 5555 compescenda,

579 5566 867 5637 episc0pus
895 5578 1042 5625 tanto
1066 5572 1363 5629 animosius
1393 5589 1453 5630 se
1483 5574 1752 5640 accinxit,
1787 5583 1990 5645 quanto
2019 5576 2152 5631 ube-

578 5658 691 5712 rius
722 5658 773 5712 in
801 5675 896 5715 sua
923 5663 1144 5719 dioecesi
1177 5674 1232 5721 et
1262 5667 1315 5721 in
1333 5665 1473 5721 villis
1486 5666 1602 5735 ejus
1627 5667 1858 5737 propriis
1916 5669 2151 5723 maxime

575 5746 824 5817 palmites
863 5765 990 5808 suos
1006 5756 1356 5822 extendebat;
1383 5758 1705 5826 veniensque
1729 5796 1743 5821 ,
1768 5753 1927 5826 prout
1954 5759 2154 5827 negotii

579 5837 908 5910 deposcebat
945 5845 1268 5914 necessitas,
1323 5848 1376 5903 in
1438 5847 1778 5905 multitudine
1823 5856 2153 5906 armatorum

2181 4616 2232 4675 D

2256 3386 2448 3441 dienda
2474 3393 2529 3442 et
2558 3384 2981 3441 administranda
3014 3386 3376 3457 episcopalia,
3408 3384 3681 3456 specialiter
3700 3396 3769 3434 vo-

2255 3489 2490 3536 caretur.
2514 3477 2643 3546 Quae
2673 3479 2921 3535 videlicet
2950 3486 3062 3536 toto
3087 3480 3394 3536 vocationis
3418 3490 3638 3551 tempore
3663 3472 3769 3531 rcin

2255 3571 2543 3643 magnifice
2571 3578 2627 3625 et
2647 3578 2916 3641 potenter.

2257 3685 2518 3752 Qttaliter,
2534 3685 2655 3740 sede
2681 3685 2987 3749 vacante,in
3014 3684 3369 3740 Senonensem
3393 3682 3768 3752 archiepiscopum

2644 3755 2938 3825 postulatus
2967 3766 3074 3821 est,
3095 3755 3191 3809 sed
3220 3755 3442 3823 frustra.

2325 3844 2590 3901 Defuncto
2615 3845 2771 3900 bona:
2813 3845 3088 3900 memoria:
3138 3844 3401 3899 Michaele
3431 3838 3770 3909 archiepiscopo

2256 3934 2575 4001 Senonensi,
2617 3935 2874 3991 concordi
2906 3935 3147 3990 omnium
3184 3949 3451 3991 consensu
3501 3940 3551 3989 et
3589 3927 3703 4001 votis
3719 3924 3767 3978 ob

2254 4026 2509 4098 praeclara
2533 4041 2643 4081 suae
2668 4027 2949 4096 probitatis
2974 4027 3201 4098 insignia
3231 4028 3301 4082 ad
3330 4027 3557 4098 regimen
3576 4016 3770 4077 Ecclesia:

2255 4117 2584 4174 Senonensis
2605 4117 2908 4183 asciscitur,
2924 4125 2978 4173 et
3002 4117 3138 4187 apud
3167 4117 3350 4174 sedem
3376 4113 3708 4187 apostolicam,
3728 4112 3770 4156 ut

2255 4210 2320 4266 de
2366 4209 2823 4265 Antissiodorcnsi
2859 4208 3272 4274 transferretur,
3306 4211 3373 4265 ad
3404 4224 3519 4264 eam
3545 4207 3605 4260 ab
3633 4198 3768 4257 omni-

2253 4300 2355 4355 bus
2386 4300 2779 4371 postulabatur.
2814 4299 2919 4355 Sed
2950 4300 3295 4355 lnnocentius
3327 4300 3536 4364 tertius,
3578 4292 3655 4366 qui
3677 4300 3769 4344 ιυηθ

2254 4393 2448 4464 agebat
2476 4392 2528 4446 in
2551 4399 2768 4462 papatu,
2800 4391 2881 4444 vir
2911 4390 3124 4461 quidem
3154 4390 3443 4449 voluntatis
3478 4386 3680 4461 propria:
3703 4380 3769 4434 de

2252 4485 2367 4541 bito
2397 4483 2535 4540 forte
2566 4483 2683 4554 plus
2713 4483 3027 4552 plerumque
3056 4492 3258 4538 motum
3290 4497 3542 4553 sequens,
3590 4471 3769 4532 transla-

2260 4574 2459 4630 tionem
2516 4574 2685 4644 ipsius
2725 4589 2822 4645 pro
2871 4590 2968 4630 suo
2997 4574 3220 4629 arbitrio
3245 4573 3547 4644 impedivit,
3597 4576 3647 4623 ut
3686 4575 3767 4618 ma-

2256 4667 2484 4738 gistrum
2511 4674 2568 4722 et
2606 4666 2758 4736 quasi
2802 4667 3125 4721 nutritorem
3174 4682 3330 4722 suum
3361 4667 3416 4721 in
3440 4662 3638 4723 scholis,
3674 4655 3766 4710 duul

2254 4764 2399 4812 esset
2448 4756 2501 4810 in
2548 4755 2795 4822 Francia,
2840 4757 3155 4826 magistrum
3208 4756 3457 4813 videlicet
3495 4753 3686 4809 Petrum
3720 4743 3769 4796 de

2255 4846 2527 4912 Corholio,
2558 4849 2612 4903 in
2635 4848 2719 4902 illa
2743 4847 3029 4918 proliceret
3048 4847 3304 4911 Ecclesia,
3343 4846 3425 4901 vel
3447 4845 3612 4916 potius
3641 4840 3750 4891 intr"

2256 4938 2441 5003 deret,
2485 4940 2648 4994 etiam
2688 4940 2953 4995 renitente
2979 4939 3236 5010 capitulo.
3278 4938 3430 5007 Quod
3480 4946 3532 4992 et
3568 4930 3693 4993 fecit,
3728 4929 3767 4976 οι

2255 5030 2667 5102 postulationem
2708 5030 2908 5085 factam
2958 5031 3025 5086 de
3068 5030 3358 5101 episcopo,
3408 5043 3509 5083 non
3555 5033 3649 5079 tam
3675 5018 3769 5087 iure

2259 5137 2417 5191 quam
2449 5120 2720 5175 voluntate
2765 5121 3002 5191 propria,
3052 5121 3096 5175 si
3127 5119 3208 5174 fas
3238 5131 3321 5174 est
3346 5119 3540 5184 dicere,
3581 5126 3672 5167 non
3696 5103 3766 5158 πάν

2257 5211 2443 5279 misit;
2494 5211 2679 5282 sicque
2723 5211 2902 5265 divina
2938 5210 3247 5266 estfactum
3277 5205 3613 5279 providentia.

2256 5297 2495 5355 Ecclesia
2526 5300 3029 5365 Antissiodorensis,
3082 5315 3203 5354 cum
3236 5314 3339 5369 qua
3370 5292 3605 5354 connubii
3630 5286 3767 5381 spirl'

2259 5391 2420 5448 tualis
2469 5390 2642 5445 foedus
2681 5390 3051 5455 contraxerat,
3096 5404 3428 5460 nequaquam
3471 5382 3595 5440 tanti
3630 5377 3767 5443 Patris

2257 5481 2486 5540 divortio
2510 5482 2666 5538 vidua
2697 5492 3019 5538 remaneret.

2495 5572 2573 5647 De
2599 5576 2916 5628 ornamentis
2937 5591 3053 5646 qua:
3082 5573 3300 5630 contulit
3331 5572 3569 5628 ecclesiis.

2325 5664 2578 5720 Ecclesiae
2601 5681 2711 5720 suae
2734 5666 3188 5721 Antissiodorensi
3222 5680 3423 5736 pannos
3442 5658 3569 5718 duos
3602 5655 3762 5713 sericos

2257 5756 2522 5827 pretiosos
2562 5766 2614 5811 et
2659 5757 2975 5826 quantitatis
3003 5758 3295 5823 immensae,
3341 5756 3427 5827 qui
3451 5755 3513 5808 de
3555 5740 3761 5805 Mirum“

2261 5858 2657 5921 nuncupantur,
2713 5850 2940 5909 contulit
2985 5850 3050 5906 ad
3094 5862 3388 5916 ornatum;
3446 5842 3766 5903 creditumque
