3918 6316
143 473 224 530 ειη

1026 475 1113 529 DE
1153 473 1395 530 GESTIS
1436 472 1646 529 EPISC.
1682 473 2056 532 ANTISSIOD.
2093 509 2160 517 —
2200 477 2375 534 PARS
2403 478 2437 532 l.

3251 481 3356 535 52*]

141 587 262 654 quod
304 583 580 657 imaginem
618 584 871 640 Crucifixi
918 586 1286 655 cooperuisset
1337 596 1582 658 argento,
1631 596 1685 643 et
1714 574 1757 628 Α
1789 587 1986 642 indicia
2028 591 2217 643 mortis
2261 606 2407 655 suae,
2452 606 2570 661 quae
2608 590 2830 646 Domino
2875 593 2950 647 sic
2983 593 3211 659 volente,
3243 611 3351 652 non

139 678 259 746 quod
285 676 487 731 deesset
517 675 653 730 ultra
682 675 1090 730 aestimationem
1135 677 1313 730 crucis
1352 691 1529 731 aureae
1550 677 1682 730 dua-

139 781 237 818 rum
257 779 568 830 marearum,
622 773 676 818 et
705 765 840 818 ultra
871 765 1089 834 triginta
1123 780 1340 820 marcas
1368 766 1436 821 ad
1463 765 1561 820 hoc
1585 766 1679 820 de-

138 866 342 928 putatas,
383 871 517 926 quas
547 857 867 927 quandoque
886 858 956 912 ob
985 872 1112 912 suas
1152 857 1504 912 necessitates
1529 871 1682 911 acce-

137 956 283 1014 perat,
313 947 700 1000 restitutionem
731 947 783 1000 in
823 945 1060 1000 futurum
1098 962 1284 1002 earum
1324 963 1444 1000 cum
1492 961 1686 1018 supcr-

136 1034 430 1089 abundantia
454 1036 848 1104 repromittens,
869 1037 1222 1106 supplevisset
1249 1038 1314 1092 de
1355 1053 1484 1102 suo;
1507 1037 1600 1093 sed
1629 1046 1686 1094 et

136 1125 218 1178 hoc
258 1131 308 1176 et
335 1123 729 1178 restitutionem
776 1125 1096 1194 promissam
1152 1140 1300 1180 mors
1348 1126 1683 1195 praeveniens

135 1212 398 1282 impedivit.
437 1211 585 1266 Unde
613 1221 668 1267 et
695 1211 852 1281 hujus
865 1229 1004 1269 onus
1025 1213 1189 1270 debiti
1219 1215 1286 1268 ad
1317 1228 1445 1270 suos
1471 1228 1684 1272 succes-

134 1321 260 1360 sores
284 1305 600 1360 transmisit.

240 1395 471 1460 Qualiter
498 1395 723 1464 formam
746 1405 796 1476 _et
823 1396 1239 1479 situutoecclesia’
1275 1399 1328 1453 in
1360 1397 1547 1455 melius

739 1478 1049 1520 tmmutavtt.

186 1573 406 1641 Qualiter
435 1574 702 1630 fenestras
725 1577 776 1631 in
810 1575 986 1632 fronte
1009 1579 1207 1633 veteris
1234 1575 1414 1648 Operis
1439 1578 1682 1636 ecclesia:

132 1681 180 1718 ac
203 1666 388 1720 vitreas
416 1665 746 1732 dilataverit,
767 1676 826 1720 ut
843 1668 1092 1730 ecclesia,
1121 1684 1240 1738 quae
1268 1683 1413 1723 more
1433 1677 1678 1724 veterum

131 1771 268 1823 usque
301 1763 421 1810 tunc
451 1754 628 1809 fuerat
655 1756 1002 1821 subobscura,
1044 1759 1095 1810 iu
1141 1758 1312 1812 lueeau
1345 1759 1682 1814 claresceret

132 1843 406 1912 ampliorem
441 1859 454 1896 :
485 1844 720 1913 qualiter
767 1845 956 1898 altaria
1007 1848 1130 1909 duo,
1169 1863 1287 1916 qua:
1325 1848 1374 1901 iu
1421 1848 1680 1904 lateribus

1782 678 1952 732 solum
1979 677 2182 744 Romae,
2199 680 2287 732 ubi
2305 681 2656 736 decumbebat
2682 682 2948 746 infirmus,
2967 698 3151 737 verum
3186 685 3352 740 etiam

1780 768 1919 836 apud
1947 783 2043 821 nos
2065 777 2190 822 sunt
2212 769 2450 837 pluribus
2481 769 2775 838 propalata.
2808 770 3009 825 Triduo
3034 771 3343 840 priusquam

1781 853 2167 924 defungeretur
2190 857 2334 912 circa
2361 857 2534 912 noctis
2557 857 2765 913 initium
2785 899 2800 922 ,
2819 859 3036 927 quando
3062 859 3184 914 lecti
3210 861 3358 916 vide-

1780 944 1904 998 licet
1925 945 1991 999 ad
2013 945 2387 1000 dormiendum
2411 947 2583 1015 parati
2608 945 2744 1002 fessa
2766 947 2946 1002 labore
2967 948 3160 1004 diurno
3187 965 3356 1004 mem-

1779 1033 1878 1088 bra
1909 1033 2174 1089 vocabant
2205 1033 2271 1086 ad
2317 1035 2588 1102 requiem,
2629 1036 2844 1091 auditus
2882 1047 2964 1092 est
3003 1037 3186 1106 fragor
3229 1053 3354 1108 per-

1780 1123 2050 1176 maximus
2079 1137 2144 1176 ac
2177 1123 2220 1176 si
2251 1137 2414 1192 prope
2443 1123 2720 1179 ecclesiam
2743 1125 2802 1180 Β.
2823 1125 3145 1190 Clementis,
3176 1127 3264 1182 ubi
3295 1129 3350 1183 in

1783 1212 2021 1281 hospitio
2073 1213 2420 1277 morabatur,
2467 1213 2679 1283 aliquod
2727 1215 2792 1270 de
2834 1217 3070 1286 antiquis
3116 1218 3356 1274 aedificiis

1781 1300 2026 1356 funditus
2050 1302 2364 1357 corruisset.
2394 1303 2565 1356 Εκοίιὶ
2592 1313 2714 1358 sunt
2736 1304 2948 1376 fragore
2989 1307 3272 1376 cpiscopus
3298 1319 3353 1362 et

1781 1391 1885 1450 sui,
1913 1400 1969 1445 et
1993 1391 2044 1445 in
2078 1393 2315 1446 crastino
2338 1408 2434 1461 per
2455 1393 2752 1448 servientes
2779 1411 2925 1462 suos,
2950 1412 3154 1450 necnon
3179 1406 3231 1452 et
3261 1414 3356 1468 per

1779 1480 2102 1551 semetipsos
2129 1483 2458 1551 perscrutari
2489 1498 2725 1551 coepere,
2750 1485 2966 1539 ubinam
3000 1485 3188 1541 fuisset
3219 1490 3354 1541 tanti

1782 1571 2014 1642 fragoris
2050 1573 2244 1637 ruina,
2289 1589 2406 1642 qua:
2447 1574 2526 1628 sic
2558 1589 2588 1628 e
2629 1575 2802 1630 vicino
2846 1577 2956 1631 visa
3007 1576 3183 1632 fuerat
3235 1593 3356 1633 cora

1783 1665 1956 1721 ruisse
1981 1681 1996 1728 ;
2028 1665 2120 1721 sed
2147 1679 2248 1720 nec
2277 1665 2432 1735 longe
2470 1680 2567 1719 nec
2592 1681 2756 1736 prope
2783 1667 2833 1720 in
2868 1676 2978 1722 tota
3009 1669 3142 1723 urbe
3169 1669 3356 1724 audire

1780 1754 1866 1808 vel
1893 1756 2198 1824 comperire
2223 1764 2516 1825 potuerunt
2544 1754 2710 1812 fuisse
2735 1756 2946 1810 ruinam
2979 1758 3062 1811 vel
3084 1756 3352 1828 fragorem

1783 1846 2044 1901 auditum.
2078 1846 2156 1900 Ex
2205 1861 2271 1901 eo
2318 1856 2556 1915 tempore
2597 1847 2761 1918 empit
2812 1849 3094 1919 episcopus
3141 1849 3207 1904 de
3253 1859 3354 1904 suo

130 1933 332 1989 ecclesia:
381 1936 708 1991 altrinsecus
761 1937 828 1990 ab
866 1938 1124 1992 anteriori
1159 1950 1334 2008 parte,
1391 1939 1478 1994 nbi
1524 1942 1681 1996 modo
1715 1933 1754 1990 Β
1785 1939 1934 1993 exitu
1966 1939 2229 2008 suspicari
2260 1939 2374 2008 ipsa
2403 1948 2580 2003 nocte,
2617 1939 2701 1995 vel
2727 1939 2792 1992 de
2819 1955 2984 2010 pmpe
3007 1956 3112 2010 qua
3145 1941 3196 1995 in
3220 1941 3354 1996 urbe

129 2036 267 2096 portae
289 2027 628 2082 collaterales
654 2028 912 2088 existunt.
957 2031 1130 2099 posita
1161 2031 1564 2100 amplitudinem
1593 2047 1680 2087 cc-

131 2117 273 2171 clesite
293 2134 390 2172 non
419 2119 694 2172 modicum
726 2121 1073 2174 coarctahant
1095 2161 1109 2183 ,
1141 2123 1445 2179 removerit.
1470 2131 1678 2191 portas-

131 2223 211 2276 que
245 2210 561 2274 extraxerit,
610 2225 728 2280 qua:
753 2226 893 2266 nunc
925 2226 1092 2280 usque
1137 2213 1428 2280 perdurant
1456 2230 1467 2265 :
1509 2213 1680 2282 quali-

132 2311 196 2355 ter
212 2303 507 2367 ecclesiam,
563 2319 682 2373 qua:
709 2304 860 2358 valde
890 2306 1175 2360 demissior
1203 2306 1488 2367 existebat,
1528 2315 1672 2361 terra

131 2389 289 2461 injecta
343 2395 470 2464 rcpl.
497 2396 657 2457 verit,
706 2404 758 2450 et
805 2397 1162 2464 pavimentari
1192 2397 1378 2452 fecerit
1421 2401 1486 2451 ad
1524 2401 1682 2454 deco-

131 2495 237 2547 rem,
282 2491 534 2554 tectoque
563 2501 627 2538 ac
676 2483 934 2541 lateribus
963 2488 1325 2542 nobilitaverit
1353 2489 1403 2542 iu
1453 2489 1680 2544 immen-

132 2586 243 2637 sum,
273 2576 554 2646 multaque
601 2577 702 2631 alia
745 2577 1074 2648 hujusmodi,
1113 2595 1203 2635 seu
1234 2580 1436 2649 majora
1471 2596 1590 2649 qum
1626 2581 1677 2635 in

132 2663 400 2734 episcopatu
447 2667 626 2737 gessit
657 2667 862 2722 utiliter
889 2680 983 2724 aut
1027 2671 1340 2740 prudenter,
1389 2671 1679 2742 explanare

131 2755 514 2822 supersedemus
553 2755 616 2810 ad
671 2773 925 2826 praesens,
975 2775 1042 2813 ne
1067 2759 1192 2813 dum
1239 2775 1324 2826 ea,
1369 2761 1452 2813 vel
1502 2762 1679 2816 minus

131 2842 258 2908 plane
279 2844 629 2910 audierimus,
661 2845 744 2899 vel
777 2847 954 2900 audita
976 2887 991 2913 ,
1016 2847 1228 2903 labente
1250 2849 1528 2917 memoria,
1572 2864 1677 2905 non

130 2935 243 2987 sicut
266 2945 384 2990 sunt
410 2937 823 3004 retinuerimus,
852 2955 882 2993 a
928 2941 1173 2995 veritatis
1199 2943 1414 2997 tramite
1444 2944 1678 3000 decline-

131 3040 244 3097 mus,
272 3028 424 3084 dubia
452 3042 769 3085 asserentes
795 3047 891 3102 pro
919 3033 1080 3088 veris.

133 3135 285 3195 Delus
321 3160 435 3212 qua:
469 3143 697 3220 contulit
723 3146 968 3220 capitulo
991 3149 1060 3201 ad
1080 3166 1273 3220 panem
1309 3151 1673 3220 quotidianum

593 3217 819 3269 ccclesiw
847 3227 894 3270 et
937 3219 1000 3271 de
1034 3218 1173 3272 aliis.

184 3299 405 3372 Capitqu
443 3306 519 3359 ad
567 3322 756 3376 panem
805 3309 1173 3378 quotidianqu
1201 3311 1396 3367 Oisiaci
1443 3314 1670 3386 benigna
1701 3278 1744 3340 C

131 3392 411 3454 liberalitate
451 3399 728 3454 concessit
770 3409 824 3454 et
871 3411 1084 3455 centum
1115 3403 1314 3458 solidos
1355 3403 1408 3458 in
1446 3405 1673 3461 ecclesia

131 3485 173 3538 S.
202 3487 377 3555 Prisci,
400 3491 503 3560 qni
527 3491 750 3560 singulis
779 3493 933 3548 annis
963 3493 1015 3548 in
1043 3493 1157 3563 ejus
1198 3497 1572 3553 anniversario
1597 3497 1674 3552 di-

128 3574 360 3633 viduutur.

154 3689 216 3744 De
235 3709 288 3745 eo
311 3697 451 3758 quod
490 3693 703 3748 Romam
727 3697 987 3767 profectus
1015 3708 1089 3753 est
1112 3741 1126 3762 ,
1153 3710 1200 3754 et
1224 3700 1288 3754 de
1310 3711 1472 3756 morte
1499 3703 1634 3768 eius.

179 3799 394 3859 Tandem
445 3807 657 3861 devota:
705 3812 1151 3878 peregrinationis
1188 3819 1378 3879 gratia,
1423 3815 1670 3868 ctutalio

124 3902 205 3955 qua
250 3891 379 3948 forte
430 3896 651 3964 negotia
680 3936 692 3958 ,
743 3911 860 3965 qua:
906 3909 1262 3969 conceperat,
1307 3912 1666 3971 promoveret,

125 3976 314 4036 Romam
345 3988 504 4050 adiit,
535 3987 622 4039 ubi
654 3987 723 4040 ab
751 3989 1056 4045 Innocentio
1088 4007 1220 4060 papa
1263 3993 1325 4046 lll
1364 3996 1669 4062 supradicto

125 4070 380 4130 bonoritice
409 4086 504 4130 est
549 4086 813 4146 rem'ptus.
840 4077 944 4134 Sed
975 4080 1144 4135 valida
1171 4083 1353 4136 statim
1390 4098 1670 4154 correptus

121 4165 400 4232 egritudine
431 4165 577 4222 infra
629 4169 810 4222 decem
858 4169 971 4224 dies
1016 4181 1133 4240 post
1181 4171 1296 4240 ejus
1345 4173 1665 4243 ingressum,

123 4255 197 4320 ibi,
215 4259 342 4328 apud
369 4267 622 4314 sanctqu
650 4259 976 4315 Clemcntcn.
1001 4261 1266 4326 videlicet,
1292 4263 1541 4320 humana:
1569 4266 1662 4320 de-

121 4343 260 4402 bitum
281 4349 609 4406 conditionis
635 4351 886 4413 exsolvit,
903 4361 956 4405 et
985 4351 1037 4405 in
1068 4353 1294 4408 ecclesia
1319 4353 1666 4412 Lateraneusi

122 4433 169 4490 Β.
209 4435 456 4506 Joannis,
507 4455 628 4509 quae
670 4440 1115 4495 Constantiniana
1161 4443 1399 4509 dicitur,
1449 4443 1668 4499 domino

122 4540 357 4594 prreseute
382 4550 523 4604 papa
565 4542 620 4588 ct
665 4534 1047 4599 eardinalibus,
1078 4534 1426 4590 honorificam
1470 4537 1666 4591 meruit

122 4623 419 4690 sepulturam
457 4627 600 4679 inter
636 4626 851 4695 papales
887 4625 1192 4697 pyramides
1225 4624 1494 4680 humiliori
1541 4626 1666 4682 licet
1696 4649 1742 4708 υ

123 4715 391 4776 niausoleo,
451 4715 680 4770 honesto
708 4727 881 4770 tamen
923 4723 975 4768 et
1004 4729 1306 4770 marmoreo
1349 4715 1662 4783 collocatus,

121 4814 238 4857 anno
265 4805 474 4858 Domini
518 4805 656 4858 19.06
681 4813 860 4868 sexto,
889 4805 942 4858 in
973 4805 1108 4858 festo
1129 4803 1270 4858 beati
1303 4803 1507 4860 Nicolai
1532 4820 1547 4870 ;
1578 4820 1664 4860 va-

122 4893 339 4964 cavitque
359 4895 706 4965 episcopatus
725 4895 931 4950 duobus
955 4895 1244 4960 mensibus,
1271 4904 1326 4950 et
1351 4894 1508 4965 paulo
1523 4894 1664 4966 plus,

121 4983 295 5038 scilicet
319 5001 489 5054 usque
510 4987 574 5040 ad
600 4995 807 5040 sextam
837 4983 1026 5042 feriam
1076 4996 1196 5056 post
1225 4985 1662 5041 Puriﬁcationcm

119 5069 266 5130 beata!
300 5077 499 5132 Mariae.
547 5079 704 5132 Rexit
747 5088 926 5134 autem
971 5078 1266 5134 Ecclesiam
1294 5094 1445 5133 suam
1488 5094 1663 5134 annos

119 5158 212 5218 fere
228 5165 318 5232 24,
346 5179 606 5238 regnante
633 5170 683 5222 in
709 5169 932 5224 Francia
951 5169 1138 5223 illustri
1159 5183 1281 5239 rege
1301 5167 1547 5238 Philippo
1572 5167 1663 5234 ΙΙΙ,

121 5251 252 5309 Rom.
279 5261 516 5327 pontific.
561 5259 796 5323 Urbano,
818 5259 1003 5325 Lucio,
1027 5259 1318 5322 Clemente,
1348 5258 1661 5323 Caelestino,

120 5342 402 5406 Innocentio
428 5350 513 5407 lli.
545 5352 858 5420 Dimisitque
891 5351 1256 5421 episcopatum
1287 5351 1353 5404 ab
1388 5351 1532 5405 omni
1564 5350 1660 5406 de-

119 5434 326 5493 bitorum
349 5458 514 5498 onere
546 5443 770 5496 liberum
821 5442 1037 5510 penitus
1076 5449 1130 5495 et
1163 5441 1476 5505 immunem,
1505 5455 1660 5495 exceo

122 5527 210 5591 ptis
230 5531 433 5588 duabus
458 5534 649 5588 marcis
672 5534 787 5587 auri
820 5534 886 5589 de
909 5549 1090 5599 cruce,
1115 5543 1169 5588 et
1197 5533 1413 5604 triginta
1433 5532 1661 5601 argenti,

122 5615 176 5669 de
195 5621 380 5688 quibus
407 5625 647 5694 superius
677 5624 902 5680 fecimus
924 5625 1273 5689 mentionem,
1302 5622 1572 5693 deputatis
1595 5621 1662 5676 ad

121 5711 500 5784 cooperieudam
533 5716 820 5786 imaginem
847 5715 1122 5770 Crucifixi.

551 5827 626 5882 De
657 5830 819 5899 signis
857 5842 1037 5882 morm
1072 5845 1202 5883 sum.

185 5927 331 5999 οἶδατί
361 5939 604 6005 Ρῖτεεριιιί
647 5940 879 6010 adjicere
907 5942 1124 6012 dignum
1158 5941 1406 5995 duximus
1437 5939 1588 6011 signa
1617 5948 1672 5996 et

1782 2031 2021 2085 Romana
2062 2029 2315 2102 migravit
2339 2045 2368 2084 a
2403 2043 2663 2098 corpore,
2695 2031 2834 2101 apud
2878 2033 3080 2102 regium
3113 2047 3349 2097 amnem,

1781 2121 2030 2176 videlicet
2057 2121 2274 2176 domum
2304 2119 2662 2190 episcopalem
2693 2121 2940 2176 cominus
2968 2121 3102 2176 aulae
3133 2120 3355 2176 inferio-

1782 2213 1877 2276 ris,
1906 2224 2199 2280 murusque
2237 2211 2328 2280 qui
2372 2209 2689 2280 pratellum,
2725 2210 2866 2280 quod
2892 2211 3123 2280 adjacet,
3157 2212 3350 2267 dister-

1782 2303 2021 2357 tninabat
2042 2302 2108 2356 ab
2133 2302 2344 2366 lcauna,
2386 2301 2524 2370 apud
2551 2301 2863 2356 Vaniacum
2892 2303 3030 2356 muri
3055 2303 3348 2372 municipii,

1780 2408 1914 2463 quos
1956 2393 2172 2457 fecerat,
2212 2408 2277 2447 ac
2322 2393 2366 2447 si
2409 2393 2610 2447 vellent
2661 2393 2920 2447 commori
2976 2393 3192 2448 domino
3239 2410 3354 2447 mo-

1780 2489 1964 2554 rienti,
1996 2503 2092 2556 pro
2135 2499 2284 2558 parte
2315 2488 2490 2556 aliqua
2534 2497 2873 2542 corruerunt.
2907 2489 3122 2545 Eisdem
3163 2491 3351 2546 diebus

1779 2577 2085 2646 Stephanus
2113 2579 2176 2632 de
2209 2579 2266 2631 S.
2313 2578 2594 2632 Salvatore
2626 2577 3148 2644 Autissiodurensis,
3189 2595 3351 2634 cauo-

1779 2667 1932 2722 nicus
1967 2677 2022 2722 et
2055 2667 2279 2722 saerista
2311 2709 2325 2731 ,
2375 2677 2429 2722 et
2477 2668 2646 2738 ipsius
2693 2667 2931 2738 episcopi
2975 2671 3352 2725 commcnsalis

1779 2759 1917 2830 apud
1948 2758 2376 2813 Autissiodorum
2426 2769 2667 2813 extrema
2709 2759 3022 2828 tegritudine
3059 2760 3348 2816 decumbe.

1776 2847 1886 2904 bat.
1919 2847 2016 2903 (lui
2044 2850 2329 2919 episcopus
2384 2863 2488 2903 non
2539 2848 2592 2902 in
2643 2849 2906 2915 somniis,
2955 2851 3047 2905 sed
3093 2851 3349 2921 vigilante

1775 2941 1974 3011 potius,
2005 2949 2060 2995 et
2087 2942 2152 2995 de
2182 2939 2287 3003 die,
2318 2939 2433 3011 ipso
2475 2939 2562 2994 die
2601 2939 2789 2993 mortis
2823 2954 2931 2994 sua:
2951 2981 2966 3006 ,
2996 2940 3134 2996 sicut
3164 2952 3348 3011 postea

1777 3039 2110 3101 compertum
2133 3040 2233 3096 est,
2267 3032 2320 3086 in
2344 3033 2547 3088 visione
2578 3030 3058 3089 vcistmanilestus
3081 3035 3347 3106 apparuit,

1779 3124 1917 3177 inter
1945 3122 2047 3177 alia
2085 3121 2269 3177 dicens
2299 3121 2378 3176 ei:
2423 3121 2579 3187 Veni,
2625 3137 2884 3191 sequere,
2927 3122 3052 3193 quia
3097 3139 3195 3195 ego
3238 3125 3348 3195 jam

1776 3211 2047 3284 prmcessi.
2081 3209 2426 3281 Stupefaetus
2454 3211 2660 3266 visione
2692 3211 2958 3267 horrenda
3003 3223 3161 3268 vocat
3197 3229 3346 3280 suos,

1775 3304 1867 3376 qui
1895 3303 2078 3358 statim
2106 3319 2135 3356 a
2158 3319 2372 3358 camera
2432 3303 2518 3358 ubi
2547 3303 2798 3373 jacebant
2830 3303 3026 3358 infirmi
3083 3305 3349 3360 discesse-

1774 3408 1914 3453 rant.
1952 3397 2272 3452 Sciscitatur
2315 3397 2357 3450 si
2405 3395 2659 3451 vidissent
2709 3395 3017 3465 episcopum
3060 3397 3127 3452 ab
3157 3397 3347 3453 itinere

1773 3489 2018 3543 Romano
2068 3502 2368 3543 reversum.
2413 3486 2758 3541 Admirantcs
2797 3487 2938 3542 unde
2966 3486 3090 3541 talia
3121 3488 3346 3554 diceret,

1771 3579 2022 3634 dixerunt
2070 3578 2380 3648 episcopum
2425 3577 2660 3632 nondum
2703 3578 2944 3648 potuisse
2974 3582 3192 3636 reverti.
3223 3582 3350 3649 Qui-

1771 3673 1868 3728 bus
1899 3671 1986 3726 ille
2009 3689 2021 3724 :
2043 3671 2202 3726 Certe
2242 3671 2399 3725 modo
2441 3670 2569 3724 hinc
2595 3669 2870 3736 decessit,
2901 3681 2956 3727 et
3001 3674 3348 3731 vehementer

1771 3762 2010 3816 admiror
2034 3762 2175 3831 quod
2201 3777 2320 3816 eum
2344 3777 2446 3815 non
2479 3760 2706 3815 vidistis.
2731 3760 3064 3832 Omnemquc
3084 3765 3148 3819 iis
3164 3767 3349 3835 pandit

1769 3867 1833 3906 ex
1856 3853 2045 3906 ordine
2068 3851 2348 3906 visionem.
2367 3851 2430 3904 Et
2446 3849 2584 3904 infra
2605 3851 2836 3905 triduum
2855 3865 2971 3921 post
2989 3865 3214 3910 mortem
3234 3858 3350 3924 epi-

1769 3943 1916 4012 scopi
1952 3942 2056 3996 vita
2086 3941 2316 4005 decedit,
2345 3942 2716 4010 episcoporum
2744 3951 3020 3996 vocantem
3055 3945 3120 3996 ad
3169 3953 3346 4001 trans-

1769 4031 1924 4096 itum,
1942 4046 2048 4101 quo
2066 4038 2409 4101 praecesserat
2427 4029 2762 4086 subsecutus.
2787 4030 3104 4087 Eustacliius
3127 4035 3347 4088 canoni-

1768 4138 1864 4178 cus
1901 4123 2172 4188 similiter,
2196 4129 2249 4175 et
2284 4121 2664 4177 commensalis
2689 4121 2856 4190 ipsius
2883 4123 3142 4192 episcopi,
3167 4125 3256 4194 qui
3291 4134 3347 4180 et

1767 4217 2104 4285 postmodum
2127 4214 2353 4270 saerista
2383 4213 2554 4268 factus
2573 4223 2678 4278 est,
2703 4215 2830 4268 dum
2854 4215 2906 4268 in
2931 4224 3102 4269 stratu
3127 4232 3223 4271 suo
3243 4223 3345 4272 sub

1767 4306 1966 4360 eisdem
1983 4305 2171 4360 diebus
2183 4304 2504 4376 quiesceret,
2535 4303 2667 4359 vidit
2688 4305 2738 4359 in
2758 4305 2960 4360 somnis
2981 4321 3146 4360 unum
3169 4308 3235 4362 de
3256 4324 3343 4363 so-

1768 4395 1868 4450 ciis
1881 4394 2138 4465 episcopi,
2153 4410 2312 4464 quem
2330 4409 2511 4449 secum
2533 4394 2756 4448 Romam
2774 4395 3020 4461 duxerat,
3038 4397 3340 4453 venientem

1766 4485 1833 4539 ad
1875 4500 1932 4540 se
1962 4484 2106 4538 vultu
2153 4483 2488 4538 subobducto
2515 4492 2567 4537 et
2607 4483 2768 4536 tristi.
2822 4483 2917 4538 Cui
2963 4490 3341 4554 percontanti,

1769 4588 1866 4629 cur
1895 4588 2018 4628 eum
2043 4581 2220 4627 erecta
2256 4573 2388 4627 facie
2413 4587 2516 4626 non
2549 4573 2843 4642 respiceret
2872 4584 2926 4627 ct
2952 4591 3166 4642 serena,
3193 4579 3341 4632 brevi

1772 4669 2048 4738 respondit
2071 4667 2364 4722 versiculo:
2390 4667 2482 4722 Est
2508 4683 2672 4737 prope
2696 4684 2856 4730 mors,
2887 4671 3052 4738 pestis
3075 4683 3342 4744 prompta,

1772 4768 1978 4814 remota
2011 4759 2178 4814 salus.
2222 4758 2394 4826 Quam
2440 4759 2699 4814 visionem
2746 4761 3023 4816 revolvens
3053 4763 3102 4816 in
3131 4765 3341 4834 animo,

1772 4849 1900 4907 licet
1946 4850 2077 4906 nihil
2125 4850 2300 4906 adhuc
2348 4852 2414 4906 de
2454 4859 2626 4906 morte
2669 4852 2905 4923 episcopi
2957 4856 3236 4924 cogitaret,
3279 4874 3344 4915 ac

1771 4943 2015 4998 eamdem
2046 4941 2137 4996 uni
2166 4941 2231 4996 de
2255 4941 2414 4996 sociis
2441 4941 2673 5012 episcopi
2699 4983 2714 5008 ,
2757 4943 2846 5011 qui
2883 4943 3338 5003 Autissiodoreusi

1771 5034 2024 5104 episcopo
2045 5033 2276 5088 abeunte
2303 5042 2694 5099 remanserant,
2720 5036 3142 5096 communicans.
3172 5051 3344 5095 morte

1769 5124 2005 5195 episcopi
2042 5139 2106 5178 ac
2137 5123 2223 5178 die
2265 5124 2453 5177 mortis
2494 5139 2590 5193 per
2627 5126 2844 5180 mmtios
2874 5127 3165 5195 declarata,
3197 5146 3344 5183 eom-

1770 5224 1981 5285 pertum
2032 5213 2240 5280 habuit,
2292 5229 2398 5267 nou
2451 5224 2558 5268 tam
2611 5215 2834 5285 simplex
2882 5219 3140 5281 oumium,
3182 5235 3342 5289 quam

1773 5305 1961 5360 mortis
1981 5304 2094 5374 ejus
2122 5304 2442 5375 praesagium
2464 5305 2749 5359 exstitisse.
2771 5306 2976 5376 Quippe
2994 5325 3116 5363 cum
3143 5310 3255 5379 ipso
3277 5312 3344 5365 de

1769 5395 1916 5449 obitu
1943 5394 2180 5464 episcopi
2214 5392 2403 5449 fuisset
2443 5394 2747 5465 bujusmodi
2775 5397 3028 5452 revelatio
3049 5397 3191 5453 facta
3217 5401 3342 5456 sibi.

1770 5485 1815 5542 0
1845 5486 2018 5539 virum
2052 5485 2420 5556 magnificum,
2449 5483 2600 5553 Cujus
2631 5487 2833 5540 exitum
2861 5487 3130 5542 insensata
3163 5506 3346 5546 sense-

1771 5585 1918 5640 runt,
1943 5585 1997 5631 et
2024 5575 2212 5646 positis
2246 5576 2298 5628 in
2342 5575 2563 5630 remotis
2604 5576 2913 5644 regionibus
2951 5575 3102 5647 plura
3146 5581 3346 5636 revela-

1771 5667 1976 5721 tiouum
2009 5666 2268 5736 prtesagia
2299 5665 2720 5736 prophetabant!
2754 5665 2979 5720 Oremus
3011 5668 3194 5737 igitur,
3221 5673 3347 5726 cha-

1773 5757 2000 5822 rissimi,
2028 5772 2126 5825 pro
2177 5756 2292 5825 ipso
2335 5755 2402 5810 ad
2453 5753 2767 5819 Dominum,
2808 5764 2867 5808 ut
2896 5771 3015 5810 cum
3061 5761 3262 5815 sanctis
3291 5773 3345 5817 et

1775 5845 1963 5901 electis
2018 5846 2134 5914 ejus
2181 5852 2454 5916 perpetua".
2505 5841 2687 5914 gloriae
2744 5854 3013 5901 mereatur
3069 5834 3344 5920 percipere

1779 5935 2101 6006 portionem.
