3918 6316
581 420 687 477 525

961 531 1089 587 CAP.
1120 527 1253 585 LIX.
1280 559 1351 570 —
1380 528 1452 583 De
1478 527 1776 581 Cnilfclmo.

652 627 991 691 Guillermus,
1023 625 1089 679 de
1119 623 1396 678 territorio
1444 620 1925 684 Antissiodorensi,
1974 626 2156 673 castro

585 718 949 790 Scilliguiaco,
974 725 1126 787 patre
1156 713 1457 776 Buchardo,
1483 711 1652 766 fratre
1671 710 1961 765 Deimberti
1985 708 2158 763 domi-

584 829 654 867 uo
677 795 869 881 ejusr'l"
886 824 917 861 n
947 807 1130 869 castri,
1155 805 1273 859 viro
1284 803 1499 873 quidem
1514 801 2152 860 austeritatisirnmensat,

584 905 678 960 sed
726 892 1001 979 fidfztitatis
1042 897 1348 968 prazcipute,
1392 901 1568 947 matre
1606 892 1792 946 Aanor
1829 889 1935 943 tilia
1965 887 2158 942 nobilis

583 995 685 1050 viai
709 980 936 1048 Andreae
957 988 1159 1045 domini
1184 988 1251 1043 de
1278 994 1458 1041 monte
1486 983 1666 1048 Barri,
1684 981 1883 1037 claram
1914 981 1981 1034 ab
2011 990 2160 1033 utro-

584 1100 691 1156 que
727 1083 883 1139 duxit
925 1079 1187 1152 originem
1228 1092 1339 1133 τοι
1381 1085 1534 1146 parte
1580 1074 1754 1144 patris
1784 1069 2160 1140 insuperabilis

584 1173 936 1240 constantia;
961 1185 1028 1225 ex
1052 1178 1201 1240 parte
1221 1168 1411 1222 matris
1434 1165 1556 1218 vita:
1579 1161 1869 1217 sanctioris
1897 1159 2156 1213 existens.

582 1264 709 1320 Fuit
750 1265 894 1320 enim
943 1263 1010 1317 de
1066 1274 1263 1329 genere
1313 1256 1457 1310 illius
1517 1251 1845 1309 sanctissimi
1896 1247 2159 1305 Bernardi

583 1354 1011 1413 Clararvallensis
1057 1350 1267 1406 abbatis
1295 1391 1310 1416 ,
1346 1347 1436 1419 qui
1483 1346 1694 1416 primus
1738 1343 1868 1398 illud
1918 1341 2160 1397 lundavit

585 1447 1007 1507 mouaSterium;
1050 1443 1246 1496 ibidem
1296 1440 1462 1492 abbas
1508 1435 1732 1491 effectus
1778 1442 1873 1495 et,
1922 1433 1989 1487 ob
2036 1432 2160 1487 vita:

583 1540 836 1596 meritum
848 1536 1031 1592 multis
1046 1544 1097 1590 et
1113 1535 1165 1587 in
1179 1534 1283 1587 vita
1303 1531 1435 1599 ejus,
1451 1538 1503 1584 et
1516 1537 1633 1599 post
1646 1536 1871 1582 mortem
1888 1525 2160 1580 miraculis

584 1631 936 1691 declaratum,
989 1624 1319 1697 approbante
1361 1621 1604 1675 Romana
1654 1617 1893 1673 Ecclesia
1941 1617 1995 1669 in
2036 1630 2159 1669 san-

585 1730 793 1776 ctorum
808 1716 1067 1785 catalogo,
1088 1714 1230 1769 velut
1255 1725 1464 1782 gemma
1487 1708 1785 1765 clarissima
1807 1715 1889 1761 est
1911 1712 2159 1776 receptus

585 1814 638 1868 in
664 1813 911 1867 universa
940 1809 1034 1863 Dei
1058 1806 1321 1869 Ecclesia,
1352 1804 1439 1858 ubi
1462 1802 1621 1873 hujus
1640 1800 1873 1854 habetur
1894 1799 2154 1852 memoria

583 1919 761 1960 annua
787 1901 1102 1958 celebritate
1130 1896 1373 1966 insignis.

955 1990 1029 2043 De
1057 1986 1402 2043 sanctimonia
1441 1983 1622 2038 matris
1656 1997 1786 2037 sum.

659 2082 833 2153 llujus
886 2077 1298 2134 sanctimoniam
1352 2071 1576 2143 praefata
1623 2068 1880 2125 Willelmi
1929 2064 2160 2140 genitrix

586 2175 771 2230 Aauor
798 2170 1007 2225 imitata
1035 2208 1049 2233 ,
1097 2175 1153 2221 et
1189 2165 1338 2235 quasi
1388 2161 1702 2218 haereditate
1752 2158 2010 2214 bonitatis
2044 2170 2163 2211 sese

586 2261 926 2318 cohaeredetn
954 2256 1196 2312 moribus
1235 2252 1554 2318 exhiberet,
1607 2250 1735 2305 licet
1779 2256 1886 2302 tam
1932 2246 2034 2300 viri
2077 2244 2160 2300 sui

586 2368 750 2423 quam
777 2348 1181 2422 progenitorum
1221 2358 1439 2398 suorum
1482 2348 1767 2397 stemmate
1795 2335 2157 2408 prtefulgeret,

586 2443 827 2515 deposito
860 2447 1040 2494 tamen
1069 2437 1231 2491 totius
1254 2432 1422 2489 fastus
1450 2430 1763 2501 supercilio,
1791 2429 1938 2482 velut
1966 2424 2161 2480 ancilla

584 2535 788 2594 Cirriin
823 2531 1075 2588 servilem
1107 2543 1164 2584 se
1196 2526 1515 2583 ostendebat
1539 2537 1848 2595 personam.
1886 2521 1962 2575 De
1986 2516 2159 2574 facul-

586 2627 787 2682 tatibus
808 2622 923 2694 ejus
947 2622 1000 2676 in
1027 2634 1257 2689 persona
1284 2615 1501 2686 propria
1545 2614 1692 2668 velut
1725 2609 1928 2667 Christi
1958 2622 2162 2679 pauper

583 2716 908 2790 pauperibus
936 2710 1314 2783 ministrabat,
1364 2705 1416 2759 in
1462 2702 1798 2758 orationibus
1833 2699 2069 2759 assidua,
2104 2696 2158 2751 in

584 2787 813 2864 ecclesia
844 2806 1123 2872 frequens,
1152 2799 1205 2853 in
1242 2792 1437 2852 divinis
1465 2792 1655 2849 ciliciis
1696 2788 1946 2861 pervigil,
1978 2787 2031 2843 in
2059 2787 2161 2840 im-

584 2915 772 2957 mensa
798 2911 1006 2953 morum
1028 2892 1271 2948 bonitate
1296 2886 1579 2958 praeclara.

670 2991 751 3045 De
779 2984 1034 3042 miraculo
1058 2981 1195 3053 quod
1225 2977 1435 3048 contigit
1459 2978 1514 3029 in
1540 2982 1702 3029 morte
1722 2972 1906 3027 matris
1935 2985 2067 3025 sum.

655 3080 895 3133 Tandem
935 3073 1295 3128 humilitatem
1334 3065 1541 3120 ancillae
1565 3079 1674 3118 suae
1699 3062 1959 3116 Dominus
1988 3056 2160 3129 respi-

587 3169 762 3231 ciens,
791 3165 899 3219 talc
929 3163 995 3217 de
1020 3161 1137 3230 ejus
1165 3157 1452 3213 sanctitate
1484 3155 1537 3207 in
1560 3152 1685 3206 vita:
1708 3165 1819 3206 sure
1850 3146 1996 3203 exit'u
2024 3162 2159 3218 prae-

589 3257 730 3312 stitit
774 3260 1171 3323 argumentum.
1222 3245 1355 3300 Nam
1384 3259 1504 3297 cum
1538 3240 1678 3312 apud
1708 3239 1887 3294 villam
1916 3252 2065 3293 suam
2096 3235 2162 3290 de

587 3349 803 3403 Esnone
830 3344 970 3399 diem
1005 3340 1288 3396 clausisset
1328 3345 1651 3399 extremum,
1680 3333 1747 3387 ad
1777 3329 2160 3387 menasterium

587 3433 965 3492 Cisterciensis
1002 3430 1231 3493 ordinis,
1281 3425 1426 3496 quod
1471 3423 1849 3480 Pontiniacum
1886 3434 2162 3488 nuncupa-

588 3538 700 3594 tur,
729 3536 788 3580 ut
833 3530 1194 3596 opponeretur
1222 3520 1288 3574 ad
1321 3518 1495 3572 virum
1527 3531 1714 3581 suum,
1751 3513 1842 3584 qui
1888 3512 1961 3567 ibi
2004 3518 2161 3566 antea

587 3615 829 3687 sepultus
856 3613 1059 3677 fuerat,
1090 3628 1149 3666 se
1177 3607 1448 3678 deportari
1490 3605 1781 3677 praecepit;
1809 3603 1950 3673 quod
1983 3616 2164 3655 mona-

589 3706 811 3762 sterium
844 3703 1053 3759 duabus
1091 3700 1255 3753 leucis
1294 3696 1375 3752 vel
1414 3695 1646 3764 amplius
1670 3694 1870 3748 distare
1900 3690 2164 3760 dignosci-

591 3805 724 3850 tura
742 3793 864 3848 villa
883 3791 1156 3863 praedicta.
1181 3788 1298 3855 Quo
1314 3786 1438 3840 dum
1466 3783 1769 3848 efferretur,
1786 3790 1932 3837 tanta
1956 3781 2052 3835 fuit
2077 3781 2164 3835 die

590 3891 683 3945 illo
722 3899 777 3945 et
810 3899 918 3942 tam
943 3885 1086 3955 jugis
1115 3882 1367 3937 imbrium
1392 3876 1741 3940 abundantia,
1781 3884 1943 3930 vento
1968 3872 2164 3928 nihilo-

591 3982 767 4036 minus
805 3975 1106 4034 vehementi
1128 3971 1406 4043 perflante,
1443 3978 1501 4024 ut
1525 3970 1615 4038 qui
1637 3968 1702 4021 ad
1724 3965 2161 4037 prosecutionem

592 4073 798 4129 funeris
823 4075 1210 4128 convenerant,
1244 4078 1344 4117 nec
1382 4062 1604 4115 imbrem
1632 4058 1818 4128 cappis
1844 4056 2164 4126 pluvialibus

591 4164 910 4221 submovere
947 4163 1202 4228 possent,
1233 4160 1456 4207 eatenus
1483 4161 1540 4203 ut
1570 4149 1796 4203 interius
1838 4163 1942 4201 non
1986 4145 2166 4200 made-

594 4264 750 4317 rent,
799 4260 855 4305 et
901 4262 1109 4318 pannus
1148 4245 1351 4298 serieus
1378 4240 1747 4311 superpositus
1773 4237 1978 4300 funeri,
2024 4253 2165 4292 nunc

593 4341 991 4399 linteaminibus
1031 4336 1264 4403 undique
1302 4331 1562 4387 imbribus
1588 4328 1847 4396 defluens,
1889 4329 2015 4384 licet
2051 4329 2166 4384 viu-

593 4435 729 4489 culis
767 4429 971 4500 stupois
1017 4436 1111 4481 aut
1167 4422 1458 4479 cannabeis
1507 4429 1651 4476 esset
1702 4421 1903 4475 feretro
1954 4419 2167 4475 fortiter

593 4525 873 4596 colligatus
896 4521 978 4574 vix
1001 4517 1143 4572 vcnti
1172 4515 1374 4571 rabiem
1400 4512 1711 4576 sustineret,
1740 4512 1867 4581 quin
1890 4526 1986 4581 per
2007 4512 2164 4565 inane

596 4634 626 4672 a
656 4616 855 4670 feretro
880 4610 1204 4666 auferretur.
1231 4604 1472 4672 Quatuor
1497 4602 1660 4665 cerei,
1690 4609 1748 4655 ut
1774 4601 1825 4655 iu
1856 4600 2160 4670 hujusmodi

596 4703 872 4759 funeribus
899 4699 1066 4753 moris
1089 4704 1191 4759 est,
1223 4693 1529 4748 ferebantur
1566 4690 1619 4745 in
1654 4689 1872 4755 funere;
1904 4691 2015 4758 qui,
2043 4690 2168 4745 licet

596 4798 664 4852 de
709 4791 934 4849 ecclesia
981 4790 1049 4843 de
1092 4787 1306 4843 Esnone
1353 4784 1531 4839 domui
1579 4781 1784 4837 funeris
1829 4781 2166 4836 contermina

595 4885 825 4942 fuissent
873 4881 1124 4935 ardentes
1165 4876 1437 4942 extracti,
1488 4887 1585 4946 per
1635 4872 1777 4927 viam
1826 4880 2004 4926 tamen
2055 4883 2165 4926 tum

595 4985 815 5051 propter
860 4973 1109 5028 imbrium
1156 4967 1571 5034 abundantiam,
1621 4974 1731 5019 tum
1774 4975 1993 5034 propter
2023 4964 2185 5019 venti'

599 5063 993 5125 vehementiam
1045 5059 1173 5115 nulli
1213 5059 1495 5113 videbatur
1534 5055 1751 5110 dubium
1796 5054 1939 5123 ipsos
1976 5055 2168 5109 ardere

596 5171 705 5212 non
728 5169 907 5226 posse.
940 5151 1168 5205 Ventura
1195 5156 1281 5203 est
1318 5148 1385 5200 ad
1421 5146 1828 5209 monasterium,
1855 5145 1945 5200 ubi
1973 5159 2168 5214 corpus

598 5245 773 5301 fuerat
821 5240 1107 5312 sepultura:
1138 5236 1484 5298 tradendum;
1532 5234 1727 5288 intrata
1775 5242 1857 5288 est
1904 5234 2164 5300 ecclesia;

597 5336 797 5408 reperti
834 5344 999 5406 sunt,
1039 5329 1289 5385 omnibus
1317 5327 1654 5396 stupentibus
1692 5337 1747 5381 et
1775 5327 2167 5382 admirantibus

595 5436 652 5485 et
678 5430 730 5483 in
756 5425 848 5482 Dei
878 5423 1062 5479 laudes
1090 5417 1490 5491 proruentibus,
1512 5420 1764 5475 ardentes
1786 5419 1925 5474 cerei
1956 5436 2163 5485 omnes,

598 5535 663 5574 ac
693 5518 739 5573 si
769 5515 916 5570 nullo
936 5513 1079 5566 venti
1106 5509 1327 5582 perflata
1354 5508 1587 5574 turbine,
1610 5524 1703 5563 eos
1728 5510 2167 5580 tranquillissima

599 5609 792 5662 fuisset
831 5603 1095 5660 serenitas
1136 5607 1438 5672 prosecuta.
1474 5596 1754 5653 Paululum
1787 5599 2011 5668 digressi
2050 5602 2173 5655 bre-

600 5698 738 5752 viter
758 5695 858 5750 ista
881 5691 1314 5764 perstrinximus,
1341 5698 1400 5743 ut
1423 5698 1622 5760 qttanta
1652 5689 1722 5744 sit
1752 5689 1803 5743 in
1832 5690 2033 5745 sanctis
2061 5694 2173 5747 suis

606 5784 817 5840 Domini
849 5783 1018 5840 nostri
1066 5783 1236 5837 virtus
1274 5790 1329 5837 et
1365 5781 1554 5852 pietas,
1585 5781 1833 5851 przescnti
1874 5789 2173 5851 patescerct

1357 414 1645 470 A‘i’PEND.
1694 414 1784 467 AD
1824 411 1997 468 SzEC.
2036 410 2103 464 x.
2132 439 2204 451 -—-
2239 401 2466 468 OPERA
2503 419 2888 471 Aassnortmt.

3681 417 3763 473 ιιι

2180 507 2226 563 Α
2256 524 2532 591 miraculo,
2555 525 2619 578 ad
2649 526 2906 581 honorem
2929 524 3019 580 Dei
3047 533 3099 579 et
3134 523 3529 581 instructionem
3553 535 3766 595 nostram,

2256 615 2451 685 quibus
2484 611 2797 686 pnedictam
2836 617 3090 671 virtutum
3142 615 3386 670 feminam
3418 616 3651 671 Dominus
3674 633 3770 689 pro-

2256 709 2434 776 posuit
2461 709 2514 761 in
2543 708 2860 763 humilitatis
2883 716 2939 762 et
2958 707 3215 762 bonitatis
3236 705 3544 777 exemplum.
3574 705 3703 759 Nunc
3718 708 3769 762 ad

2256 795 2593 866 propositum
2624 805 2978 852 revertamur.

2827 887 2907 941 De
2933 885 3105 941 indole
3135 886 3265 955 ejus.

2329 976 2650 1033 Guilleirnus
2675 976 2838 1048 igitur
2853 977 3047 1031 talibus
3061 984 3214 1030 ortus
3231 974 3509 1038 natalibus,
3525 972 3773 1029 abineuute

2257 1080 2417 1128 relate
2467 1070 2631 1139 cmpit
2674 1070 2828 1124 bona:
2863 1068 3055 1124 indolis
3095 1083 3228 1137 puer
3271 1080 3410 1131 esse,
3452 1075 3505 1119 et
3546 1064 3773 1132 cujusdam

2259 1160 2622 1232 simplicitatis
2649 1160 2898 1231 ingenitae
2925 1171 2979 1215 et
3008 1157 3337 1214 maturitatis
3370 1157 3575 1220 innatat,
3599 1155 3711 1209 adeo
3733 1164 3775 1207 ut

2260 1270 2366 1309 non
2415 1251 2597 1310 caeteri
2643 1252 2897 1309 eoaztanei
2948 1251 3076 1315 sui,
3137 1249 3202 1302 ad
3250 1247 3479 1319 pueriles
3524 1247 3698 1300 nterrias
3736 1254 3777 1298 ct

2258 1347 2508 1402 levitates
2545 1350 2597 1403 in
2631 1348 2721 1421 illa
2755 1345 3049 1400 familiares
3069 1349 3227 1397 :etate
3254 1340 3486 1395 animum
3523 1337 3774 1392 inclinaret.

2259 1436 2392 1491 Erat
2408 1437 2522 1506 jam
2555 1447 2681 1492 tunc
2705 1438 2758 1491 in
2782 1434 2899 1504 ejus
2920 1433 3084 1494 vultu,
3119 1432 3351 1499 incessu,
3374 1438 3425 1482 et
3446 1437 3586 1499 gestu
3611 1444 3664 1482 ex
3688 1426 3779 1496 ejus

2260 1529 2572 1583 maturitate
2599 1539 2922 1597 praematura
2950 1524 3191 1595 aspicere
3226 1521 3419 1575 futura:
3447 1518 3657 1589 speciem
3679 1534 3777 1589 gra-

2260 1619 2444 1674 vitatis
2468 1658 2484 1686 ,
2531 1627 2587 1674 et
2630 1619 2697 1674 de
2740 1626 2992 1673 secutura
3039 1613 3278 1671 bonitate
3317 1613 3431 1683 ipsa
3459 1610 3567 1681 ejus
3592 1608 3778 1679 pueritia

2259 1711 2639 1783 proplietabat.

2655 1799 2895 1866 Qualiter
2919 1797 3134 1853 clericus
3160 1796 3332 1866 factus
3359 1806 3449 1849 est.

2187 1862 2234 1922 Β
2331 1893 2491 1949 Pater
2515 1890 2639 1961 quia
2671 1862 2829 1943 natus
2855 1887 3098 1943 fueratci
3130 1862 3414 1955 posterior,
3439 1891 3493 1936 ut
3517 1881 3781 1950 plerumque

2262 1982 2315 2036 in
2376 1981 2615 2052 paternis
2683 1977 2948 2047 reperitur
2996 1974 3295 2039 affectibus,
3336 1973 3501 2041 ipsum
3542 1969 3782 2024 teucri-iure

2262 2074 2534 2146 diligebat,
2566 2078 2715 2129 etut
2744 2067 3044 2139 disciplinis
3066 2066 3390 2121 militaribus
3420 2072 3616 2116 :L-tateur
3640 2060 3780 2112 adhuc

2264 2174 2504 2221 teneram
2541 2161 2863 2222 institueret,
2891 2157 3127 2224 equitem
3150 2169 3332 2209 secum
3362 2151 3597 2210 ducebat,
3628 2162 3782 2217 propo-

2266 2258 2432 2315 situm
2456 2256 2663 2311 habens
2693 2260 2961 2322 quatenus
2991 2250 3162 2320 ipsum
3189 2246 3382 2303 studiis
3406 2244 3694 2300 militaribus
3714 2256 3781 2308 ap-

2261 2349 2506 2422 plicaret.
2540 2347 2646 2403 Sed
2672 2346 2868 2400 divina:
2890 2340 3306 2412 dispensationis
3329 2338 3667 2411 providentia,
3693 2349 3782 2404 quae

2261 2447 2366 2504 sibi
2398 2460 2519 2501 eum
2553 2444 2793 2498 futurum
2824 2440 3123 2494 antistitem
3152 2436 3484 2508 providerat,
3512 2430 3665 2502 patris
3687 2443 3786 2496 pm-

2260 2539 2494 2610 positum
2525 2537 2578 2591 in
2603 2535 2794 2589 melius
2822 2532 3140 2586 immutavit.
3168 2527 3300 2610 Nam
3325 2527 3489 2581 frater
3506 2524 3612 2593 ejus
3629 2522 3781 2581 Guido,

2267 2625 2708 2696 archiepiscopus
2761 2612 3128 2679 Seuouensis.
3176 2600 3341 2671 aurita
3391 2630 3599 2685 precum
3644 2611 3700 2665 ab
3735 2624 3782 2663 co

2262 2715 2500 2773 obtinuit
2525 2712 2800 2773 instantia,
2833 2718 2893 2764 ut
2918 2709 3020 2764 sibi
3047 2708 3354 2763 traderetur
3378 2704 3601 2761 clericali
3622 2700 3782 2757 militia:

2261 2806 2673 2877 mancipandus.

2262 2921 2382 2990 Qua
2408 2930 2562 2977 etate
2589 2919 2759 2989 facta:
2793 2927 2866 2972 est
2892 2916 3149 3055 clericum.
3167 2925 3216 2970 et
3254 2913 3481 2986 qualiter
3504 2914 3556 2966 in
3584 2911 3784 2965 clericum

2895 3004 2988 3055 pro
3016 2996 3190 3040 ccerrt.

2895 2996 3190 3057 proiecerit.

2332 3081 2465 3137 Cum
2494 3080 2656 3150 igitur
2684 3094 2882 3132 annum
2921 3079 3031 3145 jam
3085 3077 3428 3131 undecimum
3457 3075 3712 3146 attigisset,
3735 3071 3784 3124 ad

2260 3172 2435 3243 prima
2473 3171 2670 3225 resedit
2709 3168 2971 3223 elementa
3020 3167 3257 3223 scientia:
3306 3167 3565 3223 litteralis.
3612 3165 3659 3219 lu
3706 3177 3784 3232 qua

2188 3224 2233 3285 Ο
2263 3262 2574 3316 continuato
2603 3258 2778 3314 studio
2798 3299 2812 3320 ,
2858 3270 3109 3327 processu
3141 3257 3401 3325 temporis
3428 3256 3503 3310 sic
3530 3224 3729 3325 profecit
3744 3256 3789 3302 ut

2262 3351 2460 3408 scalam
2487 3349 2783 3419 disciplina:
2804 3349 3039 3417 ejusdem
3067 3347 3179 3402 acri
3208 3347 3570 3402 conscendens
3598 3342 3785 3415 ingenio,

2263 3441 2587 3497 transcursis
2614 3439 2908 3509 puerilibus
2938 3437 3254 3493 rudimentis
3279 3438 3346 3493 de
3375 3438 3538 3509 gradu
3568 3435 3784 3506 provehe-

2262 3545 2410 3590 retur
2432 3530 2484 3583 in
2510 3530 2764 3601 gradum;
2794 3526 2968 3598 primo
2997 3535 3366 3596 curupeteuter
3392 3525 3676 3581 liberalibus
3694 3520 3789 3575 arti-

2259 3624 2361 3679 bus
2387 3624 2695 3687 institutus;
2725 3619 2919 3675 dehinc
2947 3619 3000 3673 in
3030 3618 3373 3690 legalisjuris
3398 3618 3627 3673 canonici
3653 3616 3789 3669 scicn-

2263 3717 2334 3772 tia
2378 3716 2455 3770 sic
2499 3723 2822 3783 provectus,
2868 3721 2927 3766 ut
2966 3711 3385 3778 jurisconsoltus
3432 3727 3532 3765 non
3569 3706 3788 3763 immerito

2260 3807 2571 3861 haberetur.
2614 3804 2837 3859 Domum
2866 3803 3070 3857 relictis
3100 3804 3446 3859 szrcularihus
3474 3801 3708 3859 scientiis,
3731 3798 3789 3850 sic

2263 3898 2316 3952 in
2364 3897 2543 3950 divina
2595 3895 2784 3965 pagina
2841 3894 3122 3950 desudavit
3175 3904 3233 3949 ut
3281 3896 3611 3965 postmodum
3660 3886 3788 3944 divini

2260 3987 2457 4042 fluenta
2488 3986 2687 4055 eloquii
2716 3985 2835 4040 aliis
2865 3986 3080 4041 uberius
3109 3986 3174 4040 de
3201 3986 3359 4055 pleno
3397 3996 3604 4056 pectore
3644 3979 3789 4053 propi-

2263 4089 2435 4143 naret,
2465 4078 2591 4132 licet
2621 4078 2671 4131 in
2703 4077 2903 4132 scholis
2932 4078 3242 4133 cathedram
3273 4093 3543 4147 nunquam
3579 4073 3788 4130 ascende-

2263 4173 2335 4228 rit
2364 4169 2745 4239 magistralem.

2334 4261 2529 4329 Quales
2578 4259 2864 4314 eruditores
2910 4260 3154 4342 habuit,’
3183 4269 3230 4313 et
3282 4261 3348 4315 de
3406 4258 3741 4331 informatione

2872 4347 3019 4384 mora
3026 4348 3076 4384 ιιι
3104 4348 3239 4401 ejus.

2333 4422 2503 4478 Porro
2527 4423 2655 4478 huic
2684 4422 2978 4477 avunculus
3002 4424 3439 4494 archiepiscopus
3462 4423 3528 4477 de
3551 4435 3649 4492 qua
3668 4430 3793 4485 snpe-

2266 4516 2380 4570 rius
2406 4516 2728 4570 mentionem
2757 4512 3002 4578 fecimus,
3028 4514 3331 4569 eruditores
3358 4513 3597 4575 scientia,
3624 4510 3732 4569 vita,
3753 4512 3794 4556 et

2271 4606 2510 4662 moribus
2537 4606 2863 4674 approbatos
2891 4619 3105 4674 semper
3135 4606 3383 4674 providit.
3405 4604 3506 4672 Qui
3530 4618 3627 4657 non
3654 4599 3793 4654 minus

2269 4697 2412 4753 circa
2439 4695 2555 4764 ejus
2581 4696 2939 4750 innocentiam
2969 4696 3390 4749 conservandam
3422 4706 3684 4760 moresque
3708 4687 3790 4741 for-

2272 4790 2517 4852 mandos,
2546 4803 2707 4856 quam
2735 4786 2880 4840 circa
2914 4795 3223 4854 provectum
3250 4787 3488 4841 scientia:
3517 4782 3789 4854 vigilabant;

2272 4882 2413 4936 unde
2437 4882 2634 4935 factum
2662 4888 2741 4933 cst
2771 4888 2826 4932 ut
2851 4879 2993 4932 velut
3011 4894 3132 4933 cera
3161 4876 3421 4933 calefacta
3448 4879 3512 4932 ad
3541 4878 3697 4947 ignem
3720 4883 3794 4939 pro

2268 4972 2543 5026 voluntate
2571 4969 2793 5023 artificis
2815 4984 3190 5039 quamcunque
3219 4969 3406 5038 recipit
3437 4969 3716 5037 imaginem,
3735 4959 3795 5011 sic

2268 5073 2398 5115 tetas
2425 5060 2542 5130 ejus
2574 5068 2756 5113 tenera
2792 5059 2897 5113 vita
2927 5059 3165 5112 doctrina
3213 5068 3267 5113 et
3308 5056 3549 5127 exemplo
3575 5055 3792 5108 bonorum

2267 5153 2483 5208 exculta
2509 5150 2734 5205 formam
2767 5151 3029 5220 reciperet
3063 5152 3379 5210 sanctitatis.
3406 5150 3541 5205 adeo
3567 5157 3620 5202 ut
3642 5143 3794 5199 creda-

2277 5254 2363 5299 tur
2390 5260 2553 5299 carne
2582 5244 2732 5312 virgo
2757 5252 2810 5295 et
2840 5243 3048 5312 integer
3077 5242 3453 5311 permansisse.

2277 5332 2469 5399 Quales
2496 5332 2772 5402 dignitates
2802 5342 3065 5402 assecutus
3096 5331 3272 5401 fuerit,
3301 5340 3348 5385 et
3396 5343 3550 5399 quant
3594 5332 3796 5378 ειηκιιιιι

2828 5400 2883 5454 in
2906 5402 2977 5455 eis
3005 5417 3060 5454 se
3095 5402 3296 5457 habuit.

2346 5514 2438 5570 Sic
2465 5514 2624 5584 igitur
2643 5513 2904 5583 sapientia
2939 5513 3229 5582 proficiens
3251 5522 3304 5568 ot
3331 5519 3487 5566 aetate
3508 5510 3610 5563 ibat
3630 5506 3687 5559 de
3706 5500 3793 5553 viro

2274 5614 2386 5660 tute
2413 5605 2467 5658 in
2497 5605 2771 5667 virtutem,
2794 5602 2947 5673 cujus
2970 5601 3268 5672 profectum
3299 5600 3546 5657 comitata
3566 5604 3641 5651 est
3661 5607 3686 5644 a
3709 5585 3794 5657 pri‘

2275 5710 2445 5749 naevo
2476 5704 2621 5749 tanta
2645 5706 2859 5762 tamque
2886 5692 3160 5762 multiplex
3185 5690 3656 5747 ecclesiasticarum
3677 5690 3794 5735 asse-

2277 5787 2422 5842 cutio
2451 5787 2791 5860 dignitatum,
2818 5796 2875 5841 ut
2905 5802 3024 5841 cum
3054 5785 3338 5843 Salomone
3389 5792 3564 5855 posset
3612 5778 3789 5833 dicere:
