  <div class='ocr_page' id='page_1' title='image "/cluster/home/n/w/nwhite01/storage/ocr_20150623/138/hvd.32044015471774/168.png"; bbox 0 0 3918 6316; ppageno 0'>
   <div class='ocr_carea' id='block_1_1' title="bbox 168 397 261 453">
    <p class='ocr_par' dir='ltr' id='par_1_1' title="bbox 168 397 261 453">
     <span class='ocr_line' id='line_1_1' title="bbox 168 397 261 453; baseline -0.022 0"><span class='ocrx_word' id='word_1_1' title='bbox 168 397 261 453; x_wconf 70' lang='lat'><strong>525</strong></span> 
     </span>
    </p>
   </div>
   <div class='ocr_carea' id='block_1_2' title="bbox 1052 388 2484 455">
    <p class='ocr_par' dir='ltr' id='par_1_2' title="bbox 1052 388 2484 455">
     <span class='ocr_line' id='line_1_2' title="bbox 1052 388 2484 455; baseline 0.008 -12"><span class='ocrx_word' id='word_1_2' title='bbox 1052 388 1143 445; x_wconf 84' lang='lat' dir='ltr'><strong>DE</strong></span> <span class='ocrx_word' id='word_1_3' title='bbox 1176 388 1420 447; x_wconf 85' lang='lat' dir='ltr'><strong>GESTIS</strong></span> <span class='ocrx_word' id='word_1_4' title='bbox 1451 389 1661 447; x_wconf 80' lang='lat' dir='ltr'><strong>EPISC.</strong></span> <span class='ocrx_word' id='word_1_5' title='bbox 1695 392 2071 452; x_wconf 82' lang='lat' dir='ltr'><strong>ANTISSlOD.</strong></span> <span class='ocrx_word' id='word_1_6' title='bbox 2109 424 2174 436; x_wconf 93' lang='lat'>—</span> <span class='ocrx_word' id='word_1_7' title='bbox 2204 396 2405 454; x_wconf 79' lang='lat' dir='ltr'><strong>PARS.</strong></span> <span class='ocrx_word' id='word_1_8' title='bbox 2443 399 2484 455; x_wconf 87' lang='grc' dir='ltr'><strong>Ι.</strong></span> 
     </span>
    </p>
   </div>
   <div class='ocr_carea' id='block_1_3' title="bbox 3309 413 3416 471">
    <p class='ocr_par' dir='ltr' id='par_1_3' title="bbox 3309 413 3416 471">
     <span class='ocr_line' id='line_1_3' title="bbox 3309 413 3416 471; baseline 0.009 -1"><span class='ocrx_word' id='word_1_9' title='bbox 3309 413 3416 471; x_wconf 74' lang='lat'><strong>526</strong></span> 
     </span>
    </p>
   </div>
   <div class='ocr_carea' id='block_1_4' title="bbox 168 498 3410 585">
    <p class='ocr_par' dir='ltr' id='par_1_4' title="bbox 168 498 3410 585">
     <span class='ocr_line' id='line_1_4' title="bbox 168 498 3410 585; baseline 0.005 -22"><span class='ocrx_word' id='word_1_10' title='bbox 168 510 317 580; x_wconf 83' lang='lat' dir='ltr'><strong>Super</strong></span> <span class='ocrx_word' id='word_1_11' title='bbox 334 506 544 561; x_wconf 84' lang='lat' dir='ltr'><strong>salutem</strong></span> <span class='ocrx_word' id='word_1_12' title='bbox 565 511 612 557; x_wconf 88' lang='lat' dir='ltr'><strong>et</strong></span> <span class='ocrx_word' id='word_1_13' title='bbox 636 517 843 558; x_wconf 85' lang='lat' dir='ltr'><strong>omnem</strong></span> <span class='ocrx_word' id='word_1_14' title='bbox 871 500 1313 572; x_wconf 74' lang='lat' dir='ltr'><strong>pulchritudinem</strong></span> <span class='ocrx_word' id='word_1_15' title='bbox 1335 502 1497 558; x_wconf 74' lang='lat' dir='ltr'><strong>dilexi</strong></span> <span class='ocrx_word' id='word_1_16' title='bbox 1519 506 1725 575; x_wconf 79' lang='lat' dir='ltr'><strong>sapien-</strong></span> <span class='ocrx_word' id='word_1_17' title='bbox 1754 498 1800 558; x_wconf 84' lang='lat' dir='ltr'><strong>A</strong></span> <span class='ocrx_word' id='word_1_18' title='bbox 1832 505 2259 585; x_wconf 54' lang='lat' dir='ltr'><strong>Qualitencoegit</strong></span> <span class='ocrx_word' id='word_1_19' title='bbox 2287 510 2569 585; x_wconf 76' lang='lat' dir='ltr'><strong>Hugonent</strong></span> <span class='ocrx_word' id='word_1_20' title='bbox 2593 513 2890 585; x_wconf 79' lang='lat' dir='ltr'><strong>episcopum</strong></span> <span class='ocrx_word' id='word_1_21' title='bbox 2921 516 3190 574; x_wconf 73' lang='lat' dir='ltr'><strong>restituere</strong></span> <span class='ocrx_word' id='word_1_22' title='bbox 3223 519 3410 579; x_wconf 82' lang='lat' dir='ltr'><strong>Eccle-</strong></span> 
     </span>
    </p>
   </div>
   <div class='ocr_carea' id='block_1_5' title="bbox 166 592 1717 664">
    <p class='ocr_par' dir='ltr' id='par_1_5' title="bbox 166 592 1717 664">
     <span class='ocr_line' id='line_1_5' title="bbox 166 592 1717 664; baseline -0.002 -13"><span class='ocrx_word' id='word_1_23' title='bbox 166 600 276 653; x_wconf 82' lang='lat' dir='ltr'><strong>tiaut</strong></span> <span class='ocrx_word' id='word_1_24' title='bbox 296 605 340 651; x_wconf 90' lang='lat' dir='ltr'><strong>et</strong></span> <span class='ocrx_word' id='word_1_25' title='bbox 361 592 599 664; x_wconf 83' lang='lat' dir='ltr'><strong>proposui</strong></span> <span class='ocrx_word' id='word_1_26' title='bbox 627 608 720 663; x_wconf 89' lang='lat' dir='ltr'><strong>pro</strong></span> <span class='ocrx_word' id='word_1_27' title='bbox 745 596 879 647; x_wconf 84' lang='lat' dir='ltr'><strong>duce</strong></span> <span class='ocrx_word' id='word_1_28' title='bbox 908 593 1098 646; x_wconf 83' lang='lat' dir='ltr'><strong>habere</strong></span> <span class='ocrx_word' id='word_1_29' title='bbox 1125 608 1240 646; x_wconf 89' lang='lat' dir='ltr'><strong>eam</strong></span> <span class='ocrx_word' id='word_1_30' title='bbox 1265 606 1283 645; x_wconf 90' lang='lat'><strong><em>:</em></strong></span> <span class='ocrx_word' id='word_1_31' title='bbox 1308 604 1555 648; x_wconf 85' lang='lat' dir='ltr'><strong>venerunt</strong></span> <span class='ocrx_word' id='word_1_32' title='bbox 1589 594 1717 648; x_wconf 79' lang='lat' dir='ltr'><strong>mihi</strong></span> 
     </span>
    </p>
   </div>
   <div class='ocr_carea' id='block_1_6' title="bbox 164 681 1717 754">
    <p class='ocr_par' dir='ltr' id='par_1_6' title="bbox 164 681 1717 754">
     <span class='ocr_line' id='line_1_6' title="bbox 164 681 1717 754; baseline -0.003 -13"><span class='ocrx_word' id='word_1_33' title='bbox 164 686 315 741; x_wconf 83' lang='lat' dir='ltr'><strong>omnia</strong></span> <span class='ocrx_word' id='word_1_34' title='bbox 337 685 469 739; x_wconf 78' lang='lat' dir='ltr'><strong>bona</strong></span> <span class='ocrx_word' id='word_1_35' title='bbox 466 683 673 754; x_wconf 66' lang='lat' dir='ltr'><strong>pariter</strong></span> <span class='ocrx_word' id='word_1_36' title='bbox 695 699 814 736; x_wconf 87' lang='lat' dir='ltr'><strong>cum</strong></span> <span class='ocrx_word' id='word_1_37' title='bbox 828 681 943 747; x_wconf 88' lang='lat' dir='ltr'><strong>illa;</strong></span> <span class='ocrx_word' id='word_1_38' title='bbox 962 698 1084 737; x_wconf 89' lang='lat' dir='ltr'><strong>nam</strong></span> <span class='ocrx_word' id='word_1_39' title='bbox 1102 682 1154 736; x_wconf 90' lang='lat' dir='ltr'><strong>in</strong></span> <span class='ocrx_word' id='word_1_40' title='bbox 1169 681 1399 737; x_wconf 90' lang='lat' dir='ltr'><strong>ecclesia</strong></span> <span class='ocrx_word' id='word_1_41' title='bbox 1418 682 1717 739; x_wconf 82' lang='lat' dir='ltr'><strong>Senonensi</strong></span> 
     </span>
    </p>
   </div>
   <div class='ocr_carea' id='block_1_7' title="bbox 165 773 1718 834">
    <p class='ocr_par' dir='ltr' id='par_1_7' title="bbox 165 773 1718 834">
     <span class='ocr_line' id='line_1_7' title="bbox 165 773 1718 834; baseline -0.003 -1"><span class='ocrx_word' id='word_1_42' title='bbox 165 776 432 834; x_wconf 86' lang='lat' dir='ltr'><strong>cathedrali</strong></span> <span class='ocrx_word' id='word_1_43' title='bbox 475 776 864 831; x_wconf 84' lang='lat' dir='ltr'><strong>thesaurariam</strong></span> <span class='ocrx_word' id='word_1_44' title='bbox 890 785 944 828; x_wconf 91' lang='lat' dir='ltr'><strong>et</strong></span> <span class='ocrx_word' id='word_1_45' title='bbox 974 774 1472 830; x_wconf 87' lang='lat' dir='ltr'><strong>archidiaconatum</strong></span> <span class='ocrx_word' id='word_1_46' title='bbox 1525 773 1718 829; x_wconf 86' lang='lat' dir='ltr'><strong>Pruvi—</strong></span> 
     </span>
    </p>
   </div>
   <div class='ocr_carea' id='block_1_8' title="bbox 161 865 1716 934">
    <p class='ocr_par' dir='ltr' id='par_1_8' title="bbox 161 865 1716 934">
     <span class='ocr_line' id='line_1_8' title="bbox 161 865 1716 934; baseline -0.003 -10"><span class='ocrx_word' id='word_1_47' title='bbox 161 870 395 933; x_wconf 88' lang='lat' dir='ltr'><strong>niensem,</strong></span> <span class='ocrx_word' id='word_1_48' title='bbox 429 867 482 921; x_wconf 94' lang='lat' dir='ltr'><strong>in</strong></span> <span class='ocrx_word' id='word_1_49' title='bbox 510 865 968 922; x_wconf 83' lang='lat' dir='ltr'><strong>Antissiodorensi</strong></span> <span class='ocrx_word' id='word_1_50' title='bbox 998 880 1125 920; x_wconf 88' lang='lat' dir='ltr'><strong>vero</strong></span> <span class='ocrx_word' id='word_1_51' title='bbox 1169 866 1394 934; x_wconf 89' lang='lat' dir='ltr'><strong>adeptus</strong></span> <span class='ocrx_word' id='word_1_52' title='bbox 1443 874 1527 920; x_wconf 90' lang='lat' dir='ltr'><strong>est</strong></span> <span class='ocrx_word' id='word_1_53' title='bbox 1560 865 1716 920; x_wconf 87' lang='lat' dir='ltr'><strong>deca-</strong></span> 
     </span>
    </p>
   </div>
   <div class='ocr_carea' id='block_1_9' title="bbox 161 957 1716 1031">
    <p class='ocr_par' dir='ltr' id='par_1_9' title="bbox 161 957 1716 1031">
     <span class='ocr_line' id='line_1_9' title="bbox 161 957 1716 1031; baseline -0.003 -15"><span class='ocrx_word' id='word_1_54' title='bbox 161 972 321 1017; x_wconf 87' lang='lat' dir='ltr'><strong>natum</strong></span> <span class='ocrx_word' id='word_1_55' title='bbox 346 962 409 1014; x_wconf 87' lang='lat' dir='ltr'><strong>ad</strong></span> <span class='ocrx_word' id='word_1_56' title='bbox 430 975 588 1031; x_wconf 84' lang='lat' dir='ltr'><strong>quem</strong></span> <span class='ocrx_word' id='word_1_57' title='bbox 605 959 802 1015; x_wconf 83' lang='lat' dir='ltr'><strong>absens</strong></span> <span class='ocrx_word' id='word_1_58' title='bbox 821 968 874 1015; x_wconf 92' lang='lat' dir='ltr'><strong>et</strong></span> <span class='ocrx_word' id='word_1_59' title='bbox 898 959 952 1013; x_wconf 89' lang='lat' dir='ltr'><strong>in</strong></span> <span class='ocrx_word' id='word_1_60' title='bbox 976 958 1198 1013; x_wconf 78' lang='lat' dir='ltr'><strong>remotis</strong></span> <span class='ocrx_word' id='word_1_61' title='bbox 1219 972 1385 1028; x_wconf 88' lang='lat' dir='ltr'><strong>agens</strong></span> <span class='ocrx_word' id='word_1_62' title='bbox 1410 957 1716 1028; x_wconf 82' lang='lat' dir='ltr'><strong>regionibus</strong></span> 
     </span>
    </p>
   </div>
   <div class='ocr_carea' id='block_1_10' title="bbox 160 1048 1717 1110">
    <p class='ocr_par' dir='ltr' id='par_1_10' title="bbox 160 1048 1717 1110">
     <span class='ocr_line' id='line_1_10' title="bbox 160 1048 1717 1110; baseline -0.004 -1"><span class='ocrx_word' id='word_1_63' title='bbox 160 1051 379 1110; x_wconf 89' lang='lat' dir='ltr'><strong>studendi</strong></span> <span class='ocrx_word' id='word_1_64' title='bbox 401 1068 562 1107; x_wconf 89' lang='lat' dir='ltr'><strong>causa</strong></span> <span class='ocrx_word' id='word_1_65' title='bbox 584 1068 615 1105; x_wconf 88' lang='lat' dir='ltr'><strong>a</strong></span> <span class='ocrx_word' id='word_1_66' title='bbox 645 1050 926 1107; x_wconf 77' lang='lat' dir='ltr'><strong>canonicis</strong></span> <span class='ocrx_word' id='word_1_67' title='bbox 946 1050 1192 1105; x_wconf 75' lang='lat' dir='ltr'><strong>ecclesia:</strong></span> <span class='ocrx_word' id='word_1_68' title='bbox 1237 1048 1584 1105; x_wconf 76' lang='lat' dir='ltr'><strong>concorditer</strong></span> <span class='ocrx_word' id='word_1_69' title='bbox 1633 1056 1717 1103; x_wconf 90' lang='lat' dir='ltr'><strong>est</strong></span> 
     </span>
    </p>
   </div>
   <div class='ocr_carea' id='block_1_11' title="bbox 156 1137 1716 1210">
    <p class='ocr_par' dir='ltr' id='par_1_11' title="bbox 156 1137 1716 1210">
     <span class='ocr_line' id='line_1_11' title="bbox 156 1137 1716 1210; baseline -0.004 -11"><span class='ocrx_word' id='word_1_70' title='bbox 156 1145 353 1207; x_wconf 83' lang='lat' dir='ltr'><strong>electus,</strong></span> <span class='ocrx_word' id='word_1_71' title='bbox 379 1149 434 1196; x_wconf 90' lang='lat' dir='ltr'><strong>et</strong></span> <span class='ocrx_word' id='word_1_72' title='bbox 460 1156 628 1210; x_wconf 90' lang='lat' dir='ltr'><strong>usque</strong></span> <span class='ocrx_word' id='word_1_73' title='bbox 658 1139 725 1195; x_wconf 84' lang='lat' dir='ltr'><strong>ad</strong></span> <span class='ocrx_word' id='word_1_74' title='bbox 753 1140 982 1195; x_wconf 75' lang='lat' dir='ltr'><strong>reditum</strong></span> <span class='ocrx_word' id='word_1_75' title='bbox 1033 1154 1188 1194; x_wconf 90' lang='lat' dir='ltr'><strong>suum</strong></span> <span class='ocrx_word' id='word_1_76' title='bbox 1247 1139 1312 1193; x_wconf 90' lang='lat' dir='ltr'><strong>de</strong></span> <span class='ocrx_word' id='word_1_77' title='bbox 1370 1137 1569 1195; x_wconf 86' lang='lat' dir='ltr'><strong>scholis</strong></span> <span class='ocrx_word' id='word_1_78' title='bbox 1619 1154 1716 1209; x_wconf 91' lang='lat' dir='ltr'><strong>per</strong></span> 
     </span>
    </p>
   </div>
   <div class='ocr_carea' id='block_1_12' title="bbox 155 1227 1716 1299">
    <p class='ocr_par' dir='ltr' id='par_1_12' title="bbox 155 1227 1716 1299">
     <span class='ocr_line' id='line_1_12' title="bbox 155 1227 1716 1299; baseline -0.004 -12"><span class='ocrx_word' id='word_1_79' title='bbox 155 1248 329 1297; x_wconf 81' lang='lat' dir='ltr'><strong>annum</strong></span> <span class='ocrx_word' id='word_1_80' title='bbox 354 1238 410 1285; x_wconf 91' lang='lat' dir='ltr'><strong>et</strong></span> <span class='ocrx_word' id='word_1_81' title='bbox 431 1229 663 1299; x_wconf 89' lang='lat' dir='ltr'><strong>amplius</strong></span> <span class='ocrx_word' id='word_1_82' title='bbox 692 1236 1059 1299; x_wconf 87' lang='lat' dir='ltr'><strong>exspectatus,</strong></span> <span class='ocrx_word' id='word_1_83' title='bbox 1127 1228 1180 1281; x_wconf 90' lang='lat' dir='ltr'><strong>in</strong></span> <span class='ocrx_word' id='word_1_84' title='bbox 1205 1242 1436 1297; x_wconf 84' lang='lat' dir='ltr'><strong>quarum</strong></span> <span class='ocrx_word' id='word_1_85' title='bbox 1483 1227 1716 1299; x_wconf 82' lang='lat' dir='ltr'><strong>dignita-</strong></span> 
     </span>
    </p>
   </div>
   <div class='ocr_carea' id='block_1_13' title="bbox 156 1316 1711 1385">
    <p class='ocr_par' dir='ltr' id='par_1_13' title="bbox 156 1316 1711 1385">
     <span class='ocr_line' id='line_1_13' title="bbox 156 1316 1711 1385; baseline -0.003 -8"><span class='ocrx_word' id='word_1_86' title='bbox 156 1334 250 1377; x_wconf 89' lang='lat' dir='ltr'><strong>tum</strong></span> <span class='ocrx_word' id='word_1_87' title='bbox 272 1320 731 1376; x_wconf 88' lang='lat' dir='ltr'><strong>administratione</strong></span> <span class='ocrx_word' id='word_1_88' title='bbox 752 1330 1010 1373; x_wconf 80' lang='lat' dir='ltr'><strong>strenuus</strong></span> <span class='ocrx_word' id='word_1_89' title='bbox 1044 1318 1198 1373; x_wconf 90' lang='lat' dir='ltr'><strong>valde</strong></span> <span class='ocrx_word' id='word_1_90' title='bbox 1223 1316 1322 1373; x_wconf 84' lang='lat' dir='ltr'><strong>fuit</strong></span> <span class='ocrx_word' id='word_1_91' title='bbox 1369 1326 1425 1373; x_wconf 85' lang='lat' dir='ltr'><strong>et</strong></span> <span class='ocrx_word' id='word_1_92' title='bbox 1473 1316 1658 1373; x_wconf 82' lang='lat' dir='ltr'><strong>ellicax</strong></span> <span class='ocrx_word' id='word_1_93' title='bbox 1696 1336 1711 1385; x_wconf 91' lang='lat'><strong>;</strong></span> 
     </span>
    </p>
   </div>
   <div class='ocr_carea' id='block_1_14' title="bbox 155 1407 1712 1481">
    <p class='ocr_par' dir='ltr' id='par_1_14' title="bbox 155 1407 1712 1481">
     <span class='ocr_line' id='line_1_14' title="bbox 155 1407 1712 1481; baseline -0.004 -13"><span class='ocrx_word' id='word_1_94' title='bbox 155 1428 261 1469; x_wconf 85' lang='lat' dir='ltr'><strong>nam</strong></span> <span class='ocrx_word' id='word_1_95' title='bbox 289 1420 346 1466; x_wconf 89' lang='lat' dir='ltr'><strong>ut</strong></span> <span class='ocrx_word' id='word_1_96' title='bbox 366 1410 666 1481; x_wconf 82' lang='lat' dir='ltr'><strong>spiritualia</strong></span> <span class='ocrx_word' id='word_1_97' title='bbox 712 1409 941 1464; x_wconf 85' lang='lat' dir='ltr'><strong>ﬁdeliter</strong></span> <span class='ocrx_word' id='word_1_98' title='bbox 984 1408 1342 1477; x_wconf 88' lang='lat' dir='ltr'><strong>dispensaret,</strong></span> <span class='ocrx_word' id='word_1_99' title='bbox 1401 1407 1712 1478; x_wconf 87' lang='lat' dir='ltr'><strong>temporalia</strong></span> 
     </span>
    </p>
   </div>
   <div class='ocr_carea' id='block_1_15' title="bbox 154 1499 1714 1574">
    <p class='ocr_par' dir='ltr' id='par_1_15' title="bbox 154 1499 1714 1574">
     <span class='ocr_line' id='line_1_15' title="bbox 154 1499 1714 1574; baseline -0.004 -15"><span class='ocrx_word' id='word_1_100' title='bbox 154 1519 472 1568; x_wconf 81' lang='lat' dir='ltr'><strong>conservans,</strong></span> <span class='ocrx_word' id='word_1_101' title='bbox 506 1516 833 1574; x_wconf 82' lang='lat' dir='ltr'><strong>congregare</strong></span> <span class='ocrx_word' id='word_1_102' title='bbox 862 1500 1125 1571; x_wconf 85' lang='lat' dir='ltr'><strong>dispersa,</strong></span> <span class='ocrx_word' id='word_1_103' title='bbox 1155 1508 1209 1555; x_wconf 90' lang='lat' dir='ltr'><strong>et</strong></span> <span class='ocrx_word' id='word_1_104' title='bbox 1228 1499 1368 1570; x_wconf 87' lang='lat' dir='ltr'><strong>jura,</strong></span> <span class='ocrx_word' id='word_1_105' title='bbox 1397 1501 1439 1554; x_wconf 89' lang='lat' dir='ltr'><strong>si</strong></span> <span class='ocrx_word' id='word_1_106' title='bbox 1465 1515 1569 1570; x_wconf 87' lang='lat' dir='ltr'><strong>qua</strong></span> <span class='ocrx_word' id='word_1_107' title='bbox 1614 1515 1714 1569; x_wconf 84' lang='lat' dir='ltr'><strong>op-</strong></span> 
     </span>
    </p>
   </div>
   <div class='ocr_carea' id='block_1_16' title="bbox 153 1588 1713 1668">
    <p class='ocr_par' dir='ltr' id='par_1_16' title="bbox 153 1588 1713 1668">
     <span class='ocr_line' id='line_1_16' title="bbox 153 1588 1713 1668; baseline -0.005 -17"><span class='ocrx_word' id='word_1_108' title='bbox 153 1596 403 1668; x_wconf 73' lang='lat' dir='ltr'><strong>pressione</strong></span> <span class='ocrx_word' id='word_1_109' title='bbox 429 1594 721 1666; x_wconf 83' lang='lat' dir='ltr'><strong>cujuslibet</strong></span> <span class='ocrx_word' id='word_1_110' title='bbox 766 1592 1136 1648; x_wconf 82' lang='lat' dir='ltr'><strong>subventionis</strong></span> <span class='ocrx_word' id='word_1_111' title='bbox 1188 1588 1370 1644; x_wconf 85' lang='lat' dir='ltr'><strong>nubilo</strong></span> <span class='ocrx_word' id='word_1_112' title='bbox 1418 1588 1713 1656; x_wconf 82' lang='lat' dir='ltr'><strong>latuerant,</strong></span> 
     </span>
    </p>
   </div>
   <div class='ocr_carea' id='block_1_17' title="bbox 153 1680 1714 1755">
    <p class='ocr_par' dir='ltr' id='par_1_17' title="bbox 153 1680 1714 1755">
     <span class='ocr_line' id='line_1_17' title="bbox 153 1680 1714 1755; baseline -0.002 -17"><span class='ocrx_word' id='word_1_113' title='bbox 153 1692 286 1755; x_wconf 90' lang='lat' dir='ltr'><strong>prout</strong></span> <span class='ocrx_word' id='word_1_114' title='bbox 310 1694 557 1753; x_wconf 86' lang='lat' dir='ltr'><strong>poterat,</strong></span> <span class='ocrx_word' id='word_1_115' title='bbox 607 1698 803 1753; x_wconf 80' lang='lat' dir='ltr'><strong>magno</strong></span> <span class='ocrx_word' id='word_1_116' title='bbox 867 1682 1049 1737; x_wconf 87' lang='lat' dir='ltr'><strong>labore</strong></span> <span class='ocrx_word' id='word_1_117' title='bbox 1103 1690 1158 1736; x_wconf 89' lang='lat' dir='ltr'><strong>et</strong></span> <span class='ocrx_word' id='word_1_118' title='bbox 1202 1681 1394 1744; x_wconf 91' lang='lat' dir='ltr'><strong>studio,</strong></span> <span class='ocrx_word' id='word_1_119' title='bbox 1448 1696 1580 1752; x_wconf 84' lang='lat' dir='ltr'><strong>pace</strong></span> <span class='ocrx_word' id='word_1_120' title='bbox 1631 1680 1714 1736; x_wconf 89' lang='lat' dir='ltr'><strong>vel</strong></span> 
     </span>
    </p>
   </div>
   <div class='ocr_carea' id='block_1_18' title="bbox 147 1762 1455 1845">
    <p class='ocr_par' dir='ltr' id='par_1_18' title="bbox 147 1762 1455 1845">
     <span class='ocr_line' id='line_1_18' title="bbox 147 1762 1455 1845; baseline 0 -17"><span class='ocrx_word' id='word_1_121' title='bbox 147 1775 318 1845; x_wconf 88' lang='lat' dir='ltr'><strong>judicio</strong></span> <span class='ocrx_word' id='word_1_122' title='bbox 354 1772 563 1830; x_wconf 85' lang='lat' dir='ltr'><strong>faceret</strong></span> <span class='ocrx_word' id='word_1_123' title='bbox 590 1775 807 1845; x_wconf 89' lang='lat' dir='ltr'><strong>prodire</strong></span> <span class='ocrx_word' id='word_1_124' title='bbox 837 1775 888 1829; x_wconf 93' lang='lat' dir='ltr'><strong>in</strong></span> <span class='ocrx_word' id='word_1_125' title='bbox 922 1772 1119 1829; x_wconf 78' lang='lat' dir='ltr'><strong>lucem.</strong></span> <span class='ocrx_word' id='word_1_126' title='bbox 1444 1762 1455 1769; x_wconf 60' lang='grc'>”</span> 
     </span>
    </p>
   </div>
   <div class='ocr_carea' id='block_1_19' title="bbox 1890 577 3417 701">
    <p class='ocr_par' dir='ltr' id='par_1_19' title="bbox 1890 577 3417 701">
     <span class='ocr_line' id='line_1_19' title="bbox 1890 577 3417 701; baseline 0.013 -71"><span class='ocrx_word' id='word_1_127' title='bbox 1890 577 1985 630; x_wconf 71' lang='lat' dir='ltr'><strong>site</strong></span> <span class='ocrx_word' id='word_1_128' title='bbox 2010 577 2245 701; x_wconf 56' lang='lat' dir='ltr'><strong>arbm‘es,</strong></span> <span class='ocrx_word' id='word_1_129' title='bbox 2274 577 2405 651; x_wconf 75' lang='lat' dir='ltr'><strong>quas</strong></span> <span class='ocrx_word' id='word_1_130' title='bbox 2427 598 2486 636; x_wconf 90' lang='lat' dir='ltr'><strong>eo</strong></span> <span class='ocrx_word' id='word_1_131' title='bbox 2509 577 2668 637; x_wconf 83' lang='lat' dir='ltr'><strong>invito</strong></span> <span class='ocrx_word' id='word_1_132' title='bbox 2717 577 2776 638; x_wconf 77' lang='lat' dir='ltr'><strong>in</strong></span> <span class='ocrx_word' id='word_1_133' title='bbox 2811 588 3109 643; x_wconf 85' lang='lat' dir='ltr'><strong>nemoribus</strong></span> <span class='ocrx_word' id='word_1_134' title='bbox 3164 577 3417 650; x_wconf 70' lang='lat' dir='ltr'><strong>Ecclesia</strong></span> 
     </span>
     <span class='ocr_line' id='line_1_20' title="bbox 1891 662 2192 701; baseline 0.007 -1"><span class='ocrx_word' id='word_1_135' title='bbox 1891 662 2145 701; x_wconf 79' lang='lat' dir='ltr'><strong>accenera</strong></span> <span class='ocrx_word' id='word_1_136' title='bbox 2176 686 2192 701; x_wconf 92' lang='lat'><strong>.</strong></span> 
     </span>
    </p>
   </div>
   <div class='ocr_carea' id='block_1_20' title="bbox 1891 662 2192 718">
    <p class='ocr_par' dir='ltr' id='par_1_20' title="bbox 1891 662 2192 718">
     <span class='ocr_line' id='line_1_21' title="bbox 1891 662 2192 718; baseline 0.01 -19"><span class='ocrx_word' id='word_1_137' title='bbox 1891 662 2192 718; x_wconf 82' lang='lat' dir='ltr'><strong>acceperat.</strong></span> 
     </span>
    </p>
   </div>
   <div class='ocr_carea' id='block_1_21' title="bbox 1890 768 3417 857">
    <p class='ocr_par' dir='ltr' id='par_1_21' title="bbox 1890 768 3417 857">
     <span class='ocr_line' id='line_1_22' title="bbox 1890 768 3417 857; baseline 0.012 -26"><span class='ocrx_word' id='word_1_138' title='bbox 1890 776 2187 847; x_wconf 79' lang='lat' dir='ltr'><strong>Episcopus</strong></span> <span class='ocrx_word' id='word_1_139' title='bbox 2207 820 2222 845; x_wconf 94' lang='lat'><strong>,</strong></span> <span class='ocrx_word' id='word_1_140' title='bbox 2253 780 2658 838; x_wconf 83' lang='lat' dir='ltr'><strong>contradicente</strong></span> <span class='ocrx_word' id='word_1_141' title='bbox 2690 783 2808 853; x_wconf 91' lang='lat' dir='ltr'><strong>ipso</strong></span> <span class='ocrx_word' id='word_1_142' title='bbox 2852 793 2907 840; x_wconf 90' lang='lat' dir='ltr'><strong>et</strong></span> <span class='ocrx_word' id='word_1_143' title='bbox 2936 768 3265 857; x_wconf 67' lang='lat' dir='ltr'><strong>quibusdam</strong></span> <span class='ocrx_word' id='word_1_144' title='bbox 3310 791 3417 851; x_wconf 85' lang='lat' dir='ltr'><strong>sibi</strong></span> 
     </span>
    </p>
   </div>
   <div class='ocr_carea' id='block_1_22' title="bbox 1818 866 3413 950">
    <p class='ocr_par' dir='ltr' id='par_1_22' title="bbox 1818 866 3413 950">
     <span class='ocr_line' id='line_1_23' title="bbox 1818 866 3413 950; baseline 0.011 -27"><span class='ocrx_word' id='word_1_145' title='bbox 1818 866 2217 923; x_wconf 76' lang='lat' dir='ltr'><strong>adbterentibus</strong></span> <span class='ocrx_word' id='word_1_146' title='bbox 2246 872 2557 939; x_wconf 87' lang='lat' dir='ltr'><strong>canonicis,</strong></span> <span class='ocrx_word' id='word_1_147' title='bbox 2618 873 2736 929; x_wconf 90' lang='lat' dir='ltr'><strong>aliis</strong></span> <span class='ocrx_word' id='word_1_148' title='bbox 2783 877 3035 947; x_wconf 88' lang='lat' dir='ltr'><strong>episcopo</strong></span> <span class='ocrx_word' id='word_1_149' title='bbox 3086 884 3413 950; x_wconf 69' lang='lat' dir='ltr'><strong>.veutibus,</strong></span> 
     </span>
    </p>
   </div>
   <div class='ocr_carea' id='block_1_23' title="bbox 1818 956 3411 1028">
    <p class='ocr_par' dir='ltr' id='par_1_23' title="bbox 1818 956 3411 1028">
     <span class='ocr_line' id='line_1_24' title="bbox 1818 956 3411 1028; baseline 0.012 -18"><span class='ocrx_word' id='word_1_150' title='bbox 1818 956 2045 1012; x_wconf 83' lang='lat' dir='ltr'><strong>arbores</strong></span> <span class='ocrx_word' id='word_1_151' title='bbox 2072 960 2331 1028; x_wconf 86' lang='lat' dir='ltr'><strong>quasdam</strong></span> <span class='ocrx_word' id='word_1_152' title='bbox 2360 962 2414 1017; x_wconf 88' lang='lat' dir='ltr'><strong>in</strong></span> <span class='ocrx_word' id='word_1_153' title='bbox 2464 964 2773 1019; x_wconf 90' lang='lat' dir='ltr'><strong>nemoribus</strong></span> <span class='ocrx_word' id='word_1_154' title='bbox 2811 967 3060 1023; x_wconf 72' lang='lat' dir='ltr'><strong>Ecclesia:</strong></span> <span class='ocrx_word' id='word_1_155' title='bbox 3090 988 3157 1025; x_wconf 74' lang='lat' dir='ltr'><strong>ne</strong></span> <span class='ocrx_word' id='word_1_156' title='bbox 3221 973 3411 1028; x_wconf 59' lang='lat' dir='ltr'><strong>‘ttscha</strong></span> 
     </span>
    </p>
   </div>
   <div class='ocr_carea' id='block_1_24' title="bbox 1817 1047 3416 1130">
    <p class='ocr_par' dir='ltr' id='par_1_24' title="bbox 1817 1047 3416 1130">
     <span class='ocr_line' id='line_1_25' title="bbox 1817 1047 3416 1130; baseline 0.01 -28"><span class='ocrx_word' id='word_1_157' title='bbox 1817 1048 1953 1103; x_wconf 77' lang='lat' dir='ltr'><strong>czedi</strong></span> <span class='ocrx_word' id='word_1_158' title='bbox 1976 1047 2179 1104; x_wconf 90' lang='lat' dir='ltr'><strong>fecerat</strong></span> <span class='ocrx_word' id='word_1_159' title='bbox 2204 1059 2259 1104; x_wconf 91' lang='lat' dir='ltr'><strong>et</strong></span> <span class='ocrx_word' id='word_1_160' title='bbox 2289 1052 2341 1106; x_wconf 90' lang='lat' dir='ltr'><strong>in</strong></span> <span class='ocrx_word' id='word_1_161' title='bbox 2372 1053 2588 1108; x_wconf 92' lang='lat' dir='ltr'><strong>domum</strong></span> <span class='ocrx_word' id='word_1_162' title='bbox 2613 1056 2969 1127; x_wconf 88' lang='lat' dir='ltr'><strong>episcopalem</strong></span> <span class='ocrx_word' id='word_1_163' title='bbox 2990 1059 3055 1114; x_wconf 87' lang='lat' dir='ltr'><strong>de</strong></span> <span class='ocrx_word' id='word_1_164' title='bbox 3081 1061 3231 1130; x_wconf 87' lang='lat' dir='ltr'><strong>regio‘</strong></span> <span class='ocrx_word' id='word_1_165' title='bbox 3256 1079 3416 1119; x_wconf 73' lang='lat' dir='ltr'><strong>amne</strong></span> 
     </span>
    </p>
   </div>
   <div class='ocr_carea' id='block_1_25' title="bbox 1816 1140 3414 1214">
    <p class='ocr_par' dir='ltr' id='par_1_25' title="bbox 1816 1140 3414 1214">
     <span class='ocr_line' id='line_1_26' title="bbox 1816 1140 3414 1214; baseline 0.009 -18"><span class='ocrx_word' id='word_1_166' title='bbox 1816 1154 1913 1209; x_wconf 89' lang='lat' dir='ltr'><strong>per</strong></span> <span class='ocrx_word' id='word_1_167' title='bbox 1948 1140 2255 1199; x_wconf 86' lang='lat' dir='ltr'><strong>violentiam</strong></span> <span class='ocrx_word' id='word_1_168' title='bbox 2302 1147 2574 1214; x_wconf 85' lang='lat' dir='ltr'><strong>exportari</strong></span> <span class='ocrx_word' id='word_1_169' title='bbox 2606 1162 2751 1202; x_wconf 89' lang='lat' dir='ltr'><strong>:non</strong></span> <span class='ocrx_word' id='word_1_170' title='bbox 2798 1149 3030 1205; x_wconf 85' lang='lat' dir='ltr'><strong>cessavit</strong></span> <span class='ocrx_word' id='word_1_171' title='bbox 3065 1150 3208 1207; x_wconf 90' lang='lat' dir='ltr'><strong>idem</strong></span> <span class='ocrx_word' id='word_1_172' title='bbox 3253 1156 3414 1209; x_wconf 87' lang='lat' dir='ltr'><strong>deca-</strong></span> 
     </span>
    </p>
   </div>
   <div class='ocr_carea' id='block_1_26' title="bbox 1816 1229 3410 1314">
    <p class='ocr_par' dir='ltr' id='par_1_26' title="bbox 1816 1229 3410 1314">
     <span class='ocr_line' id='line_1_27' title="bbox 1816 1229 3410 1314; baseline 0.009 -29"><span class='ocrx_word' id='word_1_173' title='bbox 1816 1246 1919 1285; x_wconf 92' lang='lat' dir='ltr'><strong>nus</strong></span> <span class='ocrx_word' id='word_1_174' title='bbox 1939 1229 2193 1300; x_wconf 91' lang='lat' dir='ltr'><strong>injuriam</strong></span> <span class='ocrx_word' id='word_1_175' title='bbox 2234 1236 2485 1304; x_wconf 87' lang='lat' dir='ltr'><strong>prosequi</strong></span> <span class='ocrx_word' id='word_1_176' title='bbox 2532 1236 2705 1293; x_wconf 88' lang='lat' dir='ltr'><strong>donec</strong></span> <span class='ocrx_word' id='word_1_177' title='bbox 2761 1254 2859 1309; x_wconf 91' lang='lat' dir='ltr'><strong>per</strong></span> <span class='ocrx_word' id='word_1_178' title='bbox 2906 1239 3049 1296; x_wconf 89' lang='lat' dir='ltr'><strong>sedis</strong></span> <span class='ocrx_word' id='word_1_179' title='bbox 3098 1244 3410 1314; x_wconf 87' lang='lat' dir='ltr'><strong>metropoli-</strong></span> 
     </span>
    </p>
   </div>
   <div class='ocr_carea' id='block_1_27' title="bbox 1818 1322 3412 1401">
    <p class='ocr_par' dir='ltr' id='par_1_27' title="bbox 1818 1322 3412 1401">
     <span class='ocr_line' id='line_1_28' title="bbox 1818 1322 3412 1401; baseline 0.008 -25"><span class='ocrx_word' id='word_1_180' title='bbox 1818 1329 1957 1376; x_wconf 73' lang='lat' dir='ltr'><strong>tante</strong></span> <span class='ocrx_word' id='word_1_181' title='bbox 1977 1322 2302 1377; x_wconf 89' lang='lat' dir='ltr'><strong>sententiam</strong></span> <span class='ocrx_word' id='word_1_182' title='bbox 2333 1324 2643 1396; x_wconf 86' lang='lat' dir='ltr'><strong>episcopum</strong></span> <span class='ocrx_word' id='word_1_183' title='bbox 2687 1328 2909 1385; x_wconf 84' lang='lat' dir='ltr'><strong>arbores</strong></span> <span class='ocrx_word' id='word_1_184' title='bbox 2952 1332 3189 1401; x_wconf 91' lang='lat' dir='ltr'><strong>capitulo</strong></span> <span class='ocrx_word' id='word_1_185' title='bbox 3242 1336 3412 1390; x_wconf 82' lang='lat' dir='ltr'><strong>resti-</strong></span> 
     </span>
    </p>
   </div>
   <div class='ocr_carea' id='block_1_28' title="bbox 1818 1413 3412 1494">
    <p class='ocr_par' dir='ltr' id='par_1_28' title="bbox 1818 1413 3412 1494">
     <span class='ocr_line' id='line_1_29' title="bbox 1818 1413 3412 1494; baseline 0.01 -31"><span class='ocrx_word' id='word_1_186' title='bbox 1818 1419 1969 1467; x_wconf 87' lang='lat' dir='ltr'><strong>tuere</strong></span> <span class='ocrx_word' id='word_1_187' title='bbox 2016 1413 2293 1484; x_wconf 87' lang='lat' dir='ltr'><strong>compulit,</strong></span> <span class='ocrx_word' id='word_1_188' title='bbox 2321 1428 2373 1469; x_wconf 90' lang='lat' dir='ltr'><strong>et</strong></span> <span class='ocrx_word' id='word_1_189' title='bbox 2406 1425 2531 1469; x_wconf 84' lang='lat' dir='ltr'><strong>ante</strong></span> <span class='ocrx_word' id='word_1_190' title='bbox 2556 1416 2702 1474; x_wconf 84' lang='lat' dir='ltr'><strong>fores</strong></span> <span class='ocrx_word' id='word_1_191' title='bbox 2742 1419 2983 1476; x_wconf 70' lang='lat' dir='ltr'><strong>ecclesia:</strong></span> <span class='ocrx_word' id='word_1_192' title='bbox 3025 1423 3257 1492; x_wconf 89' lang='lat' dir='ltr'><strong>propriis</strong></span> <span class='ocrx_word' id='word_1_193' title='bbox 3297 1424 3412 1494; x_wconf 86' lang='lat' dir='ltr'><strong>epi-</strong></span> 
     </span>
    </p>
   </div>
   <div class='ocr_carea' id='block_1_29' title="bbox 1815 1503 2602 1576">
    <p class='ocr_par' dir='ltr' id='par_1_29' title="bbox 1815 1503 2602 1576">
     <span class='ocr_line' id='line_1_30' title="bbox 1815 1503 2602 1576; baseline 0.006 -19"><span class='ocrx_word' id='word_1_194' title='bbox 1815 1503 1964 1574; x_wconf 87' lang='lat' dir='ltr'><strong>scopi</strong></span> <span class='ocrx_word' id='word_1_195' title='bbox 1996 1503 2256 1560; x_wconf 85' lang='lat' dir='ltr'><strong>vehiculis</strong></span> <span class='ocrx_word' id='word_1_196' title='bbox 2298 1518 2602 1576; x_wconf 82' lang='lat' dir='ltr'><strong>reportare.</strong></span> 
     </span>
    </p>
   </div>
   <div class='ocr_carea' id='block_1_30' title="bbox 1817 1613 3408 1698">
    <p class='ocr_par' dir='ltr' id='par_1_30' title="bbox 1817 1613 3408 1698">
     <span class='ocr_line' id='line_1_31' title="bbox 1817 1613 3408 1698; baseline 0.009 -30"><span class='ocrx_word' id='word_1_197' title='bbox 1817 1613 2057 1698; x_wconf 75' lang='lat' dir='ltr'><strong>Qualiter</strong></span> <span class='ocrx_word' id='word_1_198' title='bbox 2086 1616 2324 1698; x_wconf 73' lang='lat' dir='ltr'><strong>comitem</strong></span> <span class='ocrx_word' id='word_1_199' title='bbox 2345 1616 2576 1698; x_wconf 42' lang='lat' dir='ltr'><strong>Pet-rum</strong></span> <span class='ocrx_word' id='word_1_200' title='bbox 2599 1623 2925 1698; x_wconf 63' lang='lat' dir='ltr'><strong>compulerit</strong></span> <span class='ocrx_word' id='word_1_201' title='bbox 2960 1625 3143 1698; x_wconf 80' lang='lat' dir='ltr'><strong>venire</strong></span> <span class='ocrx_word' id='word_1_202' title='bbox 3177 1626 3233 1682; x_wconf 84' lang='lat' dir='ltr'><strong>in</strong></span> <span class='ocrx_word' id='word_1_203' title='bbox 3262 1629 3408 1698; x_wconf 83' lang='lat' dir='ltr'><strong>capi-</strong></span> 
     </span>
    </p>
   </div>
   <div class='ocr_carea' id='block_1_31' title="bbox 1886 1685 3408 1808">
    <p class='ocr_par' dir='ltr' id='par_1_31' title="bbox 1886 1685 3408 1808">
     <span class='ocr_line' id='line_1_32' title="bbox 1886 1685 3408 1808; baseline 0.009 -69"><span class='ocrx_word' id='word_1_204' title='bbox 1886 1685 2057 1808; x_wconf 47' lang='lat' dir='ltr'><strong>;ulum</strong></span> <span class='ocrx_word' id='word_1_205' title='bbox 2080 1686 2149 1740; x_wconf 88' lang='lat' dir='ltr'><strong>ad</strong></span> <span class='ocrx_word' id='word_1_206' title='bbox 2173 1689 2525 1745; x_wconf 83' lang='lat' dir='ltr'><strong>emendandas</strong></span> <span class='ocrx_word' id='word_1_207' title='bbox 2548 1685 2774 1762; x_wconf 71' lang='lat' dir='ltr'><strong>injurias</strong></span> <span class='ocrx_word' id='word_1_208' title='bbox 2797 1692 3069 1762; x_wconf 74' lang='lat' dir='ltr'><strong>Ecclesite,</strong></span> <span class='ocrx_word' id='word_1_209' title='bbox 3109 1697 3236 1759; x_wconf 82' lang='lat' dir='ltr'><strong>dum</strong></span> <span class='ocrx_word' id='word_1_210' title='bbox 3276 1685 3408 1754; x_wconf 63' lang='lat' dir='ltr'><strong>esset</strong></span> 
     </span>
     <span class='ocr_line' id='line_1_33' title="bbox 1924 1771 2944 1808; baseline 0 0"><span class='ocrx_word' id='word_1_211' title='bbox 1924 1771 2137 1808; x_wconf 87' lang='lat' dir='ltr'><strong>ecanus.</strong></span> <span class='ocrx_word' id='word_1_212' title='bbox 2938 1772 2944 1777; x_wconf 74' lang='lat'><strong><em>&#39;</em></strong></span> 
     </span>
    </p>
   </div>
   <div class='ocr_carea' id='block_1_32' title="bbox 1924 1771 2944 1811">
    <p class='ocr_par' dir='ltr' id='par_1_32' title="bbox 1924 1771 2944 1811">
     <span class='ocr_line' id='line_1_34' title="bbox 1924 1771 2944 1811; baseline 0.002 -2"><span class='ocrx_word' id='word_1_213' title='bbox 1924 1771 2137 1811; x_wconf 86' lang='lat' dir='ltr'><strong>ecanus.</strong></span> <span class='ocrx_word' id='word_1_214' title='bbox 2938 1772 2944 1777; x_wconf 83' lang='grc'><strong>’</strong></span> 
     </span>
    </p>
   </div>
   <div class='ocr_carea' id='block_1_33' title="bbox 153 1852 3403 1958">
    <p class='ocr_par' dir='ltr' id='par_1_33' title="bbox 153 1852 3403 1958">
     <span class='ocr_line' id='line_1_35' title="bbox 153 1852 3403 1958; baseline 0.003 -19"><span class='ocrx_word' id='word_1_215' title='bbox 153 1886 360 1952; x_wconf 78' lang='lat' dir='ltr'><strong>Qualiter</strong></span> <span class='ocrx_word' id='word_1_216' title='bbox 391 1886 530 1958; x_wconf 86' lang='lat' dir='ltr'><strong>jura</strong></span> <span class='ocrx_word' id='word_1_217' title='bbox 588 1885 871 1958; x_wconf 81' lang='lat' dir='ltr'><strong>decanatus</strong></span> <span class='ocrx_word' id='word_1_218' title='bbox 930 1884 1399 1940; x_wconf 82' lang='lat' dir='ltr'><strong>Antissiodorensis</strong></span> <span class='ocrx_word' id='word_1_219' title='bbox 1458 1886 1705 1943; x_wconf 82' lang='lat' dir='ltr'><strong>adversus</strong></span> <span class='ocrx_word' id='word_1_220' title='bbox 1736 1852 1783 1912; x_wconf 75' lang='grc' dir='ltr'><strong>Β</strong></span> <span class='ocrx_word' id='word_1_221' title='bbox 1880 1863 2287 1958; x_wconf 55' lang='grc' dir='ltr'><strong>βθίηρυωίοθῐη</strong></span> <span class='ocrx_word' id='word_1_222' title='bbox 2320 1870 2537 1941; x_wconf 64' lang='lat' dir='ltr'><strong>ciipim&quot;</strong></span> <span class='ocrx_word' id='word_1_223' title='bbox 2581 1881 2799 1927; x_wconf 69' lang='grc' dir='ltr'><strong>ειΐθηυο</strong></span> <span class='ocrx_word' id='word_1_224' title='bbox 2825 1889 2891 1929; x_wconf 65' lang='lat' dir='ltr'><strong>ac</strong></span> <span class='ocrx_word' id='word_1_225' title='bbox 2923 1873 3155 1932; x_wconf 51' lang='lat' dir='ltr'><strong>ﬁdeliter</strong></span> <span class='ocrx_word' id='word_1_226' title='bbox 3190 1866 3403 1948; x_wconf 55' lang='lat' dir='ltr'><strong>dum&quot;</strong></span> 
     </span>
    </p>
   </div>
   <div class='ocr_carea' id='block_1_34' title="bbox 542 1956 1311 2027">
    <p class='ocr_par' dir='ltr' id='par_1_34' title="bbox 542 1956 1311 2027">
     <span class='ocr_line' id='line_1_36' title="bbox 542 1956 1311 2027; baseline -0.003 -17"><span class='ocrx_word' id='word_1_227' title='bbox 542 1956 836 2027; x_wconf 84' lang='lat' dir='ltr'><strong>episcopum</strong></span> <span class='ocrx_word' id='word_1_228' title='bbox 863 1966 1166 2026; x_wconf 71' lang='lat' dir='ltr'><strong>prosecutus</strong></span> <span class='ocrx_word' id='word_1_229' title='bbox 1193 1965 1311 2009; x_wconf 61' lang='lat' dir='ltr'><strong>est.~</strong></span> 
     </span>
    </p>
   </div>
   <div class='ocr_carea' id='block_1_35' title="bbox 203 2085 1705 2159">
    <p class='ocr_par' dir='ltr' id='par_1_35' title="bbox 203 2085 1705 2159">
     <span class='ocr_line' id='line_1_37' title="bbox 203 2085 1705 2159; baseline -0.001 -15"><span class='ocrx_word' id='word_1_230' title='bbox 203 2088 344 2144; x_wconf 86' lang='lat' dir='ltr'><strong>Circa</strong></span> <span class='ocrx_word' id='word_1_231' title='bbox 372 2087 673 2143; x_wconf 84' lang='lat' dir='ltr'><strong>decanatus</strong></span> <span class='ocrx_word' id='word_1_232' title='bbox 696 2085 818 2156; x_wconf 85' lang='lat' dir='ltr'><strong>jura</strong></span> <span class='ocrx_word' id='word_1_233' title='bbox 850 2087 1046 2142; x_wconf 86' lang='lat' dir='ltr'><strong>tuenda</strong></span> <span class='ocrx_word' id='word_1_234' title='bbox 1071 2102 1137 2143; x_wconf 87' lang='lat' dir='ltr'><strong>eo</strong></span> <span class='ocrx_word' id='word_1_235' title='bbox 1166 2086 1398 2157; x_wconf 87' lang='lat' dir='ltr'><strong>amplius</strong></span> <span class='ocrx_word' id='word_1_236' title='bbox 1442 2086 1705 2159; x_wconf 77' lang='lat' dir='ltr'><strong>vigilavit,</strong></span> 
     </span>
    </p>
   </div>
   <div class='ocr_carea' id='block_1_36' title="bbox 148 2180 1708 2251">
    <p class='ocr_par' dir='ltr' id='par_1_36' title="bbox 148 2180 1708 2251">
     <span class='ocr_line' id='line_1_38' title="bbox 148 2180 1708 2251; baseline 0 -15"><span class='ocrx_word' id='word_1_237' title='bbox 148 2196 232 2251; x_wconf 80' lang='lat' dir='ltr'><strong>quo</strong></span> <span class='ocrx_word' id='word_1_238' title='bbox 251 2181 609 2250; x_wconf 81' lang='lat' dir='ltr'><strong>jurisdietioni</strong></span> <span class='ocrx_word' id='word_1_239' title='bbox 638 2196 750 2237; x_wconf 73' lang='lat' dir='ltr'><strong>sua:</strong></span> <span class='ocrx_word' id='word_1_240' title='bbox 779 2180 1093 2235; x_wconf 87' lang='lat' dir='ltr'><strong>imminente</strong></span> <span class='ocrx_word' id='word_1_241' title='bbox 1118 2180 1373 2251; x_wconf 87' lang='lat' dir='ltr'><strong>episcopo</strong></span> <span class='ocrx_word' id='word_1_242' title='bbox 1419 2181 1592 2250; x_wconf 87' lang='lat' dir='ltr'><strong>major</strong></span> <span class='ocrx_word' id='word_1_243' title='bbox 1617 2195 1708 2236; x_wconf 82' lang='lat' dir='ltr'><strong>re-</strong></span> 
     </span>
    </p>
   </div>
   <div class='ocr_carea' id='block_1_37' title="bbox 146 2269 1707 2328">
    <p class='ocr_par' dir='ltr' id='par_1_37' title="bbox 146 2269 1707 2328">
     <span class='ocr_line' id='line_1_39' title="bbox 146 2269 1707 2328; baseline -0.002 -1"><span class='ocrx_word' id='word_1_244' title='bbox 146 2273 337 2328; x_wconf 81' lang='lat' dir='ltr'><strong>sistendi</strong></span> <span class='ocrx_word' id='word_1_245' title='bbox 367 2271 673 2327; x_wconf 85' lang='lat' dir='ltr'><strong>necessitas</strong></span> <span class='ocrx_word' id='word_1_246' title='bbox 696 2270 1062 2327; x_wconf 87' lang='lat' dir='ltr'><strong>incumbebat.</strong></span> <span class='ocrx_word' id='word_1_247' title='bbox 1116 2269 1214 2324; x_wconf 90' lang='lat' dir='ltr'><strong>Cui</strong></span> <span class='ocrx_word' id='word_1_248' title='bbox 1244 2270 1322 2325; x_wconf 87' lang='lat' dir='ltr'><strong>sic</strong></span> <span class='ocrx_word' id='word_1_249' title='bbox 1351 2269 1555 2324; x_wconf 82' lang='lat' dir='ltr'><strong>restitit</strong></span> <span class='ocrx_word' id='word_1_250' title='bbox 1581 2284 1707 2325; x_wconf 90' lang='lat' dir='ltr'><strong>cum</strong></span> 
     </span>
    </p>
   </div>
   <div class='ocr_carea' id='block_1_38' title="bbox 145 2360 1708 2432">
    <p class='ocr_par' dir='ltr' id='par_1_38' title="bbox 145 2360 1708 2432">
     <span class='ocr_line' id='line_1_40' title="bbox 145 2360 1708 2432; baseline 0 -14"><span class='ocrx_word' id='word_1_251' title='bbox 145 2363 323 2429; x_wconf 69' lang='lat' dir='ltr'><strong>edocto,</strong></span> <span class='ocrx_word' id='word_1_252' title='bbox 353 2374 415 2419; x_wconf 77' lang='lat' dir='ltr'><strong>ut</strong></span> <span class='ocrx_word' id='word_1_253' title='bbox 445 2362 940 2427; x_wconf 78' lang='lat' dir='ltr'><strong>causascivitatis,</strong></span> <span class='ocrx_word' id='word_1_254' title='bbox 972 2370 1199 2432; x_wconf 88' lang='lat' dir='ltr'><strong>excepta</strong></span> <span class='ocrx_word' id='word_1_255' title='bbox 1223 2362 1478 2432; x_wconf 87' lang='lat' dir='ltr'><strong>parochia</strong></span> <span class='ocrx_word' id='word_1_256' title='bbox 1534 2360 1708 2418; x_wconf 86' lang='lat' dir='ltr'><strong>sancti</strong></span> 
     </span>
    </p>
   </div>
   <div class='ocr_carea' id='block_1_39' title="bbox 144 2451 1707 2524">
    <p class='ocr_par' dir='ltr' id='par_1_39' title="bbox 144 2451 1707 2524">
     <span class='ocr_line' id='line_1_41' title="bbox 144 2451 1707 2524; baseline -0.001 -16"><span class='ocrx_word' id='word_1_257' title='bbox 144 2454 252 2524; x_wconf 83' lang='lat' dir='ltr'><strong>Lupi</strong></span> <span class='ocrx_word' id='word_1_258' title='bbox 295 2470 411 2524; x_wconf 69' lang='lat' dir='ltr'><strong>quae</strong></span> <span class='ocrx_word' id='word_1_259' title='bbox 440 2471 557 2509; x_wconf 88' lang='lat' dir='ltr'><strong>non</strong></span> <span class='ocrx_word' id='word_1_260' title='bbox 584 2462 671 2510; x_wconf 86' lang='lat' dir='ltr'><strong>est</strong></span> <span class='ocrx_word' id='word_1_261' title='bbox 696 2452 764 2508; x_wconf 87' lang='lat' dir='ltr'><strong>de</strong></span> <span class='ocrx_word' id='word_1_262' title='bbox 782 2451 1160 2523; x_wconf 75' lang='lat' dir='ltr'><strong>iurisdictione</strong></span> <span class='ocrx_word' id='word_1_263' title='bbox 1191 2451 1405 2517; x_wconf 85' lang='lat' dir='ltr'><strong>decani,</strong></span> <span class='ocrx_word' id='word_1_264' title='bbox 1460 2466 1566 2511; x_wconf 88' lang='lat' dir='ltr'><strong>non</strong></span> <span class='ocrx_word' id='word_1_265' title='bbox 1605 2466 1707 2507; x_wconf 76' lang='lat' dir='ltr'><strong>au—</strong></span> 
     </span>
    </p>
   </div>
   <div class='ocr_carea' id='block_1_40' title="bbox 146 2541 1707 2619">
    <p class='ocr_par' dir='ltr' id='par_1_40' title="bbox 146 2541 1707 2619">
     <span class='ocr_line' id='line_1_42' title="bbox 146 2541 1707 2619; baseline -0.001 -18"><span class='ocrx_word' id='word_1_266' title='bbox 146 2548 257 2603; x_wconf 88' lang='lat' dir='ltr'><strong>diret</strong></span> <span class='ocrx_word' id='word_1_267' title='bbox 276 2548 411 2602; x_wconf 88' lang='lat' dir='ltr'><strong>alius</strong></span> <span class='ocrx_word' id='word_1_268' title='bbox 437 2555 646 2619; x_wconf 63' lang='lat' dir='ltr'><strong>praster</strong></span> <span class='ocrx_word' id='word_1_269' title='bbox 674 2546 872 2614; x_wconf 90' lang='lat' dir='ltr'><strong>ipsum,</strong></span> <span class='ocrx_word' id='word_1_270' title='bbox 919 2543 1003 2598; x_wconf 85' lang='lat' dir='ltr'><strong>vel</strong></span> <span class='ocrx_word' id='word_1_271' title='bbox 1052 2541 1332 2598; x_wconf 74' lang='lat' dir='ltr'><strong>ofﬁcialem</strong></span> <span class='ocrx_word' id='word_1_272' title='bbox 1380 2558 1560 2607; x_wconf 89' lang='lat' dir='ltr'><strong>suum,</strong></span> <span class='ocrx_word' id='word_1_273' title='bbox 1602 2542 1707 2599; x_wconf 89' lang='lat' dir='ltr'><strong>nisi</strong></span> 
     </span>
    </p>
   </div>
   <div class='ocr_carea' id='block_1_41' title="bbox 143 2632 1708 2711">
    <p class='ocr_par' dir='ltr' id='par_1_41' title="bbox 143 2632 1708 2711">
     <span class='ocr_line' id='line_1_43' title="bbox 143 2632 1708 2711; baseline -0.003 -18"><span class='ocrx_word' id='word_1_274' title='bbox 143 2655 219 2709; x_wconf 83' lang='lat' dir='ltr'><strong>per</strong></span> <span class='ocrx_word' id='word_1_275' title='bbox 236 2639 649 2711; x_wconf 81' lang='lat' dir='ltr'><strong>appellationem</strong></span> <span class='ocrx_word' id='word_1_276' title='bbox 677 2636 747 2693; x_wconf 89' lang='lat' dir='ltr'><strong>ad</strong></span> <span class='ocrx_word' id='word_1_277' title='bbox 787 2632 1046 2704; x_wconf 80' lang='lat' dir='ltr'><strong>majorem</strong></span> <span class='ocrx_word' id='word_1_278' title='bbox 1092 2634 1423 2690; x_wconf 86' lang='lat' dir='ltr'><strong>audientiam</strong></span> <span class='ocrx_word' id='word_1_279' title='bbox 1474 2633 1708 2690; x_wconf 81' lang='lat' dir='ltr'><strong>fuissent</strong></span> 
     </span>
    </p>
   </div>
   <div class='ocr_carea' id='block_1_42' title="bbox 143 2728 317 2785">
    <p class='ocr_par' dir='ltr' id='par_1_42' title="bbox 143 2728 317 2785">
     <span class='ocr_line' id='line_1_44' title="bbox 143 2728 317 2785; baseline -0.011 0"><span class='ocrx_word' id='word_1_280' title='bbox 143 2728 317 2785; x_wconf 65' lang='lat' dir='ltr'><strong>delatae.</strong></span> 
     </span>
    </p>
   </div>
   <div class='ocr_carea' id='block_1_43' title="bbox 142 2858 1702 2931">
    <p class='ocr_par' dir='ltr' id='par_1_43' title="bbox 142 2858 1702 2931">
     <span class='ocr_line' id='line_1_45' title="bbox 142 2858 1702 2931; baseline 0.001 -16"><span class='ocrx_word' id='word_1_281' title='bbox 142 2861 205 2917; x_wconf 86' lang='lat' dir='ltr'><strong><em>De</em></strong></span> <span class='ocrx_word' id='word_1_282' title='bbox 229 2863 573 2919; x_wconf 78' lang='lat' dir='ltr'><strong>inobedientia</strong></span> <span class='ocrx_word' id='word_1_283' title='bbox 598 2860 951 2925; x_wconf 77' lang='lat' dir='ltr'><strong>sacerdotum,</strong></span> <span class='ocrx_word' id='word_1_284' title='bbox 1002 2858 1309 2930; x_wconf 74' lang='lat' dir='ltr'><strong>defendente</strong></span> <span class='ocrx_word' id='word_1_285' title='bbox 1352 2875 1439 2914; x_wconf 89' lang='lat' dir='ltr'><strong>eos</strong></span> <span class='ocrx_word' id='word_1_286' title='bbox 1464 2860 1702 2931; x_wconf 85' lang='lat' dir='ltr'><strong>episcopo</strong></span> 
     </span>
    </p>
   </div>
   <div class='ocr_carea' id='block_1_44' title="bbox 198 2930 1704 3057">
    <p class='ocr_par' dir='ltr' id='par_1_44' title="bbox 198 2930 1704 3057">
     <span class='ocr_line' id='line_1_46' title="bbox 198 2930 1704 3057; baseline 0 -71"><span class='ocrx_word' id='word_1_287' title='bbox 198 2932 403 3057; x_wconf 61' lang='grc' dir='ltr'><strong>Ηκθοᾶιε</strong></span> <span class='ocrx_word' id='word_1_288' title='bbox 430 2944 627 2987; x_wconf 80' lang='lat' dir='ltr'><strong>contra</strong></span> <span class='ocrx_word' id='word_1_289' title='bbox 670 2947 791 2986; x_wconf 81' lang='lat' dir='ltr'><strong>eum</strong></span> <span class='ocrx_word' id='word_1_290' title='bbox 825 2930 1036 3002; x_wconf 80' lang='lat' dir='ltr'><strong>quando</strong></span> <span class='ocrx_word' id='word_1_291' title='bbox 1084 2940 1195 2984; x_wconf 83' lang='lat' dir='ltr'><strong>erat</strong></span> <span class='ocrx_word' id='word_1_292' title='bbox 1246 2930 1509 2995; x_wconf 81' lang='lat' dir='ltr'><strong>decanus,</strong></span> <span class='ocrx_word' id='word_1_293' title='bbox 1552 2942 1598 2984; x_wconf 92' lang='lat' dir='ltr'><strong>et</strong></span> <span class='ocrx_word' id='word_1_294' title='bbox 1637 2931 1704 2987; x_wconf 81' lang='lat' dir='ltr'><strong>de</strong></span> 
     </span>
     <span class='ocr_line' id='line_1_47' title="bbox 198 3019 1701 3057; baseline 0 0"><span class='ocrx_word' id='word_1_295' title='bbox 198 3019 321 3057; x_wconf 76' lang='lat' dir='ltr'><strong>eatea</strong></span> <span class='ocrx_word' id='word_1_296' title='bbox 360 3021 413 3057; x_wconf 88' lang='lat' dir='ltr'><strong>a.</strong></span> <span class='ocrx_word' id='word_1_297' title='bbox 1698 3054 1701 3057; x_wconf 37' lang='grc' dir='ltr'><strong><em>λ</em></strong></span> 
     </span>
    </p>
   </div>
   <div class='ocr_carea' id='block_1_45' title="bbox 194 3019 413 3059">
    <p class='ocr_par' dir='ltr' id='par_1_45' title="bbox 194 3019 413 3059">
     <span class='ocr_line' id='line_1_48' title="bbox 194 3019 413 3059; baseline -0.009 0"><span class='ocrx_word' id='word_1_298' title='bbox 194 3019 413 3059; x_wconf 77' lang='lat' dir='ltr'><strong>emenda.</strong></span> 
     </span>
    </p>
   </div>
   <div class='ocr_carea' id='block_1_46' title="bbox 194 3135 1702 3208">
    <p class='ocr_par' dir='ltr' id='par_1_46' title="bbox 194 3135 1702 3208">
     <span class='ocr_line' id='line_1_49' title="bbox 194 3135 1702 3208; baseline -0.003 -14"><span class='ocrx_word' id='word_1_299' title='bbox 194 3138 511 3196; x_wconf 85' lang='lat' dir='ltr'><strong>Sacerdotes</strong></span> <span class='ocrx_word' id='word_1_300' title='bbox 530 3137 773 3208; x_wconf 84' lang='lat' dir='ltr'><strong>quidam,</strong></span> <span class='ocrx_word' id='word_1_301' title='bbox 807 3137 899 3207; x_wconf 88' lang='lat' dir='ltr'><strong>qui</strong></span> <span class='ocrx_word' id='word_1_302' title='bbox 935 3135 1219 3208; x_wconf 84' lang='lat' dir='ltr'><strong>parochias</strong></span> <span class='ocrx_word' id='word_1_303' title='bbox 1266 3138 1522 3207; x_wconf 84' lang='lat' dir='ltr'><strong>regebant</strong></span> <span class='ocrx_word' id='word_1_304' title='bbox 1570 3136 1702 3193; x_wconf 88' lang='lat' dir='ltr'><strong>civi-</strong></span> 
     </span>
    </p>
   </div>
   <div class='ocr_carea' id='block_1_47' title="bbox 139 3207 1776 3301">
    <p class='ocr_par' dir='ltr' id='par_1_47' title="bbox 139 3207 1776 3301">
     <span class='ocr_line' id='line_1_50' title="bbox 139 3207 1776 3301; baseline -0.001 -17"><span class='ocrx_word' id='word_1_305' title='bbox 139 3232 259 3296; x_wconf 87' lang='lat' dir='ltr'><strong>tatis,</strong></span> <span class='ocrx_word' id='word_1_306' title='bbox 282 3207 576 3301; x_wconf 84' lang='lat' dir='ltr'><strong>quamdam</strong></span> <span class='ocrx_word' id='word_1_307' title='bbox 607 3228 878 3284; x_wconf 83' lang='lat' dir='ltr'><strong>interdicti</strong></span> <span class='ocrx_word' id='word_1_308' title='bbox 903 3207 1228 3283; x_wconf 82' lang='lat' dir='ltr'><strong>scutentiam</strong></span> <span class='ocrx_word' id='word_1_309' title='bbox 1254 3229 1307 3283; x_wconf 91' lang='lat' dir='ltr'><strong>in</strong></span> <span class='ocrx_word' id='word_1_310' title='bbox 1336 3228 1558 3284; x_wconf 85' lang='lat' dir='ltr'><strong>civitate</strong></span> <span class='ocrx_word' id='word_1_311' title='bbox 1586 3229 1699 3282; x_wconf 80' lang='lat' dir='ltr'><strong>An-</strong></span> <span class='ocrx_word' id='word_1_312' title='bbox 1729 3207 1776 3270; x_wconf 70' lang='grc' dir='ltr'>ο</span> 
     </span>
    </p>
   </div>
   <div class='ocr_carea' id='block_1_48' title="bbox 141 3317 1699 3390">
    <p class='ocr_par' dir='ltr' id='par_1_48' title="bbox 141 3317 1699 3390">
     <span class='ocr_line' id='line_1_51' title="bbox 141 3317 1699 3390; baseline 0 -17"><span class='ocrx_word' id='word_1_313' title='bbox 141 3320 492 3376; x_wconf 83' lang='lat' dir='ltr'><strong>tissiodurettsi</strong></span> <span class='ocrx_word' id='word_1_314' title='bbox 525 3319 811 3390; x_wconf 86' lang='lat' dir='ltr'><strong>prolatam,</strong></span> <span class='ocrx_word' id='word_1_315' title='bbox 840 3331 1000 3388; x_wconf 85' lang='lat' dir='ltr'><strong>quam</strong></span> <span class='ocrx_word' id='word_1_316' title='bbox 1028 3318 1264 3372; x_wconf 86' lang='lat' dir='ltr'><strong>dccanus</strong></span> <span class='ocrx_word' id='word_1_317' title='bbox 1291 3317 1404 3387; x_wconf 86' lang='lat' dir='ltr'><strong>ipse</strong></span> <span class='ocrx_word' id='word_1_318' title='bbox 1433 3332 1699 3388; x_wconf 59' lang='lat' dir='ltr'><strong>praecepe-</strong></span> 
     </span>
    </p>
   </div>
   <div class='ocr_carea' id='block_1_49' title="bbox 140 3409 1698 3482">
    <p class='ocr_par' dir='ltr' id='par_1_49' title="bbox 140 3409 1698 3482">
     <span class='ocr_line' id='line_1_52' title="bbox 140 3409 1698 3482; baseline 0 -17"><span class='ocrx_word' id='word_1_319' title='bbox 140 3421 208 3467; x_wconf 86' lang='lat' dir='ltr'><strong>rat</strong></span> <span class='ocrx_word' id='word_1_320' title='bbox 249 3412 573 3479; x_wconf 80' lang='lat' dir='ltr'><strong>observari,</strong></span> <span class='ocrx_word' id='word_1_321' title='bbox 631 3411 886 3482; x_wconf 78' lang='lat' dir='ltr'><strong>episcOpo</strong></span> <span class='ocrx_word' id='word_1_322' title='bbox 935 3409 1156 3477; x_wconf 87' lang='lat' dir='ltr'><strong>jubente</strong></span> <span class='ocrx_word' id='word_1_323' title='bbox 1208 3410 1556 3475; x_wconf 87' lang='lat' dir='ltr'><strong>contrarium,</strong></span> <span class='ocrx_word' id='word_1_324' title='bbox 1592 3426 1698 3465; x_wconf 89' lang='lat' dir='ltr'><strong>non</strong></span> 
     </span>
    </p>
   </div>
   <div class='ocr_carea' id='block_1_50' title="bbox 140 3499 1701 3572">
    <p class='ocr_par' dir='ltr' id='par_1_50' title="bbox 140 3499 1701 3572">
     <span class='ocr_line' id='line_1_53' title="bbox 140 3499 1701 3572; baseline 0 -17"><span class='ocrx_word' id='word_1_325' title='bbox 140 3514 409 3566; x_wconf 82' lang='lat' dir='ltr'><strong>servarunt,</strong></span> <span class='ocrx_word' id='word_1_326' title='bbox 448 3518 523 3557; x_wconf 82' lang='lat' dir='ltr'><strong>ac</strong></span> <span class='ocrx_word' id='word_1_327' title='bbox 545 3514 764 3572; x_wconf 87' lang='lat' dir='ltr'><strong>propter</strong></span> <span class='ocrx_word' id='word_1_328' title='bbox 786 3502 891 3555; x_wconf 86' lang='lat' dir='ltr'><strong>hoc</strong></span> <span class='ocrx_word' id='word_1_329' title='bbox 929 3516 960 3554; x_wconf 89' lang='lat' dir='ltr'><strong>a</strong></span> <span class='ocrx_word' id='word_1_330' title='bbox 1001 3499 1209 3555; x_wconf 89' lang='lat' dir='ltr'><strong>decano</strong></span> <span class='ocrx_word' id='word_1_331' title='bbox 1266 3500 1509 3570; x_wconf 86' lang='lat' dir='ltr'><strong>suspensi</strong></span> <span class='ocrx_word' id='word_1_332' title='bbox 1556 3501 1701 3569; x_wconf 88' lang='lat' dir='ltr'><strong>ipsos</strong></span> 
     </span>
    </p>
   </div>
   <div class='ocr_carea' id='block_1_51' title="bbox 139 3591 1700 3666">
    <p class='ocr_par' dir='ltr' id='par_1_51' title="bbox 139 3591 1700 3666">
     <span class='ocr_line' id='line_1_54' title="bbox 139 3591 1700 3666; baseline -0.003 -17"><span class='ocrx_word' id='word_1_333' title='bbox 139 3595 418 3652; x_wconf 82' lang='lat' dir='ltr'><strong>absolvente</strong></span> <span class='ocrx_word' id='word_1_334' title='bbox 440 3596 724 3666; x_wconf 85' lang='lat' dir='ltr'><strong>episcopo,</strong></span> <span class='ocrx_word' id='word_1_335' title='bbox 750 3609 846 3648; x_wconf 91' lang='lat' dir='ltr'><strong>sua</strong></span> <span class='ocrx_word' id='word_1_336' title='bbox 876 3601 1098 3664; x_wconf 90' lang='lat' dir='ltr'><strong>propter</strong></span> <span class='ocrx_word' id='word_1_337' title='bbox 1127 3591 1313 3646; x_wconf 88' lang='lat' dir='ltr'><strong>decani</strong></span> <span class='ocrx_word' id='word_1_338' title='bbox 1375 3592 1700 3646; x_wconf 89' lang='lat' dir='ltr'><strong>sententiam</strong></span> 
     </span>
    </p>
   </div>
   <div class='ocr_carea' id='block_1_52' title="bbox 141 3682 1703 3759">
    <p class='ocr_par' dir='ltr' id='par_1_52' title="bbox 141 3682 1703 3759">
     <span class='ocr_line' id='line_1_55' title="bbox 141 3682 1703 3759; baseline -0.004 -17"><span class='ocrx_word' id='word_1_339' title='bbox 141 3688 293 3743; x_wconf 82' lang='lat' dir='ltr'><strong>taliter</strong></span> <span class='ocrx_word' id='word_1_340' title='bbox 317 3688 383 3742; x_wconf 89' lang='lat' dir='ltr'><strong>ab</strong></span> <span class='ocrx_word' id='word_1_341' title='bbox 401 3688 667 3759; x_wconf 84' lang='lat' dir='ltr'><strong>episcopo</strong></span> <span class='ocrx_word' id='word_1_342' title='bbox 713 3685 1011 3740; x_wconf 83' lang='lat' dir='ltr'><strong>relaxatam</strong></span> <span class='ocrx_word' id='word_1_343' title='bbox 1074 3697 1182 3737; x_wconf 89' lang='lat' dir='ltr'><strong>non</strong></span> <span class='ocrx_word' id='word_1_344' title='bbox 1240 3682 1703 3752; x_wconf 61' lang='lat' dir='ltr'><strong>praetermiserunt</strong></span> 
     </span>
    </p>
   </div>
   <div class='ocr_carea' id='block_1_53' title="bbox 137 3771 1703 3845">
    <p class='ocr_par' dir='ltr' id='par_1_53' title="bbox 137 3771 1703 3845">
     <span class='ocr_line' id='line_1_56' title="bbox 137 3771 1703 3845; baseline -0.005 -14"><span class='ocrx_word' id='word_1_345' title='bbox 137 3776 282 3833; x_wconf 82' lang='lat' dir='ltr'><strong>cilicia</strong></span> <span class='ocrx_word' id='word_1_346' title='bbox 310 3792 597 3842; x_wconf 86' lang='lat' dir='ltr'><strong>exercere,</strong></span> <span class='ocrx_word' id='word_1_347' title='bbox 642 3775 877 3845; x_wconf 86' lang='lat' dir='ltr'><strong>episcopi</strong></span> <span class='ocrx_word' id='word_1_348' title='bbox 929 3774 1253 3829; x_wconf 86' lang='lat' dir='ltr'><strong>auctoritate</strong></span> <span class='ocrx_word' id='word_1_349' title='bbox 1306 3771 1549 3827; x_wconf 84' lang='lat' dir='ltr'><strong>suil‘ulti:</strong></span> <span class='ocrx_word' id='word_1_350' title='bbox 1583 3781 1703 3825; x_wconf 90' lang='lat' dir='ltr'><strong>tan-</strong></span> 
     </span>
    </p>
   </div>
   <div class='ocr_carea' id='block_1_54' title="bbox 138 3863 1698 3937">
    <p class='ocr_par' dir='ltr' id='par_1_54' title="bbox 138 3863 1698 3937">
     <span class='ocr_line' id='line_1_57' title="bbox 138 3863 1698 3937; baseline -0.004 -14"><span class='ocrx_word' id='word_1_351' title='bbox 138 3868 236 3923; x_wconf 86' lang='lat' dir='ltr'><strong>dem</strong></span> <span class='ocrx_word' id='word_1_352' title='bbox 287 3884 482 3925; x_wconf 85' lang='lat' dir='ltr'><strong>eorum</strong></span> <span class='ocrx_word' id='word_1_353' title='bbox 552 3868 972 3923; x_wconf 88' lang='lat' dir='ltr'><strong>inobedientiam</strong></span> <span class='ocrx_word' id='word_1_354' title='bbox 1020 3867 1275 3937; x_wconf 89' lang='lat' dir='ltr'><strong>episcopo</strong></span> <span class='ocrx_word' id='word_1_355' title='bbox 1329 3863 1648 3920; x_wconf 78' lang='lat' dir='ltr'><strong>defendente</strong></span> <span class='ocrx_word' id='word_1_356' title='bbox 1682 3904 1698 3931; x_wconf 98' lang='lat'><strong>,</strong></span> 
     </span>
    </p>
   </div>
   <div class='ocr_carea' id='block_1_55' title="bbox 141 3954 1696 4026">
    <p class='ocr_par' dir='ltr' id='par_1_55' title="bbox 141 3954 1696 4026">
     <span class='ocr_line' id='line_1_58' title="bbox 141 3954 1696 4026; baseline -0.005 -11"><span class='ocrx_word' id='word_1_357' title='bbox 141 3969 262 4015; x_wconf 85' lang='lat' dir='ltr'><strong>tanta</strong></span> <span class='ocrx_word' id='word_1_358' title='bbox 291 3970 371 4017; x_wconf 89' lang='lat' dir='ltr'><strong>est</strong></span> <span class='ocrx_word' id='word_1_359' title='bbox 410 3960 751 4016; x_wconf 88' lang='lat' dir='ltr'><strong>Senonensis</strong></span> <span class='ocrx_word' id='word_1_360' title='bbox 795 3958 940 4013; x_wconf 89' lang='lat' dir='ltr'><strong>sedis</strong></span> <span class='ocrx_word' id='word_1_361' title='bbox 984 3955 1409 4026; x_wconf 68' lang='lat' dir='ltr'><strong>metropolitana:</strong></span> <span class='ocrx_word' id='word_1_362' title='bbox 1461 3954 1696 4009; x_wconf 81' lang='lat' dir='ltr'><strong>examini</strong></span> 
     </span>
    </p>
   </div>
   <div class='ocr_carea' id='block_1_56' title="bbox 137 4046 1698 4124">
    <p class='ocr_par' dir='ltr' id='par_1_56' title="bbox 137 4046 1698 4124">
     <span class='ocr_line' id='line_1_59' title="bbox 137 4046 1698 4124; baseline -0.005 -18"><span class='ocrx_word' id='word_1_363' title='bbox 137 4066 218 4122; x_wconf 89' lang='lat' dir='ltr'><strong>per</strong></span> <span class='ocrx_word' id='word_1_364' title='bbox 265 4052 680 4124; x_wconf 84' lang='lat' dir='ltr'><strong>appellationem</strong></span> <span class='ocrx_word' id='word_1_365' title='bbox 735 4050 955 4104; x_wconf 84' lang='lat' dir='ltr'><strong>victrice</strong></span> <span class='ocrx_word' id='word_1_366' title='bbox 1011 4046 1312 4103; x_wconf 83' lang='lat' dir='ltr'><strong>constantia</strong></span> <span class='ocrx_word' id='word_1_367' title='bbox 1362 4052 1698 4115; x_wconf 85' lang='lat' dir='ltr'><strong>prosecutus,</strong></span> 
     </span>
    </p>
   </div>
   <div class='ocr_carea' id='block_1_57' title="bbox 139 4137 1695 4214">
    <p class='ocr_par' dir='ltr' id='par_1_57' title="bbox 139 4137 1695 4214">
     <span class='ocr_line' id='line_1_60' title="bbox 139 4137 1695 4214; baseline -0.006 -14"><span class='ocrx_word' id='word_1_368' title='bbox 139 4145 259 4214; x_wconf 83' lang='lat' dir='ltr'><strong>quod</strong></span> <span class='ocrx_word' id='word_1_369' title='bbox 281 4145 527 4200; x_wconf 85' lang='lat' dir='ltr'><strong>dictante</strong></span> <span class='ocrx_word' id='word_1_370' title='bbox 551 4142 781 4211; x_wconf 87' lang='lat' dir='ltr'><strong>justitia,</strong></span> <span class='ocrx_word' id='word_1_371' title='bbox 805 4140 1174 4197; x_wconf 89' lang='lat' dir='ltr'><strong>succumbenti</strong></span> <span class='ocrx_word' id='word_1_372' title='bbox 1208 4140 1260 4194; x_wconf 90' lang='lat' dir='ltr'><strong>in</strong></span> <span class='ocrx_word' id='word_1_373' title='bbox 1281 4137 1405 4207; x_wconf 86' lang='lat' dir='ltr'><strong>jure</strong></span> <span class='ocrx_word' id='word_1_374' title='bbox 1426 4139 1695 4208; x_wconf 89' lang='lat' dir='ltr'><strong>episcopo,</strong></span> 
     </span>
    </p>
   </div>
   <div class='ocr_carea' id='block_1_58' title="bbox 139 4227 1696 4299">
    <p class='ocr_par' dir='ltr' id='par_1_58' title="bbox 139 4227 1696 4299">
     <span class='ocr_line' id='line_1_61' title="bbox 139 4227 1696 4299; baseline -0.005 -8"><span class='ocrx_word' id='word_1_375' title='bbox 139 4235 318 4291; x_wconf 83' lang='lat' dir='ltr'><strong>decano</strong></span> <span class='ocrx_word' id='word_1_376' title='bbox 340 4237 408 4292; x_wconf 91' lang='lat' dir='ltr'><strong>de</strong></span> <span class='ocrx_word' id='word_1_377' title='bbox 440 4234 819 4289; x_wconf 82' lang='lat' dir='ltr'><strong>inobedientia</strong></span> <span class='ocrx_word' id='word_1_378' title='bbox 873 4229 1189 4287; x_wconf 80' lang='lat' dir='ltr'><strong>satisfacere</strong></span> <span class='ocrx_word' id='word_1_379' title='bbox 1244 4238 1371 4285; x_wconf 88' lang='lat' dir='ltr'><strong>sunt</strong></span> <span class='ocrx_word' id='word_1_380' title='bbox 1413 4227 1696 4299; x_wconf 87' lang='lat' dir='ltr'><strong>compulsi,</strong></span> 
     </span>
    </p>
   </div>
   <div class='ocr_carea' id='block_1_59' title="bbox 139 4320 1701 4401">
    <p class='ocr_par' dir='ltr' id='par_1_59' title="bbox 139 4320 1701 4401">
     <span class='ocr_line' id='line_1_62' title="bbox 139 4320 1701 4401; baseline -0.004 -21"><span class='ocrx_word' id='word_1_381' title='bbox 139 4327 214 4399; x_wconf 87' lang='lat' dir='ltr'><strong>qui</strong></span> <span class='ocrx_word' id='word_1_382' title='bbox 237 4329 286 4383; x_wconf 92' lang='lat' dir='ltr'><strong>in</strong></span> <span class='ocrx_word' id='word_1_383' title='bbox 310 4329 471 4401; x_wconf 80' lang='lat' dir='ltr'><strong>virga</strong></span> <span class='ocrx_word' id='word_1_384' title='bbox 496 4326 721 4382; x_wconf 86' lang='lat' dir='ltr'><strong>visitans</strong></span> <span class='ocrx_word' id='word_1_385' title='bbox 747 4325 1056 4395; x_wconf 89' lang='lat' dir='ltr'><strong>iniquitates</strong></span> <span class='ocrx_word' id='word_1_386' title='bbox 1079 4337 1266 4378; x_wconf 89' lang='lat' dir='ltr'><strong>eorum</strong></span> <span class='ocrx_word' id='word_1_387' title='bbox 1311 4330 1366 4376; x_wconf 88' lang='lat' dir='ltr'><strong>et</strong></span> <span class='ocrx_word' id='word_1_388' title='bbox 1386 4321 1438 4375; x_wconf 92' lang='lat' dir='ltr'><strong>in</strong></span> <span class='ocrx_word' id='word_1_389' title='bbox 1459 4320 1701 4375; x_wconf 71' lang='lat' dir='ltr'><strong>verberi-</strong></span> 
     </span>
    </p>
   </div>
   <div class='ocr_carea' id='block_1_60' title="bbox 136 4410 1698 4491">
    <p class='ocr_par' dir='ltr' id='par_1_60' title="bbox 136 4410 1698 4491">
     <span class='ocr_line' id='line_1_63' title="bbox 136 4410 1698 4491; baseline -0.005 -18"><span class='ocrx_word' id='word_1_390' title='bbox 136 4417 222 4475; x_wconf 88' lang='lat' dir='ltr'><strong>bus</strong></span> <span class='ocrx_word' id='word_1_391' title='bbox 247 4428 465 4491; x_wconf 88' lang='lat' dir='ltr'><strong>peccata</strong></span> <span class='ocrx_word' id='word_1_392' title='bbox 497 4432 684 4473; x_wconf 89' lang='lat' dir='ltr'><strong>eorum</strong></span> <span class='ocrx_word' id='word_1_393' title='bbox 736 4418 878 4488; x_wconf 91' lang='lat' dir='ltr'><strong>ipsos</strong></span> <span class='ocrx_word' id='word_1_394' title='bbox 900 4416 952 4470; x_wconf 92' lang='lat' dir='ltr'><strong>in</strong></span> <span class='ocrx_word' id='word_1_395' title='bbox 972 4413 1207 4485; x_wconf 89' lang='lat' dir='ltr'><strong>capitulo</strong></span> <span class='ocrx_word' id='word_1_396' title='bbox 1241 4410 1698 4467; x_wconf 85' lang='lat' dir='ltr'><strong>Antissiodorensi</strong></span> 
     </span>
    </p>
   </div>
   <div class='ocr_carea' id='block_1_61' title="bbox 139 4508 1694 4592">
    <p class='ocr_par' dir='ltr' id='par_1_61' title="bbox 139 4508 1694 4592">
     <span class='ocr_line' id='line_1_64' title="bbox 139 4508 1694 4592; baseline -0.008 -18"><span class='ocrx_word' id='word_1_397' title='bbox 139 4519 392 4592; x_wconf 75' lang='lat' dir='ltr'><strong>virgarum</strong></span> <span class='ocrx_word' id='word_1_398' title='bbox 421 4519 553 4576; x_wconf 85' lang='lat' dir='ltr'><strong>fecit</strong></span> <span class='ocrx_word' id='word_1_399' title='bbox 568 4517 834 4590; x_wconf 88' lang='lat' dir='ltr'><strong>publicam</strong></span> <span class='ocrx_word' id='word_1_400' title='bbox 861 4514 1172 4571; x_wconf 89' lang='lat' dir='ltr'><strong>solemniter</strong></span> <span class='ocrx_word' id='word_1_401' title='bbox 1189 4511 1439 4580; x_wconf 80' lang='lat' dir='ltr'><strong>excipere</strong></span> <span class='ocrx_word' id='word_1_402' title='bbox 1460 4508 1694 4578; x_wconf 85' lang='lat' dir='ltr'><strong>discipli-</strong></span> 
     </span>
    </p>
   </div>
   <div class='ocr_carea' id='block_1_62' title="bbox 137 4598 1699 4679">
    <p class='ocr_par' dir='ltr' id='par_1_62' title="bbox 137 4598 1699 4679">
     <span class='ocr_line' id='line_1_65' title="bbox 137 4598 1699 4679; baseline -0.006 -16"><span class='ocrx_word' id='word_1_403' title='bbox 137 4625 275 4678; x_wconf 87' lang='lat' dir='ltr'><strong>nam;</strong></span> <span class='ocrx_word' id='word_1_404' title='bbox 306 4613 450 4666; x_wconf 86' lang='lat' dir='ltr'><strong>inter</strong></span> <span class='ocrx_word' id='word_1_405' title='bbox 476 4624 615 4679; x_wconf 88' lang='lat' dir='ltr'><strong>quos</strong></span> <span class='ocrx_word' id='word_1_406' title='bbox 640 4621 778 4664; x_wconf 90' lang='lat' dir='ltr'><strong>unus</strong></span> <span class='ocrx_word' id='word_1_407' title='bbox 808 4621 1015 4676; x_wconf 64' lang='lat' dir='ltr'><strong>magna;</strong></span> <span class='ocrx_word' id='word_1_408' title='bbox 1043 4602 1324 4674; x_wconf 78' lang='lat' dir='ltr'><strong>gravitatis</strong></span> <span class='ocrx_word' id='word_1_409' title='bbox 1356 4612 1412 4657; x_wconf 93' lang='lat' dir='ltr'><strong>et</strong></span> <span class='ocrx_word' id='word_1_410' title='bbox 1440 4598 1699 4671; x_wconf 83' lang='lat' dir='ltr'><strong>nominis,</strong></span> 
     </span>
    </p>
   </div>
   <div class='ocr_carea' id='block_1_63' title="bbox 141 4693 1743 4774">
    <p class='ocr_par' dir='ltr' id='par_1_63' title="bbox 141 4693 1743 4774">
     <span class='ocr_line' id='line_1_66' title="bbox 141 4693 1743 4774; baseline -0.003 -21"><span class='ocrx_word' id='word_1_411' title='bbox 141 4704 377 4774; x_wconf 83' lang='lat' dir='ltr'><strong>magister</strong></span> <span class='ocrx_word' id='word_1_412' title='bbox 406 4700 659 4758; x_wconf 80' lang='lat' dir='ltr'><strong>videlicet</strong></span> <span class='ocrx_word' id='word_1_413' title='bbox 683 4698 953 4754; x_wconf 82' lang='lat' dir='ltr'><strong>Robertus</strong></span> <span class='ocrx_word' id='word_1_414' title='bbox 980 4696 1127 4766; x_wconf 85' lang='lat' dir='ltr'><strong>prior</strong></span> <span class='ocrx_word' id='word_1_415' title='bbox 1150 4694 1322 4750; x_wconf 71' lang='lat' dir='ltr'><strong>beatae</strong></span> <span class='ocrx_word' id='word_1_416' title='bbox 1346 4693 1527 4751; x_wconf 77' lang='lat' dir='ltr'><strong>Mariae</strong></span> <span class='ocrx_word' id='word_1_417' title='bbox 1548 4705 1705 4752; x_wconf 80' lang='lat' dir='ltr'><strong>extra</strong></span> <span class='ocrx_word' id='word_1_418' title='bbox 1730 4736 1743 4747; x_wconf 88' lang='lat'><strong>.</strong></span> 
     </span>
    </p>
   </div>
   <div class='ocr_carea' id='block_1_64' title="bbox 138 4785 1706 4867">
    <p class='ocr_par' dir='ltr' id='par_1_64' title="bbox 138 4785 1706 4867">
     <span class='ocr_line' id='line_1_67' title="bbox 138 4785 1706 4867; baseline -0.001 -23"><span class='ocrx_word' id='word_1_419' title='bbox 138 4804 325 4857; x_wconf 82' lang='lat' dir='ltr'><strong>muros,</strong></span> <span class='ocrx_word' id='word_1_420' title='bbox 350 4792 480 4847; x_wconf 89' lang='lat' dir='ltr'><strong>licet</strong></span> <span class='ocrx_word' id='word_1_421' title='bbox 497 4790 748 4861; x_wconf 87' lang='lat' dir='ltr'><strong>opinione</strong></span> <span class='ocrx_word' id='word_1_422' title='bbox 777 4800 1003 4858; x_wconf 83' lang='lat' dir='ltr'><strong>magnus</strong></span> <span class='ocrx_word' id='word_1_423' title='bbox 1042 4785 1298 4867; x_wconf 79' lang='lat' dir='ltr'><strong>existeret</strong></span> <span class='ocrx_word' id='word_1_424' title='bbox 1339 4785 1477 4856; x_wconf 91' lang='lat' dir='ltr'><strong>apud</strong></span> <span class='ocrx_word' id='word_1_425' title='bbox 1514 4801 1706 4843; x_wconf 89' lang='lat' dir='ltr'><strong>omnes</strong></span> 
     </span>
    </p>
   </div>
   <div class='ocr_carea' id='block_1_65' title="bbox 140 4878 1709 4955">
    <p class='ocr_par' dir='ltr' id='par_1_65' title="bbox 140 4878 1709 4955">
     <span class='ocr_line' id='line_1_68' title="bbox 140 4878 1709 4955; baseline 0 -21"><span class='ocrx_word' id='word_1_426' title='bbox 140 4893 187 4935; x_wconf 86' lang='lat' dir='ltr'><strong>et</strong></span> <span class='ocrx_word' id='word_1_427' title='bbox 204 4892 420 4955; x_wconf 88' lang='lat' dir='ltr'><strong>propter</strong></span> <span class='ocrx_word' id='word_1_428' title='bbox 448 4883 555 4939; x_wconf 89' lang='lat' dir='ltr'><strong>hoc</strong></span> <span class='ocrx_word' id='word_1_429' title='bbox 579 4882 750 4952; x_wconf 82' lang='lat' dir='ltr'><strong>magis</strong></span> <span class='ocrx_word' id='word_1_430' title='bbox 775 4880 902 4935; x_wconf 90' lang='lat' dir='ltr'><strong>dum</strong></span> <span class='ocrx_word' id='word_1_431' title='bbox 946 4878 1407 4934; x_wconf 85' lang='lat' dir='ltr'><strong>verecundaretur</strong></span> <span class='ocrx_word' id='word_1_432' title='bbox 1458 4893 1709 4934; x_wconf 88' lang='lat' dir='ltr'><strong>succum-</strong></span> 
     </span>
    </p>
   </div>
   <div class='ocr_carea' id='block_1_66' title="bbox 139 4966 1733 5039">
    <p class='ocr_par' dir='ltr' id='par_1_66' title="bbox 139 4966 1733 5039">
     <span class='ocr_line' id='line_1_69' title="bbox 139 4966 1733 5039; baseline -0.003 -12"><span class='ocrx_word' id='word_1_433' title='bbox 139 4971 270 5039; x_wconf 84' lang='lat' dir='ltr'><strong>bere,</strong></span> <span class='ocrx_word' id='word_1_434' title='bbox 297 4971 670 5031; x_wconf 81' lang='lat' dir='ltr'><strong>contumacior</strong></span> <span class='ocrx_word' id='word_1_435' title='bbox 693 4970 872 5025; x_wconf 85' lang='lat' dir='ltr'><strong>fuerat</strong></span> <span class='ocrx_word' id='word_1_436' title='bbox 900 4977 953 5024; x_wconf 90' lang='lat' dir='ltr'><strong>et</strong></span> <span class='ocrx_word' id='word_1_437' title='bbox 975 4968 1210 5035; x_wconf 90' lang='lat' dir='ltr'><strong>rebellis,</strong></span> <span class='ocrx_word' id='word_1_438' title='bbox 1269 4966 1410 5037; x_wconf 89' lang='lat' dir='ltr'><strong>apud</strong></span> <span class='ocrx_word' id='word_1_439' title='bbox 1458 4976 1733 5023; x_wconf 79' lang='lat' dir='ltr'><strong>sanctum~</strong></span> 
     </span>
    </p>
   </div>
   <div class='ocr_carea' id='block_1_67' title="bbox 142 5057 1703 5126">
    <p class='ocr_par' dir='ltr' id='par_1_67' title="bbox 142 5057 1703 5126">
     <span class='ocr_line' id='line_1_70' title="bbox 142 5057 1703 5126; baseline -0.004 -7"><span class='ocrx_word' id='word_1_440' title='bbox 142 5063 428 5122; x_wconf 80' lang='lat' dir='ltr'><strong>Ilarianum</strong></span> <span class='ocrx_word' id='word_1_441' title='bbox 459 5074 702 5121; x_wconf 76' lang='lat' dir='ltr'><strong>retrosus</strong></span> <span class='ocrx_word' id='word_1_442' title='bbox 722 5065 776 5119; x_wconf 88' lang='lat' dir='ltr'><strong>in</strong></span> <span class='ocrx_word' id='word_1_443' title='bbox 806 5062 1123 5126; x_wconf 87' lang='lat' dir='ltr'><strong>claustrum,</strong></span> <span class='ocrx_word' id='word_1_444' title='bbox 1164 5057 1317 5114; x_wconf 87' lang='lat' dir='ltr'><strong>etab</strong></span> <span class='ocrx_word' id='word_1_445' title='bbox 1362 5059 1703 5114; x_wconf 84' lang='lat' dir='ltr'><strong>administra-</strong></span> 
     </span>
    </p>
   </div>
   <div class='ocr_carea' id='block_1_68' title="bbox 142 5151 1701 5228">
    <p class='ocr_par' dir='ltr' id='par_1_68' title="bbox 142 5151 1701 5228">
     <span class='ocr_line' id='line_1_71' title="bbox 142 5151 1701 5228; baseline -0.003 -19"><span class='ocrx_word' id='word_1_446' title='bbox 142 5155 273 5212; x_wconf 86' lang='lat' dir='ltr'><strong>tione</strong></span> <span class='ocrx_word' id='word_1_447' title='bbox 318 5156 590 5228; x_wconf 87' lang='lat' dir='ltr'><strong>prioratus</strong></span> <span class='ocrx_word' id='word_1_448' title='bbox 629 5154 711 5209; x_wconf 90' lang='lat' dir='ltr'><strong>sui</strong></span> <span class='ocrx_word' id='word_1_449' title='bbox 761 5160 1000 5208; x_wconf 88' lang='lat' dir='ltr'><strong>remotus</strong></span> <span class='ocrx_word' id='word_1_450' title='bbox 1028 5151 1094 5206; x_wconf 90' lang='lat' dir='ltr'><strong>ad</strong></span> <span class='ocrx_word' id='word_1_451' title='bbox 1135 5158 1346 5221; x_wconf 89' lang='lat' dir='ltr'><strong>tempus</strong></span> <span class='ocrx_word' id='word_1_452' title='bbox 1402 5152 1468 5206; x_wconf 88' lang='lat' dir='ltr'><strong>ad</strong></span> <span class='ocrx_word' id='word_1_453' title='bbox 1516 5156 1701 5205; x_wconf 90' lang='lat' dir='ltr'><strong>nutum</strong></span> 
     </span>
    </p>
   </div>
   <div class='ocr_carea' id='block_1_69' title="bbox 143 5240 1705 5316">
    <p class='ocr_par' dir='ltr' id='par_1_69' title="bbox 143 5240 1705 5316">
     <span class='ocr_line' id='line_1_72' title="bbox 143 5240 1705 5316; baseline -0.002 -20"><span class='ocrx_word' id='word_1_454' title='bbox 143 5243 299 5315; x_wconf 89' lang='lat' dir='ltr'><strong>ipsius</strong></span> <span class='ocrx_word' id='word_1_455' title='bbox 326 5247 528 5302; x_wconf 87' lang='lat' dir='ltr'><strong>decani</strong></span> <span class='ocrx_word' id='word_1_456' title='bbox 550 5245 602 5300; x_wconf 92' lang='lat' dir='ltr'><strong>in</strong></span> <span class='ocrx_word' id='word_1_457' title='bbox 632 5258 772 5316; x_wconf 84' lang='lat' dir='ltr'><strong>pane</strong></span> <span class='ocrx_word' id='word_1_458' title='bbox 790 5252 844 5299; x_wconf 90' lang='lat' dir='ltr'><strong>et</strong></span> <span class='ocrx_word' id='word_1_459' title='bbox 872 5257 1006 5313; x_wconf 86' lang='lat' dir='ltr'><strong>aqua</strong></span> <span class='ocrx_word' id='word_1_460' title='bbox 1040 5256 1135 5312; x_wconf 89' lang='lat' dir='ltr'><strong>per</strong></span> <span class='ocrx_word' id='word_1_461' title='bbox 1162 5241 1363 5312; x_wconf 87' lang='lat' dir='ltr'><strong>aliquot</strong></span> <span class='ocrx_word' id='word_1_462' title='bbox 1386 5242 1499 5296; x_wconf 89' lang='lat' dir='ltr'><strong>dies</strong></span> <span class='ocrx_word' id='word_1_463' title='bbox 1524 5240 1705 5309; x_wconf 78' lang='lat' dir='ltr'><strong>exegit</strong></span> 
     </span>
    </p>
   </div>
   <div class='ocr_carea' id='block_1_70' title="bbox 144 5330 1703 5407">
    <p class='ocr_par' dir='ltr' id='par_1_70' title="bbox 144 5330 1703 5407">
     <span class='ocr_line' id='line_1_73' title="bbox 144 5330 1703 5407; baseline -0.005 -16"><span class='ocrx_word' id='word_1_464' title='bbox 144 5337 500 5407; x_wconf 65' lang='lat' dir='ltr'><strong>paenitentiam</strong></span> <span class='ocrx_word' id='word_1_465' title='bbox 529 5377 544 5404; x_wconf 94' lang='lat'><strong>,</strong></span> <span class='ocrx_word' id='word_1_466' title='bbox 582 5335 838 5390; x_wconf 88' lang='lat' dir='ltr'><strong>multatus</strong></span> <span class='ocrx_word' id='word_1_467' title='bbox 883 5346 1042 5405; x_wconf 74' lang='lat' dir='ltr'><strong>pcena</strong></span> <span class='ocrx_word' id='word_1_468' title='bbox 1097 5346 1194 5404; x_wconf 90' lang='lat' dir='ltr'><strong>per</strong></span> <span class='ocrx_word' id='word_1_469' title='bbox 1248 5330 1495 5386; x_wconf 89' lang='lat' dir='ltr'><strong>abbatem</strong></span> <span class='ocrx_word' id='word_1_470' title='bbox 1546 5344 1703 5384; x_wconf 90' lang='lat' dir='ltr'><strong>suum</strong></span> 
     </span>
    </p>
   </div>
   <div class='ocr_carea' id='block_1_71' title="bbox 145 5421 1700 5498">
    <p class='ocr_par' dir='ltr' id='par_1_71' title="bbox 145 5421 1700 5498">
     <span class='ocr_line' id='line_1_74' title="bbox 145 5421 1700 5498; baseline -0.005 -16"><span class='ocrx_word' id='word_1_471' title='bbox 145 5442 252 5498; x_wconf 70' lang='lat' dir='ltr'><strong>qua:</strong></span> <span class='ocrx_word' id='word_1_472' title='bbox 276 5429 565 5485; x_wconf 85' lang='lat' dir='ltr'><strong>rebellibus</strong></span> <span class='ocrx_word' id='word_1_473' title='bbox 593 5436 648 5483; x_wconf 88' lang='lat' dir='ltr'><strong>et</strong></span> <span class='ocrx_word' id='word_1_474' title='bbox 670 5426 1102 5483; x_wconf 87' lang='lat' dir='ltr'><strong>inobedientibus</strong></span> <span class='ocrx_word' id='word_1_475' title='bbox 1146 5425 1424 5480; x_wconf 88' lang='lat' dir='ltr'><strong>consuevit</strong></span> <span class='ocrx_word' id='word_1_476' title='bbox 1478 5421 1646 5493; x_wconf 85' lang='lat' dir='ltr'><strong>inﬂigi</strong></span> <span class='ocrx_word' id='word_1_477' title='bbox 1684 5438 1700 5476; x_wconf 89' lang='lat'><strong>:</strong></span> 
     </span>
    </p>
   </div>
   <div class='ocr_carea' id='block_1_72' title="bbox 146 5515 1707 5588">
    <p class='ocr_par' dir='ltr' id='par_1_72' title="bbox 146 5515 1707 5588">
     <span class='ocr_line' id='line_1_75' title="bbox 146 5515 1707 5588; baseline -0.008 -10"><span class='ocrx_word' id='word_1_478' title='bbox 146 5521 392 5588; x_wconf 84' lang='lat' dir='ltr'><strong>quosdam</strong></span> <span class='ocrx_word' id='word_1_479' title='bbox 417 5522 580 5576; x_wconf 89' lang='lat' dir='ltr'><strong>etiam</strong></span> <span class='ocrx_word' id='word_1_480' title='bbox 616 5519 904 5575; x_wconf 85' lang='lat' dir='ltr'><strong>canonicos</strong></span> <span class='ocrx_word' id='word_1_481' title='bbox 927 5517 1098 5571; x_wconf 61' lang='lat' dir='ltr'><strong>beatae</strong></span> <span class='ocrx_word' id='word_1_482' title='bbox 1125 5516 1305 5571; x_wconf 82' lang='lat' dir='ltr'><strong>Mariae</strong></span> <span class='ocrx_word' id='word_1_483' title='bbox 1334 5515 1471 5570; x_wconf 88' lang='lat' dir='ltr'><strong>infra</strong></span> <span class='ocrx_word' id='word_1_484' title='bbox 1498 5526 1707 5580; x_wconf 88' lang='lat' dir='ltr'><strong>muros,</strong></span> 
     </span>
    </p>
   </div>
   <div class='ocr_carea' id='block_1_73' title="bbox 148 5605 1767 5683">
    <p class='ocr_par' dir='ltr' id='par_1_73' title="bbox 148 5605 1767 5683">
     <span class='ocr_line' id='line_1_76' title="bbox 148 5605 1767 5683; baseline -0.007 -18"><span class='ocrx_word' id='word_1_485' title='bbox 148 5625 272 5679; x_wconf 86' lang='lat' dir='ltr'><strong>quos</strong></span> <span class='ocrx_word' id='word_1_486' title='bbox 291 5613 493 5683; x_wconf 84' lang='lat' dir='ltr'><strong>absque</strong></span> <span class='ocrx_word' id='word_1_487' title='bbox 513 5610 927 5683; x_wconf 72' lang='lat' dir='ltr'><strong>prmsentatioue</strong></span> <span class='ocrx_word' id='word_1_488' title='bbox 955 5608 1146 5663; x_wconf 88' lang='lat' dir='ltr'><strong>decani</strong></span> <span class='ocrx_word' id='word_1_489' title='bbox 1175 5607 1460 5678; x_wconf 90' lang='lat' dir='ltr'><strong>episcopus</strong></span> <span class='ocrx_word' id='word_1_490' title='bbox 1487 5605 1710 5661; x_wconf 86' lang='lat' dir='ltr'><strong>ordina-</strong></span> <span class='ocrx_word' id='word_1_491' title='bbox 1752 5642 1767 5653; x_wconf 84' lang='lat'><strong>.</strong></span> 
     </span>
    </p>
   </div>
   <div class='ocr_carea' id='block_1_74' title="bbox 147 5695 1705 5770">
    <p class='ocr_par' dir='ltr' id='par_1_74' title="bbox 147 5695 1705 5770">
     <span class='ocr_line' id='line_1_77' title="bbox 147 5695 1705 5770; baseline -0.001 -16"><span class='ocrx_word' id='word_1_492' title='bbox 147 5710 309 5766; x_wconf 82' lang='lat' dir='ltr'><strong>verat,</strong></span> <span class='ocrx_word' id='word_1_493' title='bbox 331 5701 469 5757; x_wconf 85' lang='lat' dir='ltr'><strong>facta</strong></span> <span class='ocrx_word' id='word_1_494' title='bbox 492 5702 594 5759; x_wconf 83' lang='lat' dir='ltr'><strong>sibi</strong></span> <span class='ocrx_word' id='word_1_495' title='bbox 609 5699 951 5756; x_wconf 83' lang='lat' dir='ltr'><strong>abordinatis</strong></span> <span class='ocrx_word' id='word_1_496' title='bbox 977 5714 1075 5770; x_wconf 90' lang='lat' dir='ltr'><strong>pro</strong></span> <span class='ocrx_word' id='word_1_497' title='bbox 1091 5698 1187 5756; x_wconf 77' lang='lat' dir='ltr'><strong>illo</strong></span> <span class='ocrx_word' id='word_1_498' title='bbox 1213 5695 1436 5767; x_wconf 77' lang='lat' dir='ltr'><strong>excessu</strong></span> <span class='ocrx_word' id='word_1_499' title='bbox 1456 5697 1705 5762; x_wconf 88' lang='lat' dir='ltr'><strong>emenda,</strong></span> 
     </span>
    </p>
   </div>
   <div class='ocr_carea' id='block_1_75' title="bbox 149 5792 927 5863">
    <p class='ocr_par' dir='ltr' id='par_1_75' title="bbox 149 5792 927 5863">
     <span class='ocr_line' id='line_1_78' title="bbox 149 5792 927 5863; baseline -0.009 -10"><span class='ocrx_word' id='word_1_500' title='bbox 149 5806 297 5863; x_wconf 60' lang='lat' dir='ltr'><strong>pana</strong></span> <span class='ocrx_word' id='word_1_501' title='bbox 316 5809 347 5851; x_wconf 82' lang='lat' dir='ltr'><strong>a</strong></span> <span class='ocrx_word' id='word_1_502' title='bbox 371 5809 429 5854; x_wconf 78' lang='lat' dir='ltr'><strong>se</strong></span> <span class='ocrx_word' id='word_1_503' title='bbox 448 5796 643 5853; x_wconf 84' lang='lat' dir='ltr'><strong>dictata</strong></span> <span class='ocrx_word' id='word_1_504' title='bbox 662 5792 927 5849; x_wconf 79' lang='lat' dir='ltr'><strong>multavit.</strong></span> 
     </span>
    </p>
   </div>
   <div class='ocr_carea' id='block_1_76' title="bbox 1730 4570 1778 4629">
    <p class='ocr_par' dir='ltr' id='par_1_76' title="bbox 1730 4570 1778 4629">
     <span class='ocr_line' id='line_1_79' title="bbox 1730 4570 1778 4629; baseline 0 0"><span class='ocrx_word' id='word_1_505' title='bbox 1730 4570 1778 4629; x_wconf 86' lang='grc' dir='ltr'><strong>Ι)</strong></span> 
     </span>
    </p>
   </div>
   <div class='ocr_carea' id='block_1_77' title="bbox 1812 1956 3407 2033">
    <p class='ocr_par' dir='ltr' id='par_1_77' title="bbox 1812 1956 3407 2033">
     <span class='ocr_line' id='line_1_80' title="bbox 1812 1956 3407 2033; baseline 0.008 -23"><span class='ocrx_word' id='word_1_506' title='bbox 1812 1956 1980 2011; x_wconf 88' lang='lat' dir='ltr'><strong>nabat</strong></span> <span class='ocrx_word' id='word_1_507' title='bbox 2005 1959 2264 2014; x_wconf 87' lang='lat' dir='ltr'><strong>adversus</strong></span> <span class='ocrx_word' id='word_1_508' title='bbox 2286 1963 2654 2030; x_wconf 89' lang='lat' dir='ltr'><strong>quorumlibet</strong></span> <span class='ocrx_word' id='word_1_509' title='bbox 2703 1962 2946 2033; x_wconf 90' lang='lat' dir='ltr'><strong>injurias,</strong></span> <span class='ocrx_word' id='word_1_510' title='bbox 2995 1982 3207 2021; x_wconf 90' lang='lat' dir='ltr'><strong>murum</strong></span> <span class='ocrx_word' id='word_1_511' title='bbox 3258 1969 3407 2025; x_wconf 90' lang='lat' dir='ltr'><strong>insu-</strong></span> 
     </span>
    </p>
   </div>
   <div class='ocr_carea' id='block_1_78' title="bbox 1809 2047 3399 2126">
    <p class='ocr_par' dir='ltr' id='par_1_78' title="bbox 1809 2047 3399 2126">
     <span class='ocr_line' id='line_1_81' title="bbox 1809 2047 3399 2126; baseline 0.009 -27"><span class='ocrx_word' id='word_1_512' title='bbox 1809 2047 2103 2117; x_wconf 87' lang='lat' dir='ltr'><strong>perabilem</strong></span> <span class='ocrx_word' id='word_1_513' title='bbox 2119 2064 2177 2104; x_wconf 89' lang='lat' dir='ltr'><strong>se</strong></span> <span class='ocrx_word' id='word_1_514' title='bbox 2197 2065 2492 2120; x_wconf 86' lang='lat' dir='ltr'><strong>opponere,</strong></span> <span class='ocrx_word' id='word_1_515' title='bbox 2518 2067 2615 2109; x_wconf 91' lang='lat' dir='ltr'><strong>nec</strong></span> <span class='ocrx_word' id='word_1_516' title='bbox 2658 2056 2770 2110; x_wconf 88' lang='lat' dir='ltr'><strong>suis</strong></span> <span class='ocrx_word' id='word_1_517' title='bbox 2816 2070 3047 2126; x_wconf 88' lang='lat' dir='ltr'><strong>parcens</strong></span> <span class='ocrx_word' id='word_1_518' title='bbox 3103 2057 3399 2125; x_wconf 85' lang='lat' dir='ltr'><strong>laboribus,</strong></span> 
     </span>
    </p>
   </div>
   <div class='ocr_carea' id='block_1_79' title="bbox 1811 2143 3402 2220">
    <p class='ocr_par' dir='ltr' id='par_1_79' title="bbox 1811 2143 3402 2220">
     <span class='ocr_line' id='line_1_82' title="bbox 1811 2143 3402 2220; baseline 0.007 -26"><span class='ocrx_word' id='word_1_519' title='bbox 1811 2154 1911 2194; x_wconf 91' lang='lat' dir='ltr'><strong>nec</strong></span> <span class='ocrx_word' id='word_1_520' title='bbox 1955 2155 2174 2197; x_wconf 83' lang='lat' dir='ltr'><strong>suorum</strong></span> <span class='ocrx_word' id='word_1_521' title='bbox 2226 2143 2281 2198; x_wconf 88' lang='lat' dir='ltr'><strong>in</strong></span> <span class='ocrx_word' id='word_1_522' title='bbox 2338 2153 2485 2199; x_wconf 89' lang='lat' dir='ltr'><strong>tanta</strong></span> <span class='ocrx_word' id='word_1_523' title='bbox 2534 2147 2732 2204; x_wconf 89' lang='lat' dir='ltr'><strong>virtute</strong></span> <span class='ocrx_word' id='word_1_524' title='bbox 2773 2149 3025 2205; x_wconf 64' lang='lat' dir='ltr'><strong>Ecclesiae</strong></span> <span class='ocrx_word' id='word_1_525' title='bbox 3070 2149 3402 2220; x_wconf 89' lang='lat' dir='ltr'><strong>amplectens</strong></span> 
     </span>
    </p>
   </div>
   <div class='ocr_carea' id='block_1_80' title="bbox 1809 2230 3403 2308">
    <p class='ocr_par' dir='ltr' id='par_1_80' title="bbox 1809 2230 3403 2308">
     <span class='ocr_line' id='line_1_83' title="bbox 1809 2230 3403 2308; baseline 0.008 -25"><span class='ocrx_word' id='word_1_526' title='bbox 1809 2230 2045 2301; x_wconf 80' lang='lat' dir='ltr'><strong>negotia,</strong></span> <span class='ocrx_word' id='word_1_527' title='bbox 2076 2230 2217 2302; x_wconf 90' lang='lat' dir='ltr'><strong>quod</strong></span> <span class='ocrx_word' id='word_1_528' title='bbox 2245 2233 2495 2290; x_wconf 92' lang='lat' dir='ltr'><strong>comitem</strong></span> <span class='ocrx_word' id='word_1_529' title='bbox 2523 2236 2694 2306; x_wconf 88' lang='lat' dir='ltr'><strong>ipsum</strong></span> <span class='ocrx_word' id='word_1_530' title='bbox 2743 2247 2964 2308; x_wconf 88' lang='lat' dir='ltr'><strong>propter</strong></span> <span class='ocrx_word' id='word_1_531' title='bbox 2998 2239 3263 2308; x_wconf 86' lang='lat' dir='ltr'><strong>irrogatas</strong></span> <span class='ocrx_word' id='word_1_532' title='bbox 3299 2240 3403 2296; x_wconf 87' lang='lat' dir='ltr'><strong>Ec-</strong></span> 
     </span>
    </p>
   </div>
   <div class='ocr_carea' id='block_1_81' title="bbox 1809 2319 3399 2399">
    <p class='ocr_par' dir='ltr' id='par_1_81' title="bbox 1809 2319 3399 2399">
     <span class='ocr_line' id='line_1_84' title="bbox 1809 2319 3399 2399; baseline 0.006 -23"><span class='ocrx_word' id='word_1_533' title='bbox 1809 2319 2234 2390; x_wconf 78' lang='lat' dir='ltr'><strong>clesiteinjurias</strong></span> <span class='ocrx_word' id='word_1_534' title='bbox 2258 2326 2814 2382; x_wconf 85' lang='lat' dir='ltr'><strong>cxcommnnicatione</strong></span> <span class='ocrx_word' id='word_1_535' title='bbox 2857 2337 2912 2382; x_wconf 87' lang='lat' dir='ltr'><strong>et</strong></span> <span class='ocrx_word' id='word_1_536' title='bbox 2955 2329 3225 2385; x_wconf 85' lang='lat' dir='ltr'><strong>civitatem</strong></span> <span class='ocrx_word' id='word_1_537' title='bbox 3284 2329 3399 2399; x_wconf 85' lang='lat' dir='ltr'><strong>ejus</strong></span> 
     </span>
    </p>
   </div>
   <div class='ocr_carea' id='block_1_82' title="bbox 1809 2411 3398 2490">
    <p class='ocr_par' dir='ltr' id='par_1_82' title="bbox 1809 2411 3398 2490">
     <span class='ocr_line' id='line_1_85' title="bbox 1809 2411 3398 2490; baseline 0.006 -24"><span class='ocrx_word' id='word_1_538' title='bbox 1809 2412 2089 2480; x_wconf 86' lang='lat' dir='ltr'><strong>supposuit</strong></span> <span class='ocrx_word' id='word_1_539' title='bbox 2118 2411 2424 2481; x_wconf 90' lang='lat' dir='ltr'><strong>interdicto,</strong></span> <span class='ocrx_word' id='word_1_540' title='bbox 2448 2424 2503 2469; x_wconf 89' lang='lat' dir='ltr'><strong>et</strong></span> <span class='ocrx_word' id='word_1_541' title='bbox 2521 2416 2601 2471; x_wconf 88' lang='lat' dir='ltr'><strong>sic</strong></span> <span class='ocrx_word' id='word_1_542' title='bbox 2643 2417 2853 2472; x_wconf 89' lang='lat' dir='ltr'><strong>tandem</strong></span> <span class='ocrx_word' id='word_1_543' title='bbox 2896 2419 3155 2490; x_wconf 86' lang='lat' dir='ltr'><strong>compulit</strong></span> <span class='ocrx_word' id='word_1_544' title='bbox 3210 2421 3398 2477; x_wconf 85' lang='lat' dir='ltr'><strong>venire</strong></span> 
     </span>
    </p>
   </div>
   <div class='ocr_carea' id='block_1_83' title="bbox 1807 2499 3189 2577">
    <p class='ocr_par' dir='ltr' id='par_1_83' title="bbox 1807 2499 3189 2577">
     <span class='ocr_line' id='line_1_86' title="bbox 1807 2499 3189 2577; baseline 0.005 -20"><span class='ocrx_word' id='word_1_545' title='bbox 1807 2500 1863 2557; x_wconf 89' lang='lat' dir='ltr'><strong>iu</strong></span> <span class='ocrx_word' id='word_1_546' title='bbox 1885 2502 2179 2573; x_wconf 89' lang='lat' dir='ltr'><strong>capitulum</strong></span> <span class='ocrx_word' id='word_1_547' title='bbox 2210 2513 2266 2560; x_wconf 89' lang='lat' dir='ltr'><strong>et</strong></span> <span class='ocrx_word' id='word_1_548' title='bbox 2289 2503 2513 2573; x_wconf 88' lang='lat' dir='ltr'><strong>injurias</strong></span> <span class='ocrx_word' id='word_1_549' title='bbox 2538 2507 2772 2577; x_wconf 89' lang='lat' dir='ltr'><strong>capitulo</strong></span> <span class='ocrx_word' id='word_1_550' title='bbox 2801 2499 3110 2564; x_wconf 87' lang='lat' dir='ltr'><strong>emendare.</strong></span> <span class='ocrx_word' id='word_1_551' title='bbox 3183 2503 3189 2509; x_wconf 79' lang='grc'><em>’</em></span> 
     </span>
    </p>
   </div>
   <div class='ocr_carea' id='block_1_84' title="bbox 1806 2611 3395 2688">
    <p class='ocr_par' dir='ltr' id='par_1_84' title="bbox 1806 2611 3395 2688">
     <span class='ocr_line' id='line_1_87' title="bbox 1806 2611 3395 2688; baseline 0.006 -19"><span class='ocrx_word' id='word_1_552' title='bbox 1806 2611 1916 2669; x_wconf 86' lang='lat' dir='ltr'><strong>Sub</strong></span> <span class='ocrx_word' id='word_1_553' title='bbox 1945 2625 2141 2685; x_wconf 86' lang='lat' dir='ltr'><strong>quanta</strong></span> <span class='ocrx_word' id='word_1_554' title='bbox 2164 2617 2487 2673; x_wconf 84' lang='lat' dir='ltr'><strong>districtione</strong></span> <span class='ocrx_word' id='word_1_555' title='bbox 2509 2620 2829 2688; x_wconf 77' lang='lat' dir='ltr'><strong>prohibitum</strong></span> <span class='ocrx_word' id='word_1_556' title='bbox 2878 2622 2945 2676; x_wconf 85' lang='lat' dir='ltr'><strong>sit</strong></span> <span class='ocrx_word' id='word_1_557' title='bbox 2995 2638 3058 2678; x_wconf 86' lang='lat' dir='ltr'><strong>ne</strong></span> <span class='ocrx_word' id='word_1_558' title='bbox 3114 2624 3395 2680; x_wconf 76' lang='lat' dir='ltr'><strong>venderen-</strong></span> 
     </span>
    </p>
   </div>
   <div class='ocr_carea' id='block_1_85' title="bbox 1874 2688 3319 2765">
    <p class='ocr_par' dir='ltr' id='par_1_85' title="bbox 1874 2688 3319 2765">
     <span class='ocr_line' id='line_1_88' title="bbox 1874 2688 3319 2765; baseline 0.008 -29"><span class='ocrx_word' id='word_1_559' title='bbox 1874 2694 1982 2750; x_wconf 87' lang='lat' dir='ltr'><strong>tur,</strong></span> <span class='ocrx_word' id='word_1_560' title='bbox 2012 2697 2105 2738; x_wconf 82' lang='lat' dir='ltr'><strong>aut</strong></span> <span class='ocrx_word' id='word_1_561' title='bbox 2135 2696 2288 2741; x_wconf 69' lang='lat' dir='ltr'><strong>terra:</strong></span> <span class='ocrx_word' id='word_1_562' title='bbox 2333 2688 2585 2743; x_wconf 69' lang='lat' dir='ltr'><strong>Ecclesia:</strong></span> <span class='ocrx_word' id='word_1_563' title='bbox 2626 2690 2740 2745; x_wconf 84' lang='lat' dir='ltr'><strong>sine</strong></span> <span class='ocrx_word' id='word_1_564' title='bbox 2783 2708 3035 2746; x_wconf 82' lang='lat' dir='ltr'><strong>consensu</strong></span> <span class='ocrx_word' id='word_1_565' title='bbox 3085 2696 3319 2765; x_wconf 86' lang='lat' dir='ltr'><strong>capituli.</strong></span> 
     </span>
    </p>
   </div>
   <div class='ocr_carea' id='block_1_86' title="bbox 1874 2766 3390 2851">
    <p class='ocr_par' dir='ltr' id='par_1_86' title="bbox 1874 2766 3390 2851">
     <span class='ocr_line' id='line_1_89' title="bbox 1874 2766 3390 2851; baseline 0.008 -21"><span class='ocrx_word' id='word_1_566' title='bbox 1874 2774 2170 2831; x_wconf 87' lang='lat' dir='ltr'><strong>lnolevcrat</strong></span> <span class='ocrx_word' id='word_1_567' title='bbox 2195 2794 2291 2848; x_wconf 87' lang='lat' dir='ltr'><strong>per</strong></span> <span class='ocrx_word' id='word_1_568' title='bbox 2314 2766 2670 2849; x_wconf 82' lang='lat' dir='ltr'><strong>quorumdam</strong></span> <span class='ocrx_word' id='word_1_569' title='bbox 2695 2796 2759 2835; x_wconf 88' lang='lat' dir='ltr'><strong>ex</strong></span> <span class='ocrx_word' id='word_1_570' title='bbox 2785 2782 3081 2851; x_wconf 87' lang='lat' dir='ltr'><strong>majoribus</strong></span> <span class='ocrx_word' id='word_1_571' title='bbox 3105 2787 3390 2843; x_wconf 84' lang='lat' dir='ltr'><strong>avaritiam</strong></span> 
     </span>
    </p>
   </div>
   <div class='ocr_carea' id='block_1_87' title="bbox 1804 2869 3388 2948">
    <p class='ocr_par' dir='ltr' id='par_1_87' title="bbox 1804 2869 3388 2948">
     <span class='ocr_line' id='line_1_90' title="bbox 1804 2869 3388 2948; baseline 0.01 -29"><span class='ocrx_word' id='word_1_572' title='bbox 1804 2869 1984 2937; x_wconf 80' lang='lat' dir='ltr'><strong>gravis</strong></span> <span class='ocrx_word' id='word_1_573' title='bbox 2022 2871 2265 2939; x_wconf 66' lang='lat' dir='ltr'><strong>quaedam</strong></span> <span class='ocrx_word' id='word_1_574' title='bbox 2307 2881 2363 2925; x_wconf 91' lang='lat' dir='ltr'><strong>et</strong></span> <span class='ocrx_word' id='word_1_575' title='bbox 2414 2872 2576 2927; x_wconf 90' lang='lat' dir='ltr'><strong>nimis</strong></span> <span class='ocrx_word' id='word_1_576' title='bbox 2623 2874 2963 2944; x_wconf 82' lang='lat' dir='ltr'><strong>dispendiosa</strong></span> <span class='ocrx_word' id='word_1_577' title='bbox 3019 2881 3388 2948; x_wconf 76' lang='lat' dir='ltr'><strong>praesumptio,</strong></span> 
     </span>
    </p>
   </div>
   <div class='ocr_carea' id='block_1_88' title="bbox 1803 2959 3389 3034">
    <p class='ocr_par' dir='ltr' id='par_1_88' title="bbox 1803 2959 3389 3034">
     <span class='ocr_line' id='line_1_91' title="bbox 1803 2959 3389 3034; baseline 0.01 -23"><span class='ocrx_word' id='word_1_578' title='bbox 1803 2959 1894 3031; x_wconf 88' lang='lat' dir='ltr'><strong>qni</strong></span> <span class='ocrx_word' id='word_1_579' title='bbox 1917 2961 2148 3032; x_wconf 89' lang='lat' dir='ltr'><strong>propriis</strong></span> <span class='ocrx_word' id='word_1_580' title='bbox 2178 2963 2475 3018; x_wconf 88' lang='lat' dir='ltr'><strong>commodis</strong></span> <span class='ocrx_word' id='word_1_581' title='bbox 2513 2980 2611 3034; x_wconf 88' lang='lat' dir='ltr'><strong>per</strong></span> <span class='ocrx_word' id='word_1_582' title='bbox 2662 2963 2745 3020; x_wconf 79' lang='lat' dir='ltr'><strong>fas</strong></span> <span class='ocrx_word' id='word_1_583' title='bbox 2802 2974 2857 3021; x_wconf 90' lang='lat' dir='ltr'><strong>et</strong></span> <span class='ocrx_word' id='word_1_584' title='bbox 2918 2966 3071 3031; x_wconf 83' lang='lat' dir='ltr'><strong>nefas</strong></span> <span class='ocrx_word' id='word_1_585' title='bbox 3113 2966 3389 3027; x_wconf 88' lang='lat' dir='ltr'><strong>ardentius</strong></span> 
     </span>
    </p>
   </div>
   <div class='ocr_carea' id='block_1_89' title="bbox 1802 3051 3386 3130">
    <p class='ocr_par' dir='ltr' id='par_1_89' title="bbox 1802 3051 3386 3130">
     <span class='ocr_line' id='line_1_92' title="bbox 1802 3051 3386 3130; baseline 0.009 -25"><span class='ocrx_word' id='word_1_586' title='bbox 1802 3051 2097 3117; x_wconf 87' lang='lat' dir='ltr'><strong>inhiantes,</strong></span> <span class='ocrx_word' id='word_1_587' title='bbox 2124 3053 2179 3109; x_wconf 92' lang='lat' dir='ltr'><strong>in</strong></span> <span class='ocrx_word' id='word_1_588' title='bbox 2202 3054 2343 3109; x_wconf 91' lang='lat' dir='ltr'><strong>villis</strong></span> <span class='ocrx_word' id='word_1_589' title='bbox 2371 3055 2425 3109; x_wconf 92' lang='lat' dir='ltr'><strong>in</strong></span> <span class='ocrx_word' id='word_1_590' title='bbox 2454 3056 2648 3125; x_wconf 91' lang='lat' dir='ltr'><strong>quibus</strong></span> <span class='ocrx_word' id='word_1_591' title='bbox 2669 3059 3037 3130; x_wconf 88' lang='lat' dir='ltr'><strong>percipiebant</strong></span> <span class='ocrx_word' id='word_1_592' title='bbox 3063 3063 3386 3130; x_wconf 75' lang='lat' dir='ltr'><strong>przebendas</strong></span> 
     </span>
    </p>
   </div>
   <div class='ocr_carea' id='block_1_90' title="bbox 1804 3144 3385 3221">
    <p class='ocr_par' dir='ltr' id='par_1_90' title="bbox 1804 3144 3385 3221">
     <span class='ocr_line' id='line_1_93' title="bbox 1804 3144 3385 3221; baseline 0.006 -23"><span class='ocrx_word' id='word_1_593' title='bbox 1804 3144 2001 3213; x_wconf 70' lang='lat' dir='ltr'><strong>praedia</strong></span> <span class='ocrx_word' id='word_1_594' title='bbox 2042 3144 2350 3201; x_wconf 89' lang='lat' dir='ltr'><strong>alienabant</strong></span> <span class='ocrx_word' id='word_1_595' title='bbox 2381 3146 2654 3212; x_wconf 68' lang='lat' dir='ltr'><strong>Ecclesiae,</strong></span> <span class='ocrx_word' id='word_1_596' title='bbox 2679 3158 2734 3202; x_wconf 90' lang='lat' dir='ltr'><strong>et</strong></span> <span class='ocrx_word' id='word_1_597' title='bbox 2760 3148 2961 3219; x_wconf 90' lang='lat' dir='ltr'><strong>absque</strong></span> <span class='ocrx_word' id='word_1_598' title='bbox 2988 3151 3203 3221; x_wconf 89' lang='lat' dir='ltr'><strong>capituli</strong></span> <span class='ocrx_word' id='word_1_599' title='bbox 3251 3168 3385 3209; x_wconf 88' lang='lat' dir='ltr'><strong>con-</strong></span> 
     </span>
    </p>
   </div>
   <div class='ocr_carea' id='block_1_91' title="bbox 1806 3234 3390 3311">
    <p class='ocr_par' dir='ltr' id='par_1_91' title="bbox 1806 3234 3390 3311">
     <span class='ocr_line' id='line_1_94' title="bbox 1806 3234 3390 3311; baseline 0.006 -22"><span class='ocrx_word' id='word_1_600' title='bbox 1806 3234 2043 3289; x_wconf 87' lang='lat' dir='ltr'><strong>niventia</strong></span> <span class='ocrx_word' id='word_1_601' title='bbox 2072 3244 2293 3305; x_wconf 89' lang='lat' dir='ltr'><strong>accepto</strong></span> <span class='ocrx_word' id='word_1_602' title='bbox 2305 3236 2479 3305; x_wconf 88' lang='lat' dir='ltr'><strong>pretio</strong></span> <span class='ocrx_word' id='word_1_603' title='bbox 2498 3236 2598 3291; x_wconf 89' lang='lat' dir='ltr'><strong>sub</strong></span> <span class='ocrx_word' id='word_1_604' title='bbox 2619 3238 2854 3293; x_wconf 88' lang='lat' dir='ltr'><strong>censuali</strong></span> <span class='ocrx_word' id='word_1_605' title='bbox 2872 3254 3036 3295; x_wconf 90' lang='lat' dir='ltr'><strong>onere</strong></span> <span class='ocrx_word' id='word_1_606' title='bbox 3057 3243 3390 3311; x_wconf 88' lang='lat' dir='ltr'><strong>emptoribus</strong></span> 
     </span>
    </p>
   </div>
   <div class='ocr_carea' id='block_1_92' title="bbox 1804 3324 3390 3399">
    <p class='ocr_par' dir='ltr' id='par_1_92' title="bbox 1804 3324 3390 3399">
     <span class='ocr_line' id='line_1_95' title="bbox 1804 3324 3390 3399; baseline 0.006 -19"><span class='ocrx_word' id='word_1_607' title='bbox 1804 3324 2225 3391; x_wconf 85' lang='lat' dir='ltr'><strong>distrahebant,</strong></span> <span class='ocrx_word' id='word_1_608' title='bbox 2283 3341 2507 3382; x_wconf 88' lang='lat' dir='ltr'><strong>nemora</strong></span> <span class='ocrx_word' id='word_1_609' title='bbox 2556 3327 2815 3382; x_wconf 82' lang='lat' dir='ltr'><strong>Ecclesiae</strong></span> <span class='ocrx_word' id='word_1_610' title='bbox 2873 3330 2988 3399; x_wconf 86' lang='lat' dir='ltr'><strong>pari</strong></span> <span class='ocrx_word' id='word_1_611' title='bbox 3044 3331 3390 3389; x_wconf 88' lang='lat' dir='ltr'><strong>nihilominus</strong></span> 
     </span>
    </p>
   </div>
   <div class='ocr_carea' id='block_1_93' title="bbox 1803 3418 3391 3491">
    <p class='ocr_par' dir='ltr' id='par_1_93' title="bbox 1803 3418 3391 3491">
     <span class='ocr_line' id='line_1_96' title="bbox 1803 3418 3391 3491; baseline 0.007 -20"><span class='ocrx_word' id='word_1_612' title='bbox 1803 3418 2222 3488; x_wconf 61' lang='lat' dir='ltr'><strong>praesumptione</strong></span> <span class='ocrx_word' id='word_1_613' title='bbox 2243 3420 2539 3475; x_wconf 87' lang='lat' dir='ltr'><strong>vendentes</strong></span> <span class='ocrx_word' id='word_1_614' title='bbox 2586 3420 2671 3476; x_wconf 91' lang='lat' dir='ltr'><strong>vel</strong></span> <span class='ocrx_word' id='word_1_615' title='bbox 2718 3436 2816 3491; x_wconf 90' lang='lat' dir='ltr'><strong>pro</strong></span> <span class='ocrx_word' id='word_1_616' title='bbox 2842 3437 2937 3477; x_wconf 90' lang='lat' dir='ltr'><strong>sua</strong></span> <span class='ocrx_word' id='word_1_617' title='bbox 2977 3423 3250 3480; x_wconf 89' lang='lat' dir='ltr'><strong>voluntate</strong></span> <span class='ocrx_word' id='word_1_618' title='bbox 3295 3428 3391 3482; x_wconf 90' lang='lat' dir='ltr'><strong>do-</strong></span> 
     </span>
    </p>
   </div>
   <div class='ocr_carea' id='block_1_94' title="bbox 1803 3510 3391 3582">
    <p class='ocr_par' dir='ltr' id='par_1_94' title="bbox 1803 3510 3391 3582">
     <span class='ocr_line' id='line_1_97' title="bbox 1803 3510 3391 3582; baseline 0.007 -18"><span class='ocrx_word' id='word_1_619' title='bbox 1803 3518 2021 3566; x_wconf 88' lang='lat' dir='ltr'><strong>nantes.</strong></span> <span class='ocrx_word' id='word_1_620' title='bbox 2056 3510 2192 3566; x_wconf 90' lang='lat' dir='ltr'><strong>lluic</strong></span> <span class='ocrx_word' id='word_1_621' title='bbox 2231 3519 2340 3565; x_wconf 91' lang='lat' dir='ltr'><strong>tam</strong></span> <span class='ocrx_word' id='word_1_622' title='bbox 2372 3512 2642 3582; x_wconf 88' lang='lat' dir='ltr'><strong>pestilenti</strong></span> <span class='ocrx_word' id='word_1_623' title='bbox 2672 3513 2857 3568; x_wconf 89' lang='lat' dir='ltr'><strong>morbo</strong></span> <span class='ocrx_word' id='word_1_624' title='bbox 2888 3514 2975 3568; x_wconf 86' lang='lat' dir='ltr'><strong>tali</strong></span> <span class='ocrx_word' id='word_1_625' title='bbox 3017 3518 3171 3573; x_wconf 79' lang='lat' dir='ltr'><strong>duxit</strong></span> <span class='ocrx_word' id='word_1_626' title='bbox 3217 3534 3391 3575; x_wconf 80' lang='lat' dir='ltr'><strong>reme-</strong></span> 
     </span>
    </p>
   </div>
   <div class='ocr_carea' id='block_1_95' title="bbox 1804 3600 3391 3675">
    <p class='ocr_par' dir='ltr' id='par_1_95' title="bbox 1804 3600 3391 3675">
     <span class='ocr_line' id='line_1_98' title="bbox 1804 3600 3391 3675; baseline 0.004 -20"><span class='ocrx_word' id='word_1_627' title='bbox 1804 3600 1893 3655; x_wconf 90' lang='lat' dir='ltr'><strong>dio</strong></span> <span class='ocrx_word' id='word_1_628' title='bbox 1915 3600 2204 3657; x_wconf 84' lang='lat' dir='ltr'><strong>subvenire</strong></span> <span class='ocrx_word' id='word_1_629' title='bbox 2237 3618 2250 3653; x_wconf 90' lang='lat'><strong>:</strong></span> <span class='ocrx_word' id='word_1_630' title='bbox 2282 3616 2406 3656; x_wconf 90' lang='lat' dir='ltr'><strong>nam</strong></span> <span class='ocrx_word' id='word_1_631' title='bbox 2426 3610 2725 3657; x_wconf 87' lang='lat' dir='ltr'><strong>convocato</strong></span> <span class='ocrx_word' id='word_1_632' title='bbox 2760 3603 3018 3674; x_wconf 83' lang='lat' dir='ltr'><strong>capitulo,</strong></span> <span class='ocrx_word' id='word_1_633' title='bbox 3040 3605 3154 3675; x_wconf 89' lang='lat' dir='ltr'><strong>ipse</strong></span> <span class='ocrx_word' id='word_1_634' title='bbox 3177 3615 3231 3662; x_wconf 92' lang='lat' dir='ltr'><strong>et</strong></span> <span class='ocrx_word' id='word_1_635' title='bbox 3277 3621 3391 3661; x_wconf 90' lang='lat' dir='ltr'><strong>om-</strong></span> 
     </span>
    </p>
   </div>
   <div class='ocr_carea' id='block_1_96' title="bbox 1802 3693 3389 3762">
    <p class='ocr_par' dir='ltr' id='par_1_96' title="bbox 1802 3693 3389 3762">
     <span class='ocr_line' id='line_1_99' title="bbox 1802 3693 3389 3762; baseline 0.005 -18"><span class='ocrx_word' id='word_1_636' title='bbox 1802 3705 1898 3747; x_wconf 87' lang='lat' dir='ltr'><strong>nes</strong></span> <span class='ocrx_word' id='word_1_637' title='bbox 1924 3693 2225 3762; x_wconf 85' lang='lat' dir='ltr'><strong>presbyteri</strong></span> <span class='ocrx_word' id='word_1_638' title='bbox 2254 3693 2461 3762; x_wconf 89' lang='lat' dir='ltr'><strong>pariter</strong></span> <span class='ocrx_word' id='word_1_639' title='bbox 2480 3693 2722 3749; x_wconf 87' lang='lat' dir='ltr'><strong>candelis</strong></span> <span class='ocrx_word' id='word_1_640' title='bbox 2751 3696 3014 3759; x_wconf 76' lang='lat' dir='ltr'><strong>accensis,</strong></span> <span class='ocrx_word' id='word_1_641' title='bbox 3071 3711 3389 3752; x_wconf 80' lang='lat' dir='ltr'><strong>excommu-</strong></span> 
     </span>
    </p>
   </div>
   <div class='ocr_carea' id='block_1_97' title="bbox 1802 3783 3391 3855">
    <p class='ocr_par' dir='ltr' id='par_1_97' title="bbox 1802 3783 3391 3855">
     <span class='ocr_line' id='line_1_100' title="bbox 1802 3783 3391 3855; baseline 0.004 -18"><span class='ocrx_word' id='word_1_642' title='bbox 1802 3783 2118 3839; x_wconf 83' lang='lat' dir='ltr'><strong>nicaverunt</strong></span> <span class='ocrx_word' id='word_1_643' title='bbox 2144 3798 2332 3838; x_wconf 91' lang='lat' dir='ltr'><strong>omnes</strong></span> <span class='ocrx_word' id='word_1_644' title='bbox 2358 3783 2448 3852; x_wconf 83' lang='lat' dir='ltr'><strong>qui</strong></span> <span class='ocrx_word' id='word_1_645' title='bbox 2476 3783 2593 3839; x_wconf 88' lang='lat' dir='ltr'><strong>sine</strong></span> <span class='ocrx_word' id='word_1_646' title='bbox 2622 3799 2887 3841; x_wconf 90' lang='lat' dir='ltr'><strong>consensu</strong></span> <span class='ocrx_word' id='word_1_647' title='bbox 2915 3787 3139 3855; x_wconf 88' lang='lat' dir='ltr'><strong>capituli</strong></span> <span class='ocrx_word' id='word_1_648' title='bbox 3188 3789 3391 3843; x_wconf 85' lang='lat' dir='ltr'><strong>aliena-</strong></span> 
     </span>
    </p>
   </div>
   <div class='ocr_carea' id='block_1_98' title="bbox 1803 3873 3392 3949">
    <p class='ocr_par' dir='ltr' id='par_1_98' title="bbox 1803 3873 3392 3949">
     <span class='ocr_line' id='line_1_101' title="bbox 1803 3873 3392 3949; baseline 0.006 -22"><span class='ocrx_word' id='word_1_649' title='bbox 1803 3873 2008 3938; x_wconf 89' lang='lat' dir='ltr'><strong>tioues,</strong></span> <span class='ocrx_word' id='word_1_650' title='bbox 2056 3874 2469 3940; x_wconf 88' lang='lat' dir='ltr'><strong>distractioues,</strong></span> <span class='ocrx_word' id='word_1_651' title='bbox 2518 3874 2633 3929; x_wconf 88' lang='lat' dir='ltr'><strong>sive</strong></span> <span class='ocrx_word' id='word_1_652' title='bbox 2657 3875 2975 3930; x_wconf 89' lang='lat' dir='ltr'><strong>donationes</strong></span> <span class='ocrx_word' id='word_1_653' title='bbox 3010 3876 3312 3949; x_wconf 89' lang='lat' dir='ltr'><strong>hujusmodi</strong></span> <span class='ocrx_word' id='word_1_654' title='bbox 3337 3880 3392 3937; x_wconf 83' lang='lat' dir='ltr'><strong>in</strong></span> 
     </span>
    </p>
   </div>
   <div class='ocr_carea' id='block_1_99' title="bbox 1799 3964 3388 4039">
    <p class='ocr_par' dir='ltr' id='par_1_99' title="bbox 1799 3964 3388 4039">
     <span class='ocr_line' id='line_1_102' title="bbox 1799 3964 3388 4039; baseline 0.004 -19"><span class='ocrx_word' id='word_1_655' title='bbox 1799 3964 2037 4021; x_wconf 87' lang='lat' dir='ltr'><strong>futurum</strong></span> <span class='ocrx_word' id='word_1_656' title='bbox 2061 3965 2240 4021; x_wconf 85' lang='lat' dir='ltr'><strong>facere</strong></span> <span class='ocrx_word' id='word_1_657' title='bbox 2268 3974 2616 4030; x_wconf 88' lang='lat' dir='ltr'><strong>attentarent,</strong></span> <span class='ocrx_word' id='word_1_658' title='bbox 2639 3978 2694 4021; x_wconf 92' lang='lat' dir='ltr'><strong>et</strong></span> <span class='ocrx_word' id='word_1_659' title='bbox 2720 3967 2774 4022; x_wconf 88' lang='lat' dir='ltr'><strong>id</strong></span> <span class='ocrx_word' id='word_1_660' title='bbox 2804 3982 2900 4038; x_wconf 88' lang='lat' dir='ltr'><strong>pro</strong></span> <span class='ocrx_word' id='word_1_661' title='bbox 2929 3968 3047 4039; x_wconf 80' lang='lat' dir='ltr'><strong>lege</strong></span> <span class='ocrx_word' id='word_1_662' title='bbox 3074 3971 3388 4026; x_wconf 86' lang='lat' dir='ltr'><strong>mandatum</strong></span> 
     </span>
    </p>
   </div>
   <div class='ocr_carea' id='block_1_100' title="bbox 1800 4055 2668 4127">
    <p class='ocr_par' dir='ltr' id='par_1_100' title="bbox 1800 4055 2668 4127">
     <span class='ocr_line' id='line_1_103' title="bbox 1800 4055 2668 4127; baseline 0.001 -15"><span class='ocrx_word' id='word_1_663' title='bbox 1800 4065 1883 4112; x_wconf 88' lang='lat' dir='ltr'><strong>est</strong></span> <span class='ocrx_word' id='word_1_664' title='bbox 1932 4055 1985 4110; x_wconf 92' lang='lat' dir='ltr'><strong>in</strong></span> <span class='ocrx_word' id='word_1_665' title='bbox 2030 4065 2342 4127; x_wconf 87' lang='lat' dir='ltr'><strong>perpetuum</strong></span> <span class='ocrx_word' id='word_1_666' title='bbox 2370 4057 2668 4114; x_wconf 88' lang='lat' dir='ltr'><strong>observari.</strong></span> 
     </span>
    </p>
   </div>
   <div class='ocr_carea' id='block_1_101' title="bbox 1802 4144 3394 4218">
    <p class='ocr_par' dir='ltr' id='par_1_101' title="bbox 1802 4144 3394 4218">
     <span class='ocr_line' id='line_1_104' title="bbox 1802 4144 3394 4218; baseline 0.005 -18"><span class='ocrx_word' id='word_1_667' title='bbox 1802 4144 2046 4213; x_wconf 84' lang='lat' dir='ltr'><strong>Qualiter</strong></span> <span class='ocrx_word' id='word_1_668' title='bbox 2082 4148 2314 4218; x_wconf 81' lang='lat' dir='ltr'><strong>ofﬁcium</strong></span> <span class='ocrx_word' id='word_1_669' title='bbox 2341 4147 2504 4203; x_wconf 71' lang='lat' dir='ltr'><strong>beatae</strong></span> <span class='ocrx_word' id='word_1_670' title='bbox 2538 4148 2726 4203; x_wconf 76' lang='lat' dir='ltr'><strong>Maria:</strong></span> <span class='ocrx_word' id='word_1_671' title='bbox 2752 4150 3014 4204; x_wconf 85' lang='lat' dir='ltr'><strong>constituit</strong></span> <span class='ocrx_word' id='word_1_672' title='bbox 3042 4150 3291 4206; x_wconf 87' lang='lat' dir='ltr'><strong>celebrari</strong></span> <span class='ocrx_word' id='word_1_673' title='bbox 3338 4154 3394 4208; x_wconf 82' lang='lat' dir='ltr'><strong>in</strong></span> 
     </span>
    </p>
   </div>
   <div class='ocr_carea' id='block_1_102' title="bbox 2184 4216 3004 4288">
    <p class='ocr_par' dir='ltr' id='par_1_102' title="bbox 2184 4216 3004 4288">
     <span class='ocr_line' id='line_1_105' title="bbox 2184 4216 3004 4288; baseline 0.005 -18"><span class='ocrx_word' id='word_1_674' title='bbox 2184 4217 2425 4288; x_wconf 78' lang='lat' dir='ltr'><strong>profestis</strong></span> <span class='ocrx_word' id='word_1_675' title='bbox 2446 4220 2627 4273; x_wconf 82' lang='lat' dir='ltr'><strong>diebus</strong></span> <span class='ocrx_word' id='word_1_676' title='bbox 2654 4216 2709 4274; x_wconf 87' lang='lat' dir='ltr'><strong>in</strong></span> <span class='ocrx_word' id='word_1_677' title='bbox 2750 4219 3004 4274; x_wconf 85' lang='lat' dir='ltr'><strong>Ecclesia.</strong></span> 
     </span>
    </p>
   </div>
   <div class='ocr_carea' id='block_1_103' title="bbox 1869 4327 3391 4400">
    <p class='ocr_par' dir='ltr' id='par_1_103' title="bbox 1869 4327 3391 4400">
     <span class='ocr_line' id='line_1_106' title="bbox 1869 4327 3391 4400; baseline 0.003 -15"><span class='ocrx_word' id='word_1_678' title='bbox 1869 4327 1920 4385; x_wconf 88' lang='lat' dir='ltr'><strong>ls</strong></span> <span class='ocrx_word' id='word_1_679' title='bbox 1941 4328 2115 4384; x_wconf 89' lang='lat' dir='ltr'><strong>adhuc</strong></span> <span class='ocrx_word' id='word_1_680' title='bbox 2142 4344 2307 4400; x_wconf 82' lang='lat' dir='ltr'><strong>agens</strong></span> <span class='ocrx_word' id='word_1_681' title='bbox 2356 4330 2410 4384; x_wconf 88' lang='lat' dir='ltr'><strong>in</strong></span> <span class='ocrx_word' id='word_1_682' title='bbox 2461 4331 2725 4386; x_wconf 89' lang='lat' dir='ltr'><strong>decanatu</strong></span> <span class='ocrx_word' id='word_1_683' title='bbox 2773 4331 2945 4387; x_wconf 76' lang='lat' dir='ltr'><strong>beata:</strong></span> <span class='ocrx_word' id='word_1_684' title='bbox 2990 4329 3173 4388; x_wconf 69' lang='lat' dir='ltr'><strong>Mariae</strong></span> <span class='ocrx_word' id='word_1_685' title='bbox 3216 4332 3391 4391; x_wconf 72' lang='lat' dir='ltr'><strong>cilicia</strong></span> 
     </span>
    </p>
   </div>
   <div class='ocr_carea' id='block_1_104' title="bbox 1799 4420 3390 4493">
    <p class='ocr_par' dir='ltr' id='par_1_104' title="bbox 1799 4420 3390 4493">
     <span class='ocr_line' id='line_1_107' title="bbox 1799 4420 3390 4493; baseline 0.001 -17"><span class='ocrx_word' id='word_1_686' title='bbox 1799 4421 1949 4476; x_wconf 89' lang='lat' dir='ltr'><strong>boris</strong></span> <span class='ocrx_word' id='word_1_687' title='bbox 1975 4420 2249 4475; x_wconf 86' lang='lat' dir='ltr'><strong>canonicis</strong></span> <span class='ocrx_word' id='word_1_688' title='bbox 2284 4420 2337 4474; x_wconf 91' lang='lat' dir='ltr'><strong>in</strong></span> <span class='ocrx_word' id='word_1_689' title='bbox 2361 4422 2615 4491; x_wconf 79' lang='lat' dir='ltr'><strong>profestis</strong></span> <span class='ocrx_word' id='word_1_690' title='bbox 2658 4422 2882 4478; x_wconf 88' lang='lat' dir='ltr'><strong>dicenda</strong></span> <span class='ocrx_word' id='word_1_691' title='bbox 2935 4424 3125 4479; x_wconf 90' lang='lat' dir='ltr'><strong>diebus</strong></span> <span class='ocrx_word' id='word_1_692' title='bbox 3170 4425 3390 4493; x_wconf 84' lang='lat' dir='ltr'><strong>adjecit,</strong></span> 
     </span>
    </p>
   </div>
   <div class='ocr_carea' id='block_1_105' title="bbox 1802 4511 3385 4588">
    <p class='ocr_par' dir='ltr' id='par_1_105' title="bbox 1802 4511 3385 4588">
     <span class='ocr_line' id='line_1_108' title="bbox 1802 4511 3385 4588; baseline 0.006 -22"><span class='ocrx_word' id='word_1_693' title='bbox 1802 4519 1856 4566; x_wconf 91' lang='lat' dir='ltr'><strong>et</strong></span> <span class='ocrx_word' id='word_1_694' title='bbox 1883 4511 1952 4566; x_wconf 87' lang='lat' dir='ltr'><strong>ad</strong></span> <span class='ocrx_word' id='word_1_695' title='bbox 1987 4511 2151 4566; x_wconf 90' lang='lat' dir='ltr'><strong>horas</strong></span> <span class='ocrx_word' id='word_1_696' title='bbox 2175 4511 2466 4568; x_wconf 88' lang='lat' dir='ltr'><strong>canonicas</strong></span> <span class='ocrx_word' id='word_1_697' title='bbox 2512 4514 2835 4582; x_wconf 89' lang='lat' dir='ltr'><strong>antiphonas</strong></span> <span class='ocrx_word' id='word_1_698' title='bbox 2885 4530 3049 4584; x_wconf 90' lang='lat' dir='ltr'><strong>super</strong></span> <span class='ocrx_word' id='word_1_699' title='bbox 3106 4517 3385 4588; x_wconf 88' lang='lat' dir='ltr'><strong>psalmos:</strong></span> 
     </span>
    </p>
   </div>
   <div class='ocr_carea' id='block_1_106' title="bbox 1807 4607 3392 4683">
    <p class='ocr_par' dir='ltr' id='par_1_106' title="bbox 1807 4607 3392 4683">
     <span class='ocr_line' id='line_1_109' title="bbox 1807 4607 3392 4683; baseline 0.003 -21"><span class='ocrx_word' id='word_1_700' title='bbox 1807 4623 1930 4663; x_wconf 88' lang='lat' dir='ltr'><strong>nam</strong></span> <span class='ocrx_word' id='word_1_701' title='bbox 1955 4614 2115 4661; x_wconf 88' lang='lat' dir='ltr'><strong>antea</strong></span> <span class='ocrx_word' id='word_1_702' title='bbox 2138 4620 2300 4673; x_wconf 90' lang='lat' dir='ltr'><strong>super</strong></span> <span class='ocrx_word' id='word_1_703' title='bbox 2324 4607 2461 4674; x_wconf 88' lang='lat' dir='ltr'><strong>illas,</strong></span> <span class='ocrx_word' id='word_1_704' title='bbox 2493 4608 2738 4677; x_wconf 76' lang='lat' dir='ltr'><strong>exceptis</strong></span> <span class='ocrx_word' id='word_1_705' title='bbox 2770 4609 3049 4664; x_wconf 84' lang='lat' dir='ltr'><strong>matutinis</strong></span> <span class='ocrx_word' id='word_1_706' title='bbox 3105 4618 3161 4665; x_wconf 93' lang='lat' dir='ltr'><strong>et</strong></span> <span class='ocrx_word' id='word_1_707' title='bbox 3205 4626 3392 4683; x_wconf 83' lang='lat' dir='ltr'><strong>vespe-</strong></span> 
     </span>
    </p>
   </div>
   <div class='ocr_carea' id='block_1_107' title="bbox 1806 4696 3392 4767">
    <p class='ocr_par' dir='ltr' id='par_1_107' title="bbox 1806 4696 3392 4767">
     <span class='ocr_line' id='line_1_110' title="bbox 1806 4696 3392 4767; baseline 0.004 -15"><span class='ocrx_word' id='word_1_708' title='bbox 1806 4701 1905 4763; x_wconf 89' lang='lat' dir='ltr'><strong>ris,</strong></span> <span class='ocrx_word' id='word_1_709' title='bbox 1936 4713 2043 4751; x_wconf 90' lang='lat' dir='ltr'><strong>nou</strong></span> <span class='ocrx_word' id='word_1_710' title='bbox 2092 4696 2194 4750; x_wconf 90' lang='lat' dir='ltr'><strong>nisi</strong></span> <span class='ocrx_word' id='word_1_711' title='bbox 2249 4697 2471 4767; x_wconf 79' lang='lat' dir='ltr'><strong>simplex</strong></span> <span class='ocrx_word' id='word_1_712' title='bbox 2521 4697 2753 4763; x_wconf 89' lang='lat' dir='ltr'><strong>alleluia,</strong></span> <span class='ocrx_word' id='word_1_713' title='bbox 2805 4700 2945 4755; x_wconf 89' lang='lat' dir='ltr'><strong>sicut</strong></span> <span class='ocrx_word' id='word_1_714' title='bbox 2996 4701 3164 4757; x_wconf 88' lang='lat' dir='ltr'><strong>moris</strong></span> <span class='ocrx_word' id='word_1_715' title='bbox 3205 4712 3290 4758; x_wconf 86' lang='lat' dir='ltr'><strong>est</strong></span> <span class='ocrx_word' id='word_1_716' title='bbox 3336 4704 3392 4759; x_wconf 87' lang='lat' dir='ltr'><strong>in</strong></span> 
     </span>
    </p>
   </div>
   <div class='ocr_carea' id='block_1_108' title="bbox 1806 4787 3390 4860">
    <p class='ocr_par' dir='ltr' id='par_1_108' title="bbox 1806 4787 3390 4860">
     <span class='ocr_line' id='line_1_111' title="bbox 1806 4787 3390 4860; baseline 0.001 -15"><span class='ocrx_word' id='word_1_717' title='bbox 1806 4788 2045 4858; x_wconf 85' lang='lat' dir='ltr'><strong>paschali</strong></span> <span class='ocrx_word' id='word_1_718' title='bbox 2071 4787 2428 4852; x_wconf 76' lang='lat' dir='ltr'><strong>hebdomade,</strong></span> <span class='ocrx_word' id='word_1_719' title='bbox 2452 4802 2551 4857; x_wconf 91' lang='lat' dir='ltr'><strong>pro</strong></span> <span class='ocrx_word' id='word_1_720' title='bbox 2587 4790 2881 4860; x_wconf 87' lang='lat' dir='ltr'><strong>antiphoua</strong></span> <span class='ocrx_word' id='word_1_721' title='bbox 2920 4792 3222 4859; x_wconf 90' lang='lat' dir='ltr'><strong>dicebatur,</strong></span> <span class='ocrx_word' id='word_1_722' title='bbox 3251 4794 3390 4849; x_wconf 85' lang='lat' dir='ltr'><strong>tnui-</strong></span> 
     </span>
    </p>
   </div>
   <div class='ocr_carea' id='block_1_109' title="bbox 1810 4879 3394 4955">
    <p class='ocr_par' dir='ltr' id='par_1_109' title="bbox 1810 4879 3394 4955">
     <span class='ocr_line' id='line_1_112' title="bbox 1810 4879 3394 4955; baseline 0.003 -19"><span class='ocrx_word' id='word_1_723' title='bbox 1810 4890 1968 4951; x_wconf 86' lang='lat' dir='ltr'><strong>taque</strong></span> <span class='ocrx_word' id='word_1_724' title='bbox 1998 4879 2101 4934; x_wconf 88' lang='lat' dir='ltr'><strong>alia</strong></span> <span class='ocrx_word' id='word_1_725' title='bbox 2127 4879 2191 4934; x_wconf 89' lang='lat' dir='ltr'><strong>ad</strong></span> <span class='ocrx_word' id='word_1_726' title='bbox 2231 4879 2565 4935; x_wconf 87' lang='lat' dir='ltr'><strong>honestatem</strong></span> <span class='ocrx_word' id='word_1_727' title='bbox 2615 4881 2918 4937; x_wconf 88' lang='lat' dir='ltr'><strong>divinorum</strong></span> <span class='ocrx_word' id='word_1_728' title='bbox 2945 4898 3208 4940; x_wconf 90' lang='lat' dir='ltr'><strong>consensu</strong></span> <span class='ocrx_word' id='word_1_729' title='bbox 3242 4887 3394 4955; x_wconf 89' lang='lat' dir='ltr'><strong>capi-</strong></span> 
     </span>
    </p>
   </div>
   <div class='ocr_carea' id='block_1_110' title="bbox 1810 4967 3391 5040">
    <p class='ocr_par' dir='ltr' id='par_1_110' title="bbox 1810 4967 3391 5040">
     <span class='ocr_line' id='line_1_113' title="bbox 1810 4967 3391 5040; baseline 0.003 -16"><span class='ocrx_word' id='word_1_730' title='bbox 1810 4970 1904 5024; x_wconf 91' lang='lat' dir='ltr'><strong>tuli</strong></span> <span class='ocrx_word' id='word_1_731' title='bbox 1921 4969 2002 5025; x_wconf 87' lang='lat' dir='ltr'><strong>vel</strong></span> <span class='ocrx_word' id='word_1_732' title='bbox 2033 4967 2247 5037; x_wconf 87' lang='lat' dir='ltr'><strong>adjecit,</strong></span> <span class='ocrx_word' id='word_1_733' title='bbox 2270 4967 2353 5022; x_wconf 87' lang='lat' dir='ltr'><strong>vel</strong></span> <span class='ocrx_word' id='word_1_734' title='bbox 2376 4968 2756 5025; x_wconf 83' lang='lat' dir='ltr'><strong>exterminavit</strong></span> <span class='ocrx_word' id='word_1_735' title='bbox 2779 4972 3014 5040; x_wconf 88' lang='lat' dir='ltr'><strong>penitus,</strong></span> <span class='ocrx_word' id='word_1_736' title='bbox 3040 4974 3124 5028; x_wconf 92' lang='lat' dir='ltr'><strong>vel</strong></span> <span class='ocrx_word' id='word_1_737' title='bbox 3146 4974 3391 5029; x_wconf 90' lang='lat' dir='ltr'><strong>mutavit.</strong></span> 
     </span>
    </p>
   </div>
   <div class='ocr_carea' id='block_1_111' title="bbox 1916 5056 3283 5129">
    <p class='ocr_par' dir='ltr' id='par_1_111' title="bbox 1916 5056 3283 5129">
     <span class='ocr_line' id='line_1_114' title="bbox 1916 5056 3283 5129; baseline 0.004 -18"><span class='ocrx_word' id='word_1_738' title='bbox 1916 5057 1995 5111; x_wconf 85' lang='lat' dir='ltr'><strong><em>De</em></strong></span> <span class='ocrx_word' id='word_1_739' title='bbox 2025 5056 2271 5112; x_wconf 68' lang='lat' dir='ltr'><strong>Manassae</strong></span> <span class='ocrx_word' id='word_1_740' title='bbox 2315 5057 2480 5126; x_wconf 77' lang='lat' dir='ltr'><strong>fratre</strong></span> <span class='ocrx_word' id='word_1_741' title='bbox 2502 5057 2636 5129; x_wconf 84' lang='lat' dir='ltr'><strong>ejus,</strong></span> <span class='ocrx_word' id='word_1_742' title='bbox 2668 5068 2715 5113; x_wconf 88' lang='lat' dir='ltr'><strong>et</strong></span> <span class='ocrx_word' id='word_1_743' title='bbox 2744 5061 2942 5115; x_wconf 89' lang='lat' dir='ltr'><strong>unitate</strong></span> <span class='ocrx_word' id='word_1_744' title='bbox 2991 5063 3283 5116; x_wconf 84' lang='lat' dir='ltr'><strong>amborum.</strong></span> 
     </span>
    </p>
   </div>
   <div class='ocr_carea' id='block_1_112' title="bbox 1882 5150 3391 5219">
    <p class='ocr_par' dir='ltr' id='par_1_112' title="bbox 1882 5150 3391 5219">
     <span class='ocr_line' id='line_1_115' title="bbox 1882 5150 3391 5219; baseline 0.002 -13"><span class='ocrx_word' id='word_1_745' title='bbox 1882 5150 2021 5207; x_wconf 83' lang='lat' dir='ltr'><strong>Huic</strong></span> <span class='ocrx_word' id='word_1_746' title='bbox 2051 5160 2326 5219; x_wconf 89' lang='lat' dir='ltr'><strong>superstes</strong></span> <span class='ocrx_word' id='word_1_747' title='bbox 2351 5159 2471 5205; x_wconf 86' lang='lat' dir='ltr'><strong>erat</strong></span> <span class='ocrx_word' id='word_1_748' title='bbox 2515 5150 2683 5206; x_wconf 84' lang='lat' dir='ltr'><strong>frater</strong></span> <span class='ocrx_word' id='word_1_749' title='bbox 2737 5152 2929 5208; x_wconf 90' lang='lat' dir='ltr'><strong>unicus</strong></span> <span class='ocrx_word' id='word_1_750' title='bbox 2985 5155 3052 5209; x_wconf 90' lang='lat' dir='ltr'><strong>de</strong></span> <span class='ocrx_word' id='word_1_751' title='bbox 3103 5153 3286 5209; x_wconf 86' lang='lat' dir='ltr'><strong>multis</strong></span> <span class='ocrx_word' id='word_1_752' title='bbox 3337 5154 3391 5209; x_wconf 90' lang='lat' dir='ltr'><strong>in</strong></span> 
     </span>
    </p>
   </div>
   <div class='ocr_carea' id='block_1_113' title="bbox 1809 5239 3397 5311">
    <p class='ocr_par' dir='ltr' id='par_1_113' title="bbox 1809 5239 3397 5311">
     <span class='ocr_line' id='line_1_116' title="bbox 1809 5239 3397 5311; baseline 0.002 -16"><span class='ocrx_word' id='word_1_753' title='bbox 1809 5241 2065 5311; x_wconf 86' lang='lat' dir='ltr'><strong>primaevo</strong></span> <span class='ocrx_word' id='word_1_754' title='bbox 2098 5239 2229 5295; x_wconf 84' lang='lat' dir='ltr'><strong>ﬂore</strong></span> <span class='ocrx_word' id='word_1_755' title='bbox 2275 5241 2451 5295; x_wconf 67' lang='lat' dir='ltr'><strong>aetatis</strong></span> <span class='ocrx_word' id='word_1_756' title='bbox 2480 5256 2592 5296; x_wconf 61' lang='lat' dir='ltr'><strong>suae</strong></span> <span class='ocrx_word' id='word_1_757' title='bbox 2631 5240 2913 5306; x_wconf 89' lang='lat' dir='ltr'><strong>defunctis,</strong></span> <span class='ocrx_word' id='word_1_758' title='bbox 2973 5243 3251 5298; x_wconf 82' lang='lat' dir='ltr'><strong>Manasses</strong></span> <span class='ocrx_word' id='word_1_759' title='bbox 3304 5260 3397 5299; x_wconf 90' lang='lat' dir='ltr'><strong>no-</strong></span> 
     </span>
    </p>
   </div>
   <div class='ocr_carea' id='block_1_114' title="bbox 1810 5329 3394 5394">
    <p class='ocr_par' dir='ltr' id='par_1_114' title="bbox 1810 5329 3394 5394">
     <span class='ocr_line' id='line_1_117' title="bbox 1810 5329 3394 5394; baseline 0.003 -7"><span class='ocrx_word' id='word_1_760' title='bbox 1810 5330 1978 5394; x_wconf 86' lang='lat' dir='ltr'><strong>mine,</strong></span> <span class='ocrx_word' id='word_1_761' title='bbox 2021 5329 2436 5385; x_wconf 88' lang='lat' dir='ltr'><strong>archidiaconus</strong></span> <span class='ocrx_word' id='word_1_762' title='bbox 2474 5330 2803 5388; x_wconf 89' lang='lat' dir='ltr'><strong>Senonensis</strong></span> <span class='ocrx_word' id='word_1_763' title='bbox 2824 5341 2880 5387; x_wconf 93' lang='lat' dir='ltr'><strong>et</strong></span> <span class='ocrx_word' id='word_1_764' title='bbox 2905 5333 3394 5391; x_wconf 81' lang='lat' dir='ltr'><strong>Autissiodorensis</strong></span> 
     </span>
    </p>
   </div>
   <div class='ocr_carea' id='block_1_115' title="bbox 1808 5419 3391 5493">
    <p class='ocr_par' dir='ltr' id='par_1_115' title="bbox 1808 5419 3391 5493">
     <span class='ocr_line' id='line_1_118' title="bbox 1808 5419 3391 5493; baseline 0.004 -18"><span class='ocrx_word' id='word_1_765' title='bbox 1808 5419 2145 5491; x_wconf 88' lang='lat' dir='ltr'><strong>postmodum</strong></span> <span class='ocrx_word' id='word_1_766' title='bbox 2170 5419 2221 5473; x_wconf 90' lang='lat' dir='ltr'><strong>in</strong></span> <span class='ocrx_word' id='word_1_767' title='bbox 2245 5420 2553 5490; x_wconf 89' lang='lat' dir='ltr'><strong>episcopum</strong></span> <span class='ocrx_word' id='word_1_768' title='bbox 2594 5421 3035 5478; x_wconf 77' lang='lat' dir='ltr'><strong>Aurelianensem</strong></span> <span class='ocrx_word' id='word_1_769' title='bbox 3062 5430 3391 5493; x_wconf 85' lang='lat' dir='ltr'><strong>assumptus,</strong></span> 
     </span>
    </p>
   </div>
   <div class='ocr_carea' id='block_1_116' title="bbox 1809 5511 3398 5587">
    <p class='ocr_par' dir='ltr' id='par_1_116' title="bbox 1809 5511 3398 5587">
     <span class='ocr_line' id='line_1_119' title="bbox 1809 5511 3398 5587; baseline 0.001 -20"><span class='ocrx_word' id='word_1_770' title='bbox 1809 5512 1902 5583; x_wconf 93' lang='lat' dir='ltr'><strong>qui</strong></span> <span class='ocrx_word' id='word_1_771' title='bbox 1927 5511 1996 5567; x_wconf 90' lang='lat' dir='ltr'><strong>ob</strong></span> <span class='ocrx_word' id='word_1_772' title='bbox 2016 5511 2271 5582; x_wconf 66' lang='lat' dir='ltr'><strong>praeclara</strong></span> <span class='ocrx_word' id='word_1_773' title='bbox 2294 5512 2619 5567; x_wconf 88' lang='lat' dir='ltr'><strong>urbanitatis</strong></span> <span class='ocrx_word' id='word_1_774' title='bbox 2642 5527 2754 5567; x_wconf 67' lang='lat' dir='ltr'><strong>sua:</strong></span> <span class='ocrx_word' id='word_1_775' title='bbox 2778 5521 2833 5567; x_wconf 89' lang='lat' dir='ltr'><strong>et</strong></span> <span class='ocrx_word' id='word_1_776' title='bbox 2883 5512 3220 5587; x_wconf 79' lang='lat' dir='ltr'><strong>liberalitatis</strong></span> <span class='ocrx_word' id='word_1_777' title='bbox 3263 5515 3398 5571; x_wconf 87' lang='lat' dir='ltr'><strong>insi-</strong></span> 
     </span>
    </p>
   </div>
   <div class='ocr_carea' id='block_1_117' title="bbox 1809 5601 3392 5676">
    <p class='ocr_par' dir='ltr' id='par_1_117' title="bbox 1809 5601 3392 5676">
     <span class='ocr_line' id='line_1_120' title="bbox 1809 5601 3392 5676; baseline 0.004 -21"><span class='ocrx_word' id='word_1_778' title='bbox 1809 5602 1953 5676; x_wconf 84' lang='lat' dir='ltr'><strong>gnia,</strong></span> <span class='ocrx_word' id='word_1_779' title='bbox 1985 5601 2142 5673; x_wconf 83' lang='lat' dir='ltr'><strong>longe</strong></span> <span class='ocrx_word' id='word_1_780' title='bbox 2162 5601 2373 5672; x_wconf 90' lang='lat' dir='ltr'><strong>lateque</strong></span> <span class='ocrx_word' id='word_1_781' title='bbox 2397 5617 2507 5657; x_wconf 74' lang='lat' dir='ltr'><strong>sua:</strong></span> <span class='ocrx_word' id='word_1_782' title='bbox 2553 5601 2816 5658; x_wconf 86' lang='lat' dir='ltr'><strong>claritatis</strong></span> <span class='ocrx_word' id='word_1_783' title='bbox 2865 5603 3044 5659; x_wconf 90' lang='lat' dir='ltr'><strong>radios</strong></span> <span class='ocrx_word' id='word_1_784' title='bbox 3086 5601 3392 5661; x_wconf 70' lang='lat' dir='ltr'><strong>diffuderat.</strong></span> 
     </span>
    </p>
   </div>
   <div class='ocr_carea' id='block_1_118' title="bbox 1812 5691 3395 5762">
    <p class='ocr_par' dir='ltr' id='par_1_118' title="bbox 1812 5691 3395 5762">
     <span class='ocr_line' id='line_1_121' title="bbox 1812 5691 3395 5762; baseline 0.002 -15"><span class='ocrx_word' id='word_1_785' title='bbox 1812 5693 1964 5748; x_wconf 83' lang='lat' dir='ltr'><strong>Hunc</strong></span> <span class='ocrx_word' id='word_1_786' title='bbox 1992 5692 2246 5762; x_wconf 87' lang='lat' dir='ltr'><strong>quoniam</strong></span> <span class='ocrx_word' id='word_1_787' title='bbox 2299 5702 2426 5747; x_wconf 86' lang='lat' dir='ltr'><strong>natu</strong></span> <span class='ocrx_word' id='word_1_788' title='bbox 2475 5691 2648 5761; x_wconf 91' lang='lat' dir='ltr'><strong>major</strong></span> <span class='ocrx_word' id='word_1_789' title='bbox 2676 5700 2816 5759; x_wconf 89' lang='lat' dir='ltr'><strong>erat,</strong></span> <span class='ocrx_word' id='word_1_790' title='bbox 2845 5700 2993 5747; x_wconf 89' lang='lat' dir='ltr'><strong>tanto</strong></span> <span class='ocrx_word' id='word_1_791' title='bbox 3048 5696 3395 5751; x_wconf 87' lang='lat' dir='ltr'><strong>reverebatur</strong></span> 
     </span>
    </p>
   </div>
   <div class='ocr_carea' id='block_1_119' title="bbox 1814 5783 3389 5856">
    <p class='ocr_par' dir='ltr' id='par_1_119' title="bbox 1814 5783 3389 5856">
     <span class='ocr_line' id='line_1_122' title="bbox 1814 5783 3389 5856; baseline 0.003 -16"><span class='ocrx_word' id='word_1_792' title='bbox 1814 5783 2007 5841; x_wconf 80' lang='lat' dir='ltr'><strong>affectu</strong></span> <span class='ocrx_word' id='word_1_793' title='bbox 2036 5784 2175 5840; x_wconf 91' lang='lat' dir='ltr'><strong>idem</strong></span> <span class='ocrx_word' id='word_1_794' title='bbox 2191 5783 2524 5851; x_wconf 86' lang='lat' dir='ltr'><strong>Guillclmus,</strong></span> <span class='ocrx_word' id='word_1_795' title='bbox 2555 5784 2620 5840; x_wconf 89' lang='lat' dir='ltr'><strong>de</strong></span> <span class='ocrx_word' id='word_1_796' title='bbox 2641 5799 2747 5856; x_wconf 89' lang='lat' dir='ltr'><strong>quo</strong></span> <span class='ocrx_word' id='word_1_797' title='bbox 2777 5800 3012 5856; x_wconf 69' lang='grc' dir='ltr'><strong>[ιι-ωεθηε</strong></span> <span class='ocrx_word' id='word_1_798' title='bbox 3054 5802 3234 5843; x_wconf 88' lang='lat' dir='ltr'><strong>sermo</strong></span> <span class='ocrx_word' id='word_1_799' title='bbox 3286 5800 3389 5850; x_wconf 74' lang='lat' dir='ltr'><strong>est,</strong></span> 
     </span>
    </p>
   </div>
  </div>
