3918 6316
553 382 656 439 527

1315 371 1608 428 APPEND.
1650 370 1741 423 AD
1775 367 1947 423 suac.
1992 364 2060 421 Χ.
2098 395 2129 405 -

2229 360 2433 433 ΠἚΒᾼ
2471 370 2859 421 ΑΑεΣῐιοτικΑ.
3673 363 3756 419 328

555 508 614 551 ut
640 504 782 550 totus
803 493 870 549 de
897 490 1013 561 ejus
1037 488 1312 545 voluntate
1346 485 1625 556 penderet.
1653 482 1788 535 Erat
1832 479 1887 533 in
1933 477 2013 532 eis
2056 475 2132 531 vi-
2163 462 2205 519 Α
2238 475 2337 530 luit
2362 473 2635 539 assentiri,
2658 472 2842 528 volens
2861 470 3175 543 magistrum
3201 487 3353 526 suum
3378 472 3431 527 in
3457 472 3639 530 scholis
3656 475 3758 533 dum

555 587 684 641 dere
718 584 944 639 alterum
972 595 1072 651 par
1094 578 1324 643 amoris;
1358 590 1481 630 nam
1507 573 1648 628 sicut
1675 586 1785 626 uno
1810 578 2000 627 ventre
2019 582 2136 638 pro-

510 732 515 743 ,
556 676 789 738 dierant,
830 674 907 727 sic
956 686 1062 725 uno
1122 667 1311 739 spiritu
1360 665 1703 736 regebantur.
1756 659 1874 717 Una
1915 668 2032 713 erat
2083 666 2137 712 et

552 762 909 822 Antissiodori
940 770 994 816 et
1018 759 1248 815 Senonis
1287 754 1586 818 habitatio;
1625 765 1811 806 mensa
1848 764 1978 812 una,
2004 761 2134 801 vasa

555 857 623 910 ad
649 855 825 910 cibum
853 848 1104 907 eademin
1117 844 1313 916 quibus
1331 842 1531 913 pariter
1554 837 1937 901 comedebant;
1966 835 2135 889 lectus

553 958 726 1005 unus,
775 937 1019 1011 parilitas
1064 935 1118 989 in
1145 931 1477 993 domesticis,
1510 926 1753 999 parilitas
1793 925 1846 979 in
1875 924 2133 983 vestibus,

554 1014 795 1103 parilitas
821 1029 876 1083 in
917 1040 1128 1091 amore;
1175 1037 1273 1078 nec
1301 1020 1442 1075 alter
1479 1018 1596 1073 sine
1638 1015 1810 1070 altero
1843 1013 2133 1082 quidquam

554 1120 787 1176 habebat
814 1117 1110 1189 proprium,
1140 1113 1234 1169 sed
1262 1120 1419 1167 erant
1452 1109 1557 1164 illis
1581 1106 1762 1162 omnia
1792 1103 2129 1167 communia;

555 1230 655 1269 nec
684 1221 800 1268 erat
838 1210 1018 1266 dicere
1046 1208 1113 1263 de
1143 1221 1330 1262 eorum
1369 1202 1594 1265 familia,
1628 1200 1748 1271 quis
1776 1198 1843 1253 de
1876 1197 2134 1252 fratribus

551 1308 728 1380 potius
762 1304 1052 1359 militaret:
1085 1298 1457 1370 divulgabatur
1491 1296 1687 1364 ubique
1712 1292 1997 1363 peculiaris
2043 1290 2131 1345 illa

551 1393 827 1468 quaeipsis
865 1392 1038 1446 inerat
1064 1388 1315 1445 fraterna:
1350 1385 1538 1456 copula
1576 1382 1877 1447 charitatis,
1910 1381 2045 1437 adeo
2075 1390 2136 1435 ut

554 1501 679 1542 raro
702 1481 936 1554 propriis
961 1480 1373 1550 designarentur
1422 1474 1718 1538 vocabulis,
1762 1473 1855 1528 sed
1899 1471 2132 1541 quadam

551 1575 856 1648 speciﬁcata
902 1571 1259 1645 appellatione
1294 1571 1487 1625 fratres
1534 1567 1874 1623 Senonenses
1902 1573 2133 1619 antono-

551 1668 777 1722 mastiee
805 1672 1143 1720 vocarentur.

820 1755 1028 1822 Quanto
1053 1755 1250 1825 fervore
1274 1769 1327 1807 se
1351 1761 1529 1806 mutuo
1557 1747 1859 1818 diligebant.

619 1848 823 1904 Fervor
852 1847 941 1916 qui
979 1847 1058 1900 eis
1092 1846 1269 1901 inerat
1308 1842 1590 1898 charitatis
1630 1840 1775 1909 ipsos
1796 1838 1867 1892 ah
1896 1836 2125 1893 invicem
2158 1817 2205 1879 Β

549 1939 741 1995 abesse
787 1937 985 1992 diutius
1024 1935 1109 1989 vix
1174 1934 1408 1989 sinebat.
1462 1930 1572 1985 lmo
1617 1928 1932 1999 plerumque
1992 1924 2128 1980 vidi.

553 2044 707 2095 mus,
748 2026 890 2096 quod
917 2024 1149 2095 .quando
1186 2022 1717 2078 archidiaconatuum
1752 2033 1970 2074 suorum
2002 2016 2130 2073 visi-

551 2120 686 2174 tatio
726 2118 811 2172 vel
850 2117 959 2172 alia
1003 2116 1300 2172 necessitas
1351 2115 1578 2185 cogebat
1630 2126 1724 2167 eos
1773 2109 2130 2182 corporaliter

550 2208 814 2279 separari,
845 2207 956 2277 ipsa
988 2204 1200 2261 affeetio
1241 2203 1496 2274 longioris
1529 2201 1790 2257 absentia:
1817 2214 1996 2269 moras
2022 2213 2127 2253 non

549 2298 820 2353 sustinens
846 2296 1179 2365 propositum
1207 2293 1566 2355 resciudebat,
1597 2300 1650 2345 et
1681 2293 2004 2360 quandoque
2031 2304 2129 2344 ex-

547 2389 848 2459 perimento
873 2396 1223 2456 compertum,
1259 2401 1364 2440 non
1394 2386 1510 2440 sine
1537 2383 1888 2437 admiratione
1914 2382 2129 2451 quidem

549 2480 691 2550 quod
740 2480 853 2549 ipsa
889 2480 1145 2534 absentiae
1190 2488 1431 2547 tempora
1479 2476 1679 2531 eisdem
1720 2483 1877 2528 erant
1906 2473 2130 2528 medita-

552 2569 789 2626 tionibus
829 2578 884 2625 et
919 2569 1113 2624 studiis
1153 2578 1433 2638 occupata.
1468 2566 1602 2620 Nam
1634 2565 1865 2636 quodam
1906 2565 1960 2619 in
1990 2572 2128 2617 tem-

548 2673 677 2731 pore
720 2675 840 2715 cum
883 2659 1023 2714 idem
1054 2657 1371 2714 Guillelmus
1413 2671 1576 2713 causa
1626 2655 1727 2711 sibi
1777 2652 2129 2708 imminucndi

548 2750 866 2819 sanguinem
918 2751 971 2806 in
997 2750 1156 2805 domo
1206 2741 1504 2804 Senonensi
1545 2746 1912 2810 remansisset,
1962 2742 2131 2798 frater

546 2838 662 2907 ejus
712 2837 1204 2891 archidiaconatum
1252 2851 1406 2890 suum
1457 2833 1825 2908 Senonengem
1871 2834 1926 2887 in
1973 2832 2130 2888 deca-

546 2938 675 2984 natu
712 2927 884 2982 sancti
932 2925 1227 2981 Florentini
1263 2925 1512 2980 visitandi
1543 2925 1713 2995 gratia
1744 2923 2126 2994 perlustrabat,

548 3020 753 3077 solandi
781 3035 943 3076 causa
980 3021 1188 3075 itineris
1214 3019 1434 3074 fortuito
1464 3020 1795 3090 propositum
1818 3019 1920 3074 fuit
1950 3020 2128 3074 thema

549 3116 617 3170 ad
646 3112 1058 3168 versilicandum
1084 3112 1168 3166 his
1196 3111 1287 3181 qui
1324 3127 1446 3166 cum
1495 3111 1877 3166 archidiacono
1915 3110 2124 3179 equita-

547 3205 698 3261 bant.
726 3203 972 3259 Jueunda
997 3204 1197 3273 quippe
1220 3201 1508 3271 occupatio
1541 3201 1768 3272 singulis
1792 3200 2125 3256 certantibus

545 3295 682 3368 quis-
698 3295 766 3350 de
813 3294 900 3351 illa
946 3294 1175 3350 materia
1215 3308 1405 3348 versus
1451 3302 1800 3362 componeret
1850 3293 2122 3348 meliores.

549 3388 678 3455 Quae
729 3400 850 3440 cum
897 3384 1038 3454 apud
1074 3383 1513 3438 archidiaconum
1553 3391 1841 3453 agerentur
1865 3390 1920 3437 et
1963 3398 2121 3448 suos,

548 3477 832 3549 ignorante
856 3474 1025 3528 fratre
1057 3487 1193 3539 suo,
1233 3474 1323 3543 qui
1366 3473 1598 3528 Senonis
1629 3484 1994 3538 remanserat,
2026 3475 2125 3530 sub

548 3567 751 3624 eisdem
782 3565 973 3621 diebus
1015 3572 1069 3619 et
1097 3564 1387 3619 momentis
1424 3565 1563 3635 apud
1589 3563 1761 3634 ipsum
1799 3574 1855 3620 ct
1886 3579 2012 3621 suos
2036 3581 2127 3621 ea-

547 3658 669 3713 dem
700 3657 925 3710 matcria
953 3655 1144 3711 studiis
1171 3670 1274 3710 non
1317 3654 1620 3725 disparibus
1669 3654 1901 3710 Senonis
1942 3670 2126 3710 versa-

526 3750 725 3806 'batur.
760 3747 877 3815 Quo
903 3757 1178 3818 comperto
1208 3748 1385 3801 mirati
1416 3755 1541 3801 sunt
1572 3746 1831 3811 universi,
1855 3754 1909 3800 et
1941 3746 1993 3801 in
2021 3745 2125 3800 ali-

546 3854 776 3909 quorum
800 3836 1218 3908 cogitationibus
1240 3834 1491 3890 fraternae
1504 3834 1742 3905 auspicia
1760 3836 2126 3892 consonantiae

548 3929 901 3985 resultabant.

550 4040 791 4105 Qualiter
826 4040 1114 4093 consentire
1154 4038 1458 4103 noluerunt,
1488 4047 1543 4090 ut
1579 4053 1758 4090 eorum
1798 4037 1933 4091 alter
1966 4036 2125 4106 elige-

618 4122 760 4165 retur
796 4111 850 4164 in
875 4108 1320 4177 archiepiscopum
1352 4110 1638 4161 Senonem.
1670 4108 1784 4162 sede
1821 4118 2053 4161 vacante.

617 4198 805 4254 Omnis
832 4197 898 4251 ab
925 4197 1003 4251 cis
1030 4195 1216 4264 procul
1246 4203 1365 4249 erat
1393 4195 1616 4250 ambitio
1641 4213 1653 4248 :
1692 4211 1817 4249 nam
1844 4210 1964 4249 cum
2006 4204 2127 4265 post

548 4292 829 4349 decessum
860 4288 1015 4342 bona:
1046 4286 1319 4343 memoria:
1348 4286 1622 4341 Michaelis
1642 4287 1928 4356 archiepis.
1954 4287 2125 4343 Senu-

548 4382 732 4439 nensis
763 4386 981 4434 vacaret
1011 4377 1271 4443 Ecclesia,
1302 4387 1356 4431 et
1396 4378 1482 4432 die
1527 4376 1807 4432 electionis
1835 4379 1901 4433 de
1931 4379 2128 4435 substi-

551 4471 747 4528 tuendo
784 4479 1001 4539 pastore
1030 4469 1082 4523 in
1125 4466 1362 4538 capitulo
1390 4475 1735 4534 tractaretur,
1780 4470 2026 4538 quaedam
2061 4469 2127 4524 de

2237 572 2383 619 esset
2426 564 2477 617 in
2511 562 2739 618 Francia
2769 603 2783 628 ,
2814 562 3068 617 videlicet
3104 564 3413 632 magistrum
3458 562 3658 619 Petrum
3705 568 3758 621 de

2203 653 2488 710 -Corholio
2543 654 2816 709 cathedra:
2858 654 3136 723 praeﬁcere
3185 653 3517 721 Senonensi,
3569 658 3694 715 quod
3717 667 3760 710 et

2236 744 2364 800 fecit
2386 744 2662 799 canonicis
2688 743 2813 798 licet
2835 744 3192 799 renitentibus
3218 744 3419 799 invitis.

2272 854 2511 921 Qualiter
2535 853 2842 908 Guillelmus
2875 853 3038 906 noluit
3068 856 3355 909 consentire
3387 856 3439 909 in
3472 855 3733 913 electionem

2508 925 2841 979 Nivemensis
2870 922 3119 979 Ecclesia:
3147 925 3211 979 de
3238 941 3291 979 se
3320 926 3532 994 factum.

2303 1037 2501 1092 lterum
2546 1035 2766 1092 Galtero
2808 1033 3125 1091 Nivernensi
3171 1037 3424 1108 episcOpo
3467 1035 3706 1108 migrante
3740 1056 3763 1094 a

2236 1129 2452 1195 siccato,
2485 1127 2623 1183 facta
2669 1138 2752 1183 est
2800 1130 3074 1184 canonicis
3128 1128 3269 1183 illius
3319 1128 3563 1183 Ecclesia:
3607 1130 3766 1184 electio

2233 1235 2469 1276 consona
2495 1221 2561 1276 de
2583 1219 2877 1284 Willelmo,
2910 1219 3062 1289 cujus
3095 1235 3216 1276 cum
3249 1236 3345 1291 per
3382 1221 3633 1276 solemnes
3660 1240 3767 1277 nun-

2235 1314 2337 1368 tios
2379 1328 2408 1367 a
2458 1313 2772 1368 Nivernensi
2823 1312 3060 1367 Ecclesia
3108 1312 3404 1368 destinatos
3446 1313 3768 1383 requireretur

2234 1418 2552 1468 consensus,
2584 1402 2768 1457 habita
2800 1402 3190 1457 deliberatione
3218 1417 3341 1457 cum
3374 1401 3536 1457 fratre
3560 1416 3648 1456 suo
3680 1401 3767 1455 lla-

2234 1509 2394 1549 nasse
2420 1494 2561 1548 inter
2582 1506 2675 1547 eos
2706 1493 2955 1548 convenit
2985 1503 3044 1547 ut
3076 1494 3129 1547 in
3162 1502 3304 1548 statu
3342 1493 3601 1548 humiliori
3630 1494 3765 1564 proti-

2233 1600 2336 1640 nus
2363 1586 2524 1640 vitam
2554 1594 2775 1655 agerent
2800 1585 3108 1652 indivisam,
3132 1600 3294 1656 quam
3316 1586 3569 1640 alteruter
3586 1601 3768 1655 separa-

2230 1678 2402 1732 tivum
2435 1677 2672 1747 ipsorum
2697 1677 2894 1748 gradus
2924 1678 3137 1733 culmen
3172 1661 3556 1733 conscenderet
3576 1679 3765 1732 altioris.

2235 1765 2432 1836 Sicque
2464 1766 2664 1822 factum
2695 1777 2777 1821 est
2804 1775 2861 1821 ut
2890 1767 3259 1837 praelationem
3289 1776 3536 1823 renueret
3559 1768 3769 1822 Ecclesia

2229 1854 2597 1922 Niveruensis,
2648 1871 2766 1926 qua:
2812 1872 2934 1911 eum
2989 1857 3057 1911 ad
3101 1857 3183 1913 sui
3240 1856 3478 1928 regimen
3526 1856 3766 1930 evocabat,

2229 1949 2370 2018 quod
2397 1949 2583 2019 utique
2619 1947 2793 2003 factus
2826 1950 3167 2019 postmodum
3191 1949 3657 2028 Antissiodorensis
3677 1949 3770 2018 epis

2230 2055 2423 2110 scapus
2458 2056 2582 2095 cum
2624 2043 2857 2096 maxima
2889 2042 3221 2112 pmnitudine
3256 2049 3310 2098 et
3341 2042 3517 2098 cordis
3549 2042 3768 2098 amaritu-

2230 2128 2355 2183 dine
2384 2145 2748 2187 rememorare
2781 2131 3008 2199 solebat,
3037 2141 3303 2204 pungente
3337 2148 3461 2189 eum
3485 2133 3768 2188 conscientia

2230 2221 2370 2290 quod
2418 2221 2945 2277 Antissiodorensem
2998 2203 3446 2279 velutiditiorem
3496 2203 3768 2277 Nivemeusi

2231 2321 2487 2382 tanquam
2520 2313 2739 2383 pauperi
2773 2313 3022 2368 Ecclesiae
3050 2313 3397 2384 prmtulisset.

2232 2444 2472 2511 Qualiter
2506 2445 2697 2500 electus
2737 2447 2837 2516 fuit
2865 2448 2919 2501 in
2954 2447 3251 2517 episcopum
3282 2448 3767 2509 Amissiodorensem,

2286 2526 2335 2570 et
2356 2517 2614 2587 quomodo
2636 2516 2840 2571 nolebat
2864 2518 3020 2586 fratri
3042 2516 3136 2572 suo
3155 2519 3397 2589 prwferri
3419 2520 3473 2573 in
3492 2519 3727 2572 electione.

2301 2625 2540 2681 Tandem
2567 2627 2787 2697 praefato
2818 2628 3116 2701 magniﬂczn
3162 2632 3440 2686 memoriae
3478 2631 3772 2687 Autissiodu-

2231 2717 2376 2773 rensi
2412 2718 2667 2789 episcopo
2707 2717 2930 2789 Hugone
2973 2721 3133 2775 rebus
3154 2719 3408 2774 humanis
3434 2730 3680 2789 exempto,
3698 2720 3767 2771 diu

2229 2810 2297 2863 ad
2318 2805 2620 2879 eligendum
2651 2817 2852 2865 statuta
2883 2818 3005 2864 cum
3046 2810 3282 2865 omnium
3312 2810 3493 2866 clerici
3523 2811 3705 2865 scilicet
3729 2818 3771 2861 et

2230 2900 2410 2969 populi
2440 2901 2493 2953 in
2520 2901 2748 2957 alterum
2777 2901 3004 2956 duorum
3028 2901 3255 2958 fratrum
3277 2902 3541 2960 Manassis
3560 2903 3769 2958 videlicet

2228 3002 2283 3045 et
2317 2990 2587 3046 Guillelmi
2622 3002 2743 3047 vota
2771 3003 3176 3058 concurrerent,
3208 2995 3383 3065 major
3411 3006 3557 3061 natu,
3591 2995 3768 3049 Manas-

2228 3096 2316 3138 ses
2347 3082 2570 3149 scilicet,
2600 3084 2688 3152 qui
2726 3092 2782 3139 et
2819 3084 3107 3149 all‘abilior,
3135 3095 3188 3139 et
3219 3087 3479 3143 urbanior
3502 3096 3553 3142 et
3576 3088 3681 3142 ideo
3703 3085 3767 3140 fa-

2154 3170 2195 3227 C
2226 3172 2517 3227 vorabilior
2542 3172 2864 3241 habebatur,
2898 3186 2955 3230 ut
2990 3176 3246 3232 Ecclesiae
3288 3180 3525 3250 regimen
3552 3178 3771 3249 suscipiat

2227 3264 2569 3319 concorditer
2594 3274 2871 3321 exoratur.
2907 3266 3055 3322 Onus
3084 3267 3173 3324 ille
3200 3269 3386 3324 subire
3412 3280 3633 3337 recusat,
3660 3268 3771 3335 regi-

2229 3352 2387 3407 minis
2418 3362 2471 3407 et
2498 3354 2795 3422 periculum
2827 3366 3072 3412 metuens
3128 3368 3182 3412 et
3226 3357 3505 3430 indignum
3548 3374 3603 3415 se
3642 3373 3770 3429 repu-

2226 3452 2349 3498 tans
2381 3442 2532 3498 fratri
2570 3446 2773 3519 decano
2805 3445 3057 3502 Ecclesia:
3096 3446 3147 3502 in
3191 3449 3504 3517 prmlatidne
3543 3446 3768 3520 praeferri,

2226 3550 2384 3604 quem
2414 3534 2540 3589 licet
2568 3546 2691 3590 natu
2719 3546 3045 3606 postremum
3075 3547 3131 3592 et
3158 3540 3440 3611 dignitatis
3459 3538 3768 3611 praerogativa

2224 3636 2279 3680 et
2309 3630 2428 3679 vitae
2453 3627 2644 3680 merito
2671 3628 2947 3682 astruchat
2975 3630 3259 3698 potiorem.
3295 3631 3388 3686 Sic
3418 3632 3576 3701 igitur
3603 3629 3769 3684 factum

2226 3727 2307 3768 est
2328 3725 2384 3769 ut
2405 3715 2473 3770 ab
2494 3717 2817 3773 clectoribus
2844 3734 2873 3772 a
2899 3720 3132 3789 capitulo
3154 3736 3249 3790 per
3270 3722 3769 3792 compromissionem

2226 3807 2363 3862 datis
2391 3808 2683 3877 eligeretur
2704 3811 2963 3876 decanos,
2996 3814 3085 3882 qui
3119 3822 3262 3870 totus
3288 3815 3515 3873 emuens
3540 3819 3588 3873 in
3627 3816 3773 3884 lacri-

2226 3914 2344 3954 mas
2373 3900 2628 3955 honorem
2659 3917 2762 3956 non
2787 3902 3032 3958 dissimili
3054 3915 3269 3961 recusat
3294 3906 3512 3975 affectu,
3535 3908 3770 3978 indignum

2225 3992 2449 4057 ducens,
2484 3991 2638 4047 fratri
2667 4003 2793 4047 natu
2819 3994 3008 4065 majori
3036 4004 3090 4050 et
3117 3996 3242 4052 vitae
3264 4014 3373 4053 non
3391 4000 3614 4070 disparis
3642 4006 3770 4052 ante-

2224 4085 2349 4154 poni
2383 4103 2395 4137 :
2430 4085 2617 4156 sicque
2643 4087 2819 4140 oritur
2863 4087 3125 4143 mirabilis
3152 4091 3489 4149 concertatio
3529 4091 3659 4145 inter
3679 4087 3768 4141 fra-
3802 4078 3805 4087 “

2227 4180 2360 4236 tres,
2390 4180 2445 4227 et
2476 4187 2705 4242 quorum
2734 4186 2855 4228 erat
2882 4190 2975 4230 cor
3002 4192 3165 4232 unum
3198 4188 3252 4233 et
3277 4179 3457 4234 anima
3490 4194 3590 4234 una
3616 4180 3663 4233 in
3689 4178 3769 4232 hoc

2226 4260 2363 4317 facta
2392 4271 2475 4317 est
2499 4263 2740 4317 cordium
2764 4264 2976 4333 divisio,
2998 4274 3053 4321 et
3072 4267 3377 4323 animarum
3407 4271 3631 4326 scissura
3653 4264 3769 4337 quod

2226 4359 2417 4406 neuter
2440 4351 2651 4407 volebat
2679 4353 2944 4423 praeferri.
2970 4354 3170 4415 Omnes
3198 4360 3477 4417 madentes
3500 4358 3656 4415 oculis
3681 4367 3773 4412 stu-

2231 4444 2462 4513 pendum
2487 4447 2834 4502 intuebantur
2854 4452 3218 4519 spectaculum
3241 4462 3298 4508 et
3326 4454 3646 4525 insperatum
3677 4463 3771 4506 cer-

546 4561 790 4633 personis
815 4558 1071 4616 Ecclesia:
1107 4572 1335 4628 quarum
1372 4557 1546 4612 studia
1575 4558 1655 4613 eis
1678 4558 2020 4614 adversantia
2048 4561 2123 4614 vi-
2157 4529 2202 4587 θ
2231 4547 2408 4593 “me”
2443 4540 2560 4633 εἷλέ
2590 4541 2843 4633 Vltimum
2886 4542 3214 4600 δθηοηθηδίε
3242 4546 3668 4617 θνοιιῖθρίεοοβυε
3693 4541 3772 4597 pe‘

548 4660 813 4715 dabantur
862 4656 1151 4711 multorum
1199 4654 1584 4710 canonicorum
1623 4653 1808 4710 favore
1860 4654 2116 4715 subnixa,

549 4750 639 4822 qui
668 4750 718 4804 in
749 4750 985 4819 ipsorum
1021 4746 1296 4801 voluntate
1344 4746 1628 4801 unanimes
1657 4746 2039 4810 adhaerebant,
2070 4746 2122 4801 in

548 4854 735 4896 eorum
764 4839 992 4893 alterum
1022 4850 1181 4908 quem
1215 4836 1509 4892 voluisSeut
1540 4844 1600 4891 ut
1636 4834 2001 4906 preeficeretur
2024 4836 2121 4891 Se-

549 4930 775 4986 nonensi
818 4929 1069 4985 Ecclesiae
1107 4930 1411 4984 consentire
1439 4944 1560 4983 cum
1588 4930 1701 4985 suis
1729 4929 2015 4985 voluerunt
2041 4944 2125 4985 se-

550 5023 829 5094 quacibus.
863 5020 966 5077 Sed
1013 5021 1114 5091 ipsi
1138 5020 1444 5092 judicautes
1473 5020 1751 5092 indignum
1788 5038 1847 5077 se
1884 5022 2126 5092 praeferri

548 5115 845 5174 venerabili
872 5114 1080 5188 Hugoni
1124 5115 1891 5188 Antissiodorensiepiscopo,
1939 5114 2005 5170 ad
2033 5131 2126 5170 eu-

544 5211 635 5280 jus
664 5209 1055 5281 promotionem
1087 5209 1155 5264 ad
1183 5208 1330 5265 illam
1375 5208 1677 5265 Ecclesiam
1730 5217 1839 5265 tam
1888 5209 2126 5281 episcopi

548 5316 712 5371 quam
738 5300 829 5369 qui
858 5299 938 5355 eis
964 5298 1248 5354 unanimes
1273 5299 1623 5355 adhaerebant
1645 5299 1882 5371 ipsorum
1906 5299 2129 5357 anhela-

552 5391 683 5445 bant
710 5389 894 5445 favore
923 5430 938 5456 ,
967 5390 1033 5444 de
1073 5403 1170 5445 sua
1202 5388 1494 5445 noluerunt
1544 5388 1806 5445 electione
1844 5399 2129 5460 acceptare

552 5493 857 5536 sermonem
886 5522 901 5546 ,
957 5487 1310 5550 procurantes
1351 5479 1530 5548 potius
1558 5480 1700 5549 quod
1734 5495 1923 5537 omnes
1953 5483 2005 5536 in
2030 5497 2129 5551 po-

554 5566 901 5624 stulationem
945 5568 1187 5643 ejusdem
1236 5571 1476 5642 episcopi
1533 5580 1933 5627 consenserunt
1980 5572 2134 5628 labo-

557 5666 741 5716 rantes
774 5659 828 5714 in
857 5675 1021 5715 unum
1045 5676 1206 5731 quam
1237 5661 1582 5717 innocentius
1609 5664 1804 5718 tertius
1835 5704 1849 5729 ,
1879 5663 1971 5733 qui
2023 5661 2132 5717 Ro-

524 5756 731 5806 ‘mana:
759 5750 1009 5808 Ecclesiae
1044 5753 1384 5823 praesidebat,
1416 5754 1765 5824 postulationi
1793 5755 1859 5811 de
1886 5756 2000 5825 ipso
2037 5772 2134 5812 no-

2233 4636 2364 4694 trus,
2398 4630 2488 4699 qui
2526 4630 2599 4686 ibi
2630 4632 2816 4686 aderat
2845 4649 3105 4703 praesens,
3136 4635 3188 4690 in
3221 4637 3515 4707 capitulum
3549 4642 3771 4692 evocatus

2230 4719 2542 4774 certaminis
2563 4721 2709 4776 dedit
2739 4722 2994 4787 medium,
3020 4733 3075 4779 et
3101 4733 3212 4779 tum
3237 4741 3397 4781 causa
3421 4725 3661 4782 Ecclesiae
3679 4731 3770 4776 tum

2231 4808 2463 4876 quodam
2491 4810 2750 4881 peculiari
2780 4813 2958 4868 studio
2983 4813 3195 4881 ductus,
3227 4824 3284 4869 ut
3315 4815 3556 4871 videlicet
3592 4814 3771 4867 thesau-

2233 4897 2377 4951 raria
2428 4897 2757 4955 Senonensis
2805 4911 2861 4956 et
2903 4904 3373 4959 archidiaconatus
3415 4898 3768 4959 Pruviacensis,

2231 5003 2350 5057 quae
2386 4989 2440 5043 in
2482 4979 2724 5046 Ecclesia
2766 4991 3064 5048 Senonensi
3105 4994 3244 5049 idem
3283 4995 3557 5049 obtinebat
3587 4985 3771 5047 Guilch

2232 5094 2373 5145 mus,
2404 5079 2455 5134 in
2485 5094 2596 5135 suze
2624 5080 2924 5138 collationis
2957 5083 3237 5138 arbitrium
3270 5084 3601 5147 devenirent,
3628 5081 3769 5149 ipsum

2234 5180 2294 5227 ut
2323 5171 2576 5227 Ecclesia:
2604 5189 2741 5238 suae,
2769 5189 2889 5244 quae
2918 5190 3039 5229 eum
3069 5176 3326 5241 vocabat,
3361 5176 3592 5246 regimen
3631 5165 3771 5225 susci-

2235 5270 2387 5333 peret
2404 5262 2842 5331 persuasionibus
2867 5265 3203 5335 urgentibus,
3222 5264 3492 5320 mediante
3516 5260 3685 5317 fratris
3707 5257 3771 5309 in-

2239 5353 2459 5420 stantia,
2488 5354 2744 5425 compulit
2769 5368 2833 5409 ac
2860 5354 3084 5410 addixit.

2306 5485 2547 5552 Qualiter
2574 5485 2802 5560 obtinuit
2820 5505 2855 5560 a
2887 5503 3003 5560 rege
3030 5489 3352 5560 privilegium
3381 5491 3446 5545 de
3480 5484 3717 5558 regalibus

2634 5558 3101 5613 Autissiodurensis
3136 5558 3402 5616 Ecclesia'.

2306 5666 2581 5722 Electione
2611 5667 2777 5739 igitur
2805 5666 3075 5725 celebrata
3111 5670 3177 5725 de
3207 5671 3323 5742 ipso
3347 5680 3496 5728 sexta
3524 5668 3647 5725 feria
3671 5668 3771 5734 post

2238 5758 2669 5817 Purilicationem
2702 5762 2871 5817 beatae
2897 5760 3098 5833 Mariae,
3139 5780 3281 5823 anno
3321 5766 3526 5823 Domini
3572 5759 3693 5818 1206
3725 5761 3770 5810 ei
