3918 6316
118 412 213 479 53’)

1000 416 1088 477 DE
1122 417 1365 479 GESTIS
1402 418 1613 478 EPISC.
1652 414 2034 476 ANTISSIOD.
2058 448 2127 460 -—
2156 417 2333 479 PARS
2369 419 2408 477 Ι.

3217 430 3323 487 550

115 549 197 604 per
226 528 664 586 conﬁrmationem
691 531 1082 601 archiepiscopi
1122 534 1433 604 approbata.
1466 542 1519 587 et
1548 549 1646 603 per
1677 536 1721 592 Α
1752 528 1931 582 nimiae
1964 530 2366 589 deliberationis
2394 533 2634 592 inducias
2663 538 2840 608 aliqua
2871 556 3034 597 morat:
3071 541 3326 616 longioris

114 621 534 677 consecrationem
558 621 724 690 ipsius
748 621 814 676 ad
846 622 1087 676 ultimum
1113 635 1503 691 consummata,
1531 626 1645 694 ipso

113 711 496 766 consecrationis
527 711 613 767 die
641 712 706 766 ad
734 713 1008 769 dominum
1040 729 1216 785 regem
1246 725 1518 786 properat,
1552 717 1644 787 qui

113 814 191 868 per
223 799 477 854 solemnes
506 800 757 855 Ecclesiae
786 817 895 856 suae
935 805 1152 860 nuntios
1193 820 1223 859 a
1269 816 1507 877 tempore
1540 808 1645 863 ele-

109 890 272 944 ctionis
308 888 459 945 facta:
498 891 802 960 requisitus,
842 907 959 961 qua:
987 894 1262 948 decedenti
1292 896 1518 968 llugone
1552 912 1645 956 oc-

106 991 360 1049 cupaverat
387 980 604 1051 regalia,
652 983 701 1036 ei
749 984 1031 1039 restituere
1063 987 1416 1054 detrectabat,
1450 990 1559 1045 imo
1587 1001 1644 1047 et

106 1071 366 1125 servientes
412 1071 578 1138 ipsius
608 1072 676 1126 ab
704 1087 769 1127 eo
814 1074 1071 1142 regalium
1117 1078 1374 1132 custodiae
1403 1080 1642 1149 deputati

101 1163 216 1216 circa
241 1161 557 1231 episcopalia
594 1164 746 1218 valde
774 1179 1053 1234 perperam
1094 1181 1152 1222 se
1178 1169 1467 1226 habebant.
1506 1171 1639 1227 Nam

103 1259 223 1304 tanto
251 1252 544 1306 vocationis
572 1261 830 1322 tempore,
856 1262 912 1307 et
950 1269 1119 1324 usque
1147 1264 1272 1311 tunc
1297 1256 1438 1314 facta
1469 1260 1644 1316 fuerat

98 1354 176 1407 per
199 1342 330 1410 ipsos
356 1342 740 1412 episcopalium
773 1344 1052 1414 dissipatio
1083 1348 1387 1404 miseranda
1408 1390 1424 1415 ,
1468 1351 1644 1406 homi-

100 1445 200 1483 num
237 1433 503 1486 emunctio
546 1433 806 1500 violenta,
840 1435 1092 1490 silvarum
1135 1453 1164 1491 a
1199 1438 1371 1510 longis
1411 1443 1640 1498 intacta-

100 1535 192 1572 rum
233 1522 558 1591 temporibus
599 1524 853 1579 damnosa
898 1526 1050 1581 valde
1089 1527 1388 1597 distractio,
1436 1531 1639 1587 daban-

100 1617 256 1679 furque
294 1611 474 1665 hostili
523 1629 670 1668 more
712 1616 890 1672 omnia
926 1617 979 1670 in
1020 1618 1376 1689 direptionem
1404 1631 1458 1677 et
1497 1638 1634 1692 pra:-

99 1699 212 1764 dam,
239 1701 307 1755 ita
336 1702 481 1770 quod
518 1702 668 1759 brevi
700 1705 753 1759 in
804 1715 1043 1777 tempore
1076 1709 1307 1766 fuissent
1350 1713 1404 1766 in
1452 1725 1636 1768 exter-

99 1792 280 1844 minium
308 1793 411 1847 nisi
442 1794 628 1848 divina
662 1796 994 1867 diSpensatio
1020 1800 1085 1854 de
1114 1811 1328 1869 pastore
1372 1804 1634 1860 maturius

1748 618 2051 675 sentiebant
2088 620 2447 691 dispendium,
2476 642 2594 696 qua}
2623 631 2956 687 commodius
2982 634 3195 690 fuerant
3228 637 3329 691 ali-

1745 706 1899 775 cujus
1939 708 2298 769 festinationis
2333 719 2649 785 compendio
2679 723 3017 778 maturanda.
3052 724 3179 779 Erat
3223 726 3325 780 ita-

1743 813 1848 868 que
1877 802 2106 856 concilio
2141 805 2586 874 circumspectus,
2619 809 2832 879 eloquio
2871 825 3201 882 mansuetus,
3234 816 3327 873 ho.

1743 886 2033 956 spitalitate
2062 891 2383 961 praecipuus,
2402 911 2696 966 pauperum
2722 900 2937 956 sedulus
2962 904 3318 971 dispensator,

1743 976 2020 1033 modestus
2048 980 2100 1033 in
2128 984 2422 1051 prosperis,
2459 985 2778 1057 longanimis
2803 990 2858 1045 in
2880 993 3120 1050 adversis
3139 1004 3193 1049 et
3228 1011 3319 1064 pa-

1743 1065 1946 1121 tientia:
1985 1068 2295 1140 singularis,
2318 1073 2468 1141 .juris
2511 1078 2592 1131 sui
2629 1076 2976 1151 infatigabilis
3005 1096 3324 1153 prosecutor

1733 1155 1888 1226 juxta
1911 1160 2149 1231 regulam
2177 1164 2417 1234 Apostoli
2445 1185 2459 1220 :
2490 1167 2682 1223 Domni
2704 1188 2815 1226 stuc
2839 1173 2963 1229 bene
2985 1181 3317 1247 ρνίεροεὶιιω,

1742 1246 1813 1299 ita
1838 1256 1896 1302 ut
1935 1248 2246 1307 domesticis
2276 1255 2389 1311 suis
2417 1257 2595 1312 sobrie
2623 1268 2678 1313 et
2710 1260 2855 1329 justc
2885 1273 2939 1318 et
2980 1265 3068 1334 pie
3098 1246 3320 1323 vivendi

1739 1335 1910 1392 forma
1954 1340 2212 1415 existeret
2262 1353 2317 1399 et
2360 1348 2696 1415 exemplum;
2749 1353 3029 1413 limoratus
3078 1358 3214 1414 adeo
3261 1370 3323 1415 ut

1738 1424 1878 1479 sicut
1909 1427 1961 1480 hi
1983 1427 2192 1496 plenius
2222 1442 2504 1501 noverant,
2529 1436 2621 1506 qui
2650 1438 2703 1491 in
2732 1439 2848 1494 foro
2874 1444 3223 1510 ptenitentiali
3254 1449 3320 1504 de

1736 1529 1835 1569 sua
1864 1519 2193 1574 conscientia
2223 1521 2562 1592 judicabant,
2594 1530 2667 1583 ita
2703 1530 2841 1586 levia
2873 1533 3150 1606 plangeret
3183 1555 3245 1595 ac
3274 1542 3321 1596 si

1735 1607 1918 1674 gravia
1953 1611 2348 1681 commisisset;
2392 1619 2716 1685 pastoralem
2756 1624 3007 1682 omnibus
3031 1629 3322 1691 exhibebat

1735 1696 2009 1781 affectum,
2038 1701 2091 1755 in
2125 1712 2331 1758 tantum
2360 1715 2416 1760 ut
2446 1722 2568 1763 cum
2594 1725 2691 1780 per
2715 1727 2867 1768 suam
2893 1717 3158 1784 equitaret
3178 1704 3317 1777 dire.

1733 1776 1898 1841 ceSim
1925 1790 1992 1843 ad
2025 1790 2170 1845 viros
2199 1800 2251 1846 et
2283 1795 2533 1851 mulieres
2563 1800 2917 1872 undecunque
2954 1821 3051 1874 pro
3083 1812 3321 1864 necessi-

98 1882 375 1949 Ρωνίάίεεθι
397 1883 683 1940 Ecclesia}.
716 1886 1009 1958 Susceptus
1045 1891 1208 1960 igitur
1236 1893 1463 1964 benigne
1501 1897 1633 1950 satis
1664 1880 1707 1940 Β
1736 1876 1936 1931 tatibus
1960 1878 2073 1933 suis
2112 1895 2216 1934 non
2255 1882 2426 1938 solum
2465 1886 2851 1957 spiritualihus,
2880 1907 3067 1949 verum
3096 1904 3153 1951 et
3184 1906 3319 1952 tem-

97 1974 342 2029 serenitate
367 1977 560 2047 regali,
591 1979 659 2032 ah
680 1993 745 2033 ea
778 1981 969 2050 recipit
994 1982 1109 2036 sine
1133 1982 1442 2040 difﬁcultate
1476 2000 1634 2056 rega-

97 2060 165 2125 lia,
184 2065 308 2119 etde
332 2065 817 2136 interceptionibus
842 2086 871 2121 a
899 2079 1137 2139 tempore
1162 2075 1453 2129 vacationis
1477 2075 1635 2130 factis

96 2153 205 2219 apud
229 2156 420 2225 regiam
452 2157 926 2227 magnificentiam
954 2159 1286 2231 interpellat,
1318 2179 1382 2218 ac
1419 2166 1631 2219 tandem

97 2245 402 2309 quorumdam
430 2245 505 2301 de
533 2246 862 2316 primoribus
888 2250 1084 2318 regalis
1109 2250 1292 2320 palatii
1327 2253 1633 2309 interventu

98 2337 413 2392 controversia
462 2339 744 2395 amicabili
784 2341 1171 2411 compositione
1220 2345 1447 2414 sopitur,
1481 2348 1633 2402 data-

98 2439 175 2494 que
199 2442 291 2481 non
325 2429 540 2485 modica
566 2431 809 2500 pecuniae
837 2433 1137 2500 quantitate
1166 2434 1235 2489 ab
1263 2435 1515 2505 episc0po
1543 2452 1631 2493 su-

96 2531 169 2583 per
198 2521 540 2575 concessione
574 2521 738 2591 regali
779 2520 921 2576 facta
960 2522 1215 2578 Ecclesia:
1252 2524 1319 2579 de
1362 2527 1630 2596 regalibus

96 2604 192 2659 sede
225 2618 440 2665 vacante
488 2610 827 2681 privilegium
871 2610 1164 2677 obtinetur,
1195 2612 1349 2701 cujps
1388 2624 1628 2671 tenorem

95 2696 298 2758 presenti
324 2696 584 2752 duximus
609 2696 808 2753 inferre
834 2698 1065 2754 lectioni.

413 2830 592 2886 Terror
616 2832 871 2904 privilegii
898 2835 962 2889 de
992 2838 1270 2907 regalibus.

148 2956 165 2989 ί
188 2939 236 2995 1η
258 2943 478 2998 nomine
500 2953 701 2999 sancta:
718 2953 774 2999 et
796 2946 1081 3002 individua:
1104 2947 1405 3004 Trinitatis.
1430 2949 1622 3005 Amen.

93 3027 321 3104 Philippus
350 3035 446 3091 Dei
491 3036 666 3105 gratia
698 3035 1025 3093 Francorum
1066 3053 1182 3093 rex.
1215 3038 1473 3096 Noverint
1510 3043 1628 3096 uni-

93 3123 200 3176 versi
226 3135 518 3194 praesentes
551 3128 753 3197 pariter
799 3138 852 3184 et
902 3129 1064 3185 futuri
1100 3133 1242 3200 quod
1289 3148 1388 3187 nos
1429 3133 1624 3188 intuitu

94 3210 244 3270 divina:
274 3217 518 3285 pietatis,
555 3228 611 3273 ct
652 3220 721 3275 ob
750 3222 1044 3276 remedium
1089 3223 1282 3278 animae
1323 3234 1523 3281 nostrae
1572 3234 1625 3281 et
1652 3253 1697 3314 ο

92 3314 323 3367 parentum
364 3317 701 3370 nostrorum,
732 3310 921 3366 damus
946 3320 1001 3367 et
1023 3315 1369 3370 concedimus
1408 3317 1461 3371 in
1504 3331 1625 3386 per-

91 3402 263 3455 petuum
294 3395 555 3452 Ecclesiae
589 3398 1044 3456 Autissiodurensi
1078 3404 1334 3474 quidquid
1367 3404 1507 3474 juris
1533 3407 1624 3461 ba-

87 3479 300 3541 bcbamus
336 3489 389 3542 in
425 3490 703 3560 regalibus
735 3492 860 3547 sede
891 3507 1133 3550 vacante.
1174 3496 1357 3566 Itaque
1388 3499 1622 3554 decanos

86 3579 125 3624 et
161 3577 428 3645 capitulum
484 3579 721 3648 ejusdem
766 3584 1018 3642 Ecclesia:
1070 3591 1377 3645 custodierit
1424 3594 1621 3663 regalia

85 3663 182 3719 sede
208 3681 445 3738 vacante,
487 3681 543 3727 et
585 3688 774 3730 omnes
813 3688 1108 3747 proventus
1137 3682 1228 3749 qui
1271 3682 1464 3737 exinde
1505 3699 1622 3754 pro

85 3757 230 3814 redeat
274 3775 326 3816 ct
366 3765 710 3833 praebendas,
753 3769 796 3823 si
826 3784 959 3839 quas
987 3772 1200 3825 interim
1231 3788 1422 3829 vacare
1453 3776 1622 3830 conti-

83 3848 206 3913 gerit,
227 3853 288 3905 ad
311 3869 457 3923 opus
484 3855 718 3926 episcopi
747 3858 896 3916 salvo
929 3862 1151 3916 servitio
1178 3873 1384 3930 nostro,
1415 3868 1621 3936 equita-

84 3935 208 3992 tionis
238 3954 456 4008 nostrai,
487 3949 756 4002 exercitus
795 3958 846 4004 et
889 3953 1319 4019 submonitionis,
1344 3957 1486 4011 sicut
1506 3957 1621 4029 epi-

80 4032 191 4099 scopi
216 4034 716 4092 Autissiodorcnses
745 4040 898 4095 nobis
923 4042 1184 4098 fecerunt.
1224 4044 1375 4113 Quod
1412 4056 1469 4102 ut
1498 4063 1622 4117 per-

80 4130 256 4183 petuum
296 4127 474 4181 robur
513 4127 771 4192 obtineat,
796 4130 953 4201 sigilli
989 4134 1159 4189 nostri
1205 4137 1525 4192 auctoritate
1566 4147 1619 4195 et

79 4213 179 4280 regii
216 4218 455 4272 nominis
483 4219 798 4275 charactere
836 4222 1060 4279 inferius
1094 4226 1346 4283 adnotato
1385 4245 1618 4298 [mesen-

78 4308 159 4355 tem
200 4307 454 4377 paginam
500 4310 899 4367 confirmamus.
956 4315 1149 4370 Actum
1198 4317 1423 4375 Parisiis
1474 4335 1617 4378 anno

75 4385 246 4448 Domini
274 4397 435 4459 1206.
469 4400 614 4468 regni
636 4416 769 4456 vero
797 4404 964 4458 nostri
988 4421 1130 4462 anno
1153 4407 1408 4464 vicesimo
1438 4422 1614 4476 sexto,

73 4487 335 4542 astantibus
364 4505 603 4559 quorum
635 4493 877 4547 nomina‘
897 4497 1172 4565 supposita
1198 4510 1326 4555 sunt
1353 4510 1405 4555 et
1436 4503 1609 4573 signa.

72 4573 282 4662 bapifero
308 4584 480 4639 nullo.
509 4586 731 4656 Signum
757 4587 1014 4643 Guidonis
1038 4591 1360 4647 buticularii.
1387 4594 1608 4662 Signum
1644 4597 1689 4655 D

72 4658 265 4723 Matthrei
296 4674 606 4727 camerarii.
648 4674 872 4745 Signum
908 4677 1167 4734 Droconis
1206 4658 1611 4738 constabularii.

70 4745 227 4810 Datum
251 4769 482 4816 vacante
507 4762 828 4817 cancellaria
854 4780 949 4835 per
979 4781 1193 4821 manum
1224 4768 1469 4825 Guarini.
1499 4792 1517 4823 ι

111 4881 327 4946 Qualiter
350 4909 407 4946 se
434 4894 488 4946 in
515 4896 812 4975 episcopatu
840 4898 1039 4964 habuit,
1071 4910 1118 4954 et
1145 4902 1371 4972 qualiter
1397 4905 1554 4974 fuerit

680 4975 978 5022 trmoratus.

119 5065 197 5124 Sic
222 5072 384 5141 igitur
415 5078 707 5145 pontificali
736 5079 940 5133 locatus
971 5082 1022 5135 in
1057 5084 1310 5141 cathedra
1336 5102 1479 5143 anno
1505 5089 1610 5144 Do-

68 5156 169 5211 mini
194 5161 326 5218 i206
364 5166 421 5220 in
442 5167 910 5226 administratione
944 5181 1191 5242 suscepta
1222 5184 1474 5232 strenuus
1510 5178 1611 5234 fuit

68 5246 188 5304 valde
209 5262 261 5307 et
282 5258 562 5324 providus,
597 5268 778 5329 utpote
808 5262 896 5330 qui
935 5262 1066 5317 nihil
1107 5266 1299 5335 agebat
1325 5282 1389 5321 ex
1420 5271 1609 5337 praeci-
1646 5326 1653 5329 _

67 5339 160 5403 Pili,
186 5360 277 5398 nec
298 5348 589 5419 quidquam
618 5353 760 5420 quod
790 5353 903 5407 suis
925 5354 1374 5413 sollicitudinibus
1398 5360 1606 5430 ingere-

68 5430 451 5492 retfaciendum
498 5440 712 5507 prodire
758 5442 968 5497 sinebat
1004 5443 1058 5497 in
1088 5454 1288 5511 actum,
1319 5448 1420 5502 nisi
1456 5450 1604 5518 prius

68 5516 203 5574 multa
253 5523 443 5582 fuisset
487 5529 883 5586 deliberationis
935 5531 1151 5589 fornace
1192 5516 1492 5592 decoctum.
1548 5540 1603 5594 ιιι

69 5605 184 5661 enim
229 5614 294 5666 ab
341 5615 538 5671 ineunti
588 5634 681 5673 sua
724 5630 883 5676 actate
920 5631 1267 5680 contraxerat
1306 5626 1604 5684 deliberare

70 5688 237 5753 diutius
274 5702 340 5757 de
386 5708 622 5775 agendis,
659 5711 710 5763 in
758 5719 987 5777 tantum,
1037 5722 1095 5769 ut
1141 5716 1241 5771 hoc
1284 5717 1332 5771 ei
1366 5718 1605 5787 plerique

72 5786 361 5845 ascriberent
391 5797 620 5852 tarditati
650 5815 663 5852 :
696 5814 818 5853 nam
847 5802 1169 5872 quandoque
1200 5804 1324 5861 licet
1358 5822 1482 5864 raro
1510 5786 1606 5878 per

354 5885 618 5950 Parum.
662 5890 1068 5958 CXXXVIII.

1736 1967 2011 2036 poralibus
2059 1969 2385 2028 confluentes
2434 1977 2501 2031 ad
2552 1977 2757 2047 ipsum,
2804 1982 3031 2052 gradum
3078 1986 3316 2054 sisteret,

1735 2066 1942 2127 gratam
1981 2071 2243 2129 praestans
2269 2064 2347 2120 eis
2389 2068 2599 2135 copiam
2642 2071 2979 2143 colloquendi
3014 2090 3135 2131 cum
3178 2079 3313 2150 ipso,

1736 2149 1809 2203 ita
1840 2152 1982 2218 quod
2021 2155 2345 2226 quandoque
2383 2158 2494 2214 suis
2521 2160 2778 2218 molestus
2807 2164 3067 2223 existeret
3096 2149 3316 2240 propter

1736 2253 1939 2295 moram
1970 2256 2129 2312 quam
2159 2243 2388 2303 faciebat
2412 2264 2530 2304 cum
2556 2250 2749 2308 talibus
2777 2252 3092 2329 longiorem.

2147 2378 2310 2450 Cujus
2341 2370 2634 2452 nﬁ‘ertionis
2663 2385 2717 2440 in
2746 2387 2897 2442 cives.

1802 2482 1949 2540 Mirae
1990 2485 2288 2545 affectionis
2330 2492 2382 2546 in
2413 2492 2557 2548 cives
2582 2509 2681 2564 pro
2705 2511 2933 2564 quorum
2978 2502 3313 2567 protectione

1731 2586 1922 2641 graves
1949 2572 2263 2645 frequenter
2291 2579 2483 2637 flervei
2514 2585 2726 2639 comitis
2769 2585 3114 2643 Niverncnsis
3151 2594 3311 2646 susti-

1731 2660 1850 2716 nuit
1892 2664 2211 2733 simultates,
2257 2669 2381 2724 dum
2417 2660 2945 2738 cidem'resisteret,
2997 2692 3064 2732 ne
3100 2679 3312 2735 vivente

1729 2753 1927 2808 comite
1948 2750 2110 2811 Petro
2138 2767 2291 2826 patre
2320 2761 2500 2815 uxoris
2522 2777 2652 2827 sure,
2681 2762 2912 2818 Matildis
2938 2765 3210 2832 videlicet,
3235 2771 3311 2824 ci—
3402 2828 3406 2832 ,

1728 2845 1913 2900 vitatis
1934 2846 2228 2904 dominium
2252 2863 2538 2921 usurparet
2563 2871 2575 2906 :
2606 2856 2746 2923 quod
2777 2863 2926 2909 tanto
2948 2859 3177 2928 amplius
3195 2876 3310 2913 am-

1728 2934 1936 2997 bierat,
1966 2947 2165 3006 quanto
2205 2940 2248 2996 si
2293 2939 2602 3012 fungeretur
2641 2959 2820 2999 comes
2859 2947 3169 3014 praedictus,
3216 2952 3306 3021 qui

1729 3022 2246 3097 Constantinopolim
2268 3031 2334 3086 ad
2362 3032 2722 3101 recipiendum
2748 3034 3029 3103 imperium
3052 3040 3193 3108 quod
3215 3056 3305 3095 vo.

1728 3115 1974 3181 cabatur,
2000 3118 2274 3187 profectus
2318 3120 2491 3176 fuerat
2536 3124 2751 3179 nomine
2797 3127 2982 3182 uxoris
3028 3145 3137 3185 suae
3166 3147 3307 3201 pne-

1728 3212 1886 3267 dictae
1912 3214 1964 3267 in
2013 3215 2397 3285 proprietatem
2436 3233 2587 3272 suam
2625 3218 2736 3288 ipsa
2773 3221 3001 3277 debebat
3043 3224 3309 3280 Autissio—

1728 3301 1845 3355 dor.
1870 3302 2063 3356 civitas
2101 3302 2374 3368 devenire,
2412 3306 2505 3360 sed
2545 3307 2652 3361 voti
2693 3308 2773 3362 sui
2801 3325 3020 3379 compos
3046 3327 3166 3368 esse
3197 3330 3304 3368 non

1722 3394 1895 3465 potuit
1921 3394 2061 3450 idem
2094 3412 2275 3452 comes
2305 3399 2475 3453 donec
2515 3399 2626 3469 ipse
2647 3400 2926 3471 episcopus
2952 3414 3176 3474 urgente
3199 3405 3311 3460 llo-

1724 3500 1895 3541 mante
1936 3487 2078 3542 sedis
2125 3488 2446 3543 auctoritate
2486 3489 2552 3544 ad
2605 3489 2972 3562 episcopatum
3014 3493 3114 3549 fuit
3150 3494 3305 3549 Pari-

1724 3577 1957 3632 siensem
1988 3579 2297 3635 translatus.

2188 3713 2258 3768 lu
2268 3714 2556 3772 risdictieni
2584 3718 2833 3772 detraxit.

1790 3817 1846 3872 In
1870 3816 2088 3886 iudiciis
2113 3833 2270 3891 prout
2306 3824 2356 3878 ei
2385 3826 2656 3883 revelahat
2683 3828 2941 3884 Dominus
2967 3846 3183 3902 semper
3210 3834 3297 3888 via

1720 3908 1867 3979 regia
1894 3911 2198 3977 incedebat,
2229 3928 2330 3969 nec
2360 3915 2469 3970 ullo
2499 3917 2658 3972 modo
2686 3925 2840 3972 extra
2871 3920 3102 3975 scienter
3132 3922 3298 3977 dech-

1718 3999 1884 4054 nabat
1911 4000 1979 4054 ad
2007 4002 2286 4058 dexteram
2316 4005 2399 4059 vel
2427 4006 2741 4073 sinistram;
2776 4008 2932 4064 facile
2964 4019 3142 4065 tamen
3180 4021 3301 4067 erat

1717 4088 1766 4143 ei
1798 4091 2121 4159 persuadere
2165 4094 2464 4151 rationibus
2490 4139 2505 4161 ,
2554 4097 2599 4151 si
2645 4113 2766 4168 qua:
2797 4099 3121 4155 obumbrare
3150 4101 3304 4157 vide-

1719 4190 1928 4248 rentur,
1962 4186 2113 4253 quod
2136 4188 2370 4256 propriae
2400 4187 2553 4243 favor
2595 4190 2847 4246 utilitatis
2874 4192 3128 4258 dictabat,
3156 4193 3300 4247 unde

1716 4279 1772 4325 et
1809 4272 2131 4330 decanatum
2161 4277 2389 4332 multum
2423 4281 2712 4350 oppressit.
2757 4280 2894 4336 Nam
2929 4297 3050 4337 cum
3084 4283 3298 4353 publica

1717 4359 1940 4416 haberet
1983 4365 2212 4419 assertio
2259 4382 2452 4423 causas
2509 4370 2749 4426 civitatis
2802 4372 3297 4429 Antissiodorensis

1715 4451 1987 4507 ordinarie
2017 4462 2070 4508 et
2099 4454 2273 4523 primo
2310 4455 2430 4513 loco
2457 4459 2524 4513 ad
2547 4458 2975 4525 iurisdictionem
3022 4465 3295 4531 pertinere

1715 4539 1901 4609 decani
1948 4541 2000 4594 in
2052 4551 2293 4608 tantum,
2342 4548 2482 4615 quod
2527 4548 2571 4601 si
2621 4548 2785 4620 aliqui
2816 4550 2884 4605 de
2921 4549 3295 4618 iurisdictione

1716 4629 1885 4697 ipsius
1916 4630 1969 4685 in
2000 4633 2172 4698 curia,
2203 4633 2287 4688 vel
2313 4635 2364 4688 in
2408 4638 2694 4705 prmsentia
2739 4640 3055 4710 cpiscopi~in
3083 4643 3171 4712 jus
3201 4658 3295 4698 vo-

1716 4728 1970 4774 carentur
2003 4723 2323 4792 quandoque
2349 4725 2449 4779 nisi
2476 4741 2572 4796 per
2601 4729 3033 4799 appellationem,
3065 4734 3154 4804 qui
3187 4750 3293 4791 nou

1716 4807 1943 4863 fuissent
1980 4811 2034 4864 in
2066 4813 2216 4867 curia
2247 4814 2458 4882 decani,
2489 4821 2759 4886 conventi,
2789 4822 3105 4894 plerumque
3133 4842 3290 4882 revo-

1715 4897 1980 4954 cabantur
2012 4916 2044 4955 a
2089 4902 2294 4962 decano
2330 4912 2690 4979 cognoscendi
2721 4913 2821 4968 sibi
2844 4913 2933 4982 jus
2963 4918 3289 4983 viudicante,

1715 4988 2033 5063 plerumque
2057 4997 2374 5065 exceptione
2414 4997 2515 5054 fori
2551 5003 2794 5072 exposita
2825 5020 2930 5058 non
2963 5008 3291 5077 cogebantur

1715 5079 1940 5138 ulterius
1987 5099 2172 5139 coram
2218 5088 2472 5159 episc0po
2516 5091 2597 5145 vel
2642 5091 2757 5160 ejus
2805 5094 3022 5150 officiali
3066 5098 3291 5152 ulterius

1710 5174 1965 5242 experiri,
2001 5185 2057 5230 et
2103 5177 2215 5247 ipse
2263 5181 2392 5235 dum
2437 5193 2581 5238 esset
2626 5185 2885 5252 decanus,
2917 5199 3158 5244 uteretur
3187 5193 3291 5247 hoc

1700 5257 1867 5337 jure,’
1883 5263 2164 5335 factusque
2190 5269 2476 5341 episcopus
2505 5274 2583 5328 uti
2615 5278 2922 5344 permiserit
2948 5296 3289 5337 successores

1708 5368 1835 5409 suos
1860 5355 2091 5414 decanos
2124 5358 2458 5430 aliquandiu,
2491 5367 2705 5422 tandem
2740 5370 2791 5423 in
2839 5372 2923 5424 his
2957 5381 3012 5425 et
3056 5372 3176 5428 aliis
3221 5377 3287 5429 ad

1696 5444 2128 5519 jurisdictionem
2174 5454 2570 5521 pertinentibus
2621 5474 2783 5528 quam
2830 5463 2931 5515 sibi
2983 5464 3290 5521 vindicabat

1704 5538 1962 5604 decanus,
2001 5542 2320 5599 decanatum
2367 5550 2532 5618 erepit
2574 5553 2857 5620 cpiscopus
2892 5554 3204 5625 impugnare
3233 5568 3288 5613 et

1705 5644 1810 5684 non
1839 5633 2011 5687 solum
2038 5649 2136 5704 per
2165 5652 2244 5701 se,
2275 5639 2365 5693 sed
2396 5649 2451 5693 et
2478 5656 2578 5710 per
2601 5642 2882 5697 officialem
2916 5660 3069 5700 suum
3100 5648 3286 5705 immeo

1704 5720 1849 5776 diale
1896 5733 1951 5777 et
1978 5725 2182 5797 absque
2212 5729 2570 5799 appellatione
2616 5733 2681 5787 de
2730 5736 2908 5789 causis
2957 5751 3283 5807 cognoscere

1706 5812 1960 5882 civitatis,
1992 5815 2119 5873 licet
2143 5819 2623 5893 archipresbyteri,
2657 5825 2748 5894 qui
2778 5826 3076 5897 antiquitus
3104 5827 3281 5884 locum

2773 5918 2842 5981 11
