3918 6316
600 412 702 471 33!

1329 476 1342 491 ν
1436 402 1725 464 APPEND.
1765 405 1858 460 an
1897 404 2068 464 διες.
2107 407 2177 462 x.
2219 438 2289 448 —
2323 406 2553 464 orans
2586 394 2979 466 mrum-uia.

3703 411 3785 468 ιιι

598 524 911 583 officialium
955 520 1293 591 obtinebant,
1341 538 1443 579 nec
1491 522 1669 577 adhuc
1714 534 2041 591 cognoscere
2090 535 2185 573 va-
2213 505 2260 563 Α
2291 522 2501 577 tandem
2526 536 2590 576 ex
2621 520 2804 576 fratris
2831 516 3106 576 consortio
3146 522 3201 572 et
3237 516 3487 587 exemplo,
3514 519 3595 589 qui
3620 535 3785 593 semper

604 618 750 671 leant
773 615 841 669 de
865 614 1045 671 causis
1072 628 1261 669 eorum
1289 612 1381 683 qui
1426 620 1553 669 sunt
1595 611 1662 665 de
1684 609 2062 681 jurisdictione
2082 609 2185 663 de-

604 708 730 764 eani
781 715 838 761 et
885 721 997 777 pra:
1045 705 1296 762 omnibus
1346 705 1439 774 qui
1492 712 1617 758 ante
1662 704 1837 773 ipsum
1883 702 2182 771 episcopis,

604 800 897 853 decanatus
942 795 1376 864 iurisdietionem
1423 808 1530 849 non
1576 793 1845 849 modicum
1888 791 2181 846 etmrvavit.

606 885 720 940 lloc
735 886 786 939 in
817 884 931 955 ipso
960 884 1287 954 praecipuum
1314 884 1615 951 reperimus
1642 883 1708 937 de
1737 880 2053 950 imperfecto
2078 879 2187 934 fra-

604 976 827 1048 gilitatis
868 977 1136 1039 humanm,
1183 975 1325 1043 quod
1366 973 1798 1044 iurisdictionem
1828 986 1979 1026 suam
2015 979 2068 1025 et
2094 972 2190 1025 do-

560 1126 567 1135 ,
604 1067 845 1122 minandi
867 1066 990 1137 jus,
1022 1076 1182 1136 prout
1203 1075 1451 1136 poterat,
1484 1065 1777 1121 extendere
1802 1063 2100 1119 conabatur
2135 1069 2190 1117 et

606 1159 831 1214 multum
859 1173 1092 1230 praeesse
1134 1158 1345 1213 volebat
1388 1174 1493 1213 non
1538 1168 1645 1212 tam
1684 1158 1738 1212 in
1778 1156 2190 1213 mansuetudine

502 1323 522 1337 θ
604 1266 766 1321 quam
802 1252 854 1306 in
885 1251 1053 1321 virga.

668 1340 744 1396 De
772 1352 953 1395 mutua
997 1341 1271 1409 affectione
1298 1341 1411 1411 ejus
1439 1352 1484 1395 et
1509 1341 1690 1410 fratris
1719 1342 1802 1395 sui
1844 1339 2129 1395 Manassae.

680 1433 868 1487 Frater
893 1431 1010 1501 ejus
1039 1432 1314 1488 Manasses
1340 1433 1589 1488 videlicet
1615 1432 1888 1488 Senonen.
1926 1440 1980 1487 et
2007 1432 2196 1487 Antis-

609 1527 941 1582 siodorensis
989 1526 1405 1581 archidiaconus
1436 1525 1483 1578 ei
1522 1539 1702 1579 comes
1746 1523 2053 1578 individuus
2099 1523 2193 1576 ad-

608 1619 845 1674 haerebat
874 1626 1113 1687 nutuque
1157 1632 1254 1671 suo
1276 1623 1331 1671 et
1364 1614 1729 1670 moderamine
1753 1618 1935 1671 omnia
1961 1614 2198 1685 ageban-

611 1717 720 1768 tur,
747 1722 844 1762 nec
870 1706 1162 1777 quidquam
1187 1705 1349 1760 {iebat
1372 1705 1575 1776 grande
1596 1712 1688 1759 aut
1709 1719 1933 1774 parvum
1960 1703 2103 1774 quod
2127 1703 2195 1758 de

611 1796 837 1852 consilio
860 1796 975 1865 ejus
1002 1811 1109 1849 non
1140 1803 1425 1859 maneret;
1476 1795 1662 1863 sicque
1695 1808 1817 1848 eum
1848 1793 1950 1848 sibi
1981 1787 2193 1864 episeo-

610 1904 710 1959 pus
740 1887 1055 1958 praefecerat
1085 1895 1144 1941 ut
1184 1886 1297 1942 solo
1323 1887 1542 1941 nomine
1581 1885 1755 1954 major
1779 1893 1938 1951 esset,
1972 1899 2199 1956 seseque

612 1981 772 2036 ambo
817 1981 934 2051 ejus
986 1979 1212 2035 consilio
1259 1978 1642 2033 existimabant
1667 1977 1871 2043 felices,
1920 1979 1965 2034 si
1999 1978 2077 2034 sic
2122 1978 2204 2032 eis

612 2069 944 2126 individuam
971 2070 1207 2125 retinere
1232 2067 1676 2125 consuetudinem
1696 2069 1940 2124 licuisset
1963 2086 1977 2122 :
2002 2067 2095 2123 sed
2122 2068 2200 2122 di-

610 2162 736 2217 vina
765 2161 1179 2231 dispensationis
1213 2161 1550 2231 providentia
1579 2176 1698 2231 qua:
1721 2160 1823 2215 sibi
1856 2158 2199 2229 complacue-

611 2262 700 2309 rat
725 2254 777 2308 in
805 2262 1050 2323 utroque,
1081 2253 1219 2309 sicut
1236 2251 1506 2321 juniorem
1547 2251 1906 2307 Antissiodor.
1945 2250 2201 2305 Ecclesiae

613 2344 950 2417 praefecerat,
977 2346 1056 2400 sic
1080 2354 1136 2401 ct
1164 2344 1443 2414 majorem,
1473 2344 1775 2399 Manassem
1799 2343 2025 2409 scilicet,
2057 2342 2198 2397 infra

616 2436 797 2491 brevis
829 2437 1084 2507 temporis
1112 2436 1345 2506 spatium
1386 2437 1454 2490 ad
1501 2434 1987 2490 Autissiodorensis
2015 2435 2203 2490 cathe-

614 2525 724 2579 (ιι-ω
746 2525 1018 2596 fastigium
1042 2525 1371 2590 sublimavit,
1399 2540 1464 2581 ac
1486 2541 1554 2581 ne
1577 2524 1962 2581 Aurelianense
1986 2526 2203 2582 territo—

615 2614 755 2668 rium
782 2615 847 2669 de
868 2615 1084 2683 antiqua
1109 2615 1460 2686 praerogativa
1483 2613 1710 2670 ulterius
1735 2629 1792 2671 se
1806 2616 2039 2685 jactaret
2062 2614 2204 2687 quod

619 2698 753 2759 duos
776 2702 901 2757 olim
924 2702 1121 2760 fratres
1160 2719 1264 2760 uno
1285 2714 1473 2760 ventre
1494 2713 1549 2760 et
1568 2705 1769 2761 eisdem
1791 2704 1989 2761 lumbis
2011 2705 2203 2767 editos,

614 2793 842 2849 alterum
856 2793 1205 2860 Austrenum,
1224 2794 1470 2855 videlicet
1491 2794 1895 2851 Aurelianensis
1920 2794 2204 2860 Ecclesiae,

618 2883 846 2939 alterum
874 2884 1196 2950 Aunarium,
1229 2885 1436 2941 scilicet
1476 2885 1772 2941 Antissiod.
1822 2886 2104 2955 pontiﬁces
2140 2885 2206 2940 de

618 2988 716 3028 suo
741 2973 948 3042 gremio
979 2973 1204 3029 tulisset.
1233 2972 1704 3030 Autissiodurense
1746 2989 1960 3044 quoque
1988 2974 2206 3029 territo-

619 3064 760 3119 rium
801 3062 1048 3117 dominus
1078 3060 1319 3132 ejusdem
1344 3062 1610 3134 privilegii
1655 3064 1772 3133 pari
1812 3063 1968 3118 latice
1996 3063 2203 3128 libavit,

622 3163 683 3208 ut
714 3154 833 3209 vice
860 3168 1017 3208 versa
1047 3153 1180 3209 duos
1206 3154 1388 3209 itidem
1433 3154 1630 3210 fratres
1673 3156 1824 3211 daret
1862 3157 1965 3211 etsi
2011 3156 2209 3212 merito

623 3246 893 3315 impares:
921 3259 1148 3313 quorum
1184 3244 1321 3299 alter
1347 3243 1619 3301 Manasses
1640 3246 2035 3311 Aurelianensi,
2067 3247 2204 3302 alter
2233 3220 2277 3283 (ἶ

626 3351 755 3391 vero
805 3333 1119 3390 Guillelmus
1174 3334 1429 3391 Ecclesiae
1478 3333 1836 3391 Autissiodor.
1908 3345 2203 3406 praeesset,

626 3434 853 3496 uterque
881 3427 947 3480 de
993 3425 1450 3481 Autissiodorensi
1488 3427 1759 3482 territorio
1783 3427 2063 3483 oriundus.

631 3533 872 3600 Qualiter
900 3534 1067 3603 frater
1086 3530 1200 3604 ejus
1225 3528 1496 3618 Manasses
1525 3536 1717 3591 electus
1743 3535 1844 3606 fuit
1875 3535 1929 3593 in
1965 3536 2207 3592 Aurelia-

1136 3621 1344 3660 nensem
1383 3623 1699 3677 episcopum.

695 3695 749 3750 Is
779 3695 943 3765 igitur
969 3693 1264 3761 Manasses,
1292 3698 1411 3751 eum
1443 3697 1498 3751 in
1520 3697 1757 3768 generali
1803 3698 2008 3769 synodo
2040 3699 2209 3754 Seno-

630 3786 783 3840 nensi
824 3800 921 3854 per
949 3785 1216 3841 solemnes
1261 3786 1664 3842 Aurelianensis
1696 3788 1952 3843 Ecclesia:
1995 3790 2212 3844 nuntios

630 3875 683 3929 in
713 3875 1019 3945 episcopum
1045 3884 1338 3947 peteretur,
1372 3875 1510 3932 facta
1538 3877 1605 3932 de
1650 3879 1766 3947 ipso
1792 3877 2052 3933 electione
2078 3894 2211 3933 con-

630 3969 802 4035 cordi,
831 3978 887 4024 et
907 3970 1021 4039 ipse
1051 3980 1303 4026 renueret
1325 3970 1657 4035 consentire,
1680 3971 2085 4042 archiepiscopo
2113 3972 2213 4027 Pe-

631 4072 717 4115 tro
745 4060 836 4130 qui
874 4059 1196 4129 praesidebat
1225 4060 1278 4114 in
1306 4061 1515 4131 synodo
1565 4061 1738 4130 ipsum
1771 4072 1997 4132 urgente
2024 4063 2213 4117 eodem

635 4152 816 4207 studio
841 4160 897 4205 et
926 4150 1123 4205 intuitu
1148 4166 1312 4220 quem
1334 4152 1480 4207 circa
1499 4150 1719 4207 fratrem
1744 4168 1898 4207 suum
1920 4153 2212 4208 Autissiod.

635 4244 946 4313 episcOpum
968 4242 1221 4297 habuisse
1249 4244 1611 4310 meminimus,
1639 4254 1856 4300 coactus
1880 4253 1933 4301 et
1958 4245 2219 4299 abductus

635 4335 689 4391 in
727 4331 952 4403 praefata
984 4330 1222 4387 Ecclesia
1270 4348 1407 4388 onus
1449 4333 1724 4403 regimiuis
1769 4334 2092 4404 pontificalis
2124 4349 2216 4388 ac-

638 4432 804 4494 cepit,
828 4431 1079 4483 revocato
1113 4432 1409 4493 proposito,
1439 4422 1581 4493 quod
1604 4422 1715 4492 jam
1748 4424 1839 4479 diu
1876 4434 2217 4494 conceperat,

636 4527 697 4570 ut
717 4514 970 4570 videlicet
983 4514 1256 4584 resignato
1270 4513 1709 4569 archidiaconatu
1725 4510 1765 4568 Α
1776 4514 2021 4569 ntissiod.
2036 4514 2221 4569 Eccle-

2286 614 2561 669 modestus
2596 612 2775 666 fuerat
2816 619 2869 666 et
2905 616 3167 674 maturus,
3204 608 3349 665 omni
3378 608 3578 664 levitate
3600 611 3787 681 deposita

2284 703 2446 759 etiam
2477 711 2602 757 ante
2627 702 3014 772 episcopatum,
3063 698 3143 754 sic
3177 705 3407 753 veterem
3434 698 3672 754 hominem
3697 717 3789 757 cum

2288 794 2499 848 actibus
2520 792 2633 848 suis
2654 791 2810 859 longe
2830 789 3221 859 proscripserat
3246 796 3324 853 ut,
3345 786 3477 841 sicut
3501 796 3607 842 erat
3627 786 3788 844 ferven-

2288 881 2482 937 tissimi
2507 880 2698 945 animi,
2726 878 2949 933 fratrem
2977 877 3148 947 ipsum
3169 876 3468 947 praecedere
3505 876 3734 930 videretur
3754 878 3792 931 in

2286 971 2526 1025 novitate
2551 970 2772 1040 spiritus
2799 977 2853 1023 et
2884 968 3143 1022 virtutum
3176 966 3431 1022 exercitio
3457 967 3696 1020 ardentius
3714 982 3794 1022 aln-

2286 1061 2560 1125 bulando;
2590 1062 2643 1114 in
2669 1062 2981 1131 episcopatu
3004 1074 3133 1115 vero
3164 1068 3308 1113 tanta
3340 1059 3391 1112 in
3417 1073 3479 1113 eo
3520 1058 3796 1127 lampas.vir-
3884 1086 3885 1091 π

2290 1159 2464 1205 tutum
2484 1150 2707 1217 eﬂulsit,
2736 1159 2797 1205 ut
2834 1151 2887 1205 in
2920 1150 3113 1205 timore
3144 1149 3353 1203 Domini
3378 1162 3671 1218 permanens
3682 1146 3798 1217 juxta

2290 1241 2530 1311 Apostoli
2567 1244 2792 1297 verbum
2830 1241 2898 1296 ad
2923 1239 3266 1295 Timotheum
3310 1240 3600 1305 scribentis,
3630 1255 3798 1295 exerce-

2292 1342 2376 1386 ret
2403 1348 2462 1388 se
2490 1335 2555 1387 ad
2584 1334 2836 1404 pietatem
2880 1335 3167 1403 praecipue,
3201 1331 3304 1389 sibi
3349 1331 3685 1401 parcissimus,
3723 1332 3799 1385 imo

2294 1435 2349 1481 et
2371 1440 2594 1481 severus
2620 1427 2823 1497 potius,
2852 1427 2964 1482 suis
2993 1427 3195 1499 largus,
3232 1440 3516 1497 pauperum
3544 1424 3655 1480 totis
3675 1424 3802 1480 visce-

2296 1514 2464 1581 ribus,
2499 1516 2626 1569 totis
2648 1515 2853 1572 viribus
2878 1515 3095 1570 sedulus
3141 1516 3493 1585 dispensator,
3523 1522 3654 1568 tanta
3683 1514 3804 1569 avidi-

2296 1613 2406 1660 tate
2454 1614 2510 1660 et
2542 1605 2813 1663 desiderio
2856 1608 3001 1663 circa
3048 1607 3291 1662 subditos
3336 1614 3394 1660 ut
3426 1606 3637 1676 pastoris
3661 1621 3802 1661 curam

2295 1697 2502 1753 utiliter
2520 1708 2735 1769 gereret
2775 1700 3039 1755 aestuabat
3083 1709 3141 1754 ut
3184 1715 3250 1755 co
3292 1699 3546 1754 moriente
3585 1698 3807 1753 didicerint

2302 1803 2365 1843 ac
2392 1787 2703 1844 delleverint
2746 1790 2875 1858 quid
2918 1787 3236 1859 affectionis,
3294 1789 3420 1858 quid
3460 1787 3670 1856 consilii,
3714 1786 3806 1856 quid

2303 1878 2584 1934 amiserint
2610 1879 2992 1935 consolationis
3029 1880 3083 1934 in
3114 1879 3247 1949 ipso.

2306 1989 2545 2056 Qualiter
2571 2001 2751 2046 contra
2777 2009 2943 2063 regem
2978 2001 3026 2047 et
3050 1993 3315 2047 ministros
3342 1993 3452 2063 ejus
3484 1992 3603 2062 jura
3630 1990 3809 2046 Aurelia-

2699 2079 2844 2117 nens.
2893 2063 3145 2117 Ecclesia:
3170 2064 3493 2132 defendebat.

2380 2150 2551 2206 Multa
2575 2153 2880 2207 constantia
2910 2153 2965 2207 in
2987 2153 3296 2223 episcopatu
3318 2154 3532 2209 adversa
3552 2165 3717 2222 magna
3732 2149 3812 2204 ὀπο

2302 2242 2621 2313 ganimitate
2648 2244 2847 2299 evicit:
2873 2259 2997 2299 nam
3036 2253 3223 2299 contra
3250 2258 3428 2314 regem
3458 2241 3727 2313 regalesque
3744 2238 3813 2292 mi-

2304 2332 2505 2388 nistres
2532 2348 2631 2404 pro
2650 2333 2773 2404 jure
2814 2334 3065 2390 Ecclesiae
3109 2347 3221 2391 sua:
3250 2332 3554 2404 frequenter
3577 2342 3626 2387 et
3663 2329 3814 2385 violen-

2306 2432 2391 2478 ter
2430 2424 2747 2490 decertavit,
2788 2423 2914 2494 jura
2960 2423 3282 2494 episcopalia
3327 2431 3571 2493 usurpata
3611 2419 3670 2474 ab
3702 2418 3763 2473 eis
3793 2431 3813 2469 ι

2307 2513 2469 2585 longo
2499 2522 2738 2589 tempore
2776 2514 2946 2569 multo
2971 2514 3172 2580 labore,
3203 2514 3383 2583 quoad
3408 2512 3573 2584 potuit
3598 2521 3814 2569 revocans,

2308 2612 2424 2658 tum
2462 2604 2640 2674 quoad
2667 2619 2889 2658 nemora
2937 2612 3137 2659 sanctae
3176 2603 3366 2659 Crucis
3402 2600 3652 2672 inquibus
3674 2608 3816 2670 prater

2307 2694 2411 2748 alia
2446 2695 2792 2751 carbonarios
2823 2702 2931 2749 tam
2980 2703 3292 2750 constanter
3318 2710 3477 2765 quam
3504 2692 3705 2747 viriliter
3736 2690 3817 2742 vin-

2306 2784 2525 2851 dicavit,
2569 2793 2679 2840 tum
2709 2784 3017 2856 quoadalia
3043 2785 3408 2841 conditionem
3435 2783 3666 2839 Ecclesiae
3697 2777 3821 2834 multo

2310 2875 2543 2937 reddidit
2567 2875 2867 2930 meliorem.

2309 2987 2386 3041 De
2412 2987 2625 3058 gemmis
2659 2987 2977 3042 annulorum
3009 2986 3420 3069 “praedecessoris
3465 2985 3543 3040 sui
3584 2997 3698 3053 quas
3725 2991 3823 3031 γεω·

2909 3066 3043 3110 cavit
3087 3073 3119 3108 a
3162 3073 3297 3127 rege.

2361 3148 2547 3211 .llulta
2579 3151 2881 3205 constantia
2927 3158 3114 3205 contra
3143 3149 3393 3204 eumdem
3442 3161 3609 3219 regem
3649 3137 3824 3197 obtinuit

2310 3240 2413 3296 sibi
2457 3256 2697 3311 gemmas
2726 3243 2792 3297 de
2835 3242 3049 3296 annulis
3089 3240 3505 3312 praedecessoris
3541 3236 3617 3294 sui
3643 3231 3825 3304 [lagonis

2309 3332 2412 3387 sibi
2441 3331 2509 3386 ab
2554 3333 2670 3402 ipso
2716 3346 2840 3404 rege
2868 3347 3059 3386 aurum
3102 3333 3202 3387 sibi
3252 3334 3518 3387 retinente
3552 3319 3826 3387 restitui,0b

2309 3425 2774 3480 conservationem
2821 3424 3221 3496 privilegiorum
3268 3425 3555 3489 Ecclesiae;
3590 3420 3670 3491 qui
3692 3416 3829 3484 utique

2310 3528 2405 3568 rex
2428 3514 2687 3585 quidquid
2712 3514 2763 3568 in
2790 3512 2946 3570 bonis
2969 3512 3208 3582 ejusdem
3233 3513 3473 3586 Hugonis
3515 3506 3721 3584 episcopi
3742 3505 3827 3573 i950

2311 3604 2607 3660 decedente
2640 3605 2755 3659 auri
2784 3613 2838 3660 et
2874 3604 3081 3677 argenti
3111 3606 3411 3673 invenerat,
3463 3606 3559 3662 sibi
3580 3604 3688 3675 jure
3721 3596 3829 3666 regio

2315 3694 2643 3751 vindicabat.

2315 3805 2555 3873 Qualiter
2581 3807 2834 3861 uassallos
2858 3807 3248 3864 Aurelianensis
3275 3808 3523 3863 Ecclesia:
3561 3807 3621 3860 de
3643 3800 3831 3858 servitute

2490 3878 2816 3930 exercituum
2845 3880 3094 3946 regalium
3115 3896 3209 3948 pro
3233 3890 3385 3949 parte
3414 3874 3701 3932 liberaverit.

2387 3967 2659 4022 Vassallos
2688 3965 2941 4021 Ecclesia:
2968 3966 3375 4023 Aurelianensis
3403 3983 3535 4038 quos
3578 3980 3663 4019 rex
3697 3963 3741 4016 in
3768 3972 3834 4011 ex-

2314 4057 2674 4126 peditionibus
2698 4057 2810 4111 suis
2827 4056 3059 4127 propriis
3079 4072 3266 4112 eorum
3291 4057 3592 4127 sumptibus
3611 4050 3738 4123 quasi
3750 4048 3831 4118 jam

2317 4164 2414 4219 pro
2444 4148 2831 4203 consuetudine
2877 4148 2964 4202 diu
3004 4149 3220 4203 obtenta
3246 4149 3481 4204 militare
3504 4146 3723 4219 cogebat,
3759 4154 3832 4195 nou

2318 4238 2520 4293 veritus
2556 4247 2776 4308 propter
2809 4238 2927 4294 illos
2955 4253 3076 4293 cum
3107 4241 3325 4296 domino
3365 4256 3489 4311 rege
3519 4241 3582 4294 de
3604 4249 3760 4293 eorum
3779 4232 3837 4283 in-

2313 4326 2458 4398 juria
2482 4326 2807 4396 disceptare,
2835 4328 2888 4382 in
2934 4328 3072 4383 hanc
3115 4328 3416 4385 libertatem
3460 4313 3655 4392 eduxit,
3678 4333 3726 4380 ut
3756 4318 3838 4390 cpi-

2304 4434 2515 4490 scopus
2549 4419 2602 4474 in
2641 4418 2905 4489 ejusmodi
2950 4419 3381 4490 expeditionibus
3421 4422 3533 4477 suis
3571 4417 3741 4474 habeat
3772 4407 3838 4464 sti-

2321 4509 2527 4580 pendiis
2552 4516 2814 4579 quotquot
2837 4506 3067 4563 voluerit
3091 4509 3155 4564 de
3188 4509 3416 4574 eisdem,
3462 4507 3597 4563 unde
3634 4508 3839 4561 eteorum

638 4607 733 4661 site
763 4620 877 4675 ipse
904 4575 1187 4660 contenlus
1212 4611 1355 4658 esset
1386 4603 1467 4658 his
1497 4618 1617 4673 quae
1646 4603 1701 4660 in
1733 4604 1933 4659 Senon.
1977 4602 2217 4659 Ecclesia
2250 4575 2503 4671 Djugum
2518 4575 2804 4654 allevalum
2822 4606 2903 4653 est
2923 4598 3309 4654 inimmensum
3323 4608 3379 4654 et
3392 4598 3840 4670 episcoporume-

639 4698 950 4762 obtinebat,
997 4695 1273 4764 vitamque
1313 4694 1385 4749 ibi
1431 4695 1584 4766 quasi
1629 4695 1891 4766 privatam
1937 4705 2120 4764 ageret
2166 4696 2218 4750 in

638 4791 838 4861 quiete,
870 4787 972 4842 nisi
1000 4787 1046 4843 si
1075 4788 1290 4857 quando
1319 4801 1442 4843 eum
1472 4785 1763 4842 fratris'sui
1787 4787 2080 4841 Autissiod.
2109 4789 2221 4856 epi-

637 4880 788 4950 sc0pi
826 4878 948 4933 inde
980 4878 1319 4934 abstraheret
1346 4877 1641 4933 necessitas
1678 4886 1773 4931 aut
1809 4876 2076 4931 voluntas.

640 4988 716 5042 De
756 4989 838 5041 his
876 5004 994 5059 qua:
1044 4988 1199 5059 gessit
1240 4986 1510 5059 Manasses
1544 4988 1611 5059 iit
1635 4988 1933 5059 episcopatu
1982 4986 2222 5040 Aurelia-

995 5058 1161 5124 nensi,
1186 5069 1231 5110 et
1254 5057 1477 5127 qualiter
1499 5073 1554 5111 se
1573 5056 1644 5110 ibi
1669 5056 1870 5109 habuit.

710 5150 867 5205 Lbet
897 5149 986 5204 hic
1018 5148 1238 5202 fraterni
1276 5150 1447 5217 gratia
1494 5147 1751 5203 consortii
1778 5156 1834 5202 et
1860 5147 2225 5218 praerogativae

642 5241 787 5295 illius
810 5239 1112 5295 dilectionis
1144 5254 1263 5308 qua:
1307 5236 1448 5293 inter
1473 5252 1570 5293 eos
1598 5235 1668 5292 ad
1697 5237 1859 5303 ﬁnem
1889 5237 2012 5291 vitae
2055 5250 2225 5307 usque

641 5335 853 5389 duravit
877 5334 1123 5398 obtentu,
1155 5333 1220 5388 de
1271 5331 1438 5403 gestis
1478 5329 1635 5399 hujus
1672 5330 1934 5386 Manassis
1956 5343 2127 5398 pauca
2157 5328 2225 5382 de

644 5425 826 5479 multis
859 5424 1224 5495 perstringere
1272 5422 1507 5477 breviter
1554 5430 1609 5477 et
1652 5420 1997 5483 summatim,
2041 5427 2102 5472 ut
2128 5420 2218 5488 qui

644 5514 708 5570 de
741 5530 849 5568 uno
875 5519 1101 5568 lralrunt
1130 5512 1321 5582 legerit
1344 5511 1412 5567 de
1454 5511 1665 5581 reliquo
1688 5509 1902 5579 penitus
1927 5525 2031 5565 non
2076 5508 2222 5577 igno-

644 5611 746 5657 ret.
778 5601 826 5656 Is
847 5617 975 5673 ergo
997 5600 1222 5673 juvenili
1251 5609 1412 5657 astate
1436 5616 1501 5655 ac
1523 5599 1740 5656 levitate
1760 5600 2003 5662 decursa,
2043 5598 2220 5669 inqua

644 5695 775 5752 dum
799 5695 958 5750 nimis
985 5695 1197 5750 exstitit
1215 5693 1433 5748 humani
1456 5706 1618 5748 causa
1636 5689 1836 5745 favoris
1855 5687 2095 5760 protinus
2112 5704 2223 5745 suae

644 5785 961 5842 substantia:
1008 5784 1320 5856 profligator
1366 5783 1467 5840 sibi
1505 5784 1709 5840 fecerat
1753 5793 1949 5838 nomen
1996 5781 2221 5852 grande,

2317 4693 2452 4749 ditio
2474 4692 2631 4764 longe
2660 4690 2847 4746 melior
2869 4706 3031 4760 quam
3056 4691 3206 4762 prius
3246 4692 3509 4746 existeret
3547 4696 3627 4745 est
3663 4683 3839 4739 enecta:

2321 4786 2446 4839 nam
2470 4792 2658 4839 vocato
2674 4783 2742 4838 ad
2768 4781 3163 4851 expeditionem
3186 4798 3214 4836 a
3238 4782 3458 4838 domino
3484 4795 3606 4851 rege
3627 4776 3842 4846 θρίδεορθν

2323 4890 2431 4932 non
2461 4875 2748 4929 defuerunt
2790 4874 2841 4928 ei
2871 4873 3084 4929 vassalli
3128 4874 3213 4929 sui
3257 4874 3349 4944 qui
3395 4889 3456 4930 se
3492 4874 3541 4929 ei
3580 4868 3846 4927 militaturos

2325 4982 2392 5023 ne
2418 4966 2806 5036 compellantur
2829 4981 2860 5019 a
2889 4982 3017 5037 rege
3040 4967 3288 5021 certatim
3313 4976 3369 5023 et
3394 4981 3583 5037 magna
3611 4956 3845 5017 ambitione

2325 5055 2570 5120 offerant,
2596 5056 2687 5124 qui
2717 5056 2922 5125 magnis
2943 5057 3093 5126 prius
3114 5056 3395 5127 stipendiis
3421 5066 3477 5113 et
3518 5069 3618 5110 non
3656 5048 3755 5105 sine
3787 5042 3845 5094 lar

2326 5146 2522 5201 cultate
2547 5145 2754 5200 solebat
2776 5145 3077 5201 conducere
3098 5146 3320 5202 alienos.

2329 5256 2568 5323 Qualiter
2592 5257 2907 5326 recuperavit
2924 5258 3248 5328 priuilegium
3270 5259 3523 5314 Ecclesiw
3545 5270 3687 5328 super
3705 5261 3846 5322 procu-

2569 5328 2831 5381 ratoribus
2887 5328 3038 5398 regiis
3079 5331 3135 5382 in
3173 5338 3313 5384 terra
3362 5327 3652 5399 episcopali.

2398 5419 2541 5474 idem
2562 5430 2683 5489 post
2700 5419 2899 5475 multos
2920 5418 3133 5475 labores
3153 5421 3474 5492 longamque
3495 5427 3758 5475 aerumnam
3774 5423 3843 5461 et.

2331 5510 2434 5566 silii
2448 5510 2588 5579 quod
2602 5510 2884 5566 occasione
2893 5512 3228 5566 exercituum
3246 5511 3509 5583 regalium
3521 5512 3572 5567 in
3587 5502 3845 5579 quibusipse

2329 5610 2383 5655 et
2399 5599 2568 5655 frater
2580 5599 2696 5667 ejus
2708 5599 3022 5655 Guillelmus
3042 5601 3245 5657 nullum
3265 5601 3365 5657 nisi
3388 5608 3690 5673 praesentem
3710 5602 3844 5661 regem

2331 5689 2483 5758 sequi
2511 5688 2808 5755 voluerant,
2845 5690 3006 5746 ambo
3034 5692 3405 5747 sustinuerunt
3444 5696 3732 5748 constanter
3765 5678 3844 5733 rui-

2331 5796 2456 5839 nam
2481 5780 2755 5847 Ecclesiae,
2783 5782 2837 5837 in
2863 5782 2966 5838 hoc
2985 5782 3241 5841 humeros
3262 5783 3489 5840 viriliter
3505 5780 3845 5853 supponentcs:
