3918 6316
115 437 201 495 335
970 452 1060 509 DE
1092 453 1337 511 GESTIS
1375 453 1587 509 EPISC.
1628 456 2007 519 ANTISSIOD.
2039 494 2109 507 -
2130 464 2307 525 PARS
2346 469 2383 525 1.

3195 481 3298 538 354

114 554 401 624 privilegium
427 557 478 611 in
500 572 657 628 grave
691 561 946 620 Ecclesia:
992 582 1102 623 suae
1128 571 1494 640 pmjudicium
1539 589 1634 643 per
1662 578 1707 636 Α
1737 573 1967 631 traxisse
1994 581 2342 650 martyrium,
2392 600 2556 639 unum
2587 586 2640 641 in
2667 570 2873 642 summa
2903 591 3083 647 dicere
3111 604 3192 648 est
3238 597 3305 653 de

110 643 474 713 pmdecessoﬁs
504 650 583 702 sui
624 649 860 721 Hugonis
903 665 958 710 et
997 659 1366 720 Aurelianens.
1412 670 1630 738 capituli

110 731 509 788 renuntiationem
527 738 782 794 amissum
803 744 904 797 sub
924 760 1096 801 annua
1118 755 1458 819 praestatione
1479 731 1629 813 sexa-

108 818 224 888 ginta
259 819 504 876 librarum
544 839 642 892 pro
690 818 1153 896 procurationibus
1192 842 1333 911 regis
1374 845 1428 899 in
1484 855 1625 903 terra

106 910 349 1051 :{nsoopali
369 913 467 969 sub
491 918 720 984 quodam
746 924 894 990 pacis
930 926 1150 983 obtentu
1177 910 1370 990 iterum
1393 937 1628 996 obtinuit

167 1012 365 1051 ormart.

167 1012 365 1052 ormart.

104 1103 270 1193 Quarto
299 1110 528 1193 periculo
560 1114 787 1193 decimas
831 1119 1069 1193 lanarum
1104 1128 1158 1181 in
1196 1134 1620 1193 archidiaconatu

181 1173 444 1245 Sigalonite
469 1186 765 1252 acquisierit
783 1173 1091 1261 presouteris

148 1264 194 1319 in
217 1268 639 1332 archidiaconatu
667 1275 951 1349 Sigalonia:
982 1284 1239 1343 adversus
1263 1296 1620 1364 conspiratio-

118 1370 190 1411 em
209 1359 563 1432 indigenarum
589 1380 774 1426 contra
798 1387 856 1426 se
887 1372 1084 1430 factam
1124 1359 1436 1440 constanter
1456 1396 1511 1441 et
1539 1390 1624 1443 in-

97 1452 418 1521 superabiliter
435 1456 717 1515 desudavit
740 1478 757 1527 ;
778 1464 872 1532 qui
898 1465 1102 1522 scilicet
1140 1468 1401 1541 indigenae
1428 1487 1619 1535 contra

97 1556 187 1595 eum
205 1545 347 1600 exciti
371 1558 592 1618 prepter
613 1549 855 1606 lanarum
881 1555 1115 1612 decimas
1132 1561 1199 1614 ad
1224 1575 1358 1629 quas
1380 1567 1491 1621 suis
1515 1569 1621 1624 sol-

98 1635 251 1689 vendas
284 1639 611 1710 presbyteris
649 1653 844 1711 praeter
896 1662 1099 1702 morem
1145 1658 1303 1708 terra:
1348 1655 1488 1712 illius
1524 1674 1619 1715 eos

94 1724 400 1784 ecclesiastica
439 1743 675 1787 censura
701 1735 1071 1806 compellebat,
1112 1739 1168 1794 in
1208 1757 1366 1797 manu
1410 1757 1614 1802 armata

93 1814 207 1881 quasi
229 1816 300 1869 vir
319 1833 454 1874 uitus
476 1834 864 1890 convenerant,
889 1837 945 1882 et
991 1828 1162 1899 ipsum
1206 1832 1514 1903 episcopum
1559 1838 1613 1892 in

1732 663 1869 732 ipso,
1893 667 2035 734 quod
2064 682 2160 736 per
2180 670 2461 727 duodecim
2497 690 2666 731 annos
2694 678 2781 733 vel
2808 679 3072 750 amplius,
3109 685 3303 752 quibus

1730 751 1869 805 sedit
1893 753 1948 807 in
1977 755 2289 825 episcopatu
2328 762 2615 830 pra-dicto,
2651 765 2769 839 plus
2817 770 3029 826 cmteris
3060 751 3301 830 moderni

1730 843 1988 910 temporis
2015 843 2281 901 laboravit
2299 856 2353 903 et
2376 850 2495 920 plus
2519 855 2766 922 profecit.
2786 910 2795 931 ί

1828 933 1922 1003 ‘De
1951 936 2149 1005 palatio
2176 941 2316 1008 quod
2342 944 2617 1011 aediﬁcavit
2643 949 2784 1018 apud
2811 949 3157 1021 Magdunum.

1794 1019 1952 1088 Apud
1989 1021 2311 1093 Magdunum
2352 1036 2588 1089 castrum
2629 1019 2931 1106 episcopale
2970 1040 3060 1094 ubi
3089 1042 3299 1111 episco-

1724 1124 1825 1177 pus
1871 1113 2148 1181 pr0prium
2184 1130 2290 1170 non
2339 1117 2573 1176 habebat
2613 1126 2755 1193 quod
2795 1136 3103 1196 competens
3131 1142 3296 1199 esset,

1723 1196 2052 1253 domicilium
2101 1217 2308 1275 magna:
2343 1209 2640 1266 nobilitatis
2686 1217 2987 1281 exstruxit,
3037 1196 3293 1287 palatium

1721 1301 1845 1341 cum
1879 1289 2119 1344 turribus
2148 1301 2203 1346 et
2231 1300 2669 1367 propugnaculis,
2699 1304 3004 1369 praesidium
3050 1306 3297 1362 videlicet

1721 1374 1999 1444 municipii
2051 1377 2468 1448 inexpugnabile
2493 1396 2548 1439 et
2572 1388 2754 1441 nobile
2783 1388 3041 1459 episcopi,
3077 1407 3197 1447 cum
3229 1398 3295 1450 ad

1720 1473 1957 1516 castrum
1991 1464 2121 1520 illud
2147 1468 2476 1537 delegaverit
2504 1477 2856 1530 mansionem.

2016 1552 2095 1606 De
2117 1555 2356 1623 pontibus
2384 1558 2608 1629 Jargolii
2633 1572 2681 1616 et
2708 1564 2984 1634 Hagduni.

1786 1637 1988 1692 Ibidem
2027 1649 2082 1693 et
2115 1643 2255 1710 apud
2281 1643 2574 1714 Jargollum
2607 1665 2767 1718 super
2793 1651 3025 1720 Ligerim
3058 1654 3295 1727 lapideos

1716 1733 1907 1793 pontes
1946 1725 2093 1792 fecit,
2135 1738 2192 1784 et
2237 1735 2491 1800 quoniatn
2535 1739 2760 1805 pretiosa
2802 1751 2879 1800 est
2909 1744 2974 1804 .in
3020 1725 3292 1817 conspectu

1716 1812 1931 1868 Domini
1980 1831 2122 1871 mors
2160 1831 2459 1877 sanctorum
2502 1825 2637 1904 ejus,
2671 1828 2737 1883 de
2786 1830 2944 1887 beato
2989 1832 3104 1901 ejus
3144 1812 3292 1892 exitu

91 1912 226 1957 cum,
248 1909 467 1973 quodam
492 1909 549 1964 in
575 1927 681 1981 quo
705 1928 764 1969 se
790 1916 1057 1986 recipe,“
1078 1931 1298 1991 propter
1319 1923 1435 1980 mos
1455 1928 1616 1982 οδω,
1647 1931 1689 1989 Β
1717 1907 1991 2001 paulisper
2027 1919 2327 1983 tangamus.
2371 1917 2505 1972 Cum
2543 1918 2655 1988 jam
2707 1923 2848 1978 haud
2896 1925 3058 1983 dubie
3101 1944 3294 2001 prope-

91 1994 234 2049 derant
251 2008 397 2055 nocte
421 2017 552 2064 una,
579 2004 710 2059 nihil
736 2017 930 2076 praeter
950 2011 1067 2081 ejus
1084 2016 1400 2082 sanguinem
1424 2020 1611 2077 sitien«

90 2091 164 2147 tes,
182 2100 381 2153 quorum
401 2091 698 2151 rebellione
719 2093 948 2155 feliciter
967 2112 1235 2171 superata,
1254 2110 1464 2164 tandem
1489 2126 1610 2167 cum

89 2184 201 2241 grata
221 2178 310 2233 sibi
336 2182 711 2243 satisfactione
755 2191 824 2245 de
866 2190 1059 2259 injuria
1105 2193 1262 2262 plene
1285 2198 1352 2253 de
1388 2200 1612 2259 decimis

90 2265 270 2323 obtinuit
288 2288 381 2342 pro
416 2277 752 2347 presbyteris
775 2282 915 2351 quod
938 2284 1173 2341 volebat.

91 2370 451 2461 Dedattolitione
490 2386 765 2461 forteritiae
786 2391 850 2446 de
889 2391 1034 2461 Ecri,
1065 2406 1114 2450 et
1143 2398 1348 2456 insidiis
1383 2402 1608 2461 Joannis

136 2444 517 2545 defureliapis',
553 2467 603 2510 et
640 2444 862 2527 qualiter

136 2524 413 2589 recuperauit
436 2541 541 2595 per
560 2524 749 2598 regem.
977 2570 981 2574 ›

133 2625 331 2688 Joannes
356 2636 421 2691 de
443 2636 753 2696 Aurelianis
767 2642 919 2699 miles
939 2647 1079 2716 apud
1098 2649 1225 2720 Egri
1248 2652 1425 2708 villam
1448 2670 1602 2712 suam

87 2714 320 2806 Estrepzeio
363 2726 623 2783 videlicet
672 2730 811 2787 villa:
866 2714 1172 2806 episcopali
1214 2745 1604 2801 conterminam

84 2805 344 2869 forteritiam
371 2818 652 2887 erigebat,
691 2833 879 2879 contra
914 2840 1075 2896 quem
1117 2832 1404 2904 episcopus
1448 2846 1598 2894 tanto

84 2901 305 2962 iortiusse
345 2910 623 2978 accinxit,
671 2924 877 2983 quanto
924 2918 1068 2975 facta
1097 2922 1198 2978 sibi
1246 2901 1318 2980 ab
1353 2927 1604 2999 episcdpo

83 2994 169 3049 novi
190 2999 352 3068 operis
373 3002 717 3060 nuntiatione
746 3005 839 3061 ille
867 3007 1185 3070 insolentius
1214 3018 1358 3086 quod
1386 2994 1600 3090 propo-

82 3095 214 3142 iterat
232 3090 291 3144 ad
316 3092 619 3160 perfectum
642 3096 936 3164 perducere
954 3113 1143 3160 contra
1167 3108 1588 3176 prohibitionem

81 3176 257 3250 episcOpi
279 3184 616 3255 conabatur;
649 3188 864 3247 tandem
908 3197 1304 3266 propugnacula
1349 3209 1405 3257 et
1442 3203 1599 3274 quid-

1716 2005 1862 2052 raret
1890 2008 1945 2053 et
1969 1999 2308 2058 irrevocabili
2318 2014 2396 2059 ter
2418 2007 2489 2062 ad
2509 2010 2714 2066 exitum
2744 2012 3054 2072 admonitus
3077 2033 3108 2072 a
3129 1999 3292 2076 sociis

1711 2094 1773 2140 ut
1806 2102 1905 2156 pro
1933 2088 2098 2145 fratre
2125 2107 2223 2146 suo
2261 2093 2543 2153 Guillelmo
2565 2100 2819 2169 mitteret,
2862 2103 3054 2175 Sinite,
3092 2108 3289 2179 inquit,

1715 2176 1891 2244 sinite,
1930 2180 2059 2234 nihil
2097 2183 2228 2237 mihi
2261 2184 2381 2241 libet
2415 2190 2640 2259 amplius
2679 2193 2872 2249 intueri
2909 2214 3068 2267 quam
3117 2176 3289 2256 solum

1710 2267 1993 2326 Dominum
2016 2290 2185 2328 meum
2209 2275 2391 2334 Jesum
2418 2280 2717 2350 Christum;
2739 2287 2928 2357 sicque
2951 2305 3057 2346 non
3083 2308 3289 2350 convo-

1707 2367 1831 2415 cato
1871 2360 2040 2420 fratre
2078 2363 2147 2419 ab
2185 2366 2302 2436 ipso
2355 2369 2519 2425 vitam
2568 2373 2779 2430 ﬁnivit:
2811 2378 2904 2447 qui
2942 2390 3123 2438 tamen
3162 2382 3287 2439 licet

1710 2452 2087 2524 intempestive
2123 2459 2333 2515 excitus
2360 2475 2390 2515 a
2420 2463 2582 2519 sociis
2609 2465 2676 2519 ad
2716 2470 3008 2539 exsequias
3054 2471 3286 2529 festinus

1706 2540 1946 2608 advenit,
1988 2553 2043 2599 et
2089 2544 2214 2602 licet
2244 2558 2481 2606 astantes
2509 2552 2739 2609 ubertim
2783 2555 2836 2611 in
2882 2558 3148 2632 lacrymas
3174 2562 3281 2618 sol-

1709 2640 1987 2695 verentur,
2016 2640 2073 2687 et
2105 2649 2374 2705 pauperes
2416 2642 2682 2713 praecipue
2724 2643 2915 2703 flentes
2951 2660 3007 2705 et
3036 2652 3159 2707 altis
3197 2669 3287 2709 su-

1706 2721 1887 2790 spiriis
1938 2732 1993 2777 et
2037 2727 2321 2794 questibus
2365 2733 2762 2801 proclamantes
2812 2753 2932 2796 sese
2995 2742 3120 2799 vitae
3173 2759 3285 2802 sua:

1704 2814 1945 2869 subsidia
1981 2818 2250 2886 amisisse,
2285 2823 2496 2880 tunicas
2522 2836 2579 2881 et
2603 2837 2783 2886 vestes
2811 2847 2948 2901 quas
2970 2833 3052 2889 eis
3081 2834 3285 2893 fecerat

1703 2904 2077 2972 ostendentes,
2110 2907 2201 2965 ille
2228 2911 2375 2969 solus
2421 2914 2571 2972 vultu
2617 2917 2841 2977 immoto
2886 2922 3046 2979 siccis
3087 2926 3280 2992 oculis,

1703 2991 1852 3048 nulla
1880 2995 2187 3053 conturbati
2218 3001 2383 3057 animi
2412 3004 2567 3075 signa
2589 3021 2784 3076 gerens
2805 3012 3068 3075 exterius,
3103 2991 3280 3072 intue-é

1702 3081 1865 3137 batur
1937 3092 2191 3156 tanquam
2246 3086 2360 3157 jam
2418 3092 2704 3164 glorificati
2766 3097 3001 3155 hominis
3064 3102 3271 3160 vultum

1700 3168 1913 3228 fratris.

81 3270 168 3333 quid
184 3272 394 3330 faciebat
415 3275 824 3335 adforteritiam
845 3282 1338 3358 invitumcompulit
1355 3270 1598 3349 demoliri

1705 3283 1810 3379 ρας
1842 3291 2124 3379 carnaliter
2144 3295 2490 3379 Aurelianum
2518 3314 2759 3379 venerant
2791 3307 2961 3375 pridie
2990 3326 3149 3379 quam
3179 3311 3271 3365 tle-

77 3366 162 3421 post
188 3363 366 3420 tntdtas
406 3381 543 3421 suas
578 3375 635 3422 et
668 3382 887 3426 suorum
939 3387 1225 3446 perpessas
1254 3378 1516 3450 injurias,
1539 3392 1597 3438 et

75 3451 332 3522 quatioque
370 3456 606 3514 insidias
629 3473 762 3528 quas
789 3464 1021 3532 quadam
1059 3466 1147 3523 die
1191 3468 1320 3525 dum
1367 3471 1471 3527 iter
1510 3472 1596 3529 Pi-

74 3535 228 3599 thueris
243 3544 445 3604 faceret
473 3548 577 3604 sibi
604 3551 808 3620 positas
851 3553 921 3610 ab
941 3556 1129 3612 eodem
1159 3573 1267 3615 non
1309 3575 1377 3617 ex
1400 3578 1595 3634 propo-

70 3628 160 3695 sito,
181 3637 262 3691 sed
280 3640 609 3697 miraculose
626 3645 829 3710 evasit,
861 3657 1189 3716 procurante
1233 3628 1484 3721 Domino,
1501 3628 1516 3634 -
1535 3665 1596 3711 ut

71 3719 117 3771 ad
134 3722 379 3791 cujusdam
402 3729 736 3788 infirmantis
752 3734 1113 3793 visitationem
1129 3740 1421 3799 diverteret
1439 3719 1593 3801 extra

70 3808 189 3876 tiam,
217 3818 367 3885 quisi
399 3828 555 3886 tunc,
582 3830 642 3877 ut
663 3824 1001 3894 credebatur,
1029 3828 1084 3884 in
1108 3828 1347 3899 ejusdem
1367 3832 1593 3893 Joannis

71 3898 240 3961 insidias
262 3908 548 3968 incidisset
570 3952 587 3977 ,
623 3930 959 3986 nequaquam
987 3898 1362 3990 proculdubio
1398 3929 1590 3985 mortis

66 3992 303 4083 perieulum
322 4003 610 4059 evasisset.
633 4004 903 4065 Pithueris
923 4024 1136 4083 quoque
1157 4014 1337 4073 nobile
1350 4028 1590 4076 castrum

65 4079 407 4178 {atellanensis
432 4092 701 4161 ecclesiae,
727 4100 872 4166 quod
908 4102 1010 4157 sub
1036 4079 1225 4160 eadem
1266 4119 1586 4179 tempestate

63 4165 99 4221 ti
115 4185 291 4233 armata
328 4180 452 4251 ipse
476 4179 713 4241 Joannes
751 4165 1048 4247 intrarent
1090 4165 1392 4265 proditiose.
1417 4209 1471 4256 et
1499 4216 1592 4258 ce-

62 4269 352 4364 multo
392 4273 584 4364 labore
608 4284 664 4332 et
687 4278 943 4337 instantia
976 4286 1117 4354 apud
1161 4303 1365 4360 regem,
1400 4294 1492 4364 qui
1532 4295 1588 4353 id

58 4346 346 4416 dissimulare
391 4363 679 4421 videbatur
700 4408 716 4433 ,
743 4369 813 4425 ab
841 4346 1179 4446 initio-aegre
1217 4346 1587 4454 ierensjquod

57 4446 223 4507 milies
237 4452 478 4510 habebat
501 4456 707 4528 aliquid
723 4461 982 4521 adversus
1003 4481 1146 4535 eum,
1172 4446 1583 4543 episcopus-non

56 4541 293 4601 Verebatur
327 4549 377 4605 ei
408 4552 467 4605 in
494 4550 633 4609 facie
675 4556 928 4613 resistere
955 4559 1286 4619 confidenter
1306 4606 1320 4630 ,
1359 4541 1579 4624 tandem

54 4636 365 4705 πωροι-πίε,
388 4638 601 4697 Joanne
627 4658 733 4699 non
759 4645 876 4702 sine
901 4647 1218 4707 confusione
1249 4654 1442 4724 ejecta.

54 4730 249 4797 Qualiter
271 4746 442 4817 ipsum
479 4747 715 4837 cannas
742 4762 789 4806 et
818 4769 938 4809 suos
960 4755 1224 4837 publicam
1252 4775 1403 4831 agere
1424 4766 1587 4834 pleni-

505 4828 720 4874 tentiam
767 4828 1089 4892 compulerit.

100 4896 164 4951 Ad
188 4902 435 4961 ultimum
457 4906 696 4978 ejusdem
724 4918 778 4964 et
804 4926 1025 4967 suorum
1056 4913 1320 4975 infantum
1341 4920 1584 4979 edomuit

51 4989 332 5057 superbiam,
353 5009 495 5063 quos
517 4995 694 5052 taliter
716 4998 983 5068 publicam
998 5002 1179 5057 subire
1206 5006 1577 5073 paenitentiam

50 5086 140 5130 cum
175 5088 481 5150 pecuniaria
524 5092 899 5149 emendatione
941 5097 1151 5168 coegit,
1202 5100 1306 5157 hoc
1353 5102 1571 5167 addito,

49 5172 159 5234 Quod
199 5175 296 5245 ipsi
348 5181 533 5237 sedem
560 5183 909 5254 apostolicam
951 5201 1051 5256 pro
1095 5188 1432 5249 absolutione
1482 5209 1577 5250 sua

50 5257 362 5326 nihilominus
387 5271 663 5339 adierunt;
686 5290 794 5345 quo
822 5291 928 5332 non
960 5277 1232 5336 immerito
1257 5286 1438 5340 ceteri
1472 5295 1579 5341 ter-

52 5352 129 5403 Mi
149 5365 430 5422 potuerunt
447 5377 515 5418 ne
534 5363 729 5420 similia
755 5378 945 5422 contra
988 5385 1113 5424 eum
1144 5379 1493 5430 attentarent.
1519 5375 1579 5431 In

50 5440 323 5535 fpiscopatu
356 5451 449 5506 illo
475 5462 552 5508 tot
573 5468 792 5525 agones,
824 5465 905 5513 tot
925 5474 1214 5527 aerumnas,
1251 5472 1329 5519 tot
1367 5467 1580 5535 pericu-

49 5520 135 5584 losa
152 5534 452 5617 discrimina
471 5520 786 5600 constanter
804 5548 984 5615 evicit,
1014 5560 1157 5606 tanta
1172 5520 1391 5623 proptei‘
1409 5555 1579 5611 Deum

50 5616 145 5708 tabe
164 5612 352 5695 corpus
375 5629 548 5688 aﬂecit
567 5636 709 5705 quod
731 5636 860 5693 illud
881 5612 1025 5708 quod
1048 5640 1114 5697 de
1144 5612 1287 5698 bono
1303 5642 1575 5702 Germano

51 5704 217 5766 dictum
247 5727 332 5772 est
375 5720 426 5774 ei
465 5704 632 5794 possit
668 5704 956 5798 utrumque
980 5745 1085 5785 non
1139 5731 1579 5793 inconvenienter

52 5805 247 5879 amari.
274 5811 518 5873 videlicet
568 5819 743 5893 ipsum
800 5823 944 5880 inter
995 5833 1071 5883 tot
1117 5843 1307 5885 cruces
1360 5829 1577 5904 longum

1770 3356 2075 3451 fungeretur
2103 3380 2207 3451 non
2228 3369 2297 3421 ad
2321 3371 2491 3451 ipsum
2523 3356 3277 3451 uisitandumhsedspve-

1766 3427 1988 3484 cialibus
2014 3435 2231 3503 negotiis
2255 3427 2475 3495 evocati.

1705 3530 1710 3536 '
1767 3518 2013 3577 Aderant
2059 3523 2386 3585 Senonensis
2425 3544 2480 3585 et
2507 3531 2838 3591 Turonensis
2884 3538 3275 3612 archiepiscopi

1694 3612 1750 3660 et
1777 3608 2061 3681 episcopus
2085 3613 2528 3675 Cmnomanensis
2553 3636 2678 3677 cum
2712 3625 2923 3691 eodem,
2955 3636 3009 3683 et
3036 3608 3273 3687 civitatis

1694 3710 1815 3763 quae
1856 3698 1985 3756 illuc
2033 3703 2365 3762 conﬂuxerat
2418 3709 2813 3779 religiosorum,
2867 3719 3270 3788 canonicorum,

1693 3785 1921 3843 aliorum
1943 3790 2260 3849 clericorum
2283 3807 2339 3851 et
2352 3798 2610 3855 laicorutn
2633 3805 2964 3870 permaxima
2987 3810 3271 3868 multitudo

1691 3874 1783 3944 qui
1806 3914 1822 3941 ,
1850 3884 2102 3947 tanquam
2129 3882 2208 3938 eis
2242 3885 2533 3941 revelatum
2553 3899 2696 3943 esset
2718 3890 2970 3948 divinitus
2995 3896 3137 3964 quod
3154 3895 3268 3965 jam

1701 3961 1771 4016 ad
1809 3964 2081 4034 regionem
2115 3984 2467 4040 supernorum
2502 3975 2699 4032 civium
2737 3979 3035 4047 evolasset,
3066 3984 3267 4053 pedes,

1690 4066 1901 4119 manus,
1930 4064 1985 4110 et
2012 4058 2271 4129 quidquid
2298 4061 2363 4117 de
2393 4063 2509 4133 ipso
2541 4073 2760 4137 tangere
2788 4078 3037 4138 poterant
3060 4072 3267 4131 devotis

1688 4142 1890 4198 osculis
1912 4146 2338 4218 prolambebant;
2369 4151 2575 4211 felicem
2605 4173 2664 4212 se
2695 4161 2918 4228 putabat
2944 4163 3035 4232 qui
3066 4165 3131 4220 de
3148 4166 3263 4237 ipso

1692 4234 1898 4306 aliquid
1963 4239 2245 4310 tetigisset.
2323 4245 2415 4302 Sic
2468 4249 2683 4304 tandem
2743 4234 3270 4327 archiepiscoporum

1687 4335 1742 4383 et
1771 4327 2146 4399 episcoporum
2170 4335 2416 4392 manibus
2444 4338 2737 4395 tumulatus
2767 4342 2924 4399 beato
2946 4344 3001 4399 in
3032 4347 3258 4403 Domino

1688 4418 1795 4472 fine
1813 4419 2017 4486 quievit
2041 4439 2053 4474 :
2079 4421 2145 4477 ad
2162 4422 2314 4494 cujus
2335 4426 2595 4480 tumulum
2618 4430 2782 4483 multa
2808 4430 3181 4504 languidorum
3207 4447 3264 4492 et

1688 4506 1826 4561 male
1866 4507 2177 4565 habentium
2227 4512 2483 4575 confluxit
2533 4515 2837 4589 frequentia
2882 4533 2939 4576 et
2978 4525 3264 4582 nonnullo-

1612 4640 1665 4701 Β
1690 4608 1810 4649 rum
1856 4596 2077 4652 confluit
2117 4615 2288 4670 usque
2314 4604 2491 4660 adhuc
2516 4607 2633 4674 ejus
2664 4610 2871 4665 meritis
2895 4613 3267 4682 praestolantes

1689 4697 1720 4737 a
1766 4683 1992 4740 Domino
2022 4687 2337 4758 languorem
2370 4690 2589 4750 s‘uorum
2638 4699 2880 4769 recipere
2928 4703 3218 4760 sanitatem
3241 4748 3257 4772 ,

1686 4773 1780 4829 sed
1809 4773 1925 4833 haec
1970 4778 2232 4848 tantisper
2261 4782 2328 4837 de
2372 4784 2489 4854 ipso
2530 4786 2672 4842 dicta
2699 4789 2983 4857 sumciant,
3018 4810 3160 4852 nunc
3195 4800 3263 4853 ad

1682 4863 2044 4935 Guillelmum,
2067 4869 2221 4940 cujus
2247 4866 2509 4945 cmpimus
2545 4886 2724 4936 texere
2744 4881 3047 4953 historiam,
3074 4902 3254 4943 rever-

1683 4964 1881 5012 tamur.

1679 5045 1756 5100 De
1795 5049 2126 5109 ordinatione
2173 5054 2404 5113 lectorim
2451 5072 2499 5115 et
2544 5067 2882 5121 succentoria:
2923 5069 2979 5123 in
3020 5068 3259 5125 Ecclesia

2132 5125 2328 5182 Antiss.
2361 5139 2409 5183 et
2454 5130 2798 5189 scholastriw.

1751 5206 2074 5267 Gnillelmus
2100 5213 2268 5285 igitur
2292 5221 2529 5290 succepti
2556 5223 2834 5294 regiminis
2855 5241 3039 5282 curam
3066 5244 3261 5298 gerens

1681 5307 1902 5357 strenue
1941 5304 2008 5358 ad
2056 5304 2417 5364 Ecclesiarum
2450 5320 2647 5368 statum
2697 5315 2751 5369 in
2798 5318 2991 5373 melius
3038 5335 3259 5389 promo-

1681 5388 1910 5444 vendum
1966 5391 2255 5451 ellicaciter
2319 5400 2645 5457 anhelabat:
2705 5405 2758 5458 in
2811 5405 3000 5474 majori
3054 5408 3260 5467 scilicet

1679 5480 1973 5537 cathedrali
2021 5484 2248 5542 ecclesia
2278 5499 2477 5557 praeter
2505 5492 2606 5547 alia
2637 5508 2755 5563 quae
2783 5496 2857 5550 ibi
2886 5498 3106 5565 provide
3129 5495 3259 5556 fecit

1676 5569 1761 5624 vel
1808 5570 2107 5629 liberaliter
2146 5578 2396 5646 contulit,
2442 5581 2717 5638 lectoriam
2750 5594 2804 5639 et
2831 5590 3252 5657 succentoriam,

1676 5674 1774 5729 per
1815 5675 1951 5730 quas
1994 5670 2165 5720 totum
2212 5666 2266 5721 in
2319 5667 2547 5738 legendo
2597 5674 2931 5730 cantandove
2975 5677 3254 5733 servitium

1675 5746 2043 5818 dispensatur,
2077 5769 2177 5809 nec
2203 5771 2310 5811 non
2339 5767 2393 5812 et
2419 5758 2813 5828 scholastriam,
2845 5780 2965 5832 qua:
2991 5776 3150 5823 antea
3179 5768 3253 5822 ita

1678 5846 1866 5895 tenues
1911 5852 2069 5897 erant
2118 5845 2171 5899 in
2220 5849 2567 5917 proventibus
2617 5861 2672 5908 et
2722 5854 2912 5925 exiles,
2963 5859 3105 5929 quod
3145 5873 3253 5914 non
