3910 5336
638 368 740 423 535

1448 358 1735 437 mm.
1775 380 1868 434 AD
1904 374 2076 434 saec.
2118 376 2185 435 Χ.

2334 380 2554 443 OPERA
2601 395 2983 448 AAEXIIOTIKA.
3740 385 3820 444 356

640 485 1019 579 inveniebatur
1039 489 1129 558 qui
1186 505 1322 550 onus
1367 495 1634 566 reciperet
1685 498 1803 553 sine
1847 497 2049 566 lutet“.
2086 502 2209 572 iure
2238 510 2283 567 Α
2315 521 2530 562 camera
2557 524 2652 564 sua
2678 508 2964 579 superiori,
3004 504 3320 576 psalmodia:
3354 514 3407 560 et
3446 501 3660 558 orationi
3688 501 3825 557 inter).

638 577 950 634 conferendi
992 579 1100 637 sibi
1142 584 1361 656 suisque
1391 591 1794 647 successoribus
1827 594 2094 665 episcopis
2130 612 2217 652 re-

640 678 789 724 tento
827 670 893 725 de
929 685 1152 728 assensu
1185 675 1430 746 capituli,
1462 680 1631 748 gratis
1660 682 1958 739 redditibus
1984 686 2210 756 amplia-

634 763 738 826 vit,
769 762 1101 819 scbolastrite
1125 766 1344 824 circiter
1372 770 1554 827 decem
1586 770 1867 839 librarum,
1905 776 2142 832 lectoria:
2161 786 2217 833 et

633 864 993 911 succentortae
1022 866 1217 927 praeter
1242 860 1460 929 antiqua
1502 862 1767 930 stipendia
1810 862 2017 919 fructus
2057 867 2216 922 unius

633 946 939 1014 praebendas
959 964 1081 1003 cum
1103 951 1324 1007 minutis
1351 952 1689 1021 portionibus
1709 969 1829 1022 qua:
1857 955 1942 1010 bis
1965 956 2214 1012 omnibus

631 1050 694 1090 eo
707 1038 1010 1095 nsentiente
1035 1040 1272 1109 capitulo
1296 1041 1574 1111 deputavit
1600 1046 1900 1115 assignans.

1167 1132 1246 1187 De
1281 1135 1673 1191 matriculariis.

712 1216 952 1273 Sacrista
995 1222 1277 1287 providere
1315 1230 1529 1278 tenetur
1553 1232 1608 1280 et
1648 1225 1906 1280 exhibere
1955 1226 2214 1281 clericum

642 1324 805 1368 unum
837 1309 1261 1364 matricularium
1305 1323 1361 1371 et
1385 1314 1519 1369 alios
1540 1317 1631 1384 qui
1666 1332 1961 1385 campanas
2001 1317 2217 1386 pulsare

640 1403 695 1448 ct
717 1410 778 1450 ea
809 1410 929 1463 quae
953 1397 1019 1451 ad
1048 1396 1279 1452 ollicium
1316 1416 1472 1454 suum
1504 1403 1778 1471 pertinent
1816 1404 2032 1460 valeant
2055 1420 2214 1460 exer—

641 1497 785 1538 cere.
822 1485 1118 1557 Episcopus
1162 1497 1380 1558 propter
1406 1490 1526 1545 illos
1559 1492 1791 1547 instituit
1821 1503 1930 1549 tres
1955 1497 2214 1551 matricu-

640 1573 825 1637 larios,
876 1591 1038 1629 unum
1070 1578 1319 1633 videlicet
1368 1580 1654 1646 clericum,
1708 1596 1866 1651 quem
1924 1583 2218 1638 attitulavit

639 1664 827 1719 altaris
857 1672 1057 1721 sancta:
1080 1667 1276 1724 Crucis
1305 1670 1359 1724 in
1399 1671 1585 1726 eadem
1623 1672 1872 1738 ecclesia,
1903 1680 1963 1726 ut
1990 1673 2061 1728 ibi
2097 1688 2215 1728 ser-

626 1755 779 1809 viret
839 1755 891 1810 in
959 1755 1136 1814 ollicio
1188 1760 1505 1827 sacerdotis,
1561 1761 1903 1816 medietatem
1966 1762 2213 1818 beneﬁcii

2319 607 2427 653 tus.
2454 598 2683 653 Inferius
2704 599 2758 652 in
2787 596 2984 667 palatio
3011 593 3211 664 majori
3244 593 3317 647 illi
3348 606 3571 648 camera:
3596 592 3820 661 contigua,

2314 688 2400 742 vir
2422 688 2638 757 quidam
2666 689 2732 742 de
2756 687 2916 742 Druia
2952 695 3132 740 castro
3159 699 3282 738 cum
3312 696 3479 737 uxore
3503 695 3595 734 sua
3615 679 3674 733 ad
3696 679 3823 734 conli-

2318 780 2474 836 tenda
2518 789 2739 851 peccata
2768 788 2821 834 et
2843 778 3214 847 excipiendam
3253 776 3319 829 ab
3345 774 3589 843 episcopo
3612 773 3825 841 paeniten-

2318 871 2445 924 tiam
2475 869 2879 939 exspectabant.
2909 867 3225 920 lmminente
3244 864 3353 933 jam
3374 863 3505 916 hora
3527 860 3670 914 tertia
3692 866 3826 912 trans-

2319 964 2453 1018 itum
2480 964 2604 1017 illuc
2647 962 2854 1016 faciens
2883 956 3297 1015 archidiaconus
3337 954 3517 1008 adibat
3552 951 3825 1020 episcopum,

2318 1069 2517 1124 eosque
2548 1052 2646 1108 sibi
2676 1057 3028 1119 assurgentes
3054 1046 3277 1111 invenit,
3294 1054 3362 1100 et
3386 1043 3598 1111 cognito
3621 1039 3751 1108 cuius
3770 1040 3827 1094 rei

2318 1142 2488 1211 gratia
2515 1138 2901 1208 exspectabant
2944 1136 3237 1191 insinuavit
3286 1134 3538 1204 episcopo
3577 1131 3660 1200 qni
3685 1130 3829 1184 statim

2317 1247 2411 1287 eos
2472 1227 2729 1285 accersiri
2791 1228 2858 1281 ad
2918 1242 2977 1281 se
3035 1225 3340 1288 mandavit;
3376 1224 3570 1290 vixque
3624 1219 3829 1290 palatium

2316 1321 2519 1391 egressi
2551 1318 2764 1374 fuerant
2787 1331 2909 1372 cum
2940 1330 3068 1370 ecce
3110 1316 3168 1369 in
3212 1327 3274 1368 ea
3297 1320 3451 1389 parte
3499 1312 3552 1364 in
3578 1324 3673 1379 qua
3703 1317 3829 1362 stete-

2318 1418 2443 1463 rant
2485 1408 2648 1477 pedes
2696 1419 2909 1469 eorum,
2960 1412 3160 1458 tectum
3210 1401 3395 1473 palatii
3440 1398 3642 1454 corruit
3692 1404 3831 1452 secum

2319 1496 2540 1559 trahens
2562 1501 2826 1570 lignorum
2848 1507 2907 1554 et
2947 1497 3242 1567 tegularum
3274 1495 3509 1565 ingentia
3547 1490 3833 1562 fmgminain

2318 1592 2555 1655 ruinam,
2591 1602 2711 1659 quae
2752 1587 3079 1658 pmnitentes
3098 1583 3386 1654 praedictos
3431 1581 3642 1650 penitus
3681 1579 3836 1632 contri-

2318 1680 2522 1735 vissent
2573 1677 2676 1732 nisi
2720 1678 2895 1730 virtus
2937 1673 3273 1729 subvenisset
3316 1670 3521 1734 divina,
3562 1682 3675 1738 quae
3707 1666 3836 1720 dorice

2317 1769 2917 1827 diseessissentruinam
2949 1766 3234 1825 continuit,
3277 1778 3398 1833 quas
3437 1762 3522 1817 sic
3560 1761 3623 1815 de
3643 1758 3838 1829 proximo

638 1846 880 1915 ejusdem
916 1846 1123 1917 altaris
1191 1848 1267 1903 illi
1342 1850 1720 1906 matricnlaria:
1797 1862 2055 1922 perpetuo
2092 1854 2215 1923 jure
2245 1849 2291 1909 Β
2317 1862 2583 1934 pendebat
2613 1858 2812 1913 futura.
2842 1856 2888 1913 Ο
2912 1858 3046 1911 mira
3077 1854 3409 1926 poenitentia
3446 1852 3635 1912 virtus,
3660 1863 3762 1918 qua:
3781 1845 3838 1899 sic

638 1946 956 2004 annectens,
1005 1954 1125 1993 cum
1162 1948 1376 1995 centum
1413 1941 1599 1996 solidis
1631 1943 1683 1996 in
1731 1943 1967 1998 denariis
2019 1943 2214 1999 Pente—

640 2032 935 2090 costalibus
982 2033 1049 2090 de
1107 2033 1365 2091 Varziaco
1423 2037 1782 2108 percipiendis
1809 2039 2129 2105 annuatim;
2163 2047 2218 2094 et

639 2123 772 2179 duos
794 2124 969 2181 laicos
995 2125 1193 2196 quibus
1226 2126 1449 2196 singulis
1485 2127 1672 2182 decem
1717 2126 1880 2182 libras
1911 2128 1963 2181 in
1995 2126 2218 2183 redditi-

636 2213 739 2269 bus
799 2214 1122 2285 assignavit,
1208 2216 1276 2270 ad
1342 2231 1571 2286 quorum
1635 2216 1887 2286 praedicta
1951 2215 2216 2285 stipendia

635 2304 877 2361 Ecclesra
939 2305 1006 2360 de
1058 2306 1420 2362 Vermentone
1483 2306 1788 2371 duodecim,
1851 2303 2086 2359 Ecclesia
2148 2305 2217 2360 de

634 2394 889 2451 Berriaco
912 2404 1034 2451 octo
1060 2395 1227 2451 libras
1256 2396 1465 2451 solvere
1491 2395 1769 2450 annuatim
1802 2403 2071 2449 tenentur.

638 2506 716 2561 De
738 2506 988 2562 divisione
1006 2507 1261 2579 festorum
1285 2509 1451 2563 sancti
1471 2506 1761 2579 Alexandri
1791 2514 1839 2561 ct
1859 2505 2026 2560 sancti
2050 2503 2216 2559 Bricii

1113 2591 1161 2633 et
1192 2580 1338 2649 festis
1358 2577 1737 2649 apostolorum.

707 2667 1031 2725 Sanctorum
1076 2668 1365 2724 Alexandri
1392 2676 1448 2724 et
1488 2668 1651 2724 Bricii
1688 2668 1827 2723 festa
1855 2682 1976 2738 qua:
2010 2667 2213 2737 permi-

637 2761 765 2816 stim
809 2761 911 2816 sub
970 2760 1197 2829 quadam
1267 2760 1581 2816 confusione
1628 2759 1745 2815 fieri
1787 2768 2215 2822 consueverant,

602 2852 930 2926 ‘scparatim
958 2853 1160 2908 statuit
1205 2852 1486 2916 celebrari,
1548 2860 1604 2906 et
1661 2850 2023 2921 apostolorum
2077 2849 2212 2903 festa

637 2956 800 3019 prout
835 2947 1061 3002 minoris
1100 2955 1256 3002 erant
1307 2946 1664 3001 observantia:
1712 2944 2005 3000 solemnius
2057 2942 2215 2997 solito

637 3052 760 3093 cum
789 3038 1053 3108 majorum
1099 3051 1483 3106 campanarum
1519 3035 1818 3106 pulsatione
1852 3034 1967 3089 fieri
1998 3033 2216 3088 ordina-

638 3127 735 3181 vit.
766 3125 1021 3182 Sacristae
1048 3142 1144 3196 pro
1168 3125 1523 3180 luminaribus
1561 3135 1615 3180 et
1637 3124 1756 3179 aliis
1781 3140 1899 3194 qua:
1927 3123 2154 3193 amplius
2180 3138 2208 3176 a

2319 1957 2555 2012 divinam
2591 1953 2853 2009 continuit
2892 1951 3157 2022 justitiam
3204 1958 3263 2003 ut
3296 1947 3410 2017 jam
3456 1944 3733 2000 morituros
3756 1940 3839 1994 sola

2319 2045 2413 2100 Dei
2467 2043 2840 2100 misericordia
2908 2043 2976 2095 de
3021 2038 3275 2094 instantis
3334 2035 3530 2091 mortis
3597 2030 3840 2104 praecipitio

2318 2136 2611 2191 liberaret!
2646 2133 2885 2189 Solvitur
2912 2132 3199 2202 episcopus
3237 2129 3292 2183 in
3315 2127 3586 2198 lacrymas
3622 2131 3674 2178 et
3696 2132 3842 2188 stupo-

2320 2242 2457 2292 rem,
2487 2236 2541 2282 et
2584 2227 2825 2295 inspecta
2861 2223 3056 2279 mortis
3086 2221 3318 2292 imagine
3356 2224 3424 2272 ex
3471 2216 3673 2272 intimis
3706 2210 3843 2267 cordis

2318 2316 2567 2375 medullis
2597 2316 2652 2372 in
2692 2314 2788 2369 Dei
2828 2313 3027 2369 laudes.
3050 2309 3371 2381 prorumpit.
3414 2306 3496 2361 Ad
3530 2300 3843 2369 ruinrefrago-

2316 2420 2430 2469 rem
2468 2410 2746 2466 concurrit
2781 2407 2958 2473 turba,
2999 2413 3051 2460 et
3078 2405 3144 2457 de
3169 2400 3459 2456 manifesto
3485 2393 3722 2451 miraculi
3757 2406 3846 2459 spe.

2317 2502 2526 2558 ctaculo
2574 2499 2811 2555 universi
2858 2495 3130 2552 exsultant
3175 2492 3267 2548 Dei
3296 2489 3570 2560 magnalia
3604 2483 3845 2558 praedican-

2318 2603 2415 2652 tes.

2317 2704 2395 2761 De
2425 2705 2747 2761 institutione
2768 2703 3167 2774 pra’bendarum
3202 2700 3344 2774 apud
3372 2696 3746 2768 Apponiacum,
3766 2683 3849 2739 Τυ-

2801 2776 3001 2827 ciacum
3032 2782 3080 2826 et
3101 2771 3393 2825 Canadam.

2385 2866 2468 2921 Ad
2499 2865 2677 2921 cultus
2702 2863 3099 2934 ampliationem
3124 2861 3288 2916 divini
3321 2860 3374 2913 in
3396 2856 3596 2912 castris
3616 2852 3850 2923 episcopa-

2316 2958 2455 3013 libus
2469 2956 2776 3027 Apponiaeo
2789 2953 3037 3010 videlicet
3052 2952 3283 3007 Tociaco
3302 2960 3359 3005 et
3374 2947 3599 3004 Canada
3611 2941 3851 2999 canonicos

2317 3051 2547 3106 instituit
2564 3058 2615 3104 et
2637 3046 2971 3118 pmbendas,
2986 3052 3181 3116 praeter
3193 3042 3298 3097 alia
3311 3055 3433 3111 quae
3452 3038 3521 3093 ad
3536 3030 3851 3092 hoccontulil,

2315 3154 2380 3211 pa
2388 3139 2646 3196 roehialcs
2660 3137 2930 3193 Ecclesias
2942 3148 3062 3190 cum
3079 3132 3193 3188 suis
3210 3129 3561 3204 proventibus
3570 3126 3757 3182 eisdem

640 3216 779 3271 festo
827 3215 1061 3285 simplici
1109 3213 1413 3284 hujusmodi
1443 3216 1581 3270 ritus
1627 3214 2020 3271 solemnitatem
2050 3227 2213 3283 expoo

2320 3206 2999 3305 putanset‘assignans...”
3014 3224 3287 3279 Amatoris
3309 3231 3366 3277 et
3388 3218 3663 3275 canonicis
3676 3209 3855 3282 capelle

639 3308 765 3373 scit,
796 3308 1038 3386 redditus
1071 3317 1438 3379 competentes
1481 3318 1537 3364 et
1566 3308 1667 3363 sibi
1703 3316 1884 3378 gratos
1915 3307 2215 3378 assignans,

640 3411 743 3452 nec
791 3412 895 3452 non
941 3406 997 3457 et
1049 3399 1448 3468 processionem
1501 3399 1553 3452 in
1616 3397 1793 3468 vigilia
1841 3397 1902 3451 B.
1961 3396 2217 3467 Stephani

637 3490 858 3546 hiemali
889 3498 1010 3561 post
1044 3500 1299 3561 vesperas
1328 3491 1394 3546 de
1440 3491 1729 3545 Nativitate
1776 3490 2064 3546 solemnem
2108 3490 2218 3545 sin-

641 3582 783 3651 gulis
835 3581 889 3635 in
960 3582 1147 3652 cappis
1191 3581 1379 3638 sericis
1453 3580 1817 3637 deferentibus
1866 3594 2214 3636 accensorum

642 3672 927 3727 luminaria
954 3682 1253 3728 c'ercorum.

645 3763 888 3831 Qualiter
915 3766 1117 3820 ornavit
1151 3765 1422 3820 ecclesiam
1451 3766 1516 3820 de
1545 3781 1698 3820 cruce
1739 3773 1787 3821 et
1830 3765 1994 3820 calice
2033 3781 2211 3819 aureo.

711 3856 793 3911 Ad
853 3866 1102 3912 ornatum
1169 3856 1411 3913 ecclesiae
1469 3872 1707 3926 pannum
1762 3872 1927 3911 unum
1984 3842 2227 3911 sericum

638 3946 796 4002 valde
822 3945 1022 4004 bonum
1048 3955 1104 4003 et
1140 3963 1412 4017 magnum,
1457 3955 1511 4001 ct
1557 3945 1662 4002 duo
1707 3946 1935 4008 minora,
1980 3945 2214 4015 pretiosa

641 4044 845 4102 tamen,
877 4037 1104 4092 contulit
1128 4036 1193 4090 ad
1239 4045 1488 4090 ornatum
1524 4035 1732 4099 altaris,
1779 4033 2214 4103 antipbonarium

641 4144 855 4201 quoque
882 4129 1143 4200 optimum
1195 4129 1248 4183 in
1279 4127 1483 4184 duobus
1512 4125 1871 4183 voluminibus
1892 4125 2011 4180 fieri
2044 4124 2171 4181 fecit
2198 4140 2214 4179 :

641 4220 888 4290 Capitulo
911 4220 1094 4275 itidem
1125 4216 1350 4274 alterum
1380 4233 1478 4289 par
1508 4217 1556 4273 ei
1588 4217 1641 4271 in
1668 4216 1917 4271 omnibus
1961 4212 2213 4278 faciente,

642 4328 834 4369 novem
866 4313 1083 4383 insuper
1125 4326 1336 4368 marcas
1372 4312 1490 4366 auri
1536 4309 1603 4364 ad
1633 4323 1848 4365 crucem
1896 4316 1951 4361 et
1992 4305 2214 4361 calicem

641 4422 864 4462 aureum
894 4405 1163 4472 facienda,
1192 4414 1245 4460 et
1272 4404 1499 4474 annulus
1545 4418 1672 4460 suos
1721 4416 1912 4458 aureos
1952 4399 2216 4471 pretiosos

642 4499 930 4554 admodum
959 4507 1015 4555 et
1061 4498 1316 4555 tredecim
1363 4496 1529 4553 libras
1575 4495 1947 4558 Parisienses;
1978 4491 2071 4546 sed
2103 4490 2214 4544 haec

641 4590 877 4647 moriens
903 4589 955 4645 in
982 4589 1286 4659 sumptibus
1310 4589 1536 4657 contulit
1562 4587 1837 4642 faciendis.

913 4682 991 4738 De
1017 4682 1376 4737 emendatione
1402 4680 1587 4752 palatii
1612 4678 1939 4751 episcopalis.

712 4771 876 4827 Tecto
902 4771 1084 4842 palatii
1107 4770 1427 4842 pontiﬁcalis
1455 4770 1542 4825 die
1587 4768 1722 4824 festo
1767 4767 2092 4822 Parasceves
2117 4779 2213 4835 pro

638 4871 793 4933 parte
819 4860 995 4931 aliqua
1018 4861 1070 4915 in
1102 4876 1211 4915 suae
1230 4849 1592 4930 .promotionis
1634 4857 1874 4920 exordio,
1903 4862 2212 4926 corruente,

640 4951 898 5023 palatium
935 4951 1107 5021 ipsum
1154 4950 1378 5005 multum
1406 4949 1679 5011 nobiliori
1714 4963 1876 5018 quam
1913 4955 2037 5001 ante
2087 4945 2211 5000 tecti

638 5059 911 5104 structura
938 5046 1230 5109 decoravit,
1267 5052 1321 5100 et
1351 5045 1418 5098 ad
1467 5042 1927 5098 intromittendam
1955 5039 2127 5094 lucem
2158 5038 2211 5092 in
2240 5058 2247 5065 -

638 5143 897 5213 palatium
946 5138 1212 5195 fenestras
1256 5135 1524 5209 pinnaeuli
1573 5150 1765 5204 magna
1818 5129 2212 5200 intercapedine

641 5233 910 5296 dilatavit,
931 5245 1124 5285 arcens
1146 5228 1302 5284 flatus
1323 5228 1657 5298 importunos
1703 5232 1986 5281 ventorum
2015 5223 2217 5277 vitrea-

2318 3341 2428 3382 suze
2449 3327 2514 3379 de
2529 3323 2906 3378 Triuitate.....
2930 3318 3034 3389 lpsi
3055 3315 3294 3387 capitulo
3326 3306 3852 3369 Antissiodorensi.....

2316 3414 2557 3470 ecclesia:
2594 3411 2734 3467 beati
2778 3408 3055 3463 Amatoris
3097 3415 3153 3461 et
3194 3402 3473 3460 canonicis
3507 3400 3613 3456 sub
3662 3390 3855 3466 regulari

2318 3507 2378 3563 S.
2418 3505 2597 3577 Satyri
2629 3504 2701 3559 ibi
2734 3501 3052 3573 degentibus
3090 3497 3392 3566 disciplina,
3420 3494 3599 3548 locum
3645 3490 3711 3544 de
3742 3483 3848 3577 Βοιβ-

2316 3612 2435 3653 cem
2476 3573 2668 3651 versus
2718 3602 2966 3648 sanctum
3012 3588 3352 3644 Salvatorem
3401 3592 3459 3640 et
3498 3580 3763 3639 Ecclesias
3806 3573 3858 3627 de

2315 3686 2555 3750 Alenset,
2585 3686 2651 3740 de
2687 3683 2948 3747 Petrosio,
2979 3689 3035 3735 et
3067 3677 3326 3748 capellam
3357 3675 3424 3729 de
3467 3674 3611 3729 Mota
3640 3672 3693 3725 in
3726 3680 3856 3737 paro-

2316 3777 2439 3834 cbia
2467 3778 2536 3832 de
2571 3774 2898 3839 Chevannis,
2922 3770 3203 3827 canonicis
3226 3782 3355 3822 vero
3397 3764 3635 3836 quatuor
3680 3755 3859 3828 capellae

2318 3882 2427 3924 sure
2450 3866 2742 3923 Autissiod.
2775 3863 2980 3919 scilicet
3015 3862 3082 3917 de
3107 3860 3392 3923 Trinitate,
3414 3856 3677 3911 decimam
3705 3863 3856 3919 quantv

2318 3961 2440 4016 dam
2466 3959 2607 4028 apud
2632 3956 2944 4019 Tociacum,
2972 3966 3136 4023 quam
3166 3949 3385 4021 pr0pria
3430 3947 3511 4001 eis
3558 3935 3859 4011 comparavi!

2318 4050 2563 4123 pecunia,
2607 4049 2696 4120 pia
2750 4047 3071 4102 liberalitate
3130 4039 3446 4098 concessit:
3484 4038 3634 4093 dedit
3678 4036 3860 4098 insuper

2318 4140 2551 4211 capitulo
2604 4137 2897 4193 Antissiod.
2937 4132 3198 4206 quidquid
3249 4133 3330 4186 eis
3361 4130 3551 4185 deerat
3586 4126 3654 4179 ad
3682 4123 3859 4211 plenam

2318 4208 2650 4285 decimarum
2679 4226 2822 4283 bladi
2855 4225 3253 4296 perceptionem
3294 4222 3350 4274 in
3373 4217 3655 4273 territorio
3677 4214 3742 4269 de
3759 4208 3862 4263 (ἔνθα

2318 4333 2514 4382 venno,
2534 4326 2590 4372 et
2617 4317 2721 4371 hoc
2749 4316 2803 4369 in
2831 4328 2966 4382 opus
2989 4312 3315 4382 quotidianae
3337 4305 3647 4379 partitionis
3664 4303 3730 4357 de
3748 4311 3861 4370 pane

2318 4426 2438 4481 qua:
2487 4409 2548 4463 fit
2592 4409 2648 4462 in
2702 4406 2940 4462 Ecclesia
2988 4404 3074 4459 bis
3120 4402 3213 4472 qui
3246 4399 3585 4456 interfuerint
3616 4388 3862 4450 matutinis

2319 4509 2412 4555 aut
2434 4499 2632 4563 missae,
2656 4503 2901 4567 separata
2941 4493 3008 4549 ab
3048 4492 3289 4548 Ecclesia
3334 4490 3402 4545 de
3443 4487 3862 4549 Crevenno,cum

2241 4560 2296 4628 Β
2318 4596 2555 4653 vacaret,
2577 4560 2841 4657 portione,
2870 4597 3039 4653 quam
3057 4582 3130 4638 ibi
3168 4581 3447 4652 presbyter
3489 4575 3731 4632 ecclesiae
3766 4582 3865 4640 per-

2317 4680 2496 4749 cipere
2522 4682 2893 4739 consueverat,
2920 4680 2977 4729 et
2997 4672 3273 4729 canonicis
3307 4671 3598 4739 assignata,
3639 4664 3739 4722 sub
3758 4674 3868 4732 qua-

2316 4773 2438 4826 dam
2479 4779 2654 4825 tamen
2696 4763 3193 4835 recompensatione
3228 4761 3299 4816 ab
3323 4761 3407 4815 eis
3452 4759 3591 4815 facta
3639 4752 3865 4811 Ecclesia:

2315 4878 2550 4919 memora
2557 4872 2642 4916 ιω.

2317 4977 2556 5043 Qualiter
2593 4974 2884 5044 prorumpit
2934 4971 3466 5044 recompensationent
3500 4967 3693 5037 factam
3723 4958 3866 5044 .ra‘pj-

2386 5029 2661 5115 taloiapitd
2708 5042 2957 5097 Osiacum
2998 5029 3180 5111 pro'eo
3208 5040 3349 5111 quod
3376 5029 3560 5091 habeat
3590 5032 3735 5103 apud
3775 5029 3869 5084 Bil-

2385 5116 2598 5174 liacum.

2387 5227 2495 5281 Sua
2535 5236 2746 5294 quoque
2784 5221 3040 5276 instantia
3070 5228 3125 5275 et
3151 5221 3351 5274 virtute
3386 5216 3582 5271 factum
3611 5221 3717 5275 est,
3743 5204 3867 5278 quod

2606 5328 2658 5336 --
2698 5311 2991 5336 λῐὲ-.-..........
3048 5309 3286 5336 [la—un..-
3326 5310 3378 5336 ἓ..
3408 5315 3584 5336 ..νυνι-τοο
3610 5302 3682 5336 ΑΔ
3711 5299 3869 5336 llum
