3918 6316
576 235 682 294 339

1355 249 1651 309 APPEND;
1675 256 1768 312 an
1803 258 1976 317 sine.
2019 260 2087 317 χ.
2111 291 2185 305 -
2213 262 2440 321 OPERA
2472 252 2871 327 Mszuorttta.
3678 280 3757 339 sto

576 344 942 460 annogpraater
987 356 1285 460 oblationes
1312 356 1590 460 ﬁdelium
1613 376 1670 423 et
1709 371 2146 460 praeterjurisdi-
2171 386 2218 448 Α
2248 379 2327 433 sic
2352 379 2627 444 translato,
2682 382 2927 439 translati
2955 391 3080 438 sunt
3103 392 3158 438 et
3189 382 3312 439 libri
3358 384 3444 455 qui
3471 385 3520 441 in
3548 403 3632 443 usu
3656 405 3759 460 quo.

576 441 787 497 ctioois.
811 458 922 499 suae
972 457 1267 515 proventus
1301 456 1437 519 Quos
1480 454 1546 509 ad
1576 455 1680 510 hoc
1713 458 1781 513 ab
1812 458 1966 514 initio
1992 464 2150 532 depu-

576 534 730 602 tavit,
757 536 811 591 in
842 547 1086 608 sumptus
1134 541 1371 610 ejusdem
1419 546 1599 613 operis
1628 548 1903 617 erogavit;
1936 553 2150 608 caeteris

573 638 705 679 vero
739 627 898 682 annis
936 629 1257 699 quandoque
1296 647 1392 701 per
1428 633 1818 707 hebdomadam
1860 639 2045 696 decem
2086 642 2151 697 li-

572 714 701 769 bras
726 753 742 780 ,
789 717 1110 788 quandoque
1136 728 1348 774 centum
1379 721 1580 779 solidos
1616 726 1694 780 ad‘
1726 727 1907 783 minus
1951 741 2147 802 praeter

570 807 847 874 praemissa
875 818 930 862 et
952 817 1148 876 praeter
1171 821 1392 878 questus
1426 813 1676 871 dimccsis
1704 832 1835 884 suae,
1861 820 1975 874 sive
2006 821 2143 876 dite-

571 900 776 954 cesium
803 901 1125 957 vicinarum.

912 1012 991 1067 De
1010 1012 1159 1084 lapsu
1188 1025 1237 1069 et
1267 1016 1523 1072 miraculo
1552 1022 1801 1077 turrium.

637 1102 942 1160 lncidenter
975 1119 1033 1159 se
1078 1110 1408 1164 narrandum
1454 1112 1543 1167 hic
1585 1112 1783 1185 ingerit
1809 1112 1875 1170 ad
1905 1125 2145 1172 contem.

565 1192 857 1263 plationem
887 1195 1106 1265 pietatis
1134 1198 1329 1253 divinae
1358 1199 1487 1256 illud
1515 1204 1747 1272 posteris
1776 1207 2145 1261 transmitten-

565 1286 691 1339 dum
739 1286 1058 1341 miraculum
1086 1290 1227 1357 quod
1257 1289 1309 1343 in
1355 1294 1555 1348 veteris
1584 1294 1766 1364 operis
1797 1294 2144 1350 demolitione

562 1378 807 1432 noscitur
833 1379 1160 1449 contigisse;
1216 1395 1339 1434 nam
1369 1397 1512 1437 anno
1540 1383 1746 1439 Domini
1778 1384 1884 1439 200
1913 1386 2142 1456 septimo

561 1469 795 1535 decimo,
821 1462 1096 1525 Dominica
1120 1479 1247 1526 ante
1261 1471 1590 1540 Adventum,
1605 1475 1657 1528 in
1672 1475 1876 1531 honore
1891 1477 2135 1532 sanctiss.

562 1564 844 1617 Trinitatis
870 1563 1012 1618 diem
1042 1566 1333 1633 agebamus
1362 1565 1679 1629 solemnem,
1706 1576 1862 1621 erant
1892 1567 1945 1620 in
1974 1568 2144 1623 eccle-

560 1656 639 1708 sia
667 1655 837 1710 veteri
873 1656 989 1710 duae
1018 1667 1195 1712 turres
1217 1657 1539 1713 altrinsecus
1564 1657 1864 1713 altitudinis
1891 1674 1996 1713 non
2029 1674 2145 1714 mo—

2251 468 2454 523 tidiano
2504 471 2743 526 existunt
2786 472 3151 547 omnibusque
3185 473 3276 543 qui
3322 474 3373 529 in
3410 478 3625 534 armario
3655 484 3758 537 turri

2251 558 2585 613 meridionali
2637 562 2915 631 supposito
2974 561 3363 627 servabantur,
3413 578 3475 618 ac
3519 565 3562 619 si
3617 571 3759 623 statim

2251 659 2426 704 turres
2458 650 2666 703 ruinam
2695 650 2873 706 facere
2922 651 3291 707 crederentur.
3321 650 3588 707 Missarum
3610 656 3764 712 solent-

2248 742 2353 797 niis
2379 742 2607 812 expletis
2635 741 2748 811 jam
2773 752 3134 798 convenerant
3158 743 3395 799 canonici
3422 748 3485 799 ad
3505 747 3760 814 prandium,

2248 849 2373 888 cum
2398 849 2525 889 ecce
2561 836 2843 904 repentino
2875 836 3086 908 fragore
3117 836 3282 892 turris
3309 837 3652 893 meridionalis
3669 855 3764 894 con-

2246 939 2403 979 cussa
2433 926 2641 979 corruit
2667 925 2720 978 in
2751 926 3053 996 oppositam
3076 925 3177 981 sibi
3215 926 3422 991 turrim,
3444 925 3555 995 ejus
3588 927 3767 983 basibus

2246 1016 2460 1086 penitus
2484 1032 2514 1070 a
2546 1028 2700 1086 parte
2728 1017 2970 1072 interiori
2999 1017 3344 1073 comminutis
3372 1017 3625 1089 prolapsa.

2279 1128 2358 1182 De
2419 1128 2621 1182 duobus
2683 1128 3116 1185 adolescentibus.
3166 1128 3405 1195 Qualiter
3465 1129 3740 1186 miraculae:

2897 1209 3187 1254 evaserunt.

2313 1287 2373 1342 In
2407 1302 2516 1358 quo
2539 1303 2669 1345 casu
2691 1304 2856 1345 unum
2883 1290 3091 1356 exstitit
3123 1289 3450 1360 praecipuum
3490 1289 3768 1362 dignumque

2247 1380 2417 1435 relatu
2446 1381 2784 1446 miraculum,
2817 1382 2961 1453 quod
2981 1368 3353 1437 adolescentes
3382 1381 3503 1443 duo,
3534 1382 3643 1436 novi
3668 1398 3768 1453 ope-

2244 1473 2319 1527 ris
2347 1472 2619 1542 probitate
2642 1472 2830 1538 illecti,
2845 1487 3013 1543 prope
3036 1474 3224 1528 turrim
3252 1472 3611 1528 consistebant
3628 1473 3770 1528 laben-

2245 1572 2385 1627 tem,
2423 1577 2616 1617 novam
2650 1563 2911 1618 fabricam
2939 1563 3298 1619 continentes.
3332 1562 3459 1630 Qua:
3484 1579 3599 1618 eum
3619 1564 3767 1619 dehis-

2243 1663 2389 1707 ceret
2415 1655 2469 1708 in
2496 1655 2728 1720 ruinam,
2752 1654 2878 1709 dum
2901 1650 3139 1724 pericula
3165 1654 3336 1708 vitare
3362 1654 3596 1724 cupiunt,
3630 1654 3768 1725 magis

561 1745 696 1799 dicae
741 1754 798 1800 et
846 1747 1132 1803 soliditatis
1203 1750 1483 1804 immensa:
1516 1790 1530 1813 ,
1588 1765 1694 1803 una
1749 1750 2134 1813 meridionatis,
2170 1743 2212 1801 Β
2242 1744 2481 1814 periculo
2510 1760 2569 1800 se
2590 1753 2918 1815 supponunt,
2951 1744 3115 1808 viam,
3143 1759 3264 1812 qua:
3294 1743 3394 1798 sub
3426 1744 3535 1813 ipsa
3567 1743 3683 1796 turri
3707 1742 3768 1795 la-

559 1835 726 1890 altera
771 1836 1130 1906 aquilonalis,
1176 1837 1313 1892 infra
1363 1853 1422 1893 se
1481 1847 1646 1892 totam
1697 1837 1847 1893 chori
1890 1838 2142 1908 amplitu-

559 1928 739 1982 dinem
803 1940 857 1983 et
922 1931 1307 1985 canonicorum
1372 1930 1558 1985 sedilia
1621 1932 1978 1986 continentes.
2050 1930 2141 1984 Ha:

558 2018 770 2073 sublato
813 2019 913 2075 sibi
965 2021 1037 2075 ob
1079 2036 1271 2075 novam
1316 2021 1573 2076 fabricam
1606 2022 1801 2077 veteris
1837 2023 2014 2092 operis
2042 2022 2139 2076 ad-

559 2110 814 2165 miniculo
841 2126 939 2182 per
963 2112 1104 2180 quod
1137 2112 1305 2167 solide
1348 2122 1503 2167 antea
1542 2112 1927 2178 subsistebant,
1956 2113 2140 2168 ruinas

557 2217 720 2273 agere
748 2212 1027 2273 cmperunt
1055 2218 1165 2257 suae
1192 2204 1558 2258 continuitatis
1598 2204 1903 2274 integritate
1932 2202 2140 2257 modico

556 2292 709 2360 prius
752 2292 900 2345 hiatu
949 2291 1157 2355 soluta,
1208 2308 1313 2346 non
1366 2303 1542 2347 tamen
1588 2293 1971 2362 providebatur
1995 2292 2138 2362 quod

556 2393 667 2437 tam
720 2381 971 2439 festinam
1015 2385 1350 2439 minarentur
1404 2386 1634 2440 ruinam.
1690 2384 1745 2439 In
1802 2384 2141 2439 solemnitate

556 2473 720 2543 igitur
743 2473 1041 2543 prmlibata,
1067 2474 1397 2539 solemuiter,
1439 2486 1495 2529 ut
1526 2476 1693 2531 moris
1720 2484 1804 2531 est
1834 2477 1885 2530 in
1920 2476 2137 2541 talibus,

554 2580 664 2620 non
713 2564 884 2619 solum
945 2566 1184 2622 minores
1242 2567 1334 2622 sed
1383 2576 1440 2621 et
1498 2567 1730 2637 majores
1786 2568 2141 2637 pulsabantur

554 2671 852 2726 campanae,
882 2658 935 2712 in
968 2673 1197 2727 quarum
1236 2658 1479 2727 profecto
1511 2660 1865 2715 concussione
1898 2673 2003 2713 non
2036 2659 2143 2712 int-

553 2750 750 2805 merito
779 2750 973 2805 debere
1004 2744 1163 2806 ruere
1207 2752 1485 2806 timeretur
1514 2761 1571 2807 et
1612 2752 1892 2809 universos
1936 2755 2140 2822 pariter

553 2840 856 2910 opprimere
884 2841 973 2911 qui
1004 2854 1068 2895 eo
1095 2840 1183 2895 die
1217 2839 1552 2909 frequentius
1580 2841 1647 2896 ad
1685 2842 1970 2896 ecclesiam
2010 2856 2138 2896 con-

551 2938 813 2983 venerant
837 2929 1147 2984 festivitatis
1172 2930 1414 2993 obtentu,
1439 2932 1482 2985 si
1512 2939 1834 3000 putarentur
1862 2932 1929 2986 de
1956 2930 2139 3001 proxi-

551 3032 642 3071 mo
673 3019 925 3081 ruitura;
956 3020 1122 3073 turris
1151 3028 1325 3074 tamen
1352 3020 1719 3075 mcridionalis
1748 3020 1950 3089 majore
1976 3021 2135 3075 solito

2244 1836 2406 1890 bente
2434 1837 2679 1905 patebat,
2701 1836 2990 1891 instantius
3012 1836 3337 1905 relegentes.
3362 1833 3467 1889 Sed
3494 1832 3773 1903 dispensatio

2244 1929 2423 1984 divina
2463 1930 2677 1983 ruinam
2697 1929 2958 1983 miraculo
2977 1927 3243 1983 continuit
3265 1940 3542 1997 quousque
3567 1924 3773 1996 fugiendo

2242 2021 2369 2074 vita:
2412 2020 2641 2090 propria:
2697 2019 3043 2074 consulerent
3095 2020 3149 2073 in
3182 2026 3430 2083 statu,et
3476 2017 3560 2070 vix
3588 2016 3635 2069 in
3682 2014 3777 2069 loro

2242 2112 2491 2167 stationis
2521 2120 2635 2166 tuto
2662 2112 2901 2182 quidem,
2931 2110 3029 2167 sed
3058 2113 3236 2165 adhuc
3270 2121 3521 2180 suspecto
3559 2108 3776 2163 constite

2243 2211 2383 2268 rant,
2402 2203 2618 2273 quando
2642 2203 2805 2257 turris
2828 2201 3024 2256 cecidit
3046 2201 3377 2271 supradicta.
3405 2201 3570 2256 Exciti
3598 2199 3775 2268 fragore

2242 2294 2441 2365 populi,
2474 2294 2533 2346 tit
2571 2306 2888 2357 concursus,
2918 2293 3094 2346 stabat
3123 2293 3299 2347 adhuc
3326 2300 3380 2345 et
3405 2292 3456 2345 in
3483 2290 3642 2345 solido
3678 2288 3775 2343 sub-

2239 2387 2430 2442 sistere
2457 2384 2740 2438 videbatur
2778 2383 2942 2436 tnrris
2986 2380 3220 2451 aquiloni
3266 2382 3500 2451 objecta,
3526 2394 3639 2433 cum
3675 2389 3775 2431 ecce

2241 2479 2325 2532 vix
2360 2476 2655 2545 interjectte
2684 2476 2919 2531 dimidia:
2952 2475 3097 2529 horae
3126 2474 3302 2544 spatio
3351 2473 3418 2527 ad
3460 2481 3646 2527 terram
3681 2460 3781 2538 pro-

2240 2570 2499 2625 cumbens
2528 2578 2693 2624 totam
2726 2567 2883 2623 molis
2918 2582 3028 2621 suis
3070 2567 3383 2635 congeriem
3428 2564 3498 2629 ei,
3523 2577 3632 2633 quae
3659 2562 3778 2631 prius

2240 2663 2535 2729 ceciderat,
2567 2660 2873 2732 superjecit.

2240 2769 2480 2837 Qualiter
2523 2768 2780 2824 Dominus
2821 2768 3101 2824 clementer
3145 2777 3193 2822 et
3239 2766 3557 2822 miraculose
3600 2764 3785 2817 ruinam.

2591 2839 2793 2894 distulit
2820 2840 2872 2892 in
2900 2840 3083 2893 lteram
3111 2849 3481 2908 opportunam.

2309 2931 2367 2985 In
2404 2946 2511 3002 quo
2553 2931 2605 2985 id
2649 2930 2817 2985 divini
2870 2938 3082 2985 constat
3132 2929 3300 2984 fuisse
3357 2927 3625 2989 miraculi,
3667 2922 3778 2996 quod

2239 3038 2362 3079 cum
2388 3024 2637 3078 humanae
2675 3021 2899 3077 rationis
2942 3019 3313 3093 irrefragabile
3367 3029 3512 3076 esset
3541 3029 3783 3089 argumen-

550 3108 888 3176 pandebatur
910 3110 1080 3172 hiatu,
1103 3111 1245 3180 quod
1269 3111 1538 3167 intuentes
1559 3112 1774 3181 quidam
1822 3085 1887 3167 de
1908 3113 2011 3167 hoc
2028 3125 2139 3166 cm-
2163 3085 2207 3148 ο
2237 3123 2375 3179 tum,
2407 3114 2552 3186 quod
2589 3115 2633 3169 si
2665 3114 2737 3168 ita
2768 3114 2833 3169 de
2863 3114 3110 3184 proximo
3139 3085 3371 3167 turrium
3407 3085 3625 3168 instaret
3657 3108 3781 3163 ruina

550 3208 747 3269 perunt
766 3199 1017 3253 conferre
1040 3214 1342 3254 sermonem
1368 3201 1458 3270 qui
1484 3209 1536 3255 et
1558 3201 1624 3256 ad
1647 3204 1937 3257 canonicos
1964 3216 2133 3271 usque

2235 3205 2303 3259 ad
2332 3203 2741 3260 concussiouem
2772 3217 3160 3273 campanarum
3191 3210 3246 3256 et
3287 3201 3596 3271 strepitum,
3625 3196 3784 3267 quibus

547 3293 820 3359 pervenit.
846 3288 2132 3363 VocaturmagisterOperisimminentejatnhora
2229 3292 2382 3364 juxta
2431 3292 2793 3350 solemnitatis
2818 3292 3148 3363 exigentiam
3188 3291 3307 3362 plus
3362 3291 3523 3346 solito
3565 3296 3704 3343 nocte
3732 3298 3782 3338 ac

551 3383 733 3447 tertia,
760 3383 1126 3451 interrogatur
1146 3384 1188 3436 si
1212 3385 1277 3439 de
1299 3384 1448 3450 lapsu
1479 3386 1708 3440 turrium
1738 3395 1881 3441 esset
1903 3400 2136 3456 praesen-

549 3472 754 3528 tialiter
777 3474 1122 3528 metuendum
1152 3482 1211 3528 et
1226 3474 1269 3528 si
1296 3484 1476 3544 posset
1499 3490 1689 3531 secure
1719 3485 2015 3531 conventus
2036 3477 2137 3532 sub

548 3566 657 3620 illis
704 3565 886 3621 divina
929 3565 1101 3622 oliicia
1145 3567 1419 3624 celebrare
1450 3588 1461 3622 :
1492 3585 1601 3639 quo
1643 3578 1958 3625 constanter
1996 3569 2138 3625 atiir-

549 3665 731 3711 mante
760 3657 1056 3712 timendum
1079 3673 1183 3714 non
1211 3673 1351 3724 esse,
1381 3662 1599 3730 quidam
1625 3662 1691 3717 de
1716 3662 1994 3732 discipulis
2018 3662 2136 3732 ejus

548 3745 642 3814 qui
673 3761 910 3816 przesens
935 3746 1142 3814 aderat,
1172 3749 1309 3804 dixit
1358 3751 1500 3821 quod
1538 3767 1639 3807 nec
1677 3767 1775 3822 per
1828 3754 2015 3808 horam
2053 3769 2139 3809 se-

547 3853 736 3893 curum
769 3853 874 3894 non
905 3850 1050 3895 esset
1078 3856 1298 3897 manere
1336 3844 1435 3898 sub
1463 3844 1593 3910 illis;
1649 3860 1810 3915 quem
1851 3846 2137 3918 objurgare

547 3929 713 3999 cmpit
736 3929 995 3999 magister
1019 3932 1171 4001 quasi
1197 3941 1396 3987 metum
1422 3933 1749 4004 superﬂuum
1780 3936 2134 3990 intentantem

547 4019 856 4083 canonicis,
910 4020 1094 4075 trabes
1137 4022 1398 4090 quasdam
1449 4025 1739 4079 ostendens
1784 4040 1815 4079 a
1863 4034 2011 4080 turre
2069 4026 2135 4081 ad

547 4122 753 4164 turrem
806 4111 1187 4179 protendenles
1231 4127 1350 4180 quae
1396 4121 1563 4167 totam
1607 4129 1792 4169 eorum
1829 4117 2132 4171 machinam

546 4216 617 4256 ne
661 4211 841 4256 rueret
878 4202 1244 4256 continebant.
1288 4202 1388 4269 Qui
1429 4219 1552 4257 cum
1594 4206 1883 4261 instantius
1921 4222 2132 4276 quaere-

546 4305 699 4350 retur
718 4295 783 4351 de
804 4297 1096 4353 securitate
1117 4296 1383 4363 habenda,
1402 4298 1533 4353 nihil
1556 4300 1657 4354 nisi
1677 4309 1884 4355 certum
1899 4301 2129 4367 diceret,

547 4386 1073 4455 quasiquaerentium
1094 4386 1497 4456 importunitate
1511 4390 1962 4458 devictus,dixit:
1986 4393 2130 4448 Nihil

2238 3387 2326 3441 die
2361 3394 2567 3440 vexatae
2617 3384 2835 3439 fuerant
2877 3392 2932 3438 et
2976 3397 3275 3448 concussae,
3308 3382 3493 3454 potius
3535 3392 3678 3435 ruere
3711 3377 3785 3430 de-

2236 3477 2461 3532 buisset.
2517 3474 2672 3543 Quod
2719 3473 2906 3544 utique
2928 3474 3049 3530 sine
3077 3482 3259 3546 strage
3317 3472 3649 3544 permaxima
3690 3466 3782 3521 fieri

2237 3567 2608 3636 nequivisset,
2639 3565 2810 3620 virtus
2842 3565 3021 3618 divina
3056 3565 3266 3619 ruinam
3290 3562 3612 3619 miraculose
3637 3558 3781 3614 distu-

2237 3658 2302 3713 lit
2330 3659 2397 3713 ad
2421 3667 2654 3729 tempus,
2673 3658 2862 3711 horam
2892 3656 3185 3726 providens
3204 3666 3587 3726 opportunam,
3613 3654 3659 3707 in
3678 3664 3786 3721 qua.

2236 3751 2490 3807 omnibus
2515 3750 2850 3815 absentibus,
2881 3749 3051 3821 magis
3076 3749 3194 3804 sine
3222 3747 3446 3804 laesione
3474 3747 3728 3803 hominum
3745 3750 3794 3797 et

2236 3841 2477 3913 periculo
2500 3841 2616 3896 lteri
2640 3842 2925 3912 potuisset.

2299 3932 2440 3999 Quid
2463 3932 2789 4002 pensandum
2817 3930 2975 4001 fuerit
3006 3931 3061 3985 in
3080 3931 3179 3985 hac
3210 3930 3547 3985 miseratione
3573 3926 3744 3982 divina.

2304 4024 2361 4078 ln
2386 4037 2493 4092 quo
2517 4034 2572 4077 et
2599 4022 2729 4077 illud
2757 4021 3090 4092 pensandum
3120 4019 3221 4075 fuit
3243 4030 3450 4090 quanta
3478 4018 3799 4074 miseratione-

2234 4128 2333 4169 nos
2357 4113 2627 4168 Dominus
2646 4113 2875 4167 vocabat
2902 4111 2968 4166 ad
2998 4111 3402 4182 paenitentiam,
3447 4110 3630 4165 nolens
3670 4119 3787 4161 mor-

2236 4214 2341 4257 tem
2367 4203 2692 4274 peccatoris,
2729 4202 2823 4257 sed
2853 4201 3026 4272 magis
3060 4209 3119 4254 ut
3153 4209 3509 4255 convertatur
3551 4208 3604 4255 et
3632 4199 3786 4255 vivat;

2231 4293 2324 4365 qui
2348 4294 2414 4348 de
2444 4301 2590 4347 tanta
2620 4293 2812 4347 mortis
2835 4291 3086 4348 instantia
3115 4305 3212 4346 nos
3241 4290 3367 4345 licet
3388 4291 3635 4361 indignos
3660 4286 3789 4341 mise-

2236 4384 2523 4441 ricorditer
2551 4382 2803 4439 liberavit
2834 4397 2932 4437 suo
2974 4391 3161 4436 tamen
3192 4382 3419 4436 servitio
3450 4379 3789 4449 mancipatos;

547 4444 770 4530 omnino
808 4484 1013 4531 certum
1056 4444 1236 4533 dice-re
1256 4477 1435 4540 valeo,
1473 4480 1727 4550 ignorans
1761 4444 1900 4553 quid
1942 4496 2133 4554 parent
2158 4444 2210 4504 θ
2237 4476 2519 4545 quietiam
2547 4490 2861 4545 campanas,
2903 4473 2971 4528 de
3000 4473 3197 4543 quibus
3240 4472 3370 4527 nulli
3406 4473 3628 4528 dubium
3666 4466 3788 4521 vide.

546 4579 784 4639 tempora
816 4568 1017 4623 futura.
1054 4568 1136 4623 Ad
1164 4570 1276 4624 haec
1301 4571 1462 4625 verba
1493 4574 1643 4641 quasi
1671 4576 1902 4643 quodam
1934 4576 2130 4631 mentis

542 4662 830 4732 praesagio,
868 4662 920 4715 in
967 4662 1068 4716 hoc
1095 4663 1194 4716 fuit
1220 4678 1455 4718 consona
1486 4666 1725 4719 omnium
1763 4667 2028 4722 sententia
2072 4677 2130 4721 ut

545 4762 763 4823 peracta
792 4753 1132 4822 processioue
1168 4766 1286 4821 qua:
1324 4753 1607 4819 instabat,
1642 4762 1761 4808 erat
1803 4755 1945 4809 enim
1996 4756 2126 4809 hora

545 4845 704 4899 tertia
729 4843 781 4898 in
809 4843 1038 4900 ecclesia
1087 4843 1145 4897 Β.
1191 4843 1389 4909 Mari-.9,
1450 4860 1579 4915 quur
1599 4846 1663 4901 de
1692 4846 2024 4916 appendiciis
2054 4862 2136 4901 ec-

544 4938 723 4993 clesiae
763 4937 982 5008 majoris
1023 4938 1251 5002 exstitit,
1281 4939 1570 4993 missarum
1609 4939 2013 4994 celebrarentur
2040 4954 2132 4991 so-

543 5028 769 5090 lemnia,
802 5028 947 5098 quod
981 5028 1180 5083 factum
1232 5038 1316 5083 est
1362 5029 1713 5083 nihilominus
1749 5043 1896 5081 more
1946 5027 2126 5089 solito,

516 5119 699 5188 quasi
735 5118 865 5173 nihil
899 5119 1181 5173 tinteretur
1228 5134 1418 5174 omnes
1456 5118 1804 5190 pulsabantur
1830 5132 2125 5185 campanae,

544 5224 776 5278 quarum
826 5209 1222 5279 pulsationibus
1269 5219 1531 5278 quantum
1559 5209 1625 5264 de
1654 5208 1891 5261 humana
1918 5207 2127 5261 ratione

545 5302 723 5357 fuerat
749 5316 855 5357 non
886 5302 986 5357 nisi
1015 5303 1169 5357 fortis
1199 5294 1445 5357 machina
1496 5301 1808 5365 restitisset,
1838 5300 1933 5353 sed
1961 5299 2123 5352 dilata

547 5405 630 5450 est
653 5394 830 5460 ruina,
868 5403 1007 5448 utet
1037 5394 1209 5448 virtus
1235 5393 1413 5447 divina
1451 5407 1572 5461 qua:
1615 5393 1893 5447 continere
1925 5391 2121 5461 potuit,

547 5493 603 5538 et
639 5485 945 5555 benignitas
985 5499 1105 5552 quae
1147 5496 1411 5554 apparere
1446 5482 1633 5546 voluit,
1669 5482 1719 5534 in
1773 5496 1958 5534 earum
1996 5494 2124 5533 casu

548 5574 835 5642 repentino
873 5574 1175 5628 evidentius
1211 5581 1518 5643 appareret,
1571 5571 1716 5625 omni
1750 5580 1874 5625 tunc
1904 5586 2127 5625 concus-

549 5663 699 5717 sione
726 5672 991 5717 cessante.
1017 5664 1213 5728 Porro,
1247 5663 1365 5718 loco
1394 5663 1574 5718 divina
1602 5662 1926 5731 exsequendi
1957 5660 2127 5715 ofﬁcia

2237 4566 2396 4621 batur
2423 4567 2553 4636 quin
2583 4567 2683 4620 sub
2706 4573 2867 4619 tanta:
2896 4562 3052 4618 molis
3077 4563 3235 4616 ruina
3256 4563 3535 4617 communi
3556 4561 3788 4614 deberent

2238 4656 2451 4725 penitus
2504 4664 2558 4708 et
2604 4653 2890 4724 confringi,
2943 4654 3133 4706 eadem
3183 4652 3536 4706 miseratione
3587 4644 3793 4703 servavit

2238 4747 2450 4802 illaesas.
2503 4746 2558 4800 In
2608 4760 2714 4815 quo
2756 4744 3104 4799 nihilominus
3152 4742 3415 4812 liquidum
3463 4743 3567 4797 fuit
3610 4746 3796 4809 quanta:

2239 4839 2458 4908 pietatis
2509 4837 2825 4891 visceribus.
2867 4834 3205 4889 rationabilia
3253 4834 3667 4904 complectatur,
3718 4824 3793 4895 qui

2236 4932 2401 4986 etiam
2430 4928 2722 4984 inscnsatis
2749 4924 2933 4991 rebus,
2971 4926 3064 4981 sed
3097 4925 3298 4980 divinis
3349 4925 3584 4979 addictis
3614 4921 3795 4975 usibus.

2233 5020 2586 5090 benignitatis
2615 5033 2727 5073 suae
2752 5017 2957 5072 viscera
2986 5032 3092 5070 non
3117 5018 3354 5085 negavit.

2549 5110 2624 5164 De
2649 5108 2903 5177 cruciﬁxo
2935 5117 2989 5161 et
3012 5107 3169 5161 altari
3194 5106 3520 5176 confratriar.

2304 5201 2704 5273 l’rosequamur
2744 5201 2921 5254 adhuc
2973 5199 3170 5253 divina:
3197 5197 3466 5268 magnalia
3515 5192 3790 5267 potestatis.

2232 5294 2400 5347 Erant
2428 5293 2482 5347 in
2509 5291 2633 5345 navi
2661 5289 2903 5344 ecclesiae
2944 5290 3110 5345 choro
3137 5289 3388 5357 contigua
3432 5286 3623 5340 altaria
3666 5284 3793 5344 duo;

2233 5385 2480 5439 dextrum
2512 5382 2687 5437 sancti
2731 5380 2952 5435 Thema!
2997 5379 3275 5451 martyris,
3308 5378 3450 5448 quod
3480 5388 3537 5432 et
3569 5377 3634 5430 de
3669 5375 3792 5429 (lon-

2235 5476 2423 5530 fratria
2451 5474 2750 5537 dicebatur,
2779 5486 2844 5526 eo
2873 5470 3014 5539 quod
3044 5485 3142 5539 pro
3169 5467 3536 5523 eonfratribus
3575 5461 3793 5521 ecclesiae

2234 5571 2401 5624 missa
2428 5568 2497 5621 ibi
2529 5566 2770 5637 quotidie
2796 5564 3133 5628 celebretur;
3161 5562 3438 5617 sinistrum
3466 5576 3594 5616 vero
3613 5565 3793 5614 :53!le

2235 5661 2442 5723 Crucis,
2476 5674 2615 5728 (μιᾶς,
2653 5657 2751 5711 etsi
2795 5658 3030 5710 turribus
3071 5670 3098 5708 a
3144 5653 3427 5724 posteriori
3474 5661 3626 5722 parte
3675 5656 3793 5717 pene
