3918 6316
157 297 234 352 5"
1038 281 1127 340 DE
1163 283 1408 340 GESTIS
1446 285 1659 341 EPISC.
1695 287 2077 344 ANTISSIOD.
2121 287 2297 344 PARS
2334 289 2374 342 l.

3257 282 3366 338 543

155 410 395 478 contigua,
429 404 481 458 in
506 411 711 474 partim
741 409 915 456 tamen
959 402 1282 457 anteriorem
1313 399 1550 455 ecclesia:
1579 415 1692 454 am-
1718 408 1768 464 Α
1797 401 1922 455 dum
1981 417 2249 478 aggerem
2291 399 2660 462 desudabant;
2721 414 2818 454 nec
2868 399 3119 454 obstabat
3176 398 3366 454 studiis

154 503 266 574 plius
299 495 688 569 prominebant,
724 502 984 563 erantque
1008 507 1169 562 super
1197 492 1284 547 illa
1327 492 1529 562 pulpita
1566 493 1686 554 duo,

154 597 195 650 in
215 605 427 663 quorum
463 589 631 642 altero
661 587 866 642 festivis
893 587 1081 640 diebtts
1119 585 1400 647 lectiones,
1438 585 1492 638 in
1524 583 1692 638 altero

151 681 464 752 Evangelium
498 679 795 748 legebatur.
828 677 884 731 ln
913 692 979 731 eo
1006 675 1227 745 pulpito,
1260 675 1399 743 quod
1435 683 1552 728 erat
1597 689 1690 728 su-

150 788 228 842 per
253 769 413 823 altare
440 775 640 821 sane-tte
679 765 890 828 Crucis,
921 773 1038 818 erat
1068 779 1200 818 crux
1232 763 1552 833 quantitatis
1583 776 1687 816 nou

147 877 299 932 parva:
324 867 556 914 veterem
590 857 788 911 habens
824 856 1110 925 imaginem
1143 852 1418 919 Crucilixi,
1461 861 1690 908 mortem

147 947 327 1004 Domini
373 946 786 1016 exprimentem,
817 960 938 1012 qua:
972 960 1000 997 a
1035 943 1320 1013 posteriori
1355 951 1508 1012 parte
1554 957 1688 1010 pan-

146 1053 251 1093 num
276 1033 505 1090 habebat
531 1035 763 1088 sericum
790 1034 889 1087 sibi
920 1049 1140 1102 prorsus
1165 1032 1472 1101 contiguum
1508 1039 1560 1085 et
1592 1031 1687 1085 ad-

147 1131 432 1189 haerentem,
466 1125 536 1178 ita
571 1135 626 1178 ut
653 1139 867 1179 crucem
899 1133 1138 1192 tangeret
1162 1123 1514 1191 undequaque
1547 1123 1690 1176 hunc

142 1235 348 1292 pannum
377 1219 528 1272 ruina
570 1219 754 1285 turris,
784 1233 943 1273 cruce
973 1218 1053 1272 vel
1080 1217 1310 1287 imagine
1341 1215 1554 1284 penitus
1582 1213 1687 1267 illi-

143 1315 266 1376 bata,
297 1312 364 1364 ita
388 1310 690 1363 minutatim
720 1309 994 1373 contrivit,
1031 1309 1171 1377 quod
1204 1307 1290 1360 vix
1323 1306 1436 1376 ejus
1461 1303 1685 1373 vestigia

143 1409 475 1463 remanerent,
501 1399 655 1454 altari
701 1401 1049 1454 nihilominus
1076 1398 1378 1468 supposito,
1409 1406 1461 1450 et
1489 1397 1540 1448 in
1585 1411 1684 1448 an-

140 1495 361 1548 teriorem
393 1501 599 1562 partem
627 1491 864 1546 ecclesiae
910 1488 1339 1560 prominentiori,
1385 1494 1444 1539 ut
1485 1487 1683 1541 dictum

139 1595 221 1642 est.
253 1584 380 1638 adeo
409 1583 758 1648 comminuto,
789 1591 845 1636 ut
875 1582 1035 1636 nulla:
1061 1580 1178 1650 ejus
1210 1587 1388 1650 partes
1414 1579 1514 1633 sibi
1550 1578 1686 1632 invi-

138 1690 232 1728 cem
279 1673 627 1737 cohaererent,
688 1673 894 1742 pulpito
947 1671 1211 1742 superiori
1261 1671 1470 1739 integro
1513 1683 1686 1724 rema-

136 1775 289 1818 nente.
318 1764 517 1819 Contra
567 1764 736 1818 altare
788 1764 1118 1827 confratrim,
1171 1763 1238 1818 de
1282 1778 1388 1832 quo
1436 1761 1682 1829 superius
1716 1759 1758 1815 B

137 1855 360 1918 diximus,
392 1855 535 1924 quod
561 1862 678 1908 erat
725 1854 856 1908 turri
896 1851 1231 1908 meridionali
1262 1852 1679 1916 conterminum,

136 1960 217 1999 nec
245 1945 414 1998 minus
435 1945 481 1998 ei
511 1953 756 2013 suspecta
784 1945 1066 1997 videbatur
1095 1943 1271 2008 ruina,
1302 1941 1571 1998 incolume
1592 1957 1680 1996 re-

134 2037 304 2090 mansit
333 2048 383 2091 et
413 2037 709 2106 integrum,
744 2035 946 2106 pulpito
975 2036 1114 2106 quod
1149 2043 1265 2089 erat
1297 2033 1528 2104 desuper
1573 2033 1680 2088 dis-

132 2128 280 2196 sipato
303 2141 398 2197 pro
421 2136 598 2195 parte.

377 2223 520 2302 Quid
550 2237 872 2306 pensandum
900 2239 951 2292 in
988 2241 1084 2290 hoc
1114 2235 1391 2290 miraculo.

184 2348 284 2414 Qua
312 2349 362 2402 in
385 2362 442 2401 re
465 2348 793 2416 pensandum
823 2347 926 2401 fuit
953 2348 1235 2402 Dominum
1266 2346 1586 2402 miraculosc
1607 2346 1674 2401 ad

127 2439 438 2492 excitandam
477 2438 814 2493 devotionem
867 2437 1124 2503 fidelium,
1163 2447 1217 2493 et
1262 2455 1372 2492 sua:
1409 2438 1674 2508 passionis

125 2529 320 2600 efﬁgiem
355 2539 410 2584 et
433 2528 606 2585 locum
641 2531 728 2583 ubi
752 2545 850 2600 pro
873 2529 1235 2585 confratribus
1263 2530 1570 2600 specialiter
1599 2531 1672 2584 di-

123 2621 226 2672 vina
251 2619 487 2690 quotidie
530 2621 870 2675 celebrantur
896 2624 1174 2693 mysteria,
1205 2623 1416 2678 czeteris
1456 2623 1670 2690 dirutis,

122 2725 439 2767 conservare.
473 2711 729 2778 Quamvis
761 2713 812 2767 in
839 2714 1008 2768 altare
1034 2716 1206 2785 majus
1231 2716 1382 2769 ruina
1405 2731 1672 2786 provene-

119 2802 193 2864 rit,
216 2802 545 2872 frontemque
574 2803 688 2872 ejus
713 2813 767 2859 et
810 2804 978 2859 latera
1009 2805 1176 2859 multo
1203 2821 1398 2875 aggere
1430 2807 1669 2876 repleve-

120 2892 196 2955 rit,
221 2891 266 2946 ei
293 2901 470 2946 tamen
492 2890 590 2946 fuit
622 2893 870 2959 innoxia;
901 2903 1127 2963 excepto
1154 2894 1294 2963 quod
1324 2910 1559 2964 pannum
1585 2910 1668 2950 se-

117 2983 264 3035 ricum
294 2983 584 3052 pretiosum
613 2983 849 3052 quidem,
880 2985 1020 3052 quod
1039 2985 1108 3039 ob
1129 2985 1233 3039 diei
1263 2985 1662 3040 solemnitatem

115 3071 157 3125 in
182 3071 350 3126 fronte
403 3072 452 3126 ei
494 3071 671 3126 fuerat
708 3075 1090 3142 antepositam,
1120 3074 1405 3144 dissipavit
1449 3075 1666 3144 penitus

112 3172 154 3214 et
201 3163 464 3231 disrupit,
516 3177 690 3232 capsa:
747 3177 865 3231 qua:
911 3172 1066 3216 erant
1124 3162 1278 3216 altari
1333 3163 1662 3234 suppositae,

110 3259 400 3304 sanctorum
429 3251 651 3322 pignora
683 3251 1037 3316 continentes,
1068 3261 1480 3322 permanserunt
1506 3268 1666 3324 pror-

106 3355 184 3395 sus
207 3342 443 3396 intactm.

165 3454 239 3509 De
263 3455 520 3510 miraculo
546 3455 665 3510 libri
691 3457 748 3510 in
794 3473 895 3527 quo
925 3456 1192 3528 legebatur
1217 3457 1286 3510 ad
1314 3456 1574 3511 Primam.

157 3567 317 3623 Liber
369 3571 422 3624 in
470 3585 576 3640 quo
627 3571 905 3641 legebatur
951 3573 1018 3626 ad
1071 3572 1306 3625 Primam
1347 3581 1654 3626 sanctorum

96 3659 305 3715 Patrum
336 3662 575 3732 regulam
599 3671 653 3717 et
681 3662 982 3733 catalogum
1012 3671 1322 3717 sanctorum
1351 3663 1653 3727 continens,

93 3760 140 3805 rt
166 3753 382 3821 quidam
414 3752 503 3806 alii
528 3753 646 3808 libri
675 3754 740 3808 ad
766 3754 980 3808 missam
1011 3752 1325 3818 necessarii,
1354 3767 1498 3806 cum.
1535 3767 1660 3804 arca

92 3842 140 3893 in
171 3857 279 3911 qua
329 3842 727 3913 reponebantur
779 3843 833 3898 iu
894 3843 1070 3898 medio
1123 3842 1295 3907 chori,
1329 3843 1428 3896 sub
1471 3841 1657 3895 eadem

90 3934 234 3987 ruina
267 3935 485 3988 fuerunt
504 3933 768 4002 oppressi.
795 3934 931 3987 Area
958 3931 1284 4002 fuitpenitus
1306 3933 1652 3995 comminuta,

89 4021 200 4074 libri
228 4023 448 4077 circiter
471 4037 709 4076 mensem
741 4023 824 4076 vel
854 4022 1081 4092 amplius
1110 4021 1325 4077 fuerunt
1363 4024 1463 4078 sub
1503 4024 1656 4077 ruina

89 4112 344 4168 imbribus
374 4113 626 4183 expositi,
659 4114 772 4182 qui,
807 4123 933 4168 tunc
974 4114 1186 4167 hiemali
1221 4123 1480 4185 tempore,
1521 4116 1654 4169 ube-

88 4201 194 4256 rius
247 4204 596 4273 prolluebant.
647 4203 882 4258 Tandem
935 4213 1143 4259 remoto
1191 4220 1404 4275 aggere,
1440 4206 1654 4258 inventa

85 4303 162 4345 est
191 4311 319 4350 area
350 4297 656 4350 minutatitn
703 4296 1000 4360 confracta,
1033 4306 1085 4349 et
1116 4295 1235 4350 libri
1265 4297 1538 4352 asseribus
1569 4299 1654 4352 in-

87 4387 248 4452 tegris
273 4387 324 4440 in
357 4387 503 4442 nullo
529 4387 698 4440 ruina:
725 4386 804 4440 vel
847 4386 1145 4457 pluviarum
1172 4388 1404 4441 sensisse
1440 4387 1657 4455 dispen-

1794 491 1960 544 ruime
1983 491 2275 555 periculum
2309 489 2655 544 imminentis.

1854 601 1930 654 De
1956 602 2208 654 mirarulo
2234 602 2345 670 ejus
2371 599 2460 670 qui
2496 600 2702 654 sustulit
2735 602 2962 654 tunicam
3001 599 3094 652 sub
3122 599 3297 652 ruina.

1863 709 1958 764 Die
1983 713 2212 780 quadam
2243 726 2363 764 cum
2399 711 2465 764 ad
2511 710 2891 765 removendam
2924 708 3134 780 aggeris
3164 719 3362 776 conge-

1793 801 1926 856 riem
1972 801 2022 855 in
2053 817 2112 854 ea
2147 809 2299 870 parte
2331 801 2381 854 in
2411 816 2513 870 qua
2546 801 2703 856 fissus
2730 785 2907 871 paries
2933 810 3051 856 erat
3077 799 3365 870 proclivior

1791 891 1857 944 ad
1892 893 2102 944 ruinam
2128 906 2299 960 usque
2339 891 2406 944 ad
2434 893 2621 945 horam
2669 893 3030 961 vespertinam
3075 891 3364 945 instantius

1791 980 2130 1038 laborassent
2161 997 2403 1051 opusque
2431 981 2694 1048 ferveret,
2721 997 2847 1052 pars
2883 983 2968 1036 illa
2997 983 3219 1052 parietis
3243 998 3363 1050 qua:

1791 1070 1997 1140 lapsum
2046 1072 2352 1126 minabatur
2375 1074 2541 1142 cmpit
2579 1083 2796 1142 repente
2827 1074 3068 1128 dissolvi.
3105 1074 3222 1139 Quo
3248 1072 3362 1125 viso

1790 1163 1994 1218 clamor
2046 1164 2219 1218 oritur
2273 1165 2582 1228 astantium,
2628 1176 2684 1218 ut
2727 1166 2816 1234 qui
2865 1167 2929 1220 de
2959 1167 3146 1220 subtus
3197 1167 3367 1218 insta-

1790 1255 1917 1306 bant
1953 1255 2123 1322 operi,
2161 1253 2296 1324 fugae
2345 1254 2578 1310 velocius
2624 1255 2986 1320 consulerent,
3034 1257 3228 1327 quibus
3271 1257 3355 1309 fu-

1789 1343 2077 1412 gientibus,
2111 1359 2247 1398 unus
2285 1344 2518 1398 tunicam
2548 1345 2844 1411 dimiserat,
2873 1347 2939 1401 ad
2971 1361 3132 1416 quam
3167 1333 3360 1402 tollen-

1789 1434 1912 1486 dam
1940 1436 2190 1489 omnibus
2223 1444 2277 1487 ut
2309 1434 2516 1504 fugeret
2549 1437 2922 1498 clamantibus,
2953 1447 3037 1491 est
3066 1453 3316 1492 reversus
3343 1455 3358 1500 ;

1789 1539 2044 1593 suspensa
2110 1535 2192 1579 est
2239 1526 2416 1591 ruina,
2457 1527 2633 1581 divina
2692 1527 2921 1583 faciente
2971 1529 3188 1593 virtute,
3229 1545 3360 1598 quo-

1789 1632 1956 1686 usque
2005 1617 2093 1671 ille
2135 1618 2368 1672 tunicam
2417 1620 2740 1675 sustulisset.
2791 1621 2918 1686 Qum.
2963 1621 3160 1691 ingenti
3213 1620 3357 1690 lapsa

1790 1707 2021 1778 fragore,
2051 1720 2289 1764 extrema
2338 1711 2456 1780 ejus
2505 1721 2728 1780 tangens
2782 1714 2963 1776 vestis,
3013 1713 3089 1768 sic
3144 1714 3356 1766 innoxia

1787 1802 1979 1856 cecidit
2003 1817 2165 1871 super
2196 1803 2355 1856 aliam
2394 1804 2564 1858 ruinae
2594 1805 2897 1874 congeriem
2935 1814 2989 1857 ut
3021 1803 3152 1857 nihil
3183 1805 3358 1858 omni-

1786 1911 1854 1949 no
1883 1909 2062 1949 secum
2121 1896 2355 1949 traheret
2401 1895 2452 1948 iu
2487 1895 2718 1948 ruinam.
2765 1894 2808 1950 Ο
2841 1893 3126 1950 ineffabilis
3163 1894 3357 1948 divina:

1783 1985 2142 2038 miserationis
2176 1985 2408 2050 bonitas,
2441 2001 2559 2054 qure
2589 1986 2667 2039 sic
2694 1986 2965 2055 perituros
2991 1985 3056 2038 ad
3095 1984 3358 2053 pteniten-

1781 2076 1908 2128 liam
1943 2076 2270 2139 reservabat,
2298 2085 2351 2129 et
2401 2078 2464 2128 ad
2498 2076 2835 2129 devotionem
2876 2085 3192 2131 cunctorum
3240 2075 3356 2128 ani-

1780 2173 1896 2218 mos
1948 2165 2305 2220 informabat!
2363 2165 2595 2236 Digressi
2661 2181 2844 2220 sumus
2901 2165 3205 2235 paululum},
3260 2165 3353 2219 sed

1779 2272 1882 2310 non
1916 2255 2011 2311 abs
2042 2272 2120 2322 re,
2144 2257 2398 2326 quoniam
2445 2271 2607 2325 opera
2662 2257 2780 2323 Dei,
2804 2255 2956 2324 juxta
2989 2255 3211 2310 verbum
3256 2255 3355 2309 Sa-

1777 2346 1990 2416 pientis,
2047 2347 2366 2416 pra:clarum
2423 2358 2506 2400 est
2561 2361 2842 2402 enarrare.
2907 2345 3062 2401 Nunc
3109 2346 3174 2400 ad
3243 2356 3367 2400 sta-‘

1776 2439 1920 2493 dium
1954 2452 2294 2496 recurrentes
2326 2443 2390 2494 ad
2417 2457 2500 2505 ea,
2530 2456 2648 2510 qua:
2681 2450 2907 2506 restant,
2940 2441 3137 2512 stylum
3173 2456 3353 2496 rever-

1777 2542 1970 2588 tamus.

1825 2642 2066 2707 Qualiter
2093 2645 2381 2698 translatus
2407 2657 2476 2699 est
2500 2647 2568 2698 ad
2601 2644 2893 2700 Ecclesium
2924 2645 3298 2699 Parisiensem.

1839 2759 2156 2816 Guillelmus
2184 2759 2368 2829 igitur,
2398 2760 2465 2814 de
2519 2774 2626 2828 quo
2675 2761 2828 2814 nobis
2880 2774 3083 2823 sermo,
3120 2773 3241 2813 cum
3294 2759 3366 2810 in.

1770 2853 2078 2924 episc0patu
2125 2849 2606 2916 Autissiodorensi,
2648 2866 2807 2920 quem
2844 2860 3065 2906 strenue
3109 2859 3345 2914 rexerat,

1769 2960 1965 2999 annum
1987 2943 2098 3014 jam
2128 2951 2314 3012 ageret
2336 2949 2587 3010 quartum
2617 2941 2907 3007 decimum,
2929 2951 2985 2997 et
3007 2950 3130 3011 post
3151 2950 3348 2995 muttos

1769 3045 1876 3090 tam
1909 3050 2036 3104 erga
2062 3032 2327 3087 Herveum
2355 3032 2738 3088 Nivernensem
2769 3049 2929 3102 quam
2961 3048 3086 3102 erga
3127 3031 3346 3087 Petrum

1695 3110 1738 3172 C
1769 3123 2296 3178 Autissiodorensem
2325 3123 2573 3186 comites,
2597 3137 2805 3177 necnon
2849 3132 2903 3177 et
2941 3131 3130 3177 contra
3170 3121 3344 3176 domi-

1771 3232 1898 3270 num
1959 3230 2140 3286 regem
2197 3229 2397 3285 agones
2449 3213 2683 3270 feliciter
2741 3222 3023 3284 superatos
3075 3212 3347 3282 posuisset

1767 3308 1950 3364 omnia
1996 3307 2048 3360 in
2097 3305 2408 3376 tranquillo,
2439 3304 2766 3374 complacuit
2806 3305 2858 3358 in
2893 3320 2958 3359 eo
3006 3303 3225 3358 domino
3274 3317 3342 3355 ne

1768 3401 1964 3468 ignavo
1997 3404 2235 3466 torperet
2269 3396 2382 3450 otio
2411 3410 2507 3465 per
2545 3395 2802 3464 quietem,
2828 3393 3110 3465 ipsumque
3131 3391 3342 3446 vacanti

1767 3486 2059 3540 l‘arisienSt
2110 3484 2385 3549 Ecclesiae,
2435 3499 2556 3553 quae
2605 3499 2701 3537 suo
2738 3483 2876 3552 apud
2911 3481 3215 3535 Damietam
3243 3480 3340 3537 de-

1763 3577 2016 3648 fungente
2041 3583 2274 3646 pastore,
2301 3574 2461 3627 Petro
2485 3572 2757 3637 videlicet,
2789 3588 2886 3642 per
2925 3571 3155 3642 eligendi
3205 3571 3340 3626 scis-

1763 3684 1943 3724 suram
1976 3665 2284 3737 aliquandiu
2321 3665 2686 3730 laboraverat,
2732 3665 2946 3719 tandem
2987 3661 3227 3733 prazfecit
3258 3677 3341 3717 re-

1763 3759 2022 3812 nitentem
2052 3757 2243 3825 ntique
2271 3765 2324 3809 et
2361 3756 2607 3820 invitum,
2649 3765 2702 3809 et
2726 3756 2865 3824 apud
2902 3769 3172 3809 sumntum
3205 3769 3340 3824 pon-

1761 3847 1960 3903 tificem
1991 3846 2286 3900 llonorium
2328 3845 2738 3914 supplicantem,
2783 3857 2940 3914 quem
2981 3852 3198 3913 propter
3238 3845 3340 3898 hoc

1760 3937 2138 4010 personaliter,
2172 3951 2237 3989 ne
2263 3947 2567 4005 cogeretur,
2604 3935 2813 3990 adierat
2855 3951 2959 3988 non
2999 3935 3115 3989 sine
3145 3949 3339 4003 magno

1760 4029 2000 4100 corporis
2027 4027 2288 4098 periculo,
2340 4027 2744 4081 imminentibus
2777 4025 2888 4094 jam
2918 4025 3118 4081 mstivis
3159 4026 3336 4080 fervo-

1760 4120 1908 4173 ribus
1936 4119 2078 4173 eirca
2131 4116 2464 4170 nativitatem
2516 4115 2658 4170 beati
2689 4114 2934 4178 Joannis,
2967 4113 3055 4183 qui
3093 4113 3219 4178 sibi,
3252 4121 3338 4166 ut—

1758 4221 1882 4281 pote
1917 4217 2198 4264 attenuato
2219 4215 2273 4262 et
2295 4206 2586 4271 cholerico,
2617 4214 2672 4261 et
2694 4206 2784 4275 qui
2810 4220 2841 4259 a
2866 4205 3047 4260 calore
3081 4203 3336 4260 facillime

1758 4311 2055 4374 pateretur,
2102 4300 2263 4355 nimis
2313 4299 2566 4354 contrarii
2606 4298 2928 4354 existebant.
2986 4297 3137 4368 Apud
3178 4312 3342 4366 quem-

1763 4405 1942 4449 tamen
1991 4408 2096 4446 non
2137 4390 2374 4477 profecit
2439 4390 2567 4459 quin
2617 4389 3030 4459 compelleretur
3097 4387 3336 4443 Parisios

87 4476 191 4539 dia.
220 4479 321 4532 nisi
353 4479 496 4548 quod
539 4493 727 4547 parum
762 4488 918 4533 erant
945 4478 1181 4548 pulveris
1210 4479 1525 4548 aspersione
1573 4477 1653 4531 fu-
1683 4453 1733 4512 D
1764 4453 2171 4554 transmigraré,
2201 4492 2258 4536 ut
2287 4483 2358 4538 ibi
2388 4489 2642 4552 praeesset
2669 4496 2729 4536 ea
2766 4481 3128 4535 sollicitudine
3157 4495 3225 4534 ac
3251 4481 3333 4534 vi-

88 4569 253 4633 scati;
286 4570 374 4638 qui
431 4578 608 4622 tamen
645 4568 746 4622 levi
777 4569 1094 4623 excus~ione
1123 4569 1389 4624 discessit.
1438 4568 1570 4636 Quis
1600 4568 1653 4621 in

90 4665 235 4712 tanto
261 4660 642 4714 miraculorum
689 4658 994 4729 spectaculo
1023 4674 1127 4713 non
1158 4659 1406 4728 stupuit?
1447 4658 1568 4727 quis
1598 4672 1656 4712 se

88 4747 149 4800 de
178 4758 326 4802 tanta
355 4749 548 4802 mortis
593 4757 800 4818 septum
850 4749 1104 4818 voragine
1149 4748 1502 4802 considerans
1548 4763 1654 4802 non

91 4843 338 4908 expavit?
362 4841 495 4908 Quis
523 4841 718 4895 divina:
767 4841 982 4894 virtutis
1020 4839 1302 4910 magnalia’
1326 4839 1519 4908 quibus
1558 4854 1656 4908 po-

92 4934 187 4988 tuit
210 4934 455 4989 laudibus
505 4949 608 4988 non
640 4933 1022 4998 extulit?Quis
1067 4945 1163 5002 pro
1209 4940 1317 4985 tam
1369 4929 1652 4985 manifesta

94 5023 388 5080 Conditoris
416 5024 700 5080 clementia
733 5025 783 5078 in
823 5024 1113 5094 gratiarum
1147 5024 1386 5078 actiones
1419 5037 1543 5078 cum
1577 5022 1654 5075 la-

95 5117 279 5184 crymis
309 5133 416 5169 non
447 5115 725 5184 prorupit?
763 5112 843 5166 Ad
881 5114 1262 5168 removendum
1293 5128 1539 5183 aggerem
1567 5129 1652 5167 sa-

97 5208 358 5262 cerdotum
386 5207 542 5261 dictae
565 5207 737 5276 plebis
770 5206 1003 5260 excitata
1035 5204 1273 5258 fervebat
1305 5205 1540 5258 devotio.
1576 5203 1651 5258 De

95 5308 310 5370 utraque
355 5313 483 5354 vero
539 5299 673 5352 turri
728 5307 1009 5369 supererat
1063 5298 1240 5366 paries
1292 5297 1531 5351 exterior
1584 5311 1649 5352 ex

97 5392 268 5458 ruina;
304 5392 348 5447 is
383 5399 586 5456 autem,
619 5391 709 5461 qui
733 5392 798 5445 de
844 5390 974 5443 turri
1005 5389 1334 5444 meridionali
1383 5404 1648 5444 remanse-

97 5492 188 5549 rat,
220 5483 470 5538 ﬁssuram
496 5483 696 5536 fecerat
739 5489 795 5535 et
825 5480 1050 5545 hiatum,
1076 5481 1167 5550 qui
1209 5495 1422 5550 semper
1450 5482 1653 5535 instan-

99 5583 190 5629 tem
236 5573 544 5628 minabatur
589 5574 818 5627 ruinam.
874 5571 1231 5626 Nihilominus
1276 5581 1452 5626 tamen
1503 5571 1651 5641 plebs

98 5668 300 5734 devota,
335 5666 585 5722 ceterive
630 5663 874 5720 mercede
897 5663 1148 5719 conducti
1193 5662 1336 5718 circa
1367 5651 1662 5718 removcn-‘

1759 4573 1979 4644 gilantia
2034 4587 2194 4641 quam
2236 4571 2408 4640 ipsum
2440 4571 2493 4626 in
2532 4570 2990 4626 Antissiodoreusi
3021 4571 3333 4640 episcopatu

1760 4663 2012 4717 habuisse
2035 4662 2338 4717 constabat.

1759 4771 1826 4827 In
1852 4789 1954 4826 auo
1983 4781 2120 4826 statu
2157 4771 2436 4894 dimiserit"
2447 4771 2796 4852 episcopatum
2830 4771 3334 4852 Antissiodorensem

2319 4857 2375 4894 m
2441 4857 2630 4894 tscessu
2661 4857 2776 4894 suo.

2319 4857 2375 4894 m
2403 4857 2630 4894 atscessu
2661 4857 2776 4896 8H0.

1764 4918 1773 4928 ’
1831 4937 1998 4993 Porro
2019 4936 2361 4992 discessurus
2385 4934 2642 5000 Parisios,
2673 4935 3039 5005 episcopatum
3058 4935 3324 4989 Antissio-

1759 5029 2042 5084 dorensem
2073 5029 2126 5082 in
2177 5026 2562 5096 temporalibus
2589 5027 2901 5096 ampliatum
2923 5067 2938 5091 ,
2963 5027 3336 5082 abundantem-

1757 5120 1964 5188 utique,
2011 5126 2064 5171 et
2107 5116 2346 5186 plenum,
2377 5117 2582 5185 absque
2609 5117 2912 5172 debitorum
2958 5132 3142 5181 onere,
3173 5117 3329 5170 factis

1758 5209 2070 5265 melioribus
2091 5207 2206 5275 ejus
2234 5206 2636 5262 conditionibus
2667 5216 2778 5261 tum
2803 5207 2980 5277 quoad
3012 5206 3232 5277 regalia,
3266 5217 3326 5258 ut

1754 5299 2130 5372 praemisimus,
2163 5307 2272 5352 tum
2326 5298 2503 5368 quoad
2539 5299 2642 5352 alia
2691 5298 3106 5368 quamplurima,
3133 5297 3327 5351 dereli-

1754 5390 1899 5460 quit;
1939 5386 2262 5458 episcopalia
2305 5387 2574 5442 domicilia
2624 5389 2805 5442 omnia
2843 5386 3121 5450 culcitris,
3177 5384 3321 5450 feno,

1755 5480 1918 5535 variis
1947 5478 2262 5534 utensilibus
2285 5487 2338 5533 et
2382 5478 2720 5549 supellectili,
2751 5476 3110 5534 torcularibus
3136 5477 3321 5541 etiam,

1753 5572 1895 5626 vasis
1919 5569 2142 5642 vinariis
2190 5586 2294 5625 non
2339 5571 2546 5640 paucis,
2592 5571 2679 5624 ubi
2724 5582 2946 5639 necesse
2973 5575 3113 5634 erat,
3163 5567 3323 5624 doliis

1754 5663 1955 5719 scilicet
1999 5674 2053 5717 et
2097 5663 2281 5732 euppis
2313 5661 2624 5730 capacitatis
2672 5661 2946 5717 immensa:
2985 5659 3324 5716 abundanter
