3910 5336
583 219 688 273 545

1579 219 1868 276 APPEND.
1903 220 1996 275 AD
2019 218 2188 275 S/EC.
2231 217 2297 273 Χ.
2336 250 2406 259 --
2441 217 2668 276 OPERA
2702 234 3090 287 ΑΔΕΣΠΟΤΙΚΔ.

3694 234 3777 289 344

582 330 803 386 referta.
831 331 1076 403 Capellas
1106 332 1326 403 insuper
1349 332 1586 403 singulas
1615 334 1789 399 libris,
1824 334 2082 389 calicibus
2105 343 2159 389 et
2188 340 2232 399 Α
2260 337 2486 393 ecclesia
2546 338 2700 395 ﬁeret
2749 341 2944 396 eleclio
2986 341 3313 397 successoris
3336 380 3351 407 ,
3402 328 3580 399 nolens
3616 355 3672 403 ut
3701 365 3777 404 ca-

580 426 918 483 vestimentis
950 427 1105 497 plene
1135 427 1335 484 dimisit
1361 435 1599 482 ornatas.

802 537 880 593 De
908 539 988 592 his
1015 555 1132 609 qua:
1155 538 1359 608 reliquit
1382 538 1612 593 ecclesia:
1640 541 1701 593 in
1716 556 1940 594 recessu.

651 652 964 705 Indumenta
990 648 1309 720 episcopalia
1344 664 1463 718 qua:
1495 650 1561 703 ad
1585 666 1738 705 usum
1760 651 2150 721 prmcipuarum

580 742 983 799 solemnitatnm
1009 742 1322 812 specialiter
1351 742 1682 807 reservabat,
1705 744 1914 797 mitram
1954 744 2153 812 pretio-

579 832 850 886 sissimam
876 847 1009 885 auro
1036 832 1370 902 gemmisque
1401 848 1504 886 non
1534 835 1720 900 paucis
1747 843 2013 899 ornatam,
2033 848 2152 903 quae

578 921 906 989 margaritm,
940 922 1055 975 sive
1082 921 1245 993 perhn
1294 922 1489 978 usitata
1538 923 1807 978 locutione
1858 933 2148 988 vocantur;

578 1008 761 1079 pelves
788 1011 922 1065 duas
950 1021 1334 1081 argenteas,et
1358 1013 1578 1081 insuper
1599 1014 1905 1078 deanratas,
1937 1015 2154 1069 circiter

578 1114 701 1157 octo
724 1118 1025 1158 marcarum
1057 1106 1108 1158 in
1133 1106 1389 1174 pondere,
1412 1121 1574 1174 opere
1594 1106 1821 1161 miriﬁco
1846 1108 2145 1168 decoratas.

577 1192 837 1260 cophinos
888 1176 1487 1263 miraepulchritudinis
1548 1206 1601 1251 et
1645 1206 1889 1259 ornatus,
1941 1198 2152 1268 aliaque

2258 432 2484 502 pitnlnm
2520 430 2770 486 libertate
2804 431 3035 501 eligendi
3077 430 3321 486 absoluta
3350 431 3400 486 in
3440 432 3611 503 aliquo
3634 438 3778 505 priva-

2255 532 2420 578 retur.

2256 602 2453 667 Quanti
2485 603 2642 671 fuerit
2682 603 2940 671 dispendii
2974 603 3206 658 ecclesia!
3234 614 3293 659 et
3327 604 3524 659 civitati
3560 604 3783 660 Antistio-

2322 673 2529 726 dorensi
2569 673 2737 745 ipsum
2785 674 3113 745 discessisse,
3154 684 3203 728 et
3244 690 3362 745 quae
3412 675 3549 729 mula
3592 677 3779 745 contige-

2325 752 2443 795 runt
2481 741 2708 797 ecclesia:
2733 753 2848 812 post
2885 744 3000 812 ejus
3037 741 3338 799 discessum.

2342 832 2611 900 Quantum
2670 841 2849 888 autem
2897 834 3012 902 ipso
3070 835 3378 891 discedente
3422 837 3654 891 amiserit
3696 854 3783 894 non

2253 922 2429 978 solum
2476 922 2701 977 ecclesia
2726 963 2751 988 γ
2787 923 2880 977 sed
2913 932 2968 976 et
3004 922 3194 978 civitas
3219 924 3500 990 universa,
3545 926 3702 993 patuit
3738 928 3782 980 in

2253 1017 2490 1072 discessu
2509 1032 2534 1080 ;.
2572 1030 2699 1070 nam
2729 1023 2787 1070 et
2811 1016 3083 1069 civitatem
3112 1024 3167 1069 et
3194 1015 3477 1072 ecclesiam
3506 1017 3783 1071 invenerunt

2253 1105 2393 1160 mala
2448 1104 2662 1169 multa,
2718 1113 2973 1173 tanquam
3044 1104 3126 1158 sui
3176 1103 3520 1159 liberatorem
3572 1103 3783 1159 Othoniel

2252 1194 2502 1251 videlicet
2543 1195 2870 1249 amisissent.
2912 1193 3106 1250 Comes
3144 1194 3288 1248 enim
3316 1193 3576 1259 Herveus,
3601 1195 3787 1263 vir_qni-

2253 1286 2374 1340 dem
2402 1279 2691 1354 oppressor
2726 1284 3027 1348 hominum,
3059 1294 3114 1339 et
3146 1283 3471 1339 crudelitate
3511 1282 3787 1337 formidabi-

2252 1376 2337 1441 lis,
2366 1375 2540 1445 quiin
2589 1375 2706 1444 ipso
2752 1375 3067 1444 episcopatu
3117 1374 3586 1429 Antissiodorense
3633 1375 3785 1442 praesi-

2252 1466 2411 1520 dente
2440 1474 2495 1518 et
2514 1465 2617 1533 ipsi
2646 1465 2700 1519 in
2722 1465 2860 1519 facie
2884 1465 3191 1528 resistente,
3235 1466 3486 1535 aspirans
3514 1462 3787 1531 frequenter

2251 1556 2317 1613 ad
2349 1555 2651 1629 bujusmodi
2681 1571 2787 1610 non
2815 1554 3138 1626 profecerat,
3166 1556 3281 1624 ipso
3305 1553 3483 1609 adhuc
3504 1553 3556 1607 in
3581 1551 3788 1607 Romano

2253 1646 2445 1701 itinere
2484 1645 2780 1710 laborante,
2824 1661 2947 1700 cum
2978 1645 3048 1701 de
3083 1645 3199 1714 ejus
3233 1642 3585 1697 translatione
3631 1642 3789 1696 certis-

2254 1737 2391 1792 sime
2432 1750 2529 1805 per
2558 1737 2776 1791 nuntios
2817 1737 3176 1806 cognovisset,
3215 1734 3262 1787 vi
3290 1742 3507 1788 armata
3551 1732 3787 1786 civitatem

2251 1826 2783 1885 Antissiodorensem
2833 1840 2944 1882 non
2978 1825 3300 1881 audentibus
3331 1824 3586 1879 resistere
3616 1821 3787 1876 rivibus

2250 1917 2571 1986 occupavit,
2606 1925 2660 1970 et
2713 1916 2768 1972 in
2814 1930 2968 1970 suam
3010 1915 3268 1971 ditionem
3315 1914 3554 1985 redegit,
3584 1929 3694 1968 cum
3738 1913 3789 1966 de

2252 2015 2426 2062 morte
2468 2007 2682 2062 comitis
2699 2006 2846 2060 Petri
2874 2007 2965 2076 qui
3004 2007 3058 2060 in
3107 2006 3358 2074 captione
3387 2019 3416 2057 a
3465 2002 3786 2059 Contnenoia

2249 2098 2494 2168 partibus
2522 2095 2745 2151 Grmcia’.
2767 2137 2781 2159 ,
2830 2107 2890 2151 ut
2934 2095 3305 2165 prmdiximus,
3353 2093 3653 2149 tenebatur.
3683 2094 3795 2147 nihil

2250 2189 2425 2243 adhuc
2449 2203 2548 2257 pro
2592 2196 2742 2243 certo
2790 2195 3085 2243 constaret.
3121 2185 3245 2253 Qui,
3276 2202 3403 2242 cum
3433 2184 3690 2256 proﬁcisci
3718 2185 3793 2239 de-

2248 2278 2963 2352 heret‘Constantinopolim,
2992 2281 3244 2351 episcopo
3288 2281 3793 2337 reeommendaverat

2248 2371 2711 2441 civitatem,cnjus
2729 2371 2918 2426 Hervei
2950 2371 3222 2444 ingressus
3254 2378 3402 2424 tanto
3424 2370 3671 2425 omnibus
3695 2378 3797 2423 erat

2249 2462 2569 2531 suspectior,
2610 2471 2814 2529 quanto
2856 2461 2943 2515 ille
2982 2461 3220 2517 atrocior
3257 2460 3579 2515 habebatur.

2320 2552 2390 2617 Is,
2426 2562 2545 2622 post
2594 2552 2889 2625 discessum
2934 2551 3192 2606 Willelmi
3241 2550 3528 2621 praedicti,
3578 2565 3628 2603 tn
3652 2564 3789 2602 unum

2250 2647 2520 2701 hominem
2572 2647 2937 2717 episcopatus,
2969 2646 3060 2716 qui
3111 2645 3491 2700 Antissiodoro
3543 2643 3607 2696 ad
3641 2641 3791 2696 villam

2249 2736 2604 2807 episcopalem
2657 2736 2919 2801 Giacnm,
2972 2736 3219 2791 videlicet
3273 2751 3394 2790 cum
3470 2733 3648 2788 multis
3693 2730 3793 2785 aliis

2248 2826 2338 2897 qui
2367 2837 2606 2897 tempore
2645 2827 2884 2897 ejusdem
2920 2826 3189 2881 Guilleltni
3222 2826 3312 2880 illo
3349 2824 3788 2895 demigraverant,

2251 2918 2538 2972 transierat
2570 2916 2636 2971 ad
2669 2919 3013 2979 tttanendum,
3044 2933 3156 2971 sua:
3184 2917 3492 2988 primordia:
3524 2914 3792 2986 tyrannidis

2247 3008 2518 3073 exercuit;
2550 3024 2706 3077 quem
2725 3008 2966 3063 clanculo
2980 3000 3194 3078 captum
3213 3018 3264 3062 et
3284 3008 3577 3062 abductum
3604 3004 3799 3059 tandem

2248 3102 2498 3157 restituit.
2519 3102 2622 3157 Sed
2649 3103 2757 3171 ipsa
2782 3110 2934 3157 nocte
2963 3118 3067 3171 qua
3096 3102 3332 3156 redditus
3358 3099 3484 3166 fuit,
3503 3097 3638 3170 apud
3659 3096 3793 3151 Geia-

2246 3209 2368 3248 cum
2392 3206 2708 3264 permanere
2728 3207 2831 3246 non
2855 3199 2943 3246 est
2958 3206 3147 3255 ausus,
3164 3190 3256 3245 sed
3272 3189 3695 3261 Autissiodorum
3709 3184 3794 3239 sub

2240 3285 2447 3355 justitia
2473 3285 2686 3341 comitis
2714 3293 2798 3338 est
2820 3283 3183 3339 reversus.Ad
3210 3281 3365 3351 cujus
3387 3279 3689 3351 exemplum
3709 3292 3792 3332 car.

2247 3377 2386 3441 teri,
2433 3376 2525 3446 qui
2565 3376 2705 3445 apud
2739 3374 2962 3431 Giacum
3008 3374 3111 3429 sub
3149 3374 3401 3445 episeopo
3454 3371 3791 3427 transierant.

2232 3470 2675 3526 'Antissiodorum
2700 3469 3001 3531 redierunt,
3033 3469 3161 3522 licet
3212 3467 3358 3523 cives
3408 3477 3557 3520 metu
3608 3461 3793 3519 comitis

2244 3558 2567 3630 diﬂ'ugerent
2610 3558 2677 3612 de
2726 3558 2945 3613 civitate
2970 3558 3191 3622 eadem;
3231 3557 3502 3611 hominem
3533 3552 3794 3626 quemdam

2243 3648 2630 3718 capituliclam
2665 3647 2957 3702 abductum
2989 3646 3240 3702 similiter
3264 3647 3404 3701 clam
3446 3644 3693 3701 emunxit
3718 3640 3795 3711 qui

2244 3740 2526 3797 restitutus
2546 3738 2615 3793 ab
2639 3753 2704 3794 eo
2730 3754 3004 3807 nunquam
3035 3739 3214 3808 palam
3241 3740 3308 3792 de
3346 3753 3441 3793 sua
3474 3737 3795 3792 emunctione

2242 3830 2406 3884 etiam
2428 3827 2739 3897 iuramento
2767 3831 3021 3884 astrictus
3044 3845 3209 3885 ausus
3232 3839 3317 3885 est
3359 3829 3628 3885 conﬁteri.
3654 3826 3797 3882 Multa

2243 3922 2374 3978 fecit
2397 3932 2453 3977 et
2493 3922 2597 3977 alia
2640 3922 2945 3992 huiusmodi
2975 3926 3434 3992 opportunitatem
3487 3932 3674 3978 nactus
3716 3936 3795 3976 ec-

2243 4012 2458 4079 clesia,
2498 4028 2619 4081 qua:
2667 4012 2965 4067 discedenti
3011 4010 3295 4070 Guillelmo
3348 4014 3588 4070 Parisios
3618 4015 3668 4067 in
3705 4026 3797 4066 sua:

2243 4104 2458 4159 virtutis
2485 4105 2679 4159 robore
2708 4103 2878 4158 solida
2905 4119 3011 4159 non
3046 4105 3331 4170 manebat,
3372 4107 3563 4161 eodem
3604 4117 3796 4175 quoque

562 4170 833 4229 talliarum
881 4190 936 4229 in
982 4190 1139 4244 cujus
1186 4179 1457 4249 impendia
1507 4182 1732 4252 singulis
1784 4182 2141 4239 hebdomadis

2246 4207 2484 4267 tempore
2521 4212 2628 4252 non
2668 4197 2840 4251 solum
2887 4197 2955 4250 ab
2993 4211 3059 4250 eo
3089 4235 3105 4261 ,
3167 4198 3421 4266 quoniam
3472 4205 3594 4267 post
3652 4194 3800 4250 modi-

560 4270 787 4317 θθηιίηη
831 4264 1032 4359 solves
1075 4266 1223 4321 dedit
1269 4269 1335 4359 ad
1391 4270 1570 4326 mimis
1621 4287 1719 4342 De”
1761 4289 1959 4330 annum
1997 4276 2141 4332 ίηῑθ·
2243 4264 2370 4343 cum
2394 4288 2647 4359 migravit
2672 4302 2702 4341 a
2728 4290 2990 4355 cbrpore;
3031 4264 3216 4341 verum
3243 4303 3277 4341 a
3313 4264 3799 4358 circumjaccntibus

561 4367 721 4455 ξηηη
770 4362 891 4423 Ροεῑ
931 4355 1246 4455 discessum
1299 4358 1405 4416 Sed
1447 4363 1574 4455 Ql'id
1614 4365 1775 4420 Ιθιίαε
1831 4367 1886 4420 in
1944 4368 2137 4424 lalihus
2172 4396 2223 4455 De
2244 4381 2409 4435 multa
2454 4355 2610 4450 passa
2646 4389 2732 4435 est
2778 4379 3038 4440 ecclesia,
3072 4381 3377 4437 substracta
3406 4355 3688 4437 sibivvelut
3722 4393 3799 4431 eo-

559 4444 949 4513 immoramur,
993 4457 1050 4502 et
1096 4451 1366 4507 tendimus
1397 4454 1451 4507 in
1490 4453 1704 4524 longum
1753 4459 2097 4517 membranas
2125 4503 2138 4522 .

2238 4444 2591 4536 Iuniam-qua:
2638 4476 2809 4521 totum
2850 4467 3163 4522 continebat
3201 4470 3512 4536 (editicium,
3563 4471 3798 4541 episcopo

561 4533 690 4587 dum
744 4535 952 4631 singula
1004 4552 1268 4594 conamur
1320 4542 1404 4597 vel
1462 4543 1702 4600 breviter
1747 4547 2033 4614 delibare;
2087 4553 2138 4606 in
2238 4533 2563 4627 supradicto.
2617 4558 2749 4613 Nam
2797 4559 3124 4630 Regnaudus
3177 4533 3669 4631 [iungerem—miles
3708 4533 3797 4616 non

561 4638 770 4723 summa
800 4626 988 4723 dicere
998 4719 1007 4723 _
1028 4636 1311 4723 possumus
1339 4654 1353 4689 :
1384 4637 1582 4692 nudam
1614 4646 1831 4706 pastore
1854 4640 2140 4704 ecclesiam
2238 4626 2444 4718 magna:
2464 4650 2677 4718 quidem
2693 4626 3449 4720 potentize,dissirutilantibus
3466 4653 3797 4723 principibus,

562 4711 679 4766 fere
704 4714 881 4770 "udus
914 4719 1148 4790 Γθίῖίιυῖιο
1694 4776 1707 4784 -
2239 4739 2328 4807 qui
2372 4740 2641 4795 habebant
2683 4743 2820 4797 tueri
2860 4744 3145 4798 ecclesiam
3173 4785 3188 4807 ,
3242 4760 3609 4802 successorem
3651 4745 3800 4815 ipsius

2239 4826 2555 4895 llenricum,
2581 4845 2789 4900 magna:
2812 4833 3028 4901 quidem
3053 4832 3403 4905 benignitatis
3431 4848 3484 4890 et
3504 4835 3801 4904 simplicita-

2247 4919 2315 4975 tis
2349 4918 2555 4984 virum,
2598 4921 2839 4976 atrocius
2883 4922 3181 4977 infestavit.
3229 4925 3332 4990 Qui
3387 4925 3660 4995 proprium
3697 4925 3801 4995 ejus

2243 5010 2498 5065 clericum
2544 5011 2820 5064 custodem
2866 5013 3054 5082 utique
3103 5013 3386 5070 domorum
3430 5016 3797 5087 episcopalium

2245 5104 2311 5152 de
2336 5097 2593 5152 Varziaco
2615 5099 2837 5168 capiens
2861 5109 2917 5156 et
2939 5102 3223 5160 inhoneste
3252 5115 3607 5176 pertractans,
3638 5108 3722 5160 diu
3751 5106 3797 5158 in

2242 5190 2488 5259 captione
2539 5191 2816 5246 detentum
2842 5233 2856 5258 ,
2917 5195 3165 5252 homines
3229 5214 3442 5269 quoque
3496 5200 3797 5270 praedasque

2243 5290 2402 5336 terra:
2429 5281 2746 5336 ODlSCODaUS
2773 5283 3061 5336 ahducens.
3097 5296 3336 5336 castrum
3384 5292 3548 5336 insnm
3586 5289 3797 5336 Varzia-

574 1278 884 1348 hujusmodi
917 1282 969 1335 in
1000 1298 1127 1337 usus
1171 1298 1355 1338 sacros
1386 1287 1692 1339 necessaria
1720 1287 1984 1351 ecclesiae,
2009 1289 2151 1344 unde

576 1370 1029 1439 transferebatur,
1062 1359 1308 1443 reliquit;
1334 1376 1543 1445 etquod
1570 1378 1713 1432 omni
1750 1379 2001 1434 thesauro
2023 1396 2147 1449 pre-

575 1462 768 1516 tiosius
793 1472 897 1528 est,
920 1478 1042 1517 cum
1071 1464 1390 1534 quibusdam
1423 1466 1544 1521 aliis
1575 1479 1887 1523 sanctorum
1915 1471 2145 1541 pignori-

573 1552 700 1618 bus,
725 1552 949 1623 digitum
980 1553 1121 1608 beati
1144 1554 1567 1627 Protomartyris
1586 1557 1851 1612 visibilem
1874 1574 1995 1614 cum
2023 1576 2150 1616 vase

572 1650 831 1711 argenteo
857 1644 978 1697 miri
1027 1645 1260 1711 decoris,
1315 1647 1458 1716 quod
1488 1664 1517 1701 a
1542 1646 2009 1719 Constantinopoli
2050 1649 2150 1704 fuit

570 1732 810 1799 allatum,
841 1750 1167 1807 crucemque
1198 1754 1417 1793 auream
1442 1742 1979 1812 permodicamquam
2007 1759 2150 1813 qua:-

570 1823 693 1876 dam
740 1825 1109 1894 proculdubio
1137 1827 1266 1898 ligni
1310 1830 1602 1885 Dominicae
1660 1832 1837 1887 crucis
1888 1834 2148 1902 particula

568 1915 924 1971 visibiliterin
944 1933 1076 1974 auro
1104 1920 1379 1986 conclusa,
1411 1937 1574 1991 super
1608 1938 1799 1979 aurum
1820 1934 1873 1979 et
1904 1927 2148 1997 topazion

573 2003 736 2060 efﬁcit
770 2008 1085 2077 pretiosam.

574 2118 648 2173 De
676 2119 915 2175 domibus
963 2123 1106 2189 suis,
1155 2125 1217 2180 de
1269 2139 1420 2195 porta
1477 2129 1746 2195 pendenti,
1802 2139 1850 2183 et
1894 2145 2047 2183 cruce
2102 2142 2149 2183 et

670 2256 673 2259 _
1161 2196 1323 2250 culice
1369 2215 1549 2252 aureo.

640 2302 883 2374 Capitula
908 2305 1093 2361 domos
1126 2307 1352 2375 nobiles,
1389 2324 1525 2379 quas
1556 2310 1785 2365 habebat
1826 2319 1993 2379 porta:
2019 2327 2151 2380 pen-

569 2394 715 2448 denti
746 2396 1028 2466 contiguas
1059 2413 1181 2451 cum
1229 2400 1570 2467 pertinentiis
1609 2402 1723 2457 suis
1744 2441 1757 2464 ,
1808 2411 1862 2455 et
1892 2403 2102 2457 vineam
2132 2444 2146 2467 ,

568 2499 733 2554 quam
791 2496 959 2541 totam
1002 2488 1071 2543 de
1124 2504 1263 2544 novo
1319 2490 1713 2560 replantaverat
1770 2492 1822 2544 in
1874 2493 2148 2548 territorio

567 2579 741 2633 sancti
793 2579 1077 2646 G'ervasii,
1141 2583 1317 2635 eidem
1376 2598 1641 2637 annexam
1687 2582 1910 2648 domul,
1958 2584 2143 2638 eadem

563 2671 884 2726 liberalitate
932 2673 1235 2739 concessit,
1292 2683 1351 2728 ut
1397 2675 1487 2744 qui
1536 2689 1599 2728 ea
1661 2675 1894 2729 tenuerit
1943 2676 2001 2730 in
2045 2692 2145 2730 an-

565 2762 864 2816 niversario
909 2778 1007 2817 suo
1043 2765 1318 2841 canonicis
1354 2775 1409 2819 et
1446 2765 1658 2821 clericis
1701 2767 1767 2822 de
1806 2768 1973 2823 choro
2014 2783 2145 2823 cen-

563 2860 679 2904 tum
701 2850 901 2906 solidos
922 2854 1199 2906 annuatim
1228 2854 1509 2910 exsolvere
1536 2865 1801 2911 teneatur.
1830 2856 1986 2914 Dedit
2009 2874 2146 2929 prat-

567 2951 718 2997 terea
750 2942 868 2996 illas
900 2958 1092 2997 novem
1135 2958 1348 3000 marcus
1397 2947 1513 3000 auri
1546 2948 1612 3001 ad
1661 2962 1877 3002 crucem
1928 2958 1979 3003 et
2015 2949 2146 3004 cali-

565 3046 691 3086 cem
725 3031 1025 3086 faciendum
1053 3074 1067 3097 ,
1108 3034 1174 3087 de
1210 3035 1406 3103 quibus
1444 3034 1670 3090 fecimus
1698 3038 1948 3108 superius
1994 3052 2214 3110 men-lc

565 3122 792 3177 tionem.

561 3236 645 3292 De
688 3238 771 3292 Itis
817 3258 932 3311 qua:
975 3243 1184 3315 reliquit
1225 3250 1509 3322 successori
1557 3267 1652 3304 suo
1692 3253 1931 3322 episcopo
1969 3255 2146 3308 A‘ntis-

1194 3317 1505 3373 siodorensi.

636 3421 948 3479 Successori
976 3441 1075 3481 suo
1100 3427 1151 3481 in
1173 3429 1424 3486 omnibus
1445 3432 1730 3487 domiciliis
1753 3434 2146 3504 episcopalibus

561 3510 751 3566 fenum
777 3514 831 3567 in
864 3515 1215 3585 abundantia,
1266 3520 1562 3592 domosque
1599 3523 1917 3579 utensilibus
1962 3541 2025 3580 ac
2056 3542 2146 3581 su-

560 3606 855 3677 pellectili,
922 3614 1378 3680 quemadmodum
1431 3615 1870 3686 pnclihavimus,
1928 3617 2141 3673 diversa

562 3698 823 3765 munitas,
846 3700 1136 3771 vinumque
1166 3702 1311 3759 illius
1334 3706 1465 3759 anni
1493 3706 1546 3759 in
1569 3707 1819 3763 universo
1850 3716 1905 3763 et
1932 3717 2143 3779 partem

563 3789 833 3845 talliarum
882 3809 989 3848 non
1030 3796 1293 3850 modicam
1340 3797 1648 3868 dereliquit.

561 3901 642 3957 De
687 3904 771 3977 Itis
800 3922 917 3974 qua:
950 3909 1167 3977 contu/it
1211 3909 1581 3977 adfabricam
1619 3910 1846 3964 ecclesia,
1889 3911 2145 3966 Autissio-

733 3976 941 4030 dorensi
972 3976 1026 4030 in
1066 3994 1267 4032 recessu
1301 3976 1396 4032 suo
1434 3995 1523 4047 per
1560 3989 1724 4032 totum
1754 3998 1975 4035 annum.

635 4083 714 4137 Ad
741 4081 997 4138 fabricam
1039 4085 1283 4142 ecclesue
1329 4066 1557 4157 partem.
1582 4092 1876 4161 assignavit
1906 4090 2140 4163 aliquam

553 4823 745 4892 ,Quod
782 4828 955 4911 ualuit
1012 4833 1361 4911 prejudicare
1409 4839 1671 4911 capitulo,
1726 4851 1780 4893 ut
1830 4858 1953 4894 cum
2000 4843 2114 4911 ejus
2156 4826 2161 4833 ’

647 4896 866 4967 consilio
914 4896 1061 4967 ﬁeret
1113 4896 1295 4957 electio
1335 4896 1668 4961 successoris?
1694 4896 2113 4967 Antissiodoren-

647 4965 740 5019 sis.

626 5075 757 5132 illud
784 5092 999 5149 quoque
1031 5096 1137 5136 non
1166 5084 1498 5140 arbitramur
1541 5099 1937 5155 prmterennter
1966 5093 2130 5148 silen-

557 5166 707 5231 dum,
757 5169 900 5236 quod
954 5186 1077 5224 cum
1129 5175 1312 5229 sedem
1368 5180 1721 5246 apostolicam
1776 5185 2135 5250 personaliter

556 5253 780 5310 adiisset
820 5272 918 5326 pro
976 5261 1272 5319 obtinenda
1322 5267 1538 5323 licentia
1594 5279 1653 5323 ut
1694 5271 1747 5324 in
1796 5274 2136 5327 Antissiodo-
