3918 6316
161 368 247 428 345

161 483 288 554 cujus
318 482 544 554 paterin
567 496 761 553 genere
787 496 887 535 suo
909 481 1119 551 primus
1157 484 1222 537 de
1254 482 1473 553 ignobili
1514 482 1702 553 cingu-
1732 484 1781 542 Α

157 571 250 625 lum
275 580 552 641 acceperat
593 570 848 635 militare,
881 569 1075 627 Petrus
1104 572 1311 626 scilicet
1344 573 1410 627 de
1440 571 1698 635 Brullato,

123 691 131 721 l
156 663 390 717 decannm
420 662 563 731 cepit
586 661 841 717 Ecclesiae
863 703 879 728 ,
915 670 969 716 et
1009 663 1147 716 ultra
1173 662 1410 728 Ararim,
1437 663 1488 716 in
1515 660 1704 717 Bufre—

154 744 270 806 siam
296 751 542 807 videlicet
567 762 721 806 extra
743 753 894 823 regni
923 753 1055 808 ﬁnes
1095 768 1264 823 usque
1294 755 1360 808 ad
1377 794 1393 807 .
1410 792 1426 809 .
1446 795 1459 807 .
1482 794 1496 807 .
1518 794 1537 807 .
1575 769 1703 824 pro-

151 843 348 898 ductum
387 844 477 897 diu
518 845 691 898 tenuit
734 844 992 899 carcerali
1023 847 1283 901 custodia}
1314 848 1697 917 mancipatum.

151 930 352 997 Quidam
379 930 803 987 etiammalelici
848 934 914 987 de
958 944 1116 990 nocte
1139 938 1335 990 armati
1369 938 1612 1005 claustri,
1645 947 1702 992 et

149 1022 366 1078 ecclesiae
409 1023 749 1078 immunitate
792 1022 1033 1092 effracta,
1069 1029 1360 1083 canonicos
1389 1038 1442 1083 et
1475 1029 1701 1085 clericos

147 1115 223 1183 qui
247 1115 309 1168 ad
349 1116 663 1170 matutinale
687 1114 920 1171 oﬂicium
957 1132 1344 1185 convenerant,
1382 1135 1480 1190 per
1512 1120 1700 1176 Eccle-

146 1207 260 1260 siam
286 1207 494 1262 eductis
538 1208 731 1279 gladiis
758 1208 1101 1281 fugaverunt,
1133 1212 1294 1266 unum
1335 1228 1400 1268 ex
1432 1216 1511 1270 eis
1539 1230 1697 1286 quem

148 1299 558 1366 uulneraverunt,
587 1302 757 1357 altero
784 1318 1047 1373 equorum
1088 1306 1313 1374 pedibus
1359 1308 1697 1374 conculcata,

152 1390 293 1461 ipsam
345 1394 608 1464 sanguine
640 1393 1029 1463 profanantes,
1062 1411 1163 1453 nec
1209 1400 1387 1454 minus
1435 1415 1697 1471 equorum

152 1480 255 1536 limo
279 1480 562 1549 laudantes,
598 1500 699 1540 nec
753 1485 985 1540 dabatur
1021 1489 1235 1545 miseris
1274 1492 1526 1562 requies,
1575 1509 1696 1550 cum

151 1571 216 1624 vel
250 1586 278 1624 a
313 1572 581 1627 nobilibus
612 1574 743 1629 viris
778 1574 1027 1645 Drogone
1067 1578 1133 1633 de
1176 1578 1391 1645 Meloto,
1422 1581 1697 1653 Stephano

152 1664 401 1734 deBasso,
433 1667 654 1725 domino
700 1671 767 1724 de
803 1671 1016 1737 Arseio,
1063 1673 1182 1729 aliis
1212 1676 1562 1734 nihilominus
1603 1683 1696 1735 mi-

147 1755 297 1812 litibus
322 1758 436 1815 sive
452 1760 735 1831 armigeris
763 1762 1181 1836 circumquaque
1202 1782 1338 1837 quos
1368 1779 1461 1825 aut
1484 1771 1692 1840 privata

144 1849 356 1915 malitia,
404 1861 500 1906 aut
551 1864 976 1926 prmsumptuosa
1029 1861 1339 1924 temeritas,
1381 1872 1476 1917 aut
1523 1879 1686 1918 avara

138 1953 399 2010 paupertas
455 1946 766 2011 excitabat,
815 1964 920 2003 non
963 1949 1135 2005 solum
1188 1953 1257 2007 ad
1297 1956 1526 2023 prmdas,
1578 1955 1687 2012 imo

136 2033 275 2086 etiam
300 2035 618 2107 plerumque
646 2040 712 2093 ad
738 2040 931 2104 caedes,
962 2045 1342 2111 oppressiones
1369 2048 1561 2104 ﬂerent
1591 2049 1681 2104 ho-

132 2122 315 2180 minum
342 2127 608 2195 ecclesiae,
656 2138 749 2182 aut
788 2130 1116 2202 irruptiones
1147 2135 1402 2212 _villarum
1430 2179 1445 2204 ,
1486 2149 1540 2194 et
1581 2157 1684 2196 non

130 2222 231 2267 erat
255 2215 562 2273 auxiliator.

240 2327 315 2382 De
348 2330 430 2385 his
468 2348 586 2403 qua:
627 2337 781 2403 gessit
815 2336 866 2391 in
895 2339 1195 2410 episcopatu
1234 2340 1543 2399 Parisiemi.

183 2418 331 2477 Nunc
353 2424 419 2477 de
452 2424 539 2479 his
582 2441 703 2496 qua:
740 2430 908 2498 gessit
950 2430 1174 2490 Parisiis
1203 2432 1520 2493 Guillelmus
1547 2452 1684 2507 prac-

123 2511 300 2577 dictus,
332 2529 529 2584 pauca,
552 2532 673 2585 qum
703 2519 859 2575 nobis
901 2533 1195 2580 occurrunt
1223 2526 1290 2582 de
1328 2528 1531 2593 multis,
1564 2530 1682 2585 bre-

118 2601 248 2657 viter
296 2606 747 2676 perstringamus.
780 2610 982 2677 Eadem
1026 2613 1431 2687 longanimitate
1461 2629 1512 2675 et
1553 2638 1683 2678 con-

114 2692 349 2759 stantia,
405 2711 511 2766 qua
567 2698 736 2755 frater
794 2701 910 2771 ejus
956 2701 1233 2762 Manasses
1280 2708 1687 2767 Aurelianensis

111 2781 412 2853 cpiscopus,
441 2787 507 2841 de
545 2803 652 2857 quo
681 2792 1045 2860 praediximus,
1091 2797 1351 2854 adversus
1390 2815 1568 2871 regem
1602 2816 1687 2856 re-

107 2870 364 2943 galesque
392 2876 670 2932 ministros
700 2879 943 2937 ecclesia:
968 2880 1093 2950 jura
1128 2870 1502 2958 prosequens,
1551 2906 1685 2946 con-

108 2964 401 3019 troversias
438 2981 559 3036 qua:
588 2983 758 3038 usque
787 2978 913 3027 tunc
942 2983 1087 3028 metu
1113 2977 1263 3047 regio
1283 2993 1379 3048 per
1401 2981 1683 3051 episcopo-

106 3064 223 3107 rum
278 3053 765 3112 dissimulationem
817 3073 1189 3119 remanserant
1236 3067 1524 3134 indecism,
1571 3080 1683 3124 tum

105 3141 243 3208 quod
260 3141 357 3210 jus
377 3147 643 3213 quoddam
670 3151 811 3218 quod
826 3152 1053 3207 ecclesia
1073 3154 1123 3208 in
1141 3157 1434 3214 castelludo
1457 3163 1598 3230 regis
1619 3162 1683 3217 de
1712 3178 1759 3241 ο

102 3244 267 3298 parvo
300 3246 465 3304 ponte
485 3238 689 3294 scilicet
710 3241 911 3298 habere
931 3244 1180 3312 debebat,
1218 3257 1330 3305 tum
1355 3267 1518 3322 super
1548 3256 1686 3313 balis

102 3326 242 3393 apud
286 3329 580 3400 campellos
617 3348 648 3386 a
687 3334 905 3391 domino
950 3352 1075 3406 rege
1125 3339 1316 3409 factis,
1361 3353 1472 3400 tum
1523 3363 1685 3419 super

95 3418 313 3471 iustitia
337 3429 392 3473 et
420 3424 688 3479 mensuris
727 3426 793 3479 de
826 3427 1098 3485 territorio
1126 3435 1358 3500 quodam
1389 3439 1530 3506 apud
1559 3418 1684 3495 san-

95 3512 245 3560 ctum
280 3507 575 3576 Victorem,
608 3516 748 3583 quod
787 3517 999 3575 l'eodum
1045 3522 1289 3579 clausum
1334 3527 1570 3586 Brunelli
1601 3535 1683 3588 di-

96 3597 269 3665 citur,
294 3604 363 3657 ad
387 3608 713 3662 concordem
738 3613 1179 3670 concordantiam
1207 3633 1302 3688 per
1340 3624 1683 3691 compositio-

97 3702 225 3743 nem
254 3695 489 3765 redegit.
514 3697 679 3768 anus,
701 3701 946 3769 obtentu,
983 3720 1077 3760 rex
1102 3706 1399 3781 Philippus,
1429 3719 1518 3783 qui
1558 3725 1685 3773 tunc

99 3780 305 3848 agebat
322 3784 373 3837 in
401 3788 909 3855 sceptris,redditus
936 3796 1196 3854 annuales
1216 3780 1399 3870 viginti
1424 3780 1683 3860 librarum

98 3868 429 3932 Parisiensis
445 3889 671 3937 moneta:
693 3884 946 3959 episcopo
970 3888 1193 3960 ejusque
1216 3899 1686 3955 successoribuset

97 3972 324 4019 centum
350 3968 550 4026 solidos
574 3974 807 4043 capitulo
836 3978 888 4032 in
918 3991 1234 4050 perpetuum
1259 3988 1575 4059 assignavit,
1605 3993 1684 4049 sic

102 4053 270 4124 igitur
307 4075 632 4130 procurante
661 4066 784 4136 jura
814 4074 962 4143 regni
1001 4089 1067 4130 ac
1110 4053 1399 4136 sacerdotii
1430 4053 1681 4142 distincta

102 4160 201 4214 per
249 4156 696 4224 compositionem
745 4162 930 4218 initam
968 4169 1133 4238 regali
1172 4181 1228 4227 et
1266 4176 1555 4247 episcopali
1600 4180 1684 4234 in-

103 4246 432 4309 strumento,
474 4255 528 4300 et
558 4249 775 4318 capituli
802 4252 964 4309 etiam
997 4256 1119 4312 inde
1148 4262 1413 4330 confecto,
1438 4246 1496 4321 ut
1521 4284 1685 4339 super

104 4333 396 4393 praeteritis
446 4351 616 4408 usque
656 4340 724 4395 ad
774 4341 921 4398 illum
968 4347 1109 4403 diem
1137 4366 1243 4407 non
1269 4356 1443 4423 possit
1487 4333 1685 4416 iterum

107 4427 477 4483 controversia
525 4429 757 4488 suboriri
792 4441 1146 4505 quorumdam
1183 4446 1507 4504 scholarium
1541 4452 1681 4507 sica-

110 4508 340 4621 ripr-um,
386 4518 479 4587 qui
526 4519 594 4574 de
648 4534 806 4580 nocte
858 4526 1170 4588 incedentes
1221 4539 1412 4592 armati
1458 4551 1679 4611 raptus,
1713 4533 1840 4621 Ddi

114 4598 374 4659 adulteria
399 4611 822 4680 committentes,
858 4627 914 4671 et
944 4618 1107 4685 furta,
1132 4631 1188 4678 et
1229 4627 1406 4682 caedes
1446 4598 1686 4699 plerum;

114 4699 237 4755 que,
266 4694 349 4748 vel
395 4695 631 4769 ﬂagitia,
669 4718 960 4776 pacemque
998 4724 1104 4763 non
1150 4712 1321 4768 solum
1358 4694 1684 4775 scholarium

116 4787 168 4831 ει
193 4788 561 4856 securitatem,
589 4795 682 4847 sed
725 4804 780 4850 et
818 4797 1016 4854 civium
1052 4800 1289 4870 ipsorum
1338 4808 1578 4875 turbant,
1609 4811 1688 4867 sic

120 4878 499 4936 exterminavit
523 4883 589 4938 de
620 4884 764 4951 villa,
797 4896 853 4942 ut
892 4894 1153 4959 quosdam
1184 4898 1334 4966 quasi
1380 4899 1683 4969 hujusmodi

123 4967 412 5038 pracipuos
458 4973 776 5031 sicariorum
806 4978 861 5034 in
901 4996 1175 5041 carcerem
1224 4967 1548 5061 praecipuum
1597 5011 1683 5051 re-

127 5056 333 5111 truserit
353 5099 368 5123 ,
400 5062 661 5129 quosdam
689 5070 1159 5137 exterminaverit,
1187 5056 1482 5150 pacemque
1505 5098 1570 5139 ac
1602 5101 1688 5141 se-

129 5147 400 5209 curitatem
435 5157 534 5210 toti
568 5172 598 5209 a
632 5158 826 5215 talibus
858 5165 1150 5223 reddiderit
1175 5147 1413 5228 civitati}
1434 5174 1529 5231 Cui
1578 5194 1684 5234 non

130 5234 287 5337 folum
314 5254 521 5305 noctes,
570 5248 664 5302 sed
691 5260 746 5304 et
774 5251 890 5308 dies
918 5254 1017 5323 ipsi
1061 5258 1398 5318 valdeserant
1426 5271 1683 5337 suspecti.

129 5321 276 5429 llulta
325 5338 495 5404 gessit
543 5337 598 5392 in
649 5321 960 5413 episcopatu
1017 5352 1274 5418 praeclara
1311 5370 1376 5412 ac
1427 5321 1684 5429 perpetua

130 5415 272 5486 digna
297 5426 557 5481 memoria
579 5469 594 5494 ,
626 5444 745 5499 qua:
792 5435 874 5488 vel
910 5437 1062 5493 vobis
1103 5441 1282 5510 ignota
1312 5446 1688 5519 relinquimus,

127 5511 201 5601 vel
228 5526 448 5585 propter
491 5519 701 5591 legendi
733 5525 1008 5585 faStidium
1055 5533 1407 5594 subticemus.
1439 5511 1592 5598 l‘lunc
1626 5511 1694 5601 de

128 5600 273 5703 beato
316 5608 435 5678 ejus
462 5612 632 5681 exitu,
664 5619 841 5686 quoad
875 5632 1114 5680 nostram
1145 5631 1392 5697 pervenit
1424 5634 1691 5703 notitiam,

126 5693 459 5757 disseramus.

1084 369 1172 426 DE
1210 368 1453 426 GESTIS
1483 368 1695 426 EPlSC.
1729 370 2108 428 ANTISSIOD.
2133 374 2392 433 —PARS
2426 376 2466 430 1.

3279 385 3389 444 546

2290 485 2365 539 De
2401 486 2547 540 beato
2585 474 2701 557 ejus
2737 489 2901 543 exitu.

1876 571 1944 636 ls,
1978 587 2099 628 cum
2128 573 2421 631 Parisiensi
2464 578 2736 633 cathedrae
2766 580 2940 636 tribus
2969 583 3127 639 annis
3166 593 3219 641 et
3264 586 3385 644 fere

1803 663 2031 720 dimidio
2052 667 2188 722 bene
2211 678 2265 723 et
2290 668 2629 724 laudabiliter
2652 671 2978 742 praefuisset,
3014 686 3072 732 et
3098 681 3382 751 tranquilla
3402 688 3407 697 '

1801 757 1981 811 omnia
2020 757 2152 819 fere.
2183 768 2407 828 excepta
2433 776 2596 817 causa
2627 763 2954 820 scholarium
2979 808 2994 834 ,
3026 769 3116 839 qui
3156 769 3381 838 iurisdi-

1801 847 1967 900 etioni
1993 848 2238 905 ecclesia:
2282 865 2392 907 sua:
2439 860 2494 907 et
2540 853 2846 908 canceliarii
2879 856 2932 910 in
2962 859 3279 928 quibusdam
3317 876 3389 918 se

1800 940 2144 1019 emancipare
2189 943 2477 1010 volebant,
2531 947 2773 1016 quaedam
2811 949 3159 1023 sibimetipsis
3199 966 3385 1012 aucto-

1801 1030 1963 1085 ritate
2013 1016 2231 1103 propria
2280 1044 2483 1091 statuta
2530 1040 2845 1106 candentes,
2878 1057 2941 1098 ac
2982 1045 3083 1100 sibi
3127 1047 3216 1118 jus
3245 1064 3387 1103 con—

1801 1122 1957 1176 dendi
2000 1122 2306 1192 hujusmodi
2348 1128 2401 1182 in
2448 1130 2815 1200 przejudicium
2867 1134 3103 1206 episc0pi
3147 1147 3202 1192 ct
3247 1154 3385 1194 can—

1801 1210 2037 1279 cellarii,
2096 1223 2156 1269 ut
2203 1219 2826 1292 credebanepiseopus,
2881 1227 3178 1303 attribuere
3230 1230 3379 1285 labo-

1802 1311 2025 1369 rantes,
2075 1306 2328 1362 chronica
2390 1311 2604 1365 tandem
2649 1322 2930 1382 quartana:
2981 1316 3185 1373 fractus
3234 1322 3383 1377 vale—

1800 1393 2019 1459 tudine,
2063 1410 2129 1451 cx
2177 1413 2284 1467 quo
2330 1400 2501 1455 li'ater
2544 1419 2673 1459 suus
2711 1405 2985 1463 Manasses
3028 1427 3169 1481 saepe
3202 1413 3389 1469 dictus.
3458 1464 3459 1467 η

1798 1483 1866 1539 de
1905 1484 2007 1540 hac
2052 1487 2159 1540 vita
2191 1489 2556 1559 migraverat,
2601 1493 2816 1548 demum
2865 1512 2985 1551 cum
3020 1498 3130 1568 jam
3181 1517 3374 1556 conva—

1798 1575 1962 1632 luisse
2006 1579 2281 1635 videretur
2322 1583 2389 1637 de
2425 1593 2685 1653 quartana
2730 1586 2882 1643 febre
2934 1602 3214 1661 correptus
3249 1609 3377 1648 con-

1801 1667 1947 1720 tinua
1973 1709 1987 1734 ,
2036 1668 2161 1725 licet
2191 1670 2333 1727 lenta
2359 1713 2372 1737 ,
2403 1673 2583 1728 domui
2622 1692 2733 1731 suae
2762 1679 3056 1748 disposuit,
3087 1683 3247 1738 veluti
3288 1684 3375 1739 illa

1798 1756 2114 1825 azgritudine
2156 1765 2974 1838 consummandus,vocatisque
2999 1772 3170 1841 pridie
3209 1789 3377 1844 quam

1727 1827 1781 1885 Β
1800 1845 2183 1916 defungeretur
2207 1851 2500 1922 majoribus
2527 1856 2593 1910 de
2620 1827 3015 1928 'capitulo'suo.
3066 1862 3203 1933 apud
3224 1827 3373 1919 .san-

1791 1942 1937 1992 ctum
1968 1939 2316 1996 Clodoaldum
2343 1943 2519 1997 villam
2549 1946 2932 2017 episcopalem,
2960 1952 3049 2006 ubi
3085 1954 3373 2009 decumbe-

1789 2026 1881 2081 bat
1928 2028 2194 2096 inﬁrmus,
2246 2034 2482 2105 virisque
2537 2036 2821 2108 religiosis,
2880 2042 3074 2097 abbate
3126 2045 3376 2101 videlicet

1789 2118 1961 2175 sancti
2014 2120 2245 2177 Victoris
2291 2125 2506 2181 domino
2563 2127 2843 2199 Radulpho
2924 2131 2990 2186 de
3057 2132 3314 2204 Hospitali
3356 2177 3372 2198 ,

1789 2208 2058 2277 sociisque
2086 2211 2406 2279 astantibus,
2440 2216 2630 2271 mortis
2671 2233 2784 2272 sure
2836 2219 2991 2274 diem.
3029 2224 3296 2291 przedixit,
3324 2234 3376 2282 et

1788 2298 1929 2367 apud
1972 2298 2345 2355 Pontiniacum
2404 2304 2577 2358 locum
2626 2304 3004 2365 Cisterciensis
3060 2313 3285 2381 ordinis,
3313 2324 3374 2369 ut

1788 2393 1855 2449 ad
1881 2394 2115 2465 majores
2169 2411 2317 2463 suos,
2346 2399 2435 2468 qui
2481 2400 2553 2454 ibi
2603 2411 2858 2472 tanquam
2909 2404 3011 2461 loci
3061 2407 3372 2467 fundatores

1787 2484 2081 2547 dormiunt.
2115 2502 2177 2543 se
2214 2489 2468 2545 tumulari
2495 2494 2771 2562 praecepit,
2817 2511 2881 2550 ac
2906 2500 3150 2567 sequenti
3198 2502 3263 2556 de
3291 2502 3386 2556 dim

1788 2576 1927 2631 vinis
1957 2591 2147 2633 omnes
2173 2580 2263 2650 qui
2289 2581 2515 2636 aderant
2544 2581 2842 2641 inl'ormans
2862 2595 2916 2641 et
2932 2588 3178 2657 eloquiis,
3204 2605 3386 2660 seque-

1787 2679 1974 2719 eorum
2027 2667 2362 2723 orationibus
2392 2674 2857 2741 recommendans,
2883 2680 3175 2733 canonicos
3201 2681 3378 2735 etiam

1786 2765 2080 2826 praesentes
2105 2757 2361 2815 Ecclesia:
2385 2761 2706 2819 Parisiens‘is
2736 2768 2921 2823 sedulo
2949 2770 3014 2823 ad
3045 2773 3373 2827 concordem

1786 2846 2103 2902 electionem
2141 2850 2458 2918 exhortans,
2491 2853 2863 2923 colloquendo,
2889 2857 3031 2913 inter
3062 2875 3252 2917 manus
3275 2878 3367 2916 re-

1787 2933 2099 3004 ligiosorum
2150 2946 2450 2994 extremum
2494 2942 2678 2996 emisit
2728 2945 2997 3014 spiritum,
3049 2957 3110 3001 ut
3157 2950 3224 3004 de
3277 2950 3367 3007 die

1788 3027 1980 3082 mortis
2032 3043 2144 3083 sua:
2193 3031 2537 3100 pmdicentis
2579 3034 2780 3089 veritas
2808 3038 3144 3106 probaretur,
3181 3043 3367 3112 sicque

1790 3120 1930 3189 apud
1961 3119 2354 3189 Pontiniacum,
2382 3133 2541 3193 prout
2565 3137 2918 3196 praeceperat,
2964 3131 3274 3202 deportatus
3318 3143 3375 3188 et

1791 3211 2085 3267 tumulatus
2126 3214 2177 3267 in
2203 3215 2407 3284 capella
2438 3214 2497 3269 Β.
2533 3216 2754 3272 Thomre
2784 3222 3038 3291 martyris
3067 3233 3192 3278 ante
3223 3225 3372 3295 prin-

1787 3301 1957 3372 cipale
1980 3301 2147 3356 altare
2174 3304 2333 3360 beato
2359 3306 2414 3360 in
2442 3305 2668 3363 Domino
2695 3308 2802 3364 line
2854 3298 3077 3379 quievit.
3122 3312 3369 3370 Mortuus

1786 3402 1868 3447 est
1897 3401 2079 3447 autem
2103 3393 2156 3448 in
2182 3393 2321 3450 festo
2360 3394 2422 3449 B.
2445 3396 2739 3454 Clementis
2784 3402 2923 3470 apud
2972 3414 3214 3459 sanctum
3245 3405 3370 3461 Clo-

1787 3482 2061 3549 doaldum,
2087 3484 2152 3539 de
2178 3501 2284 3555 quo
2326 3486 2438 3557 jam
2466 3503 2628 3557 supra
2669 3490 2926 3557 diximus,
2957 3508 3100 3547 anno
3157 3495 3377 3551 Domini

1786 3570 2072 3627 millesimo
2126 3573 2494 3630 ducentesimo
2546 3577 2801 3634 vicesimo
2844 3582 3043 3647 tertio,
3108 3594 3372 3654 regnante

1786 3662 2056 3719 Ludovico
2078 3664 2223 3719 circa
2255 3667 2404 3720 initia
2438 3670 2587 3740 regni
2610 3671 2714 3724 sui.
2740 3669 2894 3727 Sedit
2922 3689 3050 3728 vero
3079 3675 3131 3729 in
3156 3675 3363 3746 episco-

1787 3760 1911 3821 patu
1934 3752 2388 3810 Antissiodorensi
2417 3759 2633 3814 circiter
2664 3762 2925 3815 tredecim
2955 3780 3126 3819 annos
3183 3776 3238 3820 et
3285 3767 3371 3820 di—

1786 3841 2030 3907 midium,
2060 3844 2279 3899 Parisiis
2297 3860 2426 3901 vero
2447 3849 2787 3907 circitertres
2810 3867 2982 3906 annos
3005 3864 3060 3908 et
3083 3857 3365 3911 dimidium

1787 3931 1898 3987 fere
1920 3936 2019 3990 sub
2048 3934 2303 3991 Romanis
2328 3939 2670 4007 pontiﬁcibus
2711 3940 3019 3999 lnnocentio
3040 3942 3107 3998 Ill
3150 3956 3203 4000 et
3258 3946 3369 4001 Ηοο

1787 4027 1941 4081 norio
1972 4026 2056 4091 III,
2095 4029 2439 4098 regnantibus
2466 4031 2516 4084 in
2557 4031 2786 4088 Francia
2818 4035 3064 4107 Philippo
3095 4046 3149 4091 et
3192 4038 3371 4094 Ludo-

1786 4116 1929 4181 vico,
1956 4117 2022 4172 de
2051 4134 2158 4187 quo
2180 4121 2429 4189 superius
2483 4122 2707 4180 fecimus
2757 4128 3101 4185 mentionem.
3135 4131 3370 4202 Explicit

1783 4206 1851 4263 de
1879 4207 2181 4265 Guillelmo.
2372 4280 2381 4291 ‘

1786 4319 1913 4378 CAP.
1944 4321 2055 4409 Ιιξῖ
2091 4323 2168 4409 pe
2192 4324 2421 4409 Ιζςξξζὶεο
2443 4329 2675 4409 quifuit
2719 4334 2979 4409 oriundus
3001 4336 3066 4395 de
3107 4343 3241 4409 pago
3272 4339 3367 4409 qui

1995 4393 2189 4447 dicitur
2226 4393 2513 4464 Villanav'a,
2542 4393 2595 4454 ni
2619 4401 2907 4458 Parisiensi
2925 4393 3148 4461 dioecesi.

1857 4480 1993 4535 lluic
2030 4485 2290 4540 successit
2337 4485 2600 4544 llcnricus
2642 4492 2708 4546 de
2754 4509 2892 4564 pago
2943 4496 3032 4565 qui
3085 4495 3358 4554 Villanova

1845 4568 2009 4634 citur,
2036 4570 2088 4624 in
2146 4572 2439 4629 Parisiensi
2495 4576 2719 4633 dicecesi
2759 4584 3037 4649 oriundus,
3070 4587 3161 4654 qui
3216 4588 3366 4655 prius

1784 4665 1972 4712 cantor
2007 4659 2494 4719 Autissiodurensis
2544 4668 2802 4723 ecclesiae.
2851 4669 3063 4738 Postea,
3092 4691 3189 4744 per
3217 4677 3362 4731 illam

1782 4748 2062 4805 electionis
2085 4750 2339 4819 formam,
2374 4770 2492 4824 qua:
2522 4773 2552 4812 a
2574 4758 2695 4828 jure
2717 4765 3122 4833 compromissio
3146 4769 3366 4837 dicitur,

1782 4841 2147 4910 pontilicalem
2178 4844 2488 4901 cathedram
2517 4848 2743 4918 adeptus
2785 4862 2888 4908 est.
2943 4854 3112 4924 Quem
3166 4862 3368 4916 medio-

1781 4946 1926 4987 crem
1957 4949 2153 5004 genere
2180 4950 2279 4991 nec
2304 4936 2509 4993 inﬂavit
2535 4941 2800 5009 nobilitas,
2826 4958 2924 4999 nec
2953 4947 3130 5003 vilitas
3152 4949 3366 5020 abjecit;

1794 5021 1851 5075 in
1884 5037 1993 5092 quo
2019 5024 2143 5081 licet
2169 5027 2342 5082 virtus
2369 5033 2791 5100 mansuetudinis
2817 5051 2842 5087 a
2873 5035 3145 5109 plerisque
3167 5041 3372 5095 dicere-

1798 5120 1885 5166 tur
1915 5116 2129 5170 modum
2153 5119 2437 5184 excedere,
2460 5121 2582 5191 jura
2612 5131 2787 5179 tamen
2823 5129 3162 5198 episcopatus
3191 5131 3367 5198 rigore

1788 5199 2011 5269 justitiac
2044 5205 2121 5259 sic
2148 5206 2313 5261 illaesa
2366 5211 2621 5274 servavit,
2652 5220 2711 5266 ut
2766 5216 3001 5285 tyranni,
3030 5218 3120 5286 qui
3172 5232 3232 5270 ea
3267 5219 3371 5273 sibi

1793 5295 2039 5362 usurpari
2066 5308 2473 5365 consueverant,
2502 5314 2564 5354 ea
2595 5304 3045 5372 compellerentur
3068 5309 3369 5374 restituere,

1793 5389 1847 5436 et
1886 5396 1914 5435 a
1946 5398 2055 5439 sua:
2080 5388 2381 5456 tyrannidis
2408 5389 2662 5447 violentia
2713 5408 2945 5450 cessare.
2998 5395 3103 5450 Iste
3147 5406 3229 5452 est
3276 5400 3369 5468 qui

1797 5473 2144 5531 munitionem
2166 5470 2363 5545 castro,
2406 5482 2547 5550 quod
2573 5481 2889 5538 Varziacum
2915 5485 3135 5552 dicitur,
3169 5490 3335 5559 praaju

1792 5564 2038 5620 dicialem
2077 5583 2107 5621 a
2150 5570 2268 5624 viro
2299 5579 2536 5641 potente,
2582 5574 2769 5640 nobili,
2803 5583 2963 5643 atque
2994 5576 3234 5633 ecclesiae
3256 5580 3368 5636 An-

1794 5650 2159 5710 tissiodorensi
2195 5657 2433 5725 inimico,
2466 5658 2733 5716 Galchero
2761 5663 2827 5717 de
2864 5661 3153 5734 Pniguiaco
3174 5706 3190 5733 ,
3219 5681 3371 5723 acer-

1799 5753 1938 5795 rnno
1993 5750 2356 5814 persecutore,
2386 5748 2436 5801 in
2487 5747 2624 5814 loco,
2664 5746 2747 5804 c'ui
2804 5749 3170 5809 Bcchercllnm
3213 5772 3376 5815 voca-
