3918 6316
560 328 668 384 547

1373 323 1660 380 A'PPEND.
1701 319 1791 374 AD
1822 320 1993 376 SEC.
2032 320 2099 374 Χ.
2127 351 2139 360 -

2243 323 2453 380 )PERA
2493 333 2893 384 animorum.
3676 333 3760 392 348

563 438 747 494 bulum
771 447 876 502 est,
905 436 1226 492 aedificatam
1256 433 1383 489 fecit
1410 434 1634 498 destrui,
1656 442 1711 490 et
1759 448 1865 487 non
1906 433 2023 487 sine
2053 431 2134 486 sui
2165 442 2211 500 Α
2238 436 2504 489 curandas
2549 408 2825 507 suscepit,
2882 435 3026 506 quod
3079 434 3363 491 attendens
3410 433 3473 491 de
3519 413 3762 506 pascendis

565 540 619 584 et
676 543 895 583 suorum
949 526 1140 597 grandi
1181 523 1418 596 periculo
1457 524 1697 580 funditus
1729 523 1918 580 everti.
1977 522 2140 591 Cujus

563 619 895 688 temporibus
959 617 1117 686 panis
1181 615 1371 670 unicus
1425 615 1779 684 servitoribus
1825 613 1968 669 beati
2012 627 2142 683 pro-

565 711 880 781 tomartyris
928 707 1390 772 distribuebatur,
1451 708 1547 760 sed
1625 706 1741 776 ipse
1791 705 1856 760 de
1909 703 2142 774 propriis

565 799 928 865 facultatibus,
968 798 1261 854 secundum
1283 795 1517 864 addidit;
1571 797 1789 866 insuper
1815 804 1872 851 et
1901 794 2048 850 mille
2080 794 2142 848 li-

564 890 690 944 bras
709 889 1042 944 Parisienses
1069 887 1309 943 ecclesia:
1354 889 1408 943 in
1438 895 1684 943 extremo
1718 886 1942 942 contulit
1981 893 2142 940 testa-

563 988 766 1035 mento.
794 979 892 1034 llic
921 977 1205 1034 ecclesiam
1250 978 1392 1032 beati
1422 976 1850 1046 Protomartyris
1903 974 2140 1030 donariis

565 1069 858 1139 ampliavit,
921 1068 1083 1123 corda
1132 1068 1516 1122 canonicorum
1575 1068 1630 1121 in
1679 1081 1836 1120 suum
1899 1064 2141 1120 favorem

563 1158 1302 1224 mansuetudine-inclinavit,
1348 1157 1595 1213 inimicos
1623 1157 1880 1211 Ecclesia:
1915 1155 1984 1210 ad
2013 1170 2141 1210 con-

562 1249 802 1303 cordiam
827 1247 1065 1312 reduxit;
1100 1256 1154 1303 et
1181 1256 1301 1317 post
1342 1253 1558 1302 cursum
1586 1247 1711 1300 vitae
1756 1245 2054 1315 pra-sentis,
2088 1244 2141 1297 in

563 1352 695 1408 pace
727 1339 776 1393 in
802 1339 1031 1408 idipsum
1063 1337 1316 1391 dormivit
1344 1346 1400 1391 et
1455 1336 1719 1405 requievit
1746 1332 1920 1404 (Psal.
1953 1350 2028 1400 tv,
2061 1333 2137 1403 9).

561 1427 660 1482 llic
688 1429 739 1482 in
767 1428 883 1484 loco
901 1428 992 1498 qui
1024 1427 1249 1483 Pulcher
1269 1427 1527 1483 Redditus
1543 1426 1760 1491 dicitur,
1789 1425 1974 1480 morbo
1997 1424 2142 1494 squi-

561 1519 764 1573 nancite
787 1517 1001 1573 labores
1028 1519 1308 1588 praesentis
1339 1516 1541 1572 militia:
1563 1526 1978 1580 consummant,
2016 1517 2142 1570 dor-

563 1611 819 1681 mivitque
850 1626 970 1665 cum
1000 1609 1244 1680 patribus
1267 1609 1380 1663 suis
1403 1624 1565 1663 senex
1587 1617 1643 1663 et
1682 1608 1875 1679 plenus
1905 1607 2140 1661 dierum.

561 1699 662 1766 Qui
698 1702 753 1754 in
800 1700 1025 1755 ecclesia
1072 1699 1131 1752 Β.
1160 1699 1580 1771 Protomartyris
1631 1698 1872 1768 sepultus
1919 1698 2138 1753 beatam

561 1799 836 1862 exspectat
861 1800 1168 1846 sanctorum
1215 1792 1696 1862 resurrectionem,
1748 1791 2024 1855 bravium,
2072 1789 2143 1843 ad
2174 1788 2218 1846 B

562 1884 702 1952 quod
749 1893 1062 1938 cucurrerat
1109 1890 1169 1935 ut
1213 1882 1717 1952 comprehenderet,
1766 1890 2140 1951 percepturus.

561 1975 713 2031 Sedit
739 1975 891 2030 annis
923 1974 1173 2029 tredecim
1202 1973 1474 2028 mensibus
1497 1983 1749 2042 quatuor.

813 2065 940 2120 Car.
973 2065 1108 2119 L‘XI.
1147 2063 1222 2117 De
1249 2062 1521 2117 Bernardo
1553 2065 1616 2118 de
1639 2063 1891 2118 Soiliaco.

634 2158 972 2230 Supradictis
990 2157 1239 2211 Patribus
1253 2155 1555 2210 Bernardus
1577 2157 1642 2210 de
1657 2155 1912 2217 Soiliaco,
1928 2154 2011 2208 vir
2031 2153 2144 2208 exi-

563 2249 686 2304 miae
710 2248 1033 2312 sanctitatis,
1057 2248 1350 2314 successit;
1375 2247 1464 2317 qui
1489 2256 1542 2301 et
1567 2246 1763 2301 multus
1787 2247 2144 2316 praedecesso

564 2357 682 2396 rum
708 2349 892 2396 sancta
922 2339 1264 2411 simplicitate
1286 2348 1340 2394 et
1363 2337 1590 2408 simplici
1614 2338 1899 2392 sanctitate
1921 2351 2145 2406 praeces-

562 2431 653 2485 sit.
671 2429 910 2497 Quicqu
931 2429 1142 2500 generis
1168 2426 1448 2482 nobilitate
1469 2427 1719 2497 polleret,
1735 2441 1942 2480 morum
1967 2434 2142 2479 tamen

562 2518 875 2590 praecellens
897 2517 1148 2572 nobilitas
1168 2516 1246 2572 sic
1261 2531 1378 2570 eam
1395 2515 1557 2586 pallio
1578 2514 2141 2582 humilitatisobtexit,

567 2617 625 2662 ut
653 2608 949 2664 secundum
979 2606 1290 2676 Apostolum
1325 2621 1430 2660 non
1456 2605 1561 2660 alta
1585 2615 1819 2676 saperet,
1844 2605 1936 2660 sed
1965 2605 2141 2658 humi-

567 2701 708 2755 libus
745 2697 1074 2753 consentiret
1102 2697 1281 2768 (Rom.
1335 2698 1572 2774 xu,l6).
1621 2697 1784 2767 Cujus
1834 2696 2144 2750 veneranda

578 2791 826 2856 canities,
850 2789 1028 2844 vultus
1053 2789 1336 2852 serenitas,
1352 2789 1688 2844 verecundus
1708 2796 1978 2858 aspectus,
2001 2786 2146 2840 ordi-

576 2891 735 2935 natus
758 2880 1019 2944 incessus,
1038 2878 1301 2934 sermonis
1321 2879 1604 2944 modestia,
1620 2887 1766 2933 casta
1781 2877 2142 2937 conversatio,

561 2985 766 3026 mensae
785 2967 1083 3039 frugalitas,
1113 2977 1428 3039 argumenta
1450 2969 1663 3023 virtutis
1689 2969 1918 3022 interius
1943 2967 2142 3020 redun-

560 3061 740 3115 dantis
760 3058 1123 3114 etlicacissima
1146 3059 1544 3112 ministrabant.
1563 3057 1627 3111 Et
1651 3057 1777 3128 quia
1803 3056 2017 3110 lucerna
2047 3058 2144 3110 sub

566 3149 745 3205 modio
775 3148 1028 3202 abscondi
1059 3165 1163 3202 non
1195 3149 1398 3212 debuit,
1432 3149 1526 3202 sed
1575 3163 1737 3216 super
1759 3146 2141 3201 candelabrum
2171 3139 2214 3199 C

560 3240 710 3311 poni,
761 3246 819 3293 ut
861 3237 1283 3309 ingredientibus
1332 3239 1546 3292 domum
1599 3237 1777 3290 lumen
1835 3235 2142 3292 refunderet

562 3327 780 3400 (Matth.
812 3343 862 3392 v,
897 3326 1006 3397 l3),
1039 3327 1210 3396 primo
1234 3341 1264 3380 a
1309 3327 1620 3396 supradicto
1646 3327 1938 3382 venerabili
1984 3327 2144 3382 Patre

561 3421 784 3491 Hugone
807 3419 872 3473 de
895 3417 1110 3473 Noeriis
1137 3419 1612 3474 Antissiodorense
1634 3420 1875 3474 antistite
1903 3419 2144 3489 praeben-

562 3511 680 3566 dale
709 3511 1025 3566 beneficium
1050 3511 1102 3564 in
1131 3509 1598 3565 Antissiodorcnse
1624 3510 1851 3566 ecclesia
1877 3526 2142 3566 consecu-

562 3610 648 3656 tus
675 3610 778 3666 est,
816 3602 903 3655 ubt
935 3615 1188 3656 saceraos
1215 3601 1435 3655 enectus
1465 3602 1596 3655 adeo
1628 3616 1685 3657 se
1720 3602 1914 3656 divinis
1951 3601 2140 3656 oihciis

562 3692 907 3761 mancipavit,
934 3691 1074 3760 quod
1111 3691 1249 3744 sicut
1295 3690 1391 3759 ipsi
1423 3692 1654 3761 pr0priis
1688 3693 1857 3747 oculis
1887 3692 2140 3758 vidimus,

561 3784 651 3838 diu
682 3793 950 3851 noctuque
1002 3782 1088 3835 vix
1141 3782 1298 3836 unica
1356 3783 1487 3836 hora
1540 3784 1817 3853 prmteriit,
1870 3800 1988 3854 qua:
2037 3801 2140 3838 non

559 3889 656 3944 per
691 3874 807 3944 ejus
831 3874 970 3928 labia
993 3873 1182 3928 devote
1209 3873 1486 3939 transiret,
1515 3884 1739 3944 excepto
1761 3877 1902 3944 quod
1933 3874 2143 3930 festivis

561 3972 750 4026 diebus
778 3969 984 4039 populis
1011 3968 1077 4022 ad
1105 3967 1222 4035 ejus
1249 3982 1525 4022 sermones
1555 3969 1952 4023 manicanlibus
1974 3984 2143 4024 sacra:

560 4058 755 4115 ﬂuenta
785 4058 1041 4112 doctrina:
1069 4056 1410 4111 devotissime
1438 4064 1598 4125 atque
1642 4057 2010 4126 copiosissime
2062 4058 2142 4110 in-

560 4151 781 4214 fluebat,
818 4159 877 4202 ut
902 4148 1152 4216 stigmata
1184 4147 1389 4200 Domini
1422 4145 1626 4215 jugiter
1655 4147 1705 4200 iu
1761 4164 1858 4202 suo
1912 4163 2141 4219 corpore

559 4247 801 4310 portaret
830 4233 972 4307 (Gal.
1001 4250 1072 4298 vl,
1107 4233 1216 4302 i7);
1242 4232 1458 4303 jejuniis
1487 4243 1542 4288 et
1568 4234 1903 4291 orationibus
1927 4237 2143 4292 insiste-

558 4334 674 4396 bat,
719 4328 892 4383 cilicio
925 4338 1137 4394 semper
1157 4324 1478 4378 intrinsecus
1508 4324 1823 4380 inhmrente.
1851 4326 2138 4391 Caeterum,

558 4432 622 4477 ut
651 4421 738 4476 hic
765 4434 869 4474 non
899 4426 1202 4471 manentem
1229 4415 1499 4470 civitatem
1531 4415 1750 4481 habere,
1781 4417 1874 4471 sed
1906 4416 2139 4470 futuram

560 4513 833 4584 inquirere
859 4510 1270 4572 demonstraret,
1295 4515 1492 4562 etcum
1520 4506 1776 4577 Apostolo
1806 4508 2140 4577 experiretur
2171 4479 2222 4540 D

561 4601 796 4676 pericula
824 4599 1101 4653 fluminum
1147 4607 1202 4652 et
1236 4597 1524 4663 latronum,
1557 4607 1984 4668 creterorumque
2009 4599 2140 4652 duo-

559 4696 733 4751 decim
763 4691 1248 4754 incommodorum,
1274 4705 1392 4759 quae
1416 4690 1707 4759 Apostolus
1738 4691 1802 4744 ad
1830 4689 2138 4746 Corinthios

559 4785 783 4854 loquens
811 4797 868 4836 se
889 4787 1166 4848 expertum
1197 4778 1361 4832 fuisse
1384 4789 1772 4832 commemorat
1796 4777 1876 4848 (ll
1903 4777 2020 4831 Cor.
2059 4795 2136 4844 χι,

557 4879 648 4945 26,
671 4875 781 4946 27),
823 4871 1244 4942 Hierosolymam
1285 4870 1454 4940 petiit,
1486 4870 1574 4924 ubi
1605 4878 1752 4924 tanta
1781 4871 1995 4924 lucerna
2017 4871 2140 4925 abs-

559 4969 716 5026 condi
750 4983 856 5022 nou
885 4965 1074 5035 potuit,
1104 4964 1210 5017 imo
1235 4963 1530 5018 sanctitatis
1545 4964 1660 5033 ejus
1689 4963 1741 5017 in
1772 4963 1874 5018 illis
1897 4965 2138 5032 partibus

560 5063 696 5118 adeo
726 5061 858 5114 radii
888 5057 1220 5122 effulserunt,
1252 5065 1309 5109 ut
1338 5056 1389 5109 in
1420 5055 1753 5110 Nazarenum
1779 5058 2138 5128 archiepisco-

559 5170 687 5226 pum
735 5153 1047 5224 eligeretur,
1101 5158 1155 5202 et
1207 5148 1418 5202 cunctis
1467 5148 1587 5202 aliis
1636 5147 1795 5202 etiam
1848 5149 2134 5204 sanctitate

557 5245 835 5317 praeclaris
872 5241 1237 5313 praeferretur.
1285 5237 1390 5294 Sed
1421 5239 1803 5294 sublimitatem
1847 5241 2132 5310 parvipen.

559 5339 692 5392 dens
723 5333 1002 5401 humilitas
1040 5332 1091 5384 in
1131 5345 1188 5384 se
1226 5344 1508 5392 conversa,
1555 5329 1673 5397 plus
1713 5330 1873 5400 elegit
1907 5332 2134 5385 modici-

558 5437 725 5482 tatem
748 5439 964 5482 servare
984 5438 1143 5493 quam
1165 5422 1214 5475 in
1230 5419 1572 5476 sublimitatis
1593 5421 1848 5490 periculis
1876 5422 2128 5490 pendere.

631 5517 816 5586 Itaque
872 5528 1120 5568 reversus
1182 5511 1248 5564 ad
1308 5511 1521 5580 propria
1574 5518 1629 5562 et
1681 5510 1858 5578 scipso
1920 5524 2133 5578 semper

558 5608 750 5664 melior
799 5606 1020 5661 eﬂ'ectus
1060 5603 1112 5658 in
1158 5601 1682 5656 Autissiodoreusem
1733 5602 2132 5656 archidi'aconao

559 5711 671 5756 tum
723 5707 1001 5770 promotus
1053 5706 1157 5763 est,
1191 5695 1280 5750 ubi
1323 5703 1469 5750 tanta
1523 5693 1882 5752 sollicitudine
1921 5697 2130 5751 animas

2241 525 2393 595 agnis
2449 533 2504 579 et
2554 525 2747 579 ovibus
2798 533 2882 579 ter
2935 524 3094 580 Petro
3150 524 3429 594 repetitum
3493 527 3759 584 mandatum

2241 615 2442 687 (Joan.
2486 631 2600 681 xxi,
2648 617 2736 681 16,
2779 615 2885 685 Π)
2916 615 3060 684 pavit
3103 629 3198 670 eas
3244 603 3507 680 doctrina,
3556 621 3762 690 exemplo

2240 714 2400 773 atque
2446 704 2691 760 subsidio
2727 704 3007 774 temporali
3038 745 3051 768 ,
3097 705 3293 777 quibus
3316 704 3510 774 iugiter
3547 707 3762 763 insistens

2241 797 2328 851 die
2342 806 2630 866 noctuque,
2645 804 2777 850 aestu
2805 795 3058 850 urebatur
3070 805 3124 850 et
3153 795 3271 866 gelu
3283 837 3297 860 ,
3317 795 3636 867 fugiebatque
3651 813 3763 853 som-

2242 905 2343 944 nus
2359 890 2426 945 ab
2444 889 2614 944 oculis
2627 889 2760 959 ejus.
2781 886 2943 959 igitur
2958 886 3208 943 ileinrtco
3225 897 3350 944 tunc
3365 890 3608 959 temporis
3620 890 3768 946 Eccle-

2241 980 2334 1034 siae
2353 978 2840 1034 Autissiodurensis
2853 977 3092 1032 antistite
3105 976 3246 1031 viam
3262 978 3518 1033 universa:
3531 981 3690 1033 carnis
3704 982 3764 1033 iu-

2241 1086 2450 1142 gresso,
2467 1079 2521 1126 et
2533 1070 2599 1125 ad
2613 1068 2999 1140 providendum
3013 1067 3252 1123 ecclesia:
3266 1069 3329 1122 de
3344 1077 3552 1138 pastore
3565 1069 3768 1124 invocata

2243 1159 2475 1230 Spiritus
2503 1161 2678 1216 sancti
2733 1159 2905 1231 gratia
2931 1157 3252 1213 electoribus
3280 1158 3633 1228 congregatis,
3655 1159 3764 1211 mira

2243 1265 2329 1305 res
2377 1250 2608 1316 accidit,
2663 1257 2717 1302 et
2775 1247 2974 1302 nostris
3023 1246 3354 1316 temporibus
3414 1246 3465 1299 in
3512 1243 3764 1298 Gallicanis

2242 1340 2497 1395 Ecelcsiis
2527 1340 2798 1403 inaudita;
2837 1352 2960 1392 nam
2991 1336 3345 1390 multitudinis
3367 1335 3641 1390 electorum
3664 1335 3770 1386 adeo

2244 1448 2338 1488 cor
2372 1447 2536 1486 unum
2579 1441 2634 1486 et
2657 1431 2838 1485 anima
2867 1429 2987 1495 fuit,
3018 1439 3078 1484 ut
3105 1444 3292 1484 omnes
3333 1444 3440 1483 uno
3468 1428 3644 1497 spiritu
3671 1444 3772 1481 con-

2242 1529 2538 1584 clamarent
2606 1527 3051 1582 archidiaconum
3118 1525 3316 1581 debere
3392 1524 3585 1594 prsetici
3644 1541 3770 1594 quem

2241 1621 2503 1676 Dominus
2552 1619 2906 1690 prterogativa
2948 1619 3242 1672 donaverat
3296 1617 3611 1671 sanctitatis.
3653 1615 3768 1670 Cun-

2243 1721 2451 1766 ctorum
2479 1710 2644 1780 igitur
2671 1709 2722 1764 in
2755 1711 2929 1779 ipsum
2959 1708 3407 1762 concurrentibus
3429 1707 3582 1771 votis,
3606 1707 3767 1760 invitus

2246 1802 2474 1870 rapitur,
2509 1815 2812 1870 repugnans
2834 1799 3096 1863 trahitur,
3125 1797 3416 1866 nolensque
3445 1798 3638 1868 cogitur
3663 1812 3767 1851 cou-

2247 1890 2470 1946 sentire.
2520 1889 2565 1942 A
2616 1896 2858 1956 tempore
2890 1897 3072 1942 autem
3114 1887 3226 1952 illo,
3259 1901 3368 1956 quo
3414 1885 3467 1940 in
3511 1887 3772 1957 episcOpum

2246 1989 2594 2036 consecratus
2650 1985 2765 2043 est,
2816 1991 3034 2032 carnem
3085 1989 3239 2031 suam
3303 1984 3453 2029 tanta
3509 1976 3774 2030 austeritate

2247 2071 2541 2134 damnavit,
2586 2071 2730 2139 quod
2776 2069 2924 2124 feriis
2974 2069 3233 2134 secunda,
3281 2077 3494 2139 quarta,
3544 2077 3697 2130 sexta,
3735 2077 3776 2121 et

2247 2161 2473 2230 septima
2513 2162 2651 2216 escis
2680 2159 3232 2229 quadragesimalibus
3261 2160 3380 2228 ejus
3402 2158 3596 2229 jejunia
3639 2156 3776 2210 solve-

2250 2260 2458 2315 rentur,
2484 2251 2585 2304 nisi
2616 2251 2757 2305 forte
2786 2250 2938 2304 labor
2965 2258 3057 2302 aut
3087 2248 3374 2303 infirmitas
3397 2248 3590 2318 aliquid
3617 2245 3777 2300 lautius

2247 2344 2565 2414 indulgeret.
2618 2343 2788 2396 Tanta
2836 2355 2966 2394 vero
3010 2339 3072 2394 ad
3123 2339 3327 2395 Christi
3382 2354 3632 2410 pauperes
3683 2347 3775 2390 erat

2247 2433 2362 2503 ejus
2404 2431 2636 2498 aﬂectio,
2674 2442 2732 2485 ut
2774 2432 3067 2486 secundum
3114 2430 3417 2484 doctrinam
3467 2427 3654 2492 Tobim,
3693 2441 3776 2495 quo

2247 2527 2405 2581 modo
2450 2525 2644 2596 potuit,
2695 2538 2908 2592 semper
2956 2523 3058 2577 fuit
3103 2535 3358 2578 m.sertus
3404 2521 3566 2593 (Tob.
3601 2537 3664 2582 tv,
3703 2518 3773 2587 8).

2245 2618 2378 2673 Cum
2423 2619 2566 2672 enim
2603 2617 2653 2671 ei
2688 2615 2859 2670 adfuit
2910 2615 3134 2669 multum
3209 2614 3546 2669 abundanter
3597 2611 3772 2666 tribuit:

2245 2725 2366 2766 cum
2401 2717 2579 2764 autem
2608 2708 2904 2772 modicum,
2936 2715 2991 2760 et
3011 2706 3142 2762 illud
3169 2705 3590 2761 misericorditer
3614 2702 3780 2757 studuit

2247 2799 2533 2869 impertiri.
2587 2797 2693 2852 Nos
2740 2799 2882 2855 enim
2923 2798 3039 2867 ipsi
3092 2796 3468 2867 experimento
3517 2795 3776 2864 frequenter

2245 2890 2528 2945 didicimus
2551 2889 2692 2958 quod
2706 2887 2804 2942 sibi
2822 2901 3125 2955 mensaeque
3141 2901 3252 2942 suae
3274 2887 3546 2941 sodalibus
3577 2886 3788 2953 frequen-~

2248 2988 2330 3033 ter
2349 2977 2667 3041 substraxit,
2686 2975 2825 3030 unde
2853 2990 3143 3045 pauperum
3162 2975 3375 3030 esuries
3399 2976 3666 3029 levaretur.
3687 2971 3777 3040 lpso

2247 3069 2500 3123 audiente
2549 3075 2710 3137 atque
2763 3068 3031 3136 patienter
3077 3065 3382 3120 sustinente
3417 3063 3777 3120 murmurabant

2246 3161 2564 3225 servientes,
2618 3151 3030 3214 murmurabant
3077 3167 3129 3213 et
3177 3157 3306 3212 socii
3359 3173 3458 3228 pro
3512 3156 3778 3213 deliciarum

2245 3253 2477 3315 defectu,
2507 3258 2561 3305 et
2593 3264 2793 3304 mensa:
2821 3249 3000 3303 divitis
3044 3250 3326 3318 parcitate,
3365 3250 3460 3304 sed
3496 3248 3646 3303 illaasa
3679 3261 3779 3301 con-

2244 3341 2473 3398 scientia
2498 3355 2625 3413 erga
2657 3341 2846 3394 divites
2872 3341 3118 3410 parcitati
3149 3341 3426 3406 insistens,
3460 3341 3624 3396 minus
3649 3351 3782 3409 grave

2245 3433 2499 3490 sustinuit
2531 3432 2598 3486 ab
2625 3431 2706 3486 eis
2747 3431 2813 3486 de
2860 3432 3086 3485 avaritia
3140 3432 3311 3486 notari
3353 3446 3511 3501 quam
3543 3430 3591 3484 in
3612 3427 3779 3498 judicio

2243 3540 2538 3596 pauperum
2569 3523 2932 3593 querimonias
2967 3523 3254 3586 sustinere,
3289 3523 3395 3577 nisi
3426 3523 3504 3579 eis
3528 3520 3774 3578 secundum

2243 3615 2543 3671 doctrinam
2598 3612 3000 3682 Evangelicam,
3050 3613 3191 3682 quod
3241 3625 3516 3681 superest,
3574 3612 3622 3665 in
3670 3608 3780 3663 elec-

2245 3717 2524 3774 mosynam
2574 3701 2890 3756 contulisset
2931 3699 3097 3771 (Luc.
3149 3716 3225 3765 ιιι,
3275 3701 3407 3771 41).
3465 3700 3607 3755 Adeo
3646 3697 3775 3751 etiam

2243 3810 2377 3848 vana
2421 3791 2606 3846 mundi
2654 3791 2820 3862 gloria
2863 3791 2910 3846 ei
2944 3790 3380 3856 exstititodiosa,
3412 3789 3571 3860 quod,
3617 3787 3775 3842 sicula

2245 3885 2348 3939 [ide
2363 3885 2536 3954 dignis
2552 3882 2874 3952 pauperibus
2887 3881 3040 3950 plene
3059 3881 3465 3950 perpendimus,
3491 3880 3592 3934 illis
3623 3875 3780 3946 quibus

2243 3975 2572 4046 largiebatur
2596 3974 2985 4042 eleemosynas,
3016 3987 3081 4026 ne
3104 3972 3188 4025 cui
3228 3971 3493 4036 dicerent,
3526 3968 3775 4025 inhibebat.

2313 4065 2611 4121 Ecclesium
2651 4077 2780 4118 vero
2809 4063 2951 4116 beati
2983 4061 3405 4134 Protomartyris
3449 4069 3590 4116 tanto
3632 4059 3776 4112 favore

2243 4168 2564 4232 prosecutus
2601 4167 2703 4222 est,
2753 4156 2894 4226 quod
2936 4171 3055 4211 eam
3103 4156 3462 4212 lurninaribus
3506 4164 3656 4225 atque
3683 4164 3767 4206 om-

2244 4253 2393 4307 nium
2420 4255 2857 4304 ornamentorum
2881 4260 3073 4317 genere
3096 4245 3404 4314 ampliavit;
3438 4247 3646 4316 insuper
3661 4241 3775 4295 auxit

2243 4353 2297 4397 et
2328 4340 2565 4395 redditus
2597 4337 2875 4392 canonicis
2911 4344 2966 4390 et
3002 4337 3211 4392 clericis
3238 4337 3389 4391 horis
3419 4334 3777 4392 matutinalibus

2245 4429 2585 4487 dividendos.
2611 4427 2878 4483 Casterum
2925 4428 3002 4482 sic
3025 4429 3124 4481 via:
3167 4427 3283 4498 ejus
3325 4429 3438 4483 Deo
3481 4428 3776 4499 placuerunt.

2244 4519 2384 4592 quod
2434 4518 2679 4573 inimicos
2725 4517 2842 4586 ejus
2888 4517 2953 4571 ad
3003 4525 3203 4570 tantam
3251 4531 3439 4587 pacem
3486 4514 3697 4578 reduxit,
3734 4519 3776 4561 ut

2241 4609 2624 4680 profiterentur
2688 4605 2947 4676 tyranni,
3020 4605 3110 4674 qui
3177 4605 3626 4675 praedecessorum
3687 4601 3777 4667 ejus

2243 4699 2572 4768 temporibus
2604 4705 2804 4751 terram
2835 4697 3180 4766 episcopatus
3211 4697 3538 4762 invaserant,
3565 4695 3776 4763 frequen—

2240 4803 2323 4847 ter
2360 4807 2417 4845 se
2459 4790 2579 4844 ideo
2626 4791 2696 4843 ab
2740 4789 3108 4843 invasionibus
3157 4805 3391 4855 cessare,
3441 4805 3506 4844 ne
3550 4790 3590 4843 si
3636 4789 3776 4856 ipsum

2239 4883 2594 4946 otl‘endereut,
2630 4883 2771 4936 Deus
2815 4881 2866 4934 in
2914 4881 3058 4949 ipsos
3092 4881 3348 4936 continuo
3375 4879 3653 4936 visibiliter
3686 4875 3777 4927 viu-

2243 4977 2466 5030 dicaret.
2497 4973 2660 5042 Cujus
2701 4971 2840 5025 fama
2883 4972 3022 5026 sicut
3050 4972 3185 5026 odor
3211 4973 3326 5040 agri
3355 4971 3495 5042 pleni
3534 4971 3612 5025 cui
3645 4969 3777 5022 bent--

2242 5063 2378 5118 dixit
2415 5063 2696 5126 Dominus,
2736 5063 2804 5114 ad
2832 5075 2994 5116 aures
3017 5061 3372 5116 illustrissimi
3405 5062 3546 5131 regis
3573 5054 3776 5112 Francize

2241 5153 2494 5208 Ludovici
2529 5152 2661 5206 adeo
2704 5152 3022 5221 spiraverat,
3071 5162 3131 5206 ut
3174 5168 3283 5222 pra:
3322 5154 3534 5207 caeteris
3575 5144 3777 5220 prmlalis

2241 5243 2411 5311 ipsum
2431 5240 2748 5294 familiarem
2767 5241 3010 5307 haberet,
3028 5249 3083 5295 et
3105 5241 3437 5310 simplicitati
3456 5240 3568 5309 ejus
3583 5235 3776 5292 dulciter

2241 5333 2522 5388 arrideret.
2548 5339 2598 5386 et
2625 5328 2741 5398 ejus
2765 5331 2976 5400 negotia
3004 5333 3326 5402 propensius
3353 5329 3591 5402 expediri
3638 5328 3774 5392 impe'

2243 5431 2404 5476 raret.
2436 5420 2633 5475 Verum
2655 5436 2776 5475 cum
2821 5437 2943 5475 cum
2975 5423 3190 5490 gravius
3228 5420 3386 5475 solito
3417 5421 3658 5474 infestare
3682 5425 3772 5466 cm-

2240 5513 2446 5581 pissent
2479 5511 2795 5566 senectutis
2865 5510 3223 5576 incommoda,
3269 5524 3302 5564 e
3368 5509 3513 5579 jugis
3559 5503 3770 5559 tibiarum

2242 5601 2545 5668 infirmitas,
2573 5619 2692 5673 qum
2715 5619 2742 5656 a
2771 5602 2991 5657 medicis
3014 5601 3214 5656 malum
3239 5609 3504 5656 mortuum
3531 5603 3773 5658 nuncupa-

2241 5706 2348 5764 tur,
2380 5711 2500 5751 eum
2550 5697 2827 5766 atlligerct,
2867 5695 3059 5750 timens
3111 5709 3178 5751 ne
3229 5709 3345 5750 cum
3395 5691 3512 5746 istis
3557 5680 3776 5743 oneribus
