3918 6316
149 295 230 356 549

967 281 1057 337 DE
1091 278 1336 338 GESTIS
1364 277 1579 335 EPISC.
1615 275 2002 334 ANTISSIOD.
2037 307 2109 319 —
2142 276 2351 336 PARS.
2384 276 2431 334 ι.

3217 277 3324 339 εδσ

149 405 426 479 episcopatus
445 409 608 452 onera
637 392 961 450 sufﬁcienter
988 392 1131 451 ferre
1166 409 1272 450 non
1295 402 1495 464 posset,
1518 390 1649 448 licet
1671 375 1721 433 Α
1749 392 1989 449 ecclesia:
2016 392 2476 450 Antissiodorensi
2514 394 2767 460 decenne,
2807 401 2996 464 postea
3038 407 3138 464 per
3176 393 3333 449 illam

146 499 253 551 sicut
272 507 328 546 ex
351 487 500 557 ipsius
535 485 679 555 regis
702 499 799 541 ore
836 484 1146 554 frequenter
1169 483 1498 550 audivimus,
1535 481 1649 537 Rex

144 585 283 640 eidem
307 577 624 651 promitteret
653 575 796 645 quod
847 574 1187 645 episcapatus
1227 571 1351 643 jura
1399 580 1651 639 tanquam

143 668 311 742 propria
345 673 584 729 tueretur,
632 665 984 721 nihilominus
1010 666 1078 721 ab
1105 662 1417 720 Innocentio
1455 662 1652 718 Roma-

144 776 207 816 na:
222 756 342 813 sedis
362 754 595 809 antistite
622 754 886 808 instanter
904 753 1082 824 petiit,
1109 762 1165 808 et
1187 767 1312 807 cum
1343 750 1655 807 difﬁcultate

140 859 288 916 magna
312 843 526 899 obtinuit
565 852 623 896 ut
649 842 717 896 ab
758 856 846 907 eo,
888 857 996 912 quo
1035 841 1278 898 ecclesia:
1316 840 1654 895 Autissiodu-

141 935 249 990 rensi
279 932 510 987 astrictus
544 930 742 998 fuerat,
766 931 981 987 vinculo
1015 931 1333 989 solveretur.
1366 930 1486 997 Quo
1510 927 1654 984 facta

138 1022 274 1077 omnis
309 1019 667 1090 temporalium
712 1018 1017 1076 sollicitudo
1064 1018 1335 1090 abjicitur,
1385 1029 1443 1075 et
1484 1028 1653 1075 totum

136 1110 332 1180 spiritum
367 1108 417 1161 iu
458 1108 699 1177 seipsum
742 1106 1041 1175 reflectens,
1096 1108 1263 1164 solius
1309 1107 1655 1164 conscientiae

136 1213 279 1254 turam
325 1196 499 1268 gessit.
551 1196 717 1268 Cujus
767 1197 928 1267 quies
972 1197 1082 1252 sola
1124 1197 1527 1267 contemplatio,
1558 1211 1653 1251 cu-

129 1286 192 1354 ius
236 1284 573 1342 confabulatio
607 1285 752 1357 jugis
783 1286 985 1350 oratio,
1009 1295 1064 1339 et
1092 1300 1213 1339 cum
1245 1284 1375 1339 viris
1398 1272 1656 1354 religione

134 1377 324 1440 famosis,
338 1375 621 1431 continuus
644 1374 710 1429 de
730 1382 917 1430 sancta
943 1374 1353 1436 conversatione
1375 1381 1653 1428 tractatus.

132 1466 235 1534 Quid
272 1466 444 1538 plura?
500 1466 766 1536 praedicta
806 1465 1136 1520 infirmitatis
1166 1473 1329 1535 atque
1364 1465 1657 1519 senectutis

134 1557 429 1613 incommodis
457 1555 628 1621 febris
653 1557 938 1628 adjicitur;
964 1557 1326 1626 prosternitur
1353 1571 1550 1626 corpus
1602 1557 1654 1610 in

131 1649 368 1716 lectulum;
396 1647 632 1704 offerunt
663 1648 855 1704 medici
887 1660 1094 1703 natura;
1116 1656 1302 1704 contra
1332 1644 1547 1702 morbos
1572 1661 1657 1701 re-

131 1741 284 1805 media,
303 1741 494 1811 quibus
520 1756 647 1797 raro
669 1750 724 1797 et
753 1741 941 1812 paucis
970 1741 1158 1806 utitur,
1188 1749 1241 1794 et
1261 1740 1347 1794 his
1383 1738 1511 1794 solis
1539 1739 1656 1809 qui-
1687 1744 1732 1803 Β

130 1833 324 1888 buseum
354 1833 424 1888 uti
472 1833 697 1888 Fratres
722 1833 1105 1903 praedicatores
1152 1839 1208 1885 et
1256 1830 1514 1894 minores,
1564 1830 1655 1899 qui

128 1925 396 1979 assistebant
438 1923 645 1989 eidem,
675 1938 798 1979 cum
853 1938 1048 1994 magna
1079 1921 1332 1977 violentia
1379 1920 1655 1992 compule-

127 2023 236 2068 runt.

175 2102 377 2158 Tandem
405 2120 536 2160 cum
563 2112 684 2176 post
718 2105 985 2175 prolixum
1016 2119 1139 2160 eum
1170 2104 1494 2173 supradictis
1524 2103 1661 2157 Fra-

127 2191 256 2249 tribus
282 2193 342 2250 de
375 2204 569 2251 sancta
615 2195 877 2266 religione
923 2204 1217 2252 tractatum
1268 2195 1655 2265 aliquantulum

125 2296 371 2351 pausasset,
386 2294 444 2341 ut
465 2302 595 2342 eum
617 2288 901 2343 crederent
916 2296 1158 2342 astantes
1173 2287 1429 2352 dormire,
1457 2287 1660 2356 pretio-

124 2386 207 2427 sam
229 2375 480 2432 resolutus
508 2385 595 2432 est
624 2378 678 2431 in
711 2385 972 2443 mortem;
997 2392 1060 2432 ea
1088 2376 1380 2432 serenitate
1409 2377 1519 2432 Dea
1543 2376 1656 2447 spi-

123 2464 243 2520 ritum
280 2468 533 2534 reddidit,
564 2477 624 2524 ut
646 2470 897 2524 omnibus
930 2468 1188 2523 membris
1225 2467 1460 2537 quietus,
1503 2467 1655 2521 vultu

120 2567 314 2623 serenus,
336 2557 541 2614 nullius
569 2559 791 2613 omnino
841 2559 1045 2615 doloris
1073 2558 1300 2629 insignia
1330 2557 1385 2611 in
1410 2566 1656 2612 extremo

119 2646 265 2699 mortis
298 2648 535 2703 articulo
571 2649 856 2714 indicaret,
893 2659 948 2704 et
976 2649 1075 2718 qui
1102 2649 1154 2702 in
1187 2646 1501 2703 infirmitate
1528 2662 1652 2717 spo-

118 2731 204 2789 liari
236 2748 506 2804 renuerat,
532 2748 780 2795 mortuus
813 2740 1107 2810 spoliatur;
1140 2750 1421 2793 amovetnr
1443 2738 1655 2794 haerens

115 2824 225 2877 carni
251 2825 510 2893 cilicium,
545 2828 687 2897 quod
718 2836 867 2882 tanta
899 2827 1268 2899 pediculorum
1300 2843 1363 2881 ac
1390 2827 1653 2882 vermium

113 2914 307 2970 scatebat
352 2918 542 2988 copia,
590 2926 652 2972 ut
694 2918 974 2973 horrorem
1019 2917 1260 2979 aspectui
1309 2925 1363 2972 et
1405 2915 1653 2972 faetorem

111 3000 279 3058 olfactui
324 3006 562 3062 inferret
610 3007 957 3074 immensum,
1002 3010 1157 3079 cujus
1206 3023 1335 3063 caro
1382 3009 1654 3064 vermibus

111 3107 278 3152 corrosa
301 3101 514 3156 assium
539 3114 637 3171 per
664 3100 781 3156 loca
811 3100 1014 3164 nudum
1044 3101 1318 3170 praebebat
1351 3109 1646 3171 aspectum.
1676 3085 1720 3145 C

108 3184 233 3258 igitur
261 3193 673 3263 pontificalibus
702 3193 855 3270 gleba
887 3202 1073 3249 sancta
1119 3193 1377 3260 induitur,
1422 3193 1650 3248 feretro.

111 3288 183 3342 que
204 3278 502 3349 imponitur,
536 3291 702 3352 atque
728 3298 757 3337 a
790 3282 926 3348 loco,
956 3284 1046 3351 qui
1078 3283 1299 3353 pulcher
1321 3281 1546 3338 Reditus
1568 3282 1649 3337 di-

111 3365 219 3420 citur
237 3370 315 3425 ubi
345 3382 583 3426 mortem
613 3371 924 3441 perdiderat
951 3381 1008 3427 et
1036 3372 1204 3426 vitam
1250 3373 1551 3437 invenerat,
1581 3371 1649 3426 ad

110 3458 341 3516 ecclesiam
384 3462 921 3525 Autissiodurensem
964 3463 1055 3519 tibi
1098 3463 1427 3533 sepulturam
1473 3461 1650 3534 elege-

109 3558 185 3616 rat,
217 3552 465 3610 defertur.
519 3553 773 3611 Occurrit
816 3556 866 3612 ei
913 3556 1142 3611 devotus
1189 3556 1423 3611 civitatis
1470 3555 1649 3611 clerus

108 3654 199 3694 cum
220 3645 435 3714 popula;
478 3645 599 3700 ruit
625 3644 678 3699 in
704 3660 988 3701 accursum
1026 3647 1139 3716 ejus
1168 3647 1320 3700 turba
1348 3646 1650 3701 indiscreta:

108 3734 243 3789 atatis
273 3747 324 3791 et
359 3752 562 3801 sexus,
600 3746 656 3793 et
695 3738 945 3794 certatim
989 3738 1248 3794 feretrum
1292 3746 1512 3808 tangere
1555 3753 1651 3792 cu-

106 3820 238 3886 Piunt.
266 3826 333 3882 Se
354 3828 731 3898 praerogativa
775 3829 1018 3898 quadam
1041 3830 1251 3885 caeteris
1291 3828 1649 3898 praeferebant

108 3910 172 3976 qui
207 3930 354 3971 manu
395 3918 664 3973 feretrum
730 3920 1067 3988 tetigissent,
1106 3920 1190 3976 vel
1226 3920 1416 3975 sericis
1454 3920 1650 3990 quibus

106 4002 340 4070 tegebatur
403 4006 655 4063 osculum
707 4007 1000 4062 dedissent.
1047 4008 1253 4063 Divinis
1302 4009 1463 4079 igitur
1509 4008 1650 4064 cele-

105 4086 238 4149 bratis
259 4101 537 4168 exsequiis
564 4099 811 4153 canonici
833 4109 889 4154 et
916 4099 1097 4155 clerici
1129 4100 1194 4154 ad
1223 4099 1396 4169 ipsum
1422 4114 1652 4154 concur-

102 4192 217 4247 runt,
242 4196 291 4240 et
314 4197 593 4261 quotquot
635 4189 862 4261 contigit
901 4190 1238 4260 praeintrare,
1287 4205 1456 4246 sacra:
1482 4190 1650 4260 gleba:

101 4271 230 4336 pedes
256 4292 445 4335 manus
477 4287 575 4335 aut
614 4278 807 4336 faciem
850 4279 1180 4344 osculantur,
1225 4294 1325 4335 nec
1362 4280 1485 4335 ideo
1510 4280 1647 4334 utin

100 4356 339 4422 funeribus
376 4369 601 4424 caeteris
640 4370 807 4423 moris
838 4378 941 4433 est,
986 4370 1095 4425 Deo
1128 4380 1183 4426 et
1215 4370 1416 4426 sanctis
1445 4370 1652 4442 angelis

100 4448 296 4508 animam
333 4458 809 4524 recommendant,
851 4460 944 4514 sed
970 4461 1222 4530 precibus
1267 4461 1475 4516 devotis
1500 4430 1653 4531 tlagi-
1682 4430 1732 4489 D

98 4545 215 4608 tant,
240 4554 295 4599 ut
323 4549 471 4618 apud
498 4548 769 4613 divinam,
799 4550 883 4603 cui
915 4550 1104 4606 devote
1134 4552 1382 4614 servivit,
1416 4550 1653 4606 clemen-

97 4632 218 4699 tiam,
241 4637 320 4693 eis
347 4641 525 4711 ipsius
554 4642 743 4696 merita
776 4640 1153 4713 sufi'ragentur.
1179 4643 1441 4698 Dormivit
1472 4653 1650 4699 autem

95 4735 192 4779 cum
244 4733 494 4798 patribus
555 4734 669 4787 suis
712 4734 1001 4803 praedictus
1041 4732 1204 4789 Pater
1250 4751 1393 4789 anno
1441 4737 1653 4790 Domini

94 4814 229 4882 12M,
272 4838 461 4880 mense
512 4822 768 4891 Januar.,
812 4825 901 4881 die
953 4827 986 4881 ti
1030 4826 1251 4882 mensis.
1301 4826 1453 4882 Sedit
1499 4829 1655 4883 annis

95 4916 277 4965 ηονρηι.

94 5012 268 5078 Pmsul
292 5025 610 5084 Bernardus
645 5029 782 5083 mala
812 5043 1027 5098 semper
1061 5028 1129 5084 ad
1159 5028 1341 5087 omnia
1370 5028 1588 5096 tardus,

98 5104 171 5166 Sic
192 5115 375 5187 vivens
409 5120 623 5177 domuit
650 5137 773 5177 cum
804 5136 969 5179 carne
995 5129 1052 5177 et
1075 5122 1318 5177 daemone
1358 5122 1615 5176 mundum

95 5202 222 5266 Quod
248 5212 500 5267 moriens
527 5215 725 5270 meruit
746 5215 1052 5271 Christo-se
1081 5214 1306 5269 reddere
1332 5214 1611 5270 mundum.

92 5292 225 5354 Anno
254 5303 483 5359 milleno
511 5306 597 5361 bis
624 5316 853 5363 centena
877 5307 1225 5377 quadragena

94 5383 269 5451 Quarto
296 5406 619 5453 sanctorum
641 5400 909 5471 “migravit
944 5399 1064 5456 luce
1097 5415 1400 5471 magorum.

226 5520 357 5585 Car.
403 5527 563 5584 LXII.
588 5563 657 5574 ——
680 5532 756 5587 De
783 5532 1065 5605 chnaudo
1099 5532 1163 5587 de
1193 5531 1498 5602 Siligniaco.
1526 5486 1527 5491 γ

147 5629 272 5691 luis
316 5645 589 5701 successit
633 5646 962 5718 Iicginaldus
1010 5649 1075 5703 de
1120 5645 1451 5717 SiligniacO.
1504 5648 1652 5717 [Vius

1754 481 2031 539 electionis
2070 481 2321 549 formam,
2349 497 2469 553 quae
2503 498 2533 537 a
2554 483 2678 552 jure
2705 482 3023 541 scrutiuium
3054 495 3337 551 nuncupav

1756 580 1861 638 tur,
1907 573 1971 627 in.
1987 572 2296 643 episcopum
2341 573 2775 643 promotus;.vir
2819 572 3036 643 quidem
3090 572 3345 643 corporis

1755 670 1961 719 statura
2009 676 2291 732 procerus,
2327 661 2589 718 candidus
2634 672 2689 718 et
2727 661 3078 726 rubicundus,
3119 668 3175 716 et
3210 660 3333 731 pul-

1756 752 2063 809 chritudine
2092 752 2361 823 corporali
2391 752 2597 808 electus
2623 767 2689 807 ex
2720 751 2979 817 millibus,
3004 751 3093 807 cui
3120 750 3335 821 generis

1755 842 2041 898 nobilitate
2077 842 2297 897 sublimi
2330 843 2624 898 secundum
2662 841 2990 913 exigentiam
3038 837 3336 894 nobilitatis

1758 931 1978 999 generis
2004 931 2186 987 datum
2215 939 2301 987 est
2337 947 2433 988 car
2471 932 2701 988 sublime
2742 941 2795 987 et
2821 930 3020 986 nobile.
3066 927 3200 982 Nam
3229 926 3336 984 cle-

1756 1021 1998 1076 ricorum
2022 1020 2314 1085 nobilium,
2346 1034 2554 1077 necnon
2596 1029 2652 1075 et
2693 1019 2924 1074 militum
2970 1014 3334 1087 frequentiam

1756 1108 2047 1179 diligebat,
2066 1119 2122 1165 et
2150 1109 2299 1182 larga
2327 1125 2515 1176 manu,
2544 1120 2701 1181 prout
2725 1109 3061 1165 nobilitatem
3089 1106 3206 1177 ejus
3235 1104 3333 1159 de-

1757 1201 1935 1266 cebat,
1963 1201 2044 1255 eis
2073 1200 2266 1254 exenia
2296 1199 2573 1270 erogabat.
2606 1199 2705 1255 llic
2732 1198 2974 1255 ecclesiae
2996 1193 3335 1251 Autissiodu-

1761 1290 1909 1346 rensi
1972 1304 2032 1345 se
2086 1305 2275 1361 magna
2324 1290 2681 1361 pollicebatur
2725 1288 3034 1352 facturum,
3075 1287 3170 1342 sed
3206 1286 3325 1356 ejus

1757 1379 1998 1437 felicitati
2026 1378 2155 1436 fatis
2182 1380 2745 1446 invidentibus,.sieut
2770 1378 2867 1434 flos
2896 1377 3003 1433 feni
3040 1378 3157 1432 cito
3172 1376 3337 1431 decor

1758 1464 1875 1539 ejus
1916 1470 2211 1538 emarcuit,
2251 1478 2305 1525 et
2342 1470 2457 1541 ejus
2494 1470 2719 1541 gloriam
2779 1468 3010 1526 succidit
3056 1465 3335 1528 Dominus,

1759 1561 1888 1617 dum
1935 1561 2110 1616 adhuc
2161 1562 2433 1617 ordiretur
2477 1560 2632 1631 (Isai.
2667 1557 3063 1629 XXXVItt,i2):
3107 1556 3176 1612 ab
3223 1556 3340 1624 ipsa

1757 1654 1902 1709 enim
1944 1668 2056 1709 suae
2093 1653 2451 1724 pramatiouis
2476 1654 2563 1709 die
2592 1654 2745 1708 adeo
2766 1652 2947 1723 gravis
2986 1663 3123 1704 cum
3146 1646 3339 1701 afIlixit

1760 1742 2073 1807 infirmitas,
2108 1752 2167 1798 ut
2195 1758 2297 1799 nec
2321 1743 2568 1799 ecclesiae
2605 1758 2719 1799 suae
2760 1742 2953 1798 liceret
2988 1755 3119 1796 eum
3142 1751 3338 1793 vacare

1754 1834 2112 1899 utilitatibus,
2165 1835 2260 1890 sed
2309 1835 2391 1890 eis
2432 1834 2563 1890 solis
2604 1836 2669 1890 de
2716 1834 3051 1890 medicorum
3101 1828 3331 1887 consilio

1755 1925 1889 1981 dare
1916 1940 2140 1996 operam
2167 1926 2469 1997 oportebat,
2498 1926 2695 1996 quibus
2719 1926 2835 1996 ejus
2863 1922 3149 1980 infirmitas
3193 1921 3340 1977 leva-

1756 2024 1929 2071 retur.
1966 2016 2232 2072 Dormivit
2274 2026 2453 2070 autem
2493 2026 2547 2070 et
2586 2016 2864 2086 appositus
2911 2021 3005 2068 est
3042 2012 3110 2068 ad
3155 2020 3340 2082 patres

1757 2124 1884 2163 suos
1924 2108 1979 2162 in
2019 2107 2266 2163 coenobio
2308 2107 2375 2162 de
2405 2106 2647 2178 Rupibus
2673 2103 3167 2161 Antissiodorcnsis
3203 2102 3339 2158 dim-

1755 2199 1899 2254 cesis
1926 2196 2221 2253 honorifice
2250 2195 2512 2266 sepultus,
2542 2197 2632 2252 ubi
2660 2211 2812 2251 suam
2839 2195 3076 2266 elegerat
3101 2192 3340 2263 sepultu-

1758 2304 1897 2344 ram.
1947 2288 2100 2345 Sedit
2129 2305 2271 2345 anno
2296 2290 2346 2355 l,
2376 2288 2653 2345 mensibus
2675 2289 2765 2355 Ii,
2800 2287 2990 2344 diebus
3015 2286 3100 2342 I6.

1826 2402 1957 2460 Car.
2000 2403 2181 2459 LXIII.
2201 2433 2273 2444 -—-
2293 2404 2424 2459 Acta
2452 2402 2653 2458 domini
2677 2400 2936 2458 Guidonis
2963 2401 3029 2456 de
3053 2398 3268 2455 Πιειιοιο

2022 2510 2031 2522 .
2165 2475 2388 2544 episcopi
2422 2472 2921 2528 Antissiodorensis.

1826 2566 2144 2623 Recolendte
2187 2565 2462 2621 memoriae
2514 2564 2778 2621 successit
2825 2564 3109 2634 episcopus
3150 2561 3328 2619 Guido

1755 2656 1822 2712 de
1849 2655 2090 2715 Mellato.
2122 2652 2276 2723 cujus
2300 2662 2453 2725 gesta
2488 2662 2638 2709 tanto
2666 2652 2990 2709 seduliorem
3019 2653 3120 2708 sibi
3159 2652 3337 2709 vindi-

1754 2754 1885 2802 cant
1937 2744 2272 2809 auditorem,
2317 2752 2520 2813 quanta
2566 2743 2757 2799 altiora
2806 2751 2861 2799 et
2908 2751 3030 2799 actu
3075 2739 3337 2796 nobiliora

1754 2837 1922 2893 fuisse
1948 2844 2283 2892 ~noscuntur.
2335 2835 2460 2889 Fuit
2489 2834 2634 2890 enim
2692 2835 2760 2891 de
2800 2833 3022 2889 dioecesi
3069 2831 3343 2889 Autissio-

1756 2928 1985 2983 darense
2009 2942 2077 2982 ex
2104 2934 2335 2995 utroque
2375 2933 2601 2993 parente
2627 2938 2890 2995 generosa
2921 2923 3182 2990 sanguine
3208 2935 3337 2993 pro-

1755 3027 1991 3071 creatus.
2025 3013 2183 3069 Pater
2206 3014 2324 3085 ejus
2356 3012 2453 3067 fuit
2476 3011 2796 3068 Guillelmus
2818 3012 2886 3066 de
2913 3011 3150 3076 Mclloto',
3182 3010 3339 3065 miles

1752 3105 2177 3160 duminuscastri
2201 3103 2373 3160 sancti
2399 3101 2559 3171 hujus
2578 3102 2749 3159 Prisci
2775 3102 2934 3174 hujus
2960 3102 3238 3167 dioecesis,
3255 3100 3347 3155 vir

1752 3199 1916 3255 totius
1930 3196 2250 3253 curialitatis
2266 3206 2321 3251 et
2342 3195 2611 3266 largitatis
2627 3202 2861 3260 amator,
2879 3198 3079 3248 mensae
3098 3190 3336 3263 propria:

1750 3291 2179 3348 communicatar
2223 3289 2443 3353 hilaris,
2494 3303 2790 3359 pauperum
2830 3285 3087 3341 nobilium
3119 3288 3334 3339 susten-

1752 3395 1918 3450 tator,
1945 3384 2039 3454 qui
2072 3384 2268 3447 etiam,
2298 3381 2441 3437 sicut
2479 3380 2671 3443 fertur,
2711 3379 2980 3449 acquisita
3018 3375 3344 3447 cognomine

1751 3490 1819 3530 ex
1867 3473 1945 3528 rei
1989 3470 2344 3527 consonantia
2385 3479 2440 3525 et
2482 3465 3089 3539 quadam'proprietate
3126 3462 3275 3527 boni,
3305 3476 3339 3516 a

1750 3564 2024 3635 plerisque
2048 3560 2418 3630 Pacisbajulus
2444 3559 2758 3614 vocabatur.
2788 3557 2926 3612 Nam
2950 3553 3162 3626 quoties
3187 3553 3334 3607 inter

1750 3656 1960 3726 aliquas
1999 3654 2241 3710 confines
2277 3668 2404 3709 suos
2429 3652 2751 3708 discordiam
2791 3658 3034 3706 exortam
3062 3658 3335 3718 cognove-

1751 3755 1857 3809 rat,
1893 3753 2008 3800 toto
2048 3744 2169 3799 nisu
2218 3744 2287 3799 ad
2321 3742 2469 3813 pacis
2527 3738 2968 3795 reformationem
3028 3735 3345 3799 intendens,

1747 3838 1986 3894 laborem
2023 3837 2365 3905 interponere
2412 3848 2518 3889 non
2546 3832 2815 3905 cessabat,
2837 3831 3007 3885 donec
3030 3825 3344 3889 discordes,

1750 3932 1795 3987 si
1826 3939 2029 4001 posset,
2059 3926 2126 3983 ad
2153 3925 2501 3982 concordiam
2554 3928 2879 3978 revocasset.
2927 3918 3099 3973 Mater
3129 3914 3245 3984 ejus
3272 3914 3340 3969 de

1749 4021 2000 4094 prosapia
2048 4018 2387 4074 dominarum
2436 4014 2634 4072 mantis
2678 4011 2851 4068 sancti
2899 4008 3122 4064 Joannis
3174 4006 3343 4061 traxit

1750 4113 2013 4182 originem
2050 4120 2104 4163 et
2130 4094 2366 4177 antiquae
2409 4104 2704 4163 nobilitatis
2743 4108 3029 4158 stemmate
3074 4098 3176 4154 fuit
3222 4110 3331 4152 non

1752 4201 1981 4258 inferior
2011 4199 2133 4254 viro‘
2156 4213 2286 4254 suo.
2934 4248 2941 4253 _

1822 4289 2033 4344 Horum-
2082 4287 2265 4356 itaque
2315 4295 2477 4341 natus
2520 4282 2738 4355 praesul,
2789 4281 2857 4337 de
2897 4292 3007 4350 quo
3050 4275 3345 4348 loquimur,

1757 4381 2033 4453 apueritia
2064 4379 2190 4435 ludo
2218 4379 2521 4434 litterarum
2550 4376 2780 4430 traditus
2809 4375 2888 4429 sic
2918 4369 3166 4442 profecit,
3200 4366 3348 4438 quod

1761 4475 1935 4543 primo
1963 4472 2016 4526 in
2042 4471 2393 4525 fundamento
2435 4465 2811 4538 grammatica}
2852 4463 3158 4523 radicatus,
3212 4457 3345 4513 libe-

1760 4564 1953 4620 ralium
2010 4560 2207 4616 artium
2260 4560 2365 4614 fuit
2413 4558 2628 4613 auditor
2679 4554 2988 4626 proficuus,
3039 4565 3102 4606 ac
3150 4547 3342 4603 deinde

1761 4656 2040 4725 utriusque
2062 4652 2209 4721 juris
2239 4649 2488 4707 canonici
2514 4648 2765 4702 videlicet
2792 4655 2849 4701 et
2875 4643 3048 4700 civilis
3079 4639 3343 4711 acquisita

1759 4743 1970 4808 notitia,
2024 4756 2195 4798 sacrae
2232 4741 2453 4810 Paginte
2496 4737 2859 4810 postmodum,
2906 4732 3119 4803 quoties
3168 4728 3347 4795 licuit,

1760 4833 1988 4902 diligens
2031 4831 2225 4887 existit
2272 4830 2565 4884 revalutor.
2618 4826 2724 4881 Sed
2774 4825 2890 4896 ejus
2920 4821 3252 4895 propositum
3287 4818 3347 4873 in

1759 4923 1861 4979 bac
1904 4933 2060 4993 parte
2118 4922 2457 4993 negotiorum
2511 4917 3001 4974 ecclesiasticarum
3060 4910 3402 4988 occupatia'

1754 5013 2092 5083 frequentius
2134 5012 2432 5082 impedivit,
2464 5010 2517 5065 iu
2550 5008 2913 5064 adolescentia
2945 5005 3142 5076 quippe
3177 5000 3344 5055 mori-

1756 5102 1859 5156 bus
1907 5110 1962 5156 et
2006 5100 2349 5171 dogmatibus
2400 5114 2461 5155 se
2507 5113 2779 5154 exornans
2834 5094 3034 5166 spretis
3077 5088 3348 5152 lasciviis,

1756 5191 2016 5247 membris
2053 5191 2291 5255 incultts,
2338 5198 2391 5245 et
2438 5189 2723 5260 incomptis
2764 5186 3024 5250 crinibus,
3070 5182 3341 5251 composi-

1760 5285 1905 5339 tione
1949 5282 2214 5352 corparis,
2263 5283 2405 5337 sicut
2451 5296 2567 5337 mos
2620 5288 2705 5336 est
2752 5277 3012 5334 nobilium
3056 5274 3344 5346 juvenum,

1759 5389 1864 5429 non
1907 5373 2153 5429 vacabat.
2190 5354 2560 5436 Quamobrem
2583 5370 2722 5442 patri
2760 5369 2938 5424 minus
2966 5366 3164 5422 charus
3193 5362 3339 5416 inter

1758 5463 1956 5519 liberos
1999 5463 2330 5527 habebatur;
2410 5461 2502 5518 sed
2556 5458 2816 5515 Altissimi
2883 5452 3181 5527 dispositio,
3247 5449 3344 5519 qui

1757 5552 2016 5625 sibi_eum
2049 5552 2360 5609 reservabat
2402 5552 2643 5607 futurum
2697 5547 3014 5612 antistitem,
3042 5539 3336 5615 gdecultum

1757 5644 1875 5715 ejrs
1915 5645 2047 5700 adeo
2093 5659 2344 5714 processu
2383 5641 2639 5713 temporis
2683 5632 3166 5705 exornavit,quod
3200 5630 3342 5685 filius
