  <div class='ocr_page' id='page_1' title='image "/cluster/home/n/w/nwhite01/storage/ocr_20150623/138/hvd.32044015471774/181.png"; bbox 0 0 3918 6316; ppageno 0'>
   <div class='ocr_carea' id='block_1_1' title="bbox 566 296 673 359">
    <p class='ocr_par' dir='ltr' id='par_1_1' title="bbox 566 296 673 359">
     <span class='ocr_line' id='line_1_1' title="bbox 566 296 673 359; baseline 0.009 -2"><span class='ocrx_word' id='word_1_1' title='bbox 566 296 673 359; x_wconf 75' lang='lat'><strong>351</strong></span> 
     </span>
    </p>
   </div>
   <div class='ocr_carea' id='block_1_2' title="bbox 1365 291 3749 360">
    <p class='ocr_par' dir='ltr' id='par_1_2' title="bbox 1365 291 3749 360">
     <span class='ocr_line' id='line_1_2' title="bbox 1365 291 3749 360; baseline -0.004 -5"><span class='ocrx_word' id='word_1_2' title='bbox 1365 296 1653 355; x_wconf 85' lang='lat' dir='ltr'><strong>APPEND.</strong></span> <span class='ocrx_word' id='word_1_3' title='bbox 1693 296 1785 352; x_wconf 83' lang='lat' dir='ltr'><strong>AD</strong></span> <span class='ocrx_word' id='word_1_4' title='bbox 1814 294 1989 353; x_wconf 73' lang='lat' dir='ltr'><strong>SASC.</strong></span> <span class='ocrx_word' id='word_1_5' title='bbox 2030 291 2099 350; x_wconf 75' lang='grc' dir='ltr'><strong>Χ.</strong></span> <span class='ocrx_word' id='word_1_6' title='bbox 2130 321 2196 336; x_wconf 89' lang='lat'><strong>--</strong></span> <span class='ocrx_word' id='word_1_7' title='bbox 2225 292 2449 351; x_wconf 79' lang='lat' dir='ltr'><strong>OPERA</strong></span> <span class='ocrx_word' id='word_1_8' title='bbox 2489 303 2877 354; x_wconf 59' lang='lat' dir='ltr'><strong>neruoram.</strong></span> <span class='ocrx_word' id='word_1_9' title='bbox 3669 302 3749 360; x_wconf 56' lang='grc' dir='ltr'><strong>δεῖ</strong></span> 
     </span>
    </p>
   </div>
   <div class='ocr_carea' id='block_1_3' title="bbox 563 393 3750 492">
    <p class='ocr_par' dir='ltr' id='par_1_3' title="bbox 563 393 3750 492">
     <span class='ocr_line' id='line_1_3' title="bbox 563 393 3750 492; baseline -0.001 -19"><span class='ocrx_word' id='word_1_10' title='bbox 563 415 785 492; x_wconf 76' lang='lat' dir='ltr'><strong>sapiens</strong></span> <span class='ocrx_word' id='word_1_11' title='bbox 821 416 993 487; x_wconf 78' lang='lat' dir='ltr'><strong>patris</strong></span> <span class='ocrx_word' id='word_1_12' title='bbox 1038 415 1228 489; x_wconf 78' lang='lat' dir='ltr'><strong>gloria,</strong></span> <span class='ocrx_word' id='word_1_13' title='bbox 1278 422 1484 469; x_wconf 91' lang='lat' dir='ltr'><strong>mutato</strong></span> <span class='ocrx_word' id='word_1_14' title='bbox 1529 414 1747 468; x_wconf 85' lang='lat' dir='ltr'><strong>nomine</strong></span> <span class='ocrx_word' id='word_1_15' title='bbox 1768 411 1867 467; x_wconf 87' lang='lat' dir='ltr'><strong>filii</strong></span> <span class='ocrx_word' id='word_1_16' title='bbox 1904 427 1933 465; x_wconf 90' lang='lat' dir='ltr'><strong>a</strong></span> <span class='ocrx_word' id='word_1_17' title='bbox 1966 419 2137 483; x_wconf 91' lang='lat' dir='ltr'><strong>patre,</strong></span> <span class='ocrx_word' id='word_1_18' title='bbox 2172 393 2215 449; x_wconf 79' lang='grc' dir='ltr'>Α</span> <span class='ocrx_word' id='word_1_19' title='bbox 2246 407 2474 463; x_wconf 85' lang='lat' dir='ltr'><strong>sentiam</strong></span> <span class='ocrx_word' id='word_1_20' title='bbox 2502 411 2766 475; x_wconf 90' lang='lat' dir='ltr'><strong>evocatis,</strong></span> <span class='ocrx_word' id='word_1_21' title='bbox 2798 412 2914 480; x_wconf 88' lang='lat' dir='ltr'><strong>ipse</strong></span> <span class='ocrx_word' id='word_1_22' title='bbox 2940 417 2999 465; x_wconf 93' lang='lat' dir='ltr'><strong>ut</strong></span> <span class='ocrx_word' id='word_1_23' title='bbox 3025 415 3141 465; x_wconf 89' lang='lat' dir='ltr'><strong>erat</strong></span> <span class='ocrx_word' id='word_1_24' title='bbox 3165 409 3395 480; x_wconf 84' lang='lat' dir='ltr'><strong>prudens</strong></span> <span class='ocrx_word' id='word_1_25' title='bbox 3419 408 3581 468; x_wconf 87' lang='lat' dir='ltr'><strong>animo</strong></span> <span class='ocrx_word' id='word_1_26' title='bbox 3600 428 3750 470; x_wconf 86' lang='lat' dir='ltr'><strong>secun-</strong></span> 
     </span>
    </p>
   </div>
   <div class='ocr_carea' id='block_1_4' title="bbox 527 502 2140 579">
    <p class='ocr_par' dir='ltr' id='par_1_4' title="bbox 527 502 2140 579">
     <span class='ocr_line' id='line_1_4' title="bbox 527 502 2140 579; baseline -0.004 -17"><span class='ocrx_word' id='word_1_27' title='bbox 527 511 721 579; x_wconf 77' lang='lat' dir='ltr'><strong>-p&#39;ater</strong></span> <span class='ocrx_word' id='word_1_28' title='bbox 765 515 821 562; x_wconf 85' lang='lat' dir='ltr'><strong>et</strong></span> <span class='ocrx_word' id='word_1_29' title='bbox 862 508 1113 564; x_wconf 90' lang='lat' dir='ltr'><strong>dominus</strong></span> <span class='ocrx_word' id='word_1_30' title='bbox 1160 506 1375 561; x_wconf 88' lang='lat' dir='ltr'><strong>habitus</strong></span> <span class='ocrx_word' id='word_1_31' title='bbox 1424 512 1526 571; x_wconf 89' lang='lat' dir='ltr'><strong>est,</strong></span> <span class='ocrx_word' id='word_1_32' title='bbox 1574 511 1630 558; x_wconf 91' lang='lat' dir='ltr'><strong>et</strong></span> <span class='ocrx_word' id='word_1_33' title='bbox 1673 503 1827 574; x_wconf 90' lang='lat' dir='ltr'><strong>quasi</strong></span> <span class='ocrx_word' id='word_1_34' title='bbox 1878 502 2140 558; x_wconf 88' lang='lat' dir='ltr'><strong>incurvati</strong></span> 
     </span>
    </p>
   </div>
   <div class='ocr_carea' id='block_1_5' title="bbox 567 594 2144 655">
    <p class='ocr_par' dir='ltr' id='par_1_5' title="bbox 567 594 2144 655">
     <span class='ocr_line' id='line_1_5' title="bbox 567 594 2144 655; baseline -0.003 -2"><span class='ocrx_word' id='word_1_35' title='bbox 567 606 695 653; x_wconf 88' lang='lat' dir='ltr'><strong>sunt</strong></span> <span class='ocrx_word' id='word_1_36' title='bbox 730 613 913 655; x_wconf 91' lang='lat' dir='ltr'><strong>coram</strong></span> <span class='ocrx_word' id='word_1_37' title='bbox 943 614 1008 654; x_wconf 91' lang='lat' dir='ltr'><strong>eo</strong></span> <span class='ocrx_word' id='word_1_38' title='bbox 1038 598 1129 652; x_wconf 90' lang='lat' dir='ltr'><strong>filii</strong></span> <span class='ocrx_word' id='word_1_39' title='bbox 1178 596 1368 651; x_wconf 92' lang='lat' dir='ltr'><strong>matris</strong></span> <span class='ocrx_word' id='word_1_40' title='bbox 1415 610 1544 651; x_wconf 73' lang='lat' dir='ltr'><strong>suae.</strong></span> <span class='ocrx_word' id='word_1_41' title='bbox 1580 594 1711 650; x_wconf 84' lang='lat' dir='ltr'><strong>Erat</strong></span> <span class='ocrx_word' id='word_1_42' title='bbox 1747 594 1893 649; x_wconf 91' lang='lat' dir='ltr'><strong>enim</strong></span> <span class='ocrx_word' id='word_1_43' title='bbox 1922 594 2006 648; x_wconf 86' lang='lat' dir='ltr'><strong>vir</strong></span> <span class='ocrx_word' id='word_1_44' title='bbox 2032 602 2144 650; x_wconf 89' lang='lat' dir='ltr'><strong>sta-</strong></span> 
     </span>
    </p>
   </div>
   <div class='ocr_carea' id='block_1_6' title="bbox 568 687 2139 760">
    <p class='ocr_par' dir='ltr' id='par_1_6' title="bbox 568 687 2139 760">
     <span class='ocr_line' id='line_1_6' title="bbox 568 687 2139 760; baseline 0 -18"><span class='ocrx_word' id='word_1_45' title='bbox 568 699 690 744; x_wconf 87' lang='lat' dir='ltr'><strong>tura</strong></span> <span class='ocrx_word' id='word_1_46' title='bbox 718 704 997 760; x_wconf 89' lang='lat' dir='ltr'><strong>procerus,</strong></span> <span class='ocrx_word' id='word_1_47' title='bbox 1035 704 1261 758; x_wconf 90' lang='lat' dir='ltr'><strong>corpore</strong></span> <span class='ocrx_word' id='word_1_48' title='bbox 1286 689 1425 744; x_wconf 90' lang='lat' dir='ltr'><strong>bene</strong></span> <span class='ocrx_word' id='word_1_49' title='bbox 1463 688 1812 757; x_wconf 90' lang='lat' dir='ltr'><strong>compositus,</strong></span> <span class='ocrx_word' id='word_1_50' title='bbox 1845 687 2006 744; x_wconf 87' lang='lat' dir='ltr'><strong>corde</strong></span> <span class='ocrx_word' id='word_1_51' title='bbox 2030 702 2139 743; x_wconf 81' lang='lat' dir='ltr'><strong>ma—</strong></span> 
     </span>
    </p>
   </div>
   <div class='ocr_carea' id='block_1_7' title="bbox 567 776 2140 848">
    <p class='ocr_par' dir='ltr' id='par_1_7' title="bbox 567 776 2140 848">
     <span class='ocr_line' id='line_1_7' title="bbox 567 776 2140 848; baseline 0.001 -17"><span class='ocrx_word' id='word_1_52' title='bbox 567 778 875 848; x_wconf 89' lang='lat' dir='ltr'><strong>gnanimus,</strong></span> <span class='ocrx_word' id='word_1_53' title='bbox 903 778 1280 835; x_wconf 86' lang='lat' dir='ltr'><strong>ecclesiasticae</strong></span> <span class='ocrx_word' id='word_1_54' title='bbox 1314 779 1391 832; x_wconf 88' lang='lat' dir='ltr'><strong>rei</strong></span> <span class='ocrx_word' id='word_1_55' title='bbox 1422 786 1798 847; x_wconf 87' lang='lat' dir='ltr'><strong>augmentator</strong></span> <span class='ocrx_word' id='word_1_56' title='bbox 1824 776 2140 843; x_wconf 87' lang='lat' dir='ltr'><strong>industrius,</strong></span> 
     </span>
    </p>
   </div>
   <div class='ocr_carea' id='block_1_8' title="bbox 567 864 2143 940">
    <p class='ocr_par' dir='ltr' id='par_1_8' title="bbox 567 864 2143 940">
     <span class='ocr_line' id='line_1_8' title="bbox 567 864 2143 940; baseline -0.003 -18"><span class='ocrx_word' id='word_1_57' title='bbox 567 868 825 937; x_wconf 83' lang='lat' dir='ltr'><strong>providus</strong></span> <span class='ocrx_word' id='word_1_58' title='bbox 852 869 1188 940; x_wconf 80' lang='lat' dir='ltr'><strong>dispensator</strong></span> <span class='ocrx_word' id='word_1_59' title='bbox 1223 867 1449 937; x_wconf 72' lang='lat' dir='ltr'><strong>publica:</strong></span> <span class='ocrx_word' id='word_1_60' title='bbox 1477 867 1747 933; x_wconf 83' lang='lat' dir='ltr'><strong>utilitatis,</strong></span> <span class='ocrx_word' id='word_1_61' title='bbox 1778 874 1833 920; x_wconf 90' lang='lat' dir='ltr'><strong>et</strong></span> <span class='ocrx_word' id='word_1_62' title='bbox 1860 864 2031 935; x_wconf 87' lang='lat' dir='ltr'><strong>plebis</strong></span> <span class='ocrx_word' id='word_1_63' title='bbox 2060 875 2143 919; x_wconf 89' lang='lat' dir='ltr'><strong>tu-</strong></span> 
     </span>
    </p>
   </div>
   <div class='ocr_carea' id='block_1_9' title="bbox 567 955 2142 1024">
    <p class='ocr_par' dir='ltr' id='par_1_9' title="bbox 567 955 2142 1024">
     <span class='ocr_line' id='line_1_9' title="bbox 567 955 2142 1024; baseline -0.001 -11"><span class='ocrx_word' id='word_1_64' title='bbox 567 967 710 1013; x_wconf 88' lang='lat' dir='ltr'><strong>tator</strong></span> <span class='ocrx_word' id='word_1_65' title='bbox 747 959 1073 1024; x_wconf 85' lang='lat' dir='ltr'><strong>indefessus,</strong></span> <span class='ocrx_word' id='word_1_66' title='bbox 1107 959 1160 1013; x_wconf 90' lang='lat' dir='ltr'><strong>in</strong></span> <span class='ocrx_word' id='word_1_67' title='bbox 1191 971 1443 1013; x_wconf 88' lang='lat' dir='ltr'><strong>sermone</strong></span> <span class='ocrx_word' id='word_1_68' title='bbox 1490 955 1782 1019; x_wconf 85' lang='lat' dir='ltr'><strong>modestus,</strong></span> <span class='ocrx_word' id='word_1_69' title='bbox 1817 955 1870 1009; x_wconf 91' lang='lat' dir='ltr'><strong>in</strong></span> <span class='ocrx_word' id='word_1_70' title='bbox 1897 956 2142 1011; x_wconf 88' lang='lat' dir='ltr'><strong>oratione</strong></span> 
     </span>
    </p>
   </div>
   <div class='ocr_carea' id='block_1_10' title="bbox 565 1045 2145 1119">
    <p class='ocr_par' dir='ltr' id='par_1_10' title="bbox 565 1045 2145 1119">
     <span class='ocr_line' id='line_1_10' title="bbox 565 1045 2145 1119; baseline -0.004 -14"><span class='ocrx_word' id='word_1_71' title='bbox 565 1051 810 1114; x_wconf 89' lang='lat' dir='ltr'><strong>devotus,</strong></span> <span class='ocrx_word' id='word_1_72' title='bbox 856 1051 909 1104; x_wconf 92' lang='lat' dir='ltr'><strong>in</strong></span> <span class='ocrx_word' id='word_1_73' title='bbox 947 1049 1101 1103; x_wconf 85' lang='lat' dir='ltr'><strong>altari</strong></span> <span class='ocrx_word' id='word_1_74' title='bbox 1141 1048 1433 1119; x_wconf 89' lang='lat' dir='ltr'><strong>angelicus,</strong></span> <span class='ocrx_word' id='word_1_75' title='bbox 1466 1046 1619 1117; x_wconf 85' lang='lat' dir='ltr'><strong>cujus</strong></span> <span class='ocrx_word' id='word_1_76' title='bbox 1657 1054 1848 1101; x_wconf 90' lang='lat' dir='ltr'><strong>cantus</strong></span> <span class='ocrx_word' id='word_1_77' title='bbox 1887 1045 2145 1100; x_wconf 85' lang='lat' dir='ltr'><strong>melodice</strong></span> 
     </span>
    </p>
   </div>
   <div class='ocr_carea' id='block_1_11' title="bbox 564 1135 2145 1207">
    <p class='ocr_par' dir='ltr' id='par_1_11' title="bbox 564 1135 2145 1207">
     <span class='ocr_line' id='line_1_11' title="bbox 564 1135 2145 1207; baseline -0.003 -11"><span class='ocrx_word' id='word_1_78' title='bbox 564 1140 815 1203; x_wconf 83' lang='lat' dir='ltr'><strong>reboans,</strong></span> <span class='ocrx_word' id='word_1_79' title='bbox 858 1139 999 1193; x_wconf 89' lang='lat' dir='ltr'><strong>velut</strong></span> <span class='ocrx_word' id='word_1_80' title='bbox 1046 1140 1171 1193; x_wconf 89' lang='lat' dir='ltr'><strong>tuba</strong></span> <span class='ocrx_word' id='word_1_81' title='bbox 1209 1152 1426 1201; x_wconf 89' lang='lat' dir='ltr'><strong>sonora,</strong></span> <span class='ocrx_word' id='word_1_82' title='bbox 1468 1136 1704 1207; x_wconf 85' lang='lat' dir='ltr'><strong>replebat</strong></span> <span class='ocrx_word' id='word_1_83' title='bbox 1743 1136 1916 1189; x_wconf 89' lang='lat' dir='ltr'><strong>aulam</strong></span> <span class='ocrx_word' id='word_1_84' title='bbox 1947 1135 2063 1200; x_wconf 86' lang='lat' dir='ltr'><strong>Dei,</strong></span> <span class='ocrx_word' id='word_1_85' title='bbox 2089 1144 2145 1191; x_wconf 89' lang='lat' dir='ltr'><strong>et</strong></span> 
     </span>
    </p>
   </div>
   <div class='ocr_carea' id='block_1_12' title="bbox 562 1225 2142 1299">
    <p class='ocr_par' dir='ltr' id='par_1_12' title="bbox 562 1225 2142 1299">
     <span class='ocr_line' id='line_1_12' title="bbox 562 1225 2142 1299; baseline -0.004 -14"><span class='ocrx_word' id='word_1_86' title='bbox 562 1229 840 1299; x_wconf 85' lang='lat' dir='ltr'><strong>spiritibus</strong></span> <span class='ocrx_word' id='word_1_87' title='bbox 879 1229 1170 1283; x_wconf 87' lang='lat' dir='ltr'><strong>dulcisonis</strong></span> <span class='ocrx_word' id='word_1_88' title='bbox 1209 1229 1417 1281; x_wconf 89' lang='lat' dir='ltr'><strong>animos</strong></span> <span class='ocrx_word' id='word_1_89' title='bbox 1452 1225 1781 1281; x_wconf 87' lang='lat' dir='ltr'><strong>audientium</strong></span> <span class='ocrx_word' id='word_1_90' title='bbox 1824 1225 2142 1280; x_wconf 83' lang='lat' dir='ltr'><strong>delectabat.</strong></span> 
     </span>
    </p>
   </div>
   <div class='ocr_carea' id='block_1_13' title="bbox 564 1314 2147 1384">
    <p class='ocr_par' dir='ltr' id='par_1_13' title="bbox 564 1314 2147 1384">
     <span class='ocr_line' id='line_1_13' title="bbox 564 1314 2147 1384; baseline -0.004 -11"><span class='ocrx_word' id='word_1_91' title='bbox 564 1318 677 1373; x_wconf 82' lang='lat' dir='ltr'><strong>Nec</strong></span> <span class='ocrx_word' id='word_1_92' title='bbox 713 1318 889 1373; x_wconf 90' lang='lat' dir='ltr'><strong>minor</strong></span> <span class='ocrx_word' id='word_1_93' title='bbox 914 1318 1140 1372; x_wconf 76' lang='lat' dir='ltr'><strong>consilio</strong></span> <span class='ocrx_word' id='word_1_94' title='bbox 1179 1317 1231 1371; x_wconf 91' lang='lat' dir='ltr'><strong>in</strong></span> <span class='ocrx_word' id='word_1_95' title='bbox 1270 1316 1511 1371; x_wconf 86' lang='lat' dir='ltr'><strong>conciliis</strong></span> <span class='ocrx_word' id='word_1_96' title='bbox 1545 1323 1601 1370; x_wconf 92' lang='lat' dir='ltr'><strong>et</strong></span> <span class='ocrx_word' id='word_1_97' title='bbox 1627 1314 1865 1383; x_wconf 80' lang='lat' dir='ltr'><strong>collegiis</strong></span> <span class='ocrx_word' id='word_1_98' title='bbox 1902 1314 2147 1384; x_wconf 87' lang='lat' dir='ltr'><strong>praelato-</strong></span> 
     </span>
    </p>
   </div>
   <div class='ocr_carea' id='block_1_14' title="bbox 563 1397 2145 1477">
    <p class='ocr_par' dir='ltr' id='par_1_14' title="bbox 563 1397 2145 1477">
     <span class='ocr_line' id='line_1_14' title="bbox 563 1397 2145 1477; baseline -0.003 -13"><span class='ocrx_word' id='word_1_99' title='bbox 563 1425 681 1464; x_wconf 86' lang='lat' dir='ltr'><strong>rum</strong></span> <span class='ocrx_word' id='word_1_100' title='bbox 717 1408 983 1477; x_wconf 85' lang='lat' dir='ltr'><strong>corporali</strong></span> <span class='ocrx_word' id='word_1_101' title='bbox 1013 1418 1290 1463; x_wconf 86' lang='lat' dir='ltr'><strong>venustate</strong></span> <span class='ocrx_word' id='word_1_102' title='bbox 1317 1406 1525 1463; x_wconf 60' lang='lat' dir='ltr'><strong>caeteris</strong></span> <span class='ocrx_word' id='word_1_103' title='bbox 1550 1397 1938 1477; x_wconf 67' lang='lat' dir='ltr'><strong>prmeininens,</strong></span> <span class='ocrx_word' id='word_1_104' title='bbox 1983 1420 2145 1460; x_wconf 82' lang='lat' dir='ltr'><strong>vene-</strong></span> 
     </span>
    </p>
   </div>
   <div class='ocr_carea' id='block_1_15' title="bbox 566 1498 2143 1572">
    <p class='ocr_par' dir='ltr' id='par_1_15' title="bbox 566 1498 2143 1572">
     <span class='ocr_line' id='line_1_15' title="bbox 566 1498 2143 1572; baseline -0.003 -16"><span class='ocrx_word' id='word_1_105' title='bbox 566 1504 736 1557; x_wconf 86' lang='lat' dir='ltr'><strong>rando</strong></span> <span class='ocrx_word' id='word_1_106' title='bbox 765 1513 917 1572; x_wconf 87' lang='lat' dir='ltr'><strong>gestu</strong></span> <span class='ocrx_word' id='word_1_107' title='bbox 947 1511 1003 1558; x_wconf 90' lang='lat' dir='ltr'><strong>et</strong></span> <span class='ocrx_word' id='word_1_108' title='bbox 1031 1503 1319 1572; x_wconf 86' lang='lat' dir='ltr'><strong>imperioso</strong></span> <span class='ocrx_word' id='word_1_109' title='bbox 1350 1501 1745 1572; x_wconf 88' lang='lat' dir='ltr'><strong>quodammodo</strong></span> <span class='ocrx_word' id='word_1_110' title='bbox 1769 1498 2143 1569; x_wconf 67' lang='lat' dir='ltr'><strong>praedominari</strong></span> 
     </span>
    </p>
   </div>
   <div class='ocr_carea' id='block_1_16' title="bbox 563 1587 2147 1664">
    <p class='ocr_par' dir='ltr' id='par_1_16' title="bbox 563 1587 2147 1664">
     <span class='ocr_line' id='line_1_16' title="bbox 563 1587 2147 1664; baseline -0.001 -19"><span class='ocrx_word' id='word_1_111' title='bbox 563 1593 848 1648; x_wconf 77' lang='lat' dir='ltr'><strong>videbatur</strong></span> <span class='ocrx_word' id='word_1_112' title='bbox 886 1603 1138 1664; x_wconf 88' lang='lat' dir='ltr'><strong>aspectu;</strong></span> <span class='ocrx_word' id='word_1_113' title='bbox 1169 1594 1213 1648; x_wconf 89' lang='lat' dir='ltr'><strong>si</strong></span> <span class='ocrx_word' id='word_1_114' title='bbox 1247 1592 1373 1663; x_wconf 89' lang='lat' dir='ltr'><strong>quid</strong></span> <span class='ocrx_word' id='word_1_115' title='bbox 1403 1600 1581 1645; x_wconf 88' lang='lat' dir='ltr'><strong>autem</strong></span> <span class='ocrx_word' id='word_1_116' title='bbox 1625 1589 1967 1645; x_wconf 87' lang='lat' dir='ltr'><strong>incumbebat</strong></span> <span class='ocrx_word' id='word_1_117' title='bbox 2004 1587 2147 1657; x_wconf 86' lang='lat' dir='ltr'><strong>judi-</strong></span> 
     </span>
    </p>
   </div>
   <div class='ocr_carea' id='block_1_17' title="bbox 567 1678 2143 1753">
    <p class='ocr_par' dir='ltr' id='par_1_17' title="bbox 567 1678 2143 1753">
     <span class='ocr_line' id='line_1_17' title="bbox 567 1678 2143 1753; baseline -0.004 -15"><span class='ocrx_word' id='word_1_118' title='bbox 567 1683 688 1738; x_wconf 88' lang='lat' dir='ltr'><strong>ciali</strong></span> <span class='ocrx_word' id='word_1_119' title='bbox 742 1683 1145 1753; x_wconf 89' lang='lat' dir='ltr'><strong>disceptandum</strong></span> <span class='ocrx_word' id='word_1_120' title='bbox 1190 1682 1439 1738; x_wconf 83' lang='lat' dir='ltr'><strong>examine</strong></span> <span class='ocrx_word' id='word_1_121' title='bbox 1481 1695 1663 1735; x_wconf 88' lang='lat' dir='ltr'><strong>coram</strong></span> <span class='ocrx_word' id='word_1_122' title='bbox 1710 1679 1848 1750; x_wconf 89' lang='lat' dir='ltr'><strong>ipso,</strong></span> <span class='ocrx_word' id='word_1_123' title='bbox 1878 1694 1971 1733; x_wconf 90' lang='lat' dir='ltr'><strong>seu</strong></span> <span class='ocrx_word' id='word_1_124' title='bbox 2003 1678 2143 1731; x_wconf 85' lang='lat' dir='ltr'><strong>aliud</strong></span> 
     </span>
    </p>
   </div>
   <div class='ocr_carea' id='block_1_18' title="bbox 566 1745 2222 1846">
    <p class='ocr_par' dir='ltr' id='par_1_18' title="bbox 566 1745 2222 1846">
     <span class='ocr_line' id='line_1_18' title="bbox 566 1745 2222 1846; baseline -0.004 -17"><span class='ocrx_word' id='word_1_125' title='bbox 566 1775 946 1840; x_wconf 81' lang='lat' dir='ltr'><strong>ordinandum,</strong></span> <span class='ocrx_word' id='word_1_126' title='bbox 975 1772 1409 1846; x_wconf 86' lang='lat' dir='ltr'><strong>persuasionibus</strong></span> <span class='ocrx_word' id='word_1_127' title='bbox 1440 1780 1495 1827; x_wconf 89' lang='lat' dir='ltr'><strong>et</strong></span> <span class='ocrx_word' id='word_1_128' title='bbox 1525 1770 1823 1825; x_wconf 89' lang='lat' dir='ltr'><strong>rationibus</strong></span> <span class='ocrx_word' id='word_1_129' title='bbox 1844 1768 2053 1824; x_wconf 79' lang='lat' dir='ltr'><strong>facilem</strong></span> <span class='ocrx_word' id='word_1_130' title='bbox 2085 1783 2147 1823; x_wconf 86' lang='lat' dir='ltr'><strong>ac</strong></span> <span class='ocrx_word' id='word_1_131' title='bbox 2175 1745 2222 1805; x_wconf 77' lang='grc' dir='ltr'><strong>Β</strong></span> 
     </span>
    </p>
   </div>
   <div class='ocr_carea' id='block_1_19' title="bbox 564 1858 2148 1937">
    <p class='ocr_par' dir='ltr' id='par_1_19' title="bbox 564 1858 2148 1937">
     <span class='ocr_line' id='line_1_19' title="bbox 564 1858 2148 1937; baseline -0.004 -17"><span class='ocrx_word' id='word_1_132' title='bbox 564 1865 807 1921; x_wconf 87' lang='lat' dir='ltr'><strong>sedulum</strong></span> <span class='ocrx_word' id='word_1_133' title='bbox 863 1866 1138 1937; x_wconf 66' lang='lat' dir='ltr'><strong>praebebat</strong></span> <span class='ocrx_word' id='word_1_134' title='bbox 1186 1864 1448 1929; x_wconf 88' lang='lat' dir='ltr'><strong>auditum,</strong></span> <span class='ocrx_word' id='word_1_135' title='bbox 1498 1871 1551 1917; x_wconf 91' lang='lat' dir='ltr'><strong>et</strong></span> <span class='ocrx_word' id='word_1_136' title='bbox 1594 1862 1775 1916; x_wconf 89' lang='lat' dir='ltr'><strong>audita</strong></span> <span class='ocrx_word' id='word_1_137' title='bbox 1825 1858 2148 1928; x_wconf 84' lang='lat' dir='ltr'><strong>dijudicante</strong></span> 
     </span>
    </p>
   </div>
   <div class='ocr_carea' id='block_1_20' title="bbox 562 1949 2145 2027">
    <p class='ocr_par' dir='ltr' id='par_1_20' title="bbox 562 1949 2145 2027">
     <span class='ocr_line' id='line_1_20' title="bbox 562 1949 2145 2027; baseline -0.006 -14"><span class='ocrx_word' id='word_1_138' title='bbox 562 1956 844 2015; x_wconf 82' lang='lat' dir='ltr'><strong>revolvens</strong></span> <span class='ocrx_word' id='word_1_139' title='bbox 889 1958 1087 2024; x_wconf 90' lang='lat' dir='ltr'><strong>animo,</strong></span> <span class='ocrx_word' id='word_1_140' title='bbox 1117 1957 1427 2027; x_wconf 87' lang='lat' dir='ltr'><strong>libransque</strong></span> <span class='ocrx_word' id='word_1_141' title='bbox 1464 1955 1666 2020; x_wconf 86' lang='lat' dir='ltr'><strong>omnia,</strong></span> <span class='ocrx_word' id='word_1_142' title='bbox 1698 1951 1831 2006; x_wconf 87' lang='lat' dir='ltr'><strong>nihil</strong></span> <span class='ocrx_word' id='word_1_143' title='bbox 1858 1967 1924 2006; x_wconf 79' lang='lat' dir='ltr'><strong>ex</strong></span> <span class='ocrx_word' id='word_1_144' title='bbox 1955 1949 2145 2020; x_wconf 71' lang='lat' dir='ltr'><strong>prwci-</strong></span> 
     </span>
    </p>
   </div>
   <div class='ocr_carea' id='block_1_21' title="bbox 561 2043 1398 2122">
    <p class='ocr_par' dir='ltr' id='par_1_21' title="bbox 561 2043 1398 2122">
     <span class='ocr_line' id='line_1_21' title="bbox 561 2043 1398 2122; baseline -0.006 -16"><span class='ocrx_word' id='word_1_145' title='bbox 561 2052 662 2122; x_wconf 88' lang='lat' dir='ltr'><strong>piti</strong></span> <span class='ocrx_word' id='word_1_146' title='bbox 692 2051 939 2106; x_wconf 82' lang='lat' dir='ltr'><strong>faciebat.</strong></span> <span class='ocrx_word' id='word_1_147' title='bbox 1389 2043 1398 2055; x_wconf 83' lang='lat'>&#39;</span> 
     </span>
    </p>
   </div>
   <div class='ocr_carea' id='block_1_22' title="bbox 640 2133 2149 2210">
    <p class='ocr_par' dir='ltr' id='par_1_22' title="bbox 640 2133 2149 2210">
     <span class='ocr_line' id='line_1_22' title="bbox 640 2133 2149 2210; baseline -0.006 -14"><span class='ocrx_word' id='word_1_148' title='bbox 640 2140 792 2196; x_wconf 84' lang='lat' dir='ltr'><strong>Unde</strong></span> <span class='ocrx_word' id='word_1_149' title='bbox 832 2140 973 2195; x_wconf 83' lang='lat' dir='ltr'><strong>hunc</strong></span> <span class='ocrx_word' id='word_1_150' title='bbox 1018 2140 1085 2194; x_wconf 91' lang='lat' dir='ltr'><strong>ab</strong></span> <span class='ocrx_word' id='word_1_151' title='bbox 1126 2138 1257 2210; x_wconf 88' lang='lat' dir='ltr'><strong>ipsis</strong></span> <span class='ocrx_word' id='word_1_152' title='bbox 1297 2135 1640 2193; x_wconf 88' lang='lat' dir='ltr'><strong>discretionis</strong></span> <span class='ocrx_word' id='word_1_153' title='bbox 1683 2150 1794 2191; x_wconf 69' lang='lat' dir='ltr'><strong>sua:</strong></span> <span class='ocrx_word' id='word_1_154' title='bbox 1837 2133 2149 2203; x_wconf 88' lang='lat' dir='ltr'><strong>primordiis</strong></span> 
     </span>
    </p>
   </div>
   <div class='ocr_carea' id='block_1_23' title="bbox 565 2228 2147 2301">
    <p class='ocr_par' dir='ltr' id='par_1_23' title="bbox 565 2228 2147 2301">
     <span class='ocr_line' id='line_1_23' title="bbox 565 2228 2147 2301; baseline -0.003 -15"><span class='ocrx_word' id='word_1_155' title='bbox 565 2244 772 2286; x_wconf 87' lang='lat' dir='ltr'><strong>morem</strong></span> <span class='ocrx_word' id='word_1_156' title='bbox 812 2239 1179 2296; x_wconf 80' lang='lat' dir='ltr'><strong>contraxerat,</strong></span> <span class='ocrx_word' id='word_1_157' title='bbox 1223 2240 1281 2285; x_wconf 89' lang='lat' dir='ltr'><strong>ut</strong></span> <span class='ocrx_word' id='word_1_158' title='bbox 1318 2230 1520 2301; x_wconf 87' lang='lat' dir='ltr'><strong>agenda</strong></span> <span class='ocrx_word' id='word_1_159' title='bbox 1552 2246 1649 2285; x_wconf 90' lang='lat' dir='ltr'><strong>sua</strong></span> <span class='ocrx_word' id='word_1_160' title='bbox 1694 2238 1841 2284; x_wconf 87' lang='lat' dir='ltr'><strong>tanta</strong></span> <span class='ocrx_word' id='word_1_161' title='bbox 1876 2228 2147 2284; x_wconf 88' lang='lat' dir='ltr'><strong>delibera-</strong></span> 
     </span>
    </p>
   </div>
   <div class='ocr_carea' id='block_1_24' title="bbox 563 2305 2148 2391">
    <p class='ocr_par' dir='ltr' id='par_1_24' title="bbox 563 2305 2148 2391">
     <span class='ocr_line' id='line_1_24' title="bbox 563 2305 2148 2391; baseline -0.001 -14"><span class='ocrx_word' id='word_1_162' title='bbox 563 2305 727 2377; x_wconf 76' lang='lat' dir='ltr'><strong>tionis</strong></span> <span class='ocrx_word' id='word_1_163' title='bbox 753 2320 972 2376; x_wconf 79' lang='lat' dir='ltr'><strong>fornace</strong></span> <span class='ocrx_word' id='word_1_164' title='bbox 1001 2320 1346 2391; x_wconf 80' lang='lat' dir='ltr'><strong>decoqueret,</strong></span> <span class='ocrx_word' id='word_1_165' title='bbox 1381 2321 1565 2377; x_wconf 90' lang='lat' dir='ltr'><strong>multis</strong></span> <span class='ocrx_word' id='word_1_166' title='bbox 1591 2321 1691 2376; x_wconf 89' lang='lat' dir='ltr'><strong>sibi</strong></span> <span class='ocrx_word' id='word_1_167' title='bbox 1719 2322 1833 2377; x_wconf 86' lang='lat' dir='ltr'><strong>haec</strong></span> <span class='ocrx_word' id='word_1_168' title='bbox 1870 2321 2148 2376; x_wconf 86' lang='lat' dir='ltr'><strong>ascriben-</strong></span> 
     </span>
    </p>
   </div>
   <div class='ocr_carea' id='block_1_25' title="bbox 575 2412 2148 2483">
    <p class='ocr_par' dir='ltr' id='par_1_25' title="bbox 575 2412 2148 2483">
     <span class='ocr_line' id='line_1_25' title="bbox 575 2412 2148 2483; baseline -0.001 -16"><span class='ocrx_word' id='word_1_169' title='bbox 575 2414 723 2468; x_wconf 88' lang='lat' dir='ltr'><strong>tibus</strong></span> <span class='ocrx_word' id='word_1_170' title='bbox 747 2412 975 2478; x_wconf 80' lang='lat' dir='ltr'><strong>lenitati,</strong></span> <span class='ocrx_word' id='word_1_171' title='bbox 1012 2415 1153 2481; x_wconf 90' lang='lat' dir='ltr'><strong>quod</strong></span> <span class='ocrx_word' id='word_1_172' title='bbox 1183 2413 1473 2477; x_wconf 88' lang='lat' dir='ltr'><strong>interdum,</strong></span> <span class='ocrx_word' id='word_1_173' title='bbox 1507 2415 1599 2469; x_wconf 86' lang='lat' dir='ltr'><strong>sed</strong></span> <span class='ocrx_word' id='word_1_174' title='bbox 1629 2428 1781 2479; x_wconf 79' lang='lat' dir='ltr'><strong>raro,</strong></span> <span class='ocrx_word' id='word_1_175' title='bbox 1804 2412 2148 2483; x_wconf 90' lang='lat' dir='ltr'><strong>dispendioso</strong></span> 
     </span>
    </p>
   </div>
   <div class='ocr_carea' id='block_1_26' title="bbox 565 2504 2149 2575">
    <p class='ocr_par' dir='ltr' id='par_1_26' title="bbox 565 2504 2149 2575">
     <span class='ocr_line' id='line_1_26' title="bbox 565 2504 2149 2575; baseline 0.001 -17"><span class='ocrx_word' id='word_1_176' title='bbox 565 2504 750 2574; x_wconf 80' lang='lat' dir='ltr'><strong>peragi</strong></span> <span class='ocrx_word' id='word_1_177' title='bbox 796 2505 1146 2574; x_wconf 86' lang='lat' dir='ltr'><strong>contingebat</strong></span> <span class='ocrx_word' id='word_1_178' title='bbox 1185 2505 1334 2560; x_wconf 83' lang='lat' dir='ltr'><strong>exitu</strong></span> <span class='ocrx_word' id='word_1_179' title='bbox 1372 2520 1488 2575; x_wconf 87' lang='lat' dir='ltr'><strong>quae</strong></span> <span class='ocrx_word' id='word_1_180' title='bbox 1531 2512 1801 2560; x_wconf 84' lang='lat' dir='ltr'><strong>maturato</strong></span> <span class='ocrx_word' id='word_1_181' title='bbox 1829 2504 2149 2575; x_wconf 86' lang='lat' dir='ltr'><strong>compendio</strong></span> 
     </span>
    </p>
   </div>
   <div class='ocr_carea' id='block_1_27' title="bbox 562 2596 2150 2668">
    <p class='ocr_par' dir='ltr' id='par_1_27' title="bbox 562 2596 2150 2668">
     <span class='ocr_line' id='line_1_27' title="bbox 562 2596 2150 2668; baseline 0.003 -20"><span class='ocrx_word' id='word_1_182' title='bbox 562 2603 849 2664; x_wconf 87' lang='lat' dir='ltr'><strong>potuerant</strong></span> <span class='ocrx_word' id='word_1_183' title='bbox 874 2597 1135 2667; x_wconf 82' lang='lat' dir='ltr'><strong>expediri,</strong></span> <span class='ocrx_word' id='word_1_184' title='bbox 1166 2605 1222 2652; x_wconf 91' lang='lat' dir='ltr'><strong>et</strong></span> <span class='ocrx_word' id='word_1_185' title='bbox 1244 2597 1372 2652; x_wconf 91' lang='lat' dir='ltr'><strong>licet</strong></span> <span class='ocrx_word' id='word_1_186' title='bbox 1399 2606 1544 2653; x_wconf 89' lang='lat' dir='ltr'><strong>esset</strong></span> <span class='ocrx_word' id='word_1_187' title='bbox 1571 2597 1625 2651; x_wconf 90' lang='lat' dir='ltr'><strong>in</strong></span> <span class='ocrx_word' id='word_1_188' title='bbox 1655 2597 1883 2668; x_wconf 88' lang='lat' dir='ltr'><strong>negotiis</strong></span> <span class='ocrx_word' id='word_1_189' title='bbox 1911 2606 1962 2652; x_wconf 92' lang='lat' dir='ltr'><strong>et</strong></span> <span class='ocrx_word' id='word_1_190' title='bbox 1990 2596 2150 2652; x_wconf 90' lang='lat' dir='ltr'><strong>rebus</strong></span> 
     </span>
    </p>
   </div>
   <div class='ocr_carea' id='block_1_28' title="bbox 563 2689 2146 2760">
    <p class='ocr_par' dir='ltr' id='par_1_28' title="bbox 563 2689 2146 2760">
     <span class='ocr_line' id='line_1_28' title="bbox 563 2689 2146 2760; baseline 0.002 -19"><span class='ocrx_word' id='word_1_191' title='bbox 563 2702 821 2756; x_wconf 91' lang='lat' dir='ltr'><strong>prospere</strong></span> <span class='ocrx_word' id='word_1_192' title='bbox 855 2690 1105 2759; x_wconf 86' lang='lat' dir='ltr'><strong>gerendis</strong></span> <span class='ocrx_word' id='word_1_193' title='bbox 1141 2689 1418 2753; x_wconf 88' lang='lat' dir='ltr'><strong>sollicitus,</strong></span> <span class='ocrx_word' id='word_1_194' title='bbox 1448 2690 1535 2744; x_wconf 80' lang='lat' dir='ltr'><strong>vix</strong></span> <span class='ocrx_word' id='word_1_195' title='bbox 1566 2697 1745 2745; x_wconf 90' lang='lat' dir='ltr'><strong>tamen</strong></span> <span class='ocrx_word' id='word_1_196' title='bbox 1773 2704 2006 2760; x_wconf 86' lang='lat' dir='ltr'><strong>unquam</strong></span> <span class='ocrx_word' id='word_1_197' title='bbox 2044 2704 2146 2744; x_wconf 78' lang='lat' dir='ltr'><strong>sa:-</strong></span> 
     </span>
    </p>
   </div>
   <div class='ocr_carea' id='block_1_29' title="bbox 564 2778 2147 2852">
    <p class='ocr_par' dir='ltr' id='par_1_29' title="bbox 564 2778 2147 2852">
     <span class='ocr_line' id='line_1_29' title="bbox 564 2778 2147 2852; baseline 0.001 -19"><span class='ocrx_word' id='word_1_198' title='bbox 564 2778 824 2833; x_wconf 90' lang='lat' dir='ltr'><strong>cularium</strong></span> <span class='ocrx_word' id='word_1_199' title='bbox 855 2782 1265 2851; x_wconf 84' lang='lat' dir='ltr'><strong>occupationum</strong></span> <span class='ocrx_word' id='word_1_200' title='bbox 1294 2780 1593 2852; x_wconf 85' lang='lat' dir='ltr'><strong>frequentia</strong></span> <span class='ocrx_word' id='word_1_201' title='bbox 1624 2790 1767 2835; x_wconf 90' lang='lat' dir='ltr'><strong>tanta</strong></span> <span class='ocrx_word' id='word_1_202' title='bbox 1796 2781 1915 2843; x_wconf 88' lang='lat' dir='ltr'><strong>fuit,</strong></span> <span class='ocrx_word' id='word_1_203' title='bbox 1949 2782 2034 2836; x_wconf 91' lang='lat' dir='ltr'><strong>cui</strong></span> <span class='ocrx_word' id='word_1_204' title='bbox 2066 2781 2147 2837; x_wconf 86' lang='lat' dir='ltr'><strong>di-</strong></span> 
     </span>
    </p>
   </div>
   <div class='ocr_carea' id='block_1_30' title="bbox 564 2868 2146 2942">
    <p class='ocr_par' dir='ltr' id='par_1_30' title="bbox 564 2868 2146 2942">
     <span class='ocr_line' id='line_1_30' title="bbox 564 2868 2146 2942; baseline 0.001 -20"><span class='ocrx_word' id='word_1_205' title='bbox 564 2868 748 2923; x_wconf 85' lang='lat' dir='ltr'><strong>vinum</strong></span> <span class='ocrx_word' id='word_1_206' title='bbox 797 2871 1111 2940; x_wconf 87' lang='lat' dir='ltr'><strong>obsequium</strong></span> <span class='ocrx_word' id='word_1_207' title='bbox 1140 2872 1273 2926; x_wconf 87' lang='lat' dir='ltr'><strong>hora</strong></span> <span class='ocrx_word' id='word_1_208' title='bbox 1319 2871 1499 2926; x_wconf 86' lang='lat' dir='ltr'><strong>debita</strong></span> <span class='ocrx_word' id='word_1_209' title='bbox 1537 2887 1643 2926; x_wconf 91' lang='lat' dir='ltr'><strong>non</strong></span> <span class='ocrx_word' id='word_1_210' title='bbox 1674 2871 1971 2942; x_wconf 75' lang='lat' dir='ltr'><strong>przeferret.</strong></span> <span class='ocrx_word' id='word_1_211' title='bbox 2020 2871 2146 2925; x_wconf 89' lang='lat' dir='ltr'><strong>Erat</strong></span> 
     </span>
    </p>
   </div>
   <div class='ocr_carea' id='block_1_31' title="bbox 567 2960 2147 3030">
    <p class='ocr_par' dir='ltr' id='par_1_31' title="bbox 567 2960 2147 3030">
     <span class='ocr_line' id='line_1_31' title="bbox 567 2960 2147 3030; baseline 0 -17"><span class='ocrx_word' id='word_1_212' title='bbox 567 2960 836 3029; x_wconf 83' lang='lat' dir='ltr'><strong>siquidem</strong></span> <span class='ocrx_word' id='word_1_213' title='bbox 884 2960 958 3015; x_wconf 90' lang='lat' dir='ltr'><strong>illi</strong></span> <span class='ocrx_word' id='word_1_214' title='bbox 1001 2961 1154 3030; x_wconf 89' lang='lat' dir='ltr'><strong>quasi</strong></span> <span class='ocrx_word' id='word_1_215' title='bbox 1207 2962 1373 3016; x_wconf 90' lang='lat' dir='ltr'><strong>moris</strong></span> <span class='ocrx_word' id='word_1_216' title='bbox 1417 2962 1584 3015; x_wconf 87' lang='lat' dir='ltr'><strong>innati</strong></span> <span class='ocrx_word' id='word_1_217' title='bbox 1623 2961 1849 3030; x_wconf 87' lang='lat' dir='ltr'><strong>justitiae</strong></span> <span class='ocrx_word' id='word_1_218' title='bbox 1890 2974 2147 3015; x_wconf 84' lang='lat' dir='ltr'><strong>exercere</strong></span> 
     </span>
    </p>
   </div>
   <div class='ocr_carea' id='block_1_32' title="bbox 561 3050 2218 3147">
    <p class='ocr_par' dir='ltr' id='par_1_32' title="bbox 561 3050 2218 3147">
     <span class='ocr_line' id='line_1_32' title="bbox 561 3050 2218 3147; baseline 0.001 -43"><span class='ocrx_word' id='word_1_219' title='bbox 561 3050 818 3120; x_wconf 78' lang='lat' dir='ltr'><strong>rigorem,</strong></span> <span class='ocrx_word' id='word_1_220' title='bbox 848 3050 987 3105; x_wconf 88' lang='lat' dir='ltr'><strong>bene</strong></span> <span class='ocrx_word' id='word_1_221' title='bbox 1015 3053 1236 3107; x_wconf 88' lang='lat' dir='ltr'><strong>meritos</strong></span> <span class='ocrx_word' id='word_1_222' title='bbox 1276 3054 1605 3115; x_wconf 81' lang='lat' dir='ltr'><strong>renuntiare,</strong></span> <span class='ocrx_word' id='word_1_223' title='bbox 1635 3051 1909 3106; x_wconf 81' lang='lat' dir='ltr'><strong>maleficos</strong></span> <span class='ocrx_word' id='word_1_224' title='bbox 1932 3051 2144 3120; x_wconf 87' lang='lat' dir='ltr'><strong>punire,</strong></span> <span class='ocrx_word' id='word_1_225' title='bbox 2174 3087 2218 3147; x_wconf 65' lang='grc' dir='ltr'>Ο</span> 
     </span>
    </p>
   </div>
   <div class='ocr_carea' id='block_1_33' title="bbox 563 3138 2147 3218">
    <p class='ocr_par' dir='ltr' id='par_1_33' title="bbox 563 3138 2147 3218">
     <span class='ocr_line' id='line_1_33' title="bbox 563 3138 2147 3218; baseline 0.002 -25"><span class='ocrx_word' id='word_1_226' title='bbox 563 3138 638 3218; x_wconf 83' lang='lat' dir='ltr'><strong>ita</strong></span> <span class='ocrx_word' id='word_1_227' title='bbox 668 3140 809 3209; x_wconf 90' lang='lat' dir='ltr'><strong>quod</strong></span> <span class='ocrx_word' id='word_1_228' title='bbox 854 3143 1174 3211; x_wconf 89' lang='lat' dir='ltr'><strong>quandoque</strong></span> <span class='ocrx_word' id='word_1_229' title='bbox 1217 3157 1323 3197; x_wconf 88' lang='lat' dir='ltr'><strong>non</strong></span> <span class='ocrx_word' id='word_1_230' title='bbox 1361 3157 1429 3196; x_wconf 80' lang='lat' dir='ltr'><strong>ex</strong></span> <span class='ocrx_word' id='word_1_231' title='bbox 1466 3143 1628 3213; x_wconf 79' lang='lat' dir='ltr'><strong>typho</strong></span> <span class='ocrx_word' id='word_1_232' title='bbox 1670 3142 1910 3205; x_wconf 81' lang='lat' dir='ltr'><strong>malitiae,</strong></span> <span class='ocrx_word' id='word_1_233' title='bbox 1957 3143 2051 3197; x_wconf 90' lang='lat' dir='ltr'><strong>sed</strong></span> <span class='ocrx_word' id='word_1_234' title='bbox 2079 3158 2147 3196; x_wconf 83' lang='lat' dir='ltr'><strong>ex</strong></span> 
     </span>
    </p>
   </div>
   <div class='ocr_carea' id='block_1_34' title="bbox 566 3232 2149 3305">
    <p class='ocr_par' dir='ltr' id='par_1_34' title="bbox 566 3232 2149 3305">
     <span class='ocr_line' id='line_1_34' title="bbox 566 3232 2149 3305; baseline 0.002 -19"><span class='ocrx_word' id='word_1_235' title='bbox 566 3232 683 3287; x_wconf 85' lang='lat' dir='ltr'><strong>zelo</strong></span> <span class='ocrx_word' id='word_1_236' title='bbox 704 3232 927 3304; x_wconf 75' lang='lat' dir='ltr'><strong>justitiae</strong></span> <span class='ocrx_word' id='word_1_237' title='bbox 948 3234 1110 3305; x_wconf 70' lang='lat' dir='ltr'><strong>virga:</strong></span> <span class='ocrx_word' id='word_1_238' title='bbox 1138 3235 1604 3291; x_wconf 85' lang='lat' dir='ltr'><strong>mansuetudinem</strong></span> <span class='ocrx_word' id='word_1_239' title='bbox 1631 3234 2021 3304; x_wconf 81' lang='lat' dir='ltr'><strong>aliquantulum</strong></span> <span class='ocrx_word' id='word_1_240' title='bbox 2047 3248 2149 3289; x_wconf 77' lang='lat' dir='ltr'><strong>ex-</strong></span> 
     </span>
    </p>
   </div>
   <div class='ocr_carea' id='block_1_35' title="bbox 564 3320 2146 3393">
    <p class='ocr_par' dir='ltr' id='par_1_35' title="bbox 564 3320 2146 3393">
     <span class='ocr_line' id='line_1_35' title="bbox 564 3320 2146 3393; baseline -0.001 -16"><span class='ocrx_word' id='word_1_241' title='bbox 564 3320 811 3385; x_wconf 86' lang='lat' dir='ltr'><strong>cedebat,</strong></span> <span class='ocrx_word' id='word_1_242' title='bbox 839 3323 1113 3393; x_wconf 90' lang='lat' dir='ltr'><strong>oppressis</strong></span> <span class='ocrx_word' id='word_1_243' title='bbox 1137 3324 1391 3393; x_wconf 88' lang='lat' dir='ltr'><strong>compati,</strong></span> <span class='ocrx_word' id='word_1_244' title='bbox 1419 3323 1747 3393; x_wconf 88' lang='lat' dir='ltr'><strong>supplicibus</strong></span> <span class='ocrx_word' id='word_1_245' title='bbox 1771 3336 2017 3393; x_wconf 84' lang='lat' dir='ltr'><strong>parcere,</strong></span> <span class='ocrx_word' id='word_1_246' title='bbox 2045 3322 2146 3377; x_wconf 80' lang='lat' dir='ltr'><strong>liu-</strong></span> 
     </span>
    </p>
   </div>
   <div class='ocr_carea' id='block_1_36' title="bbox 566 3411 2150 3484">
    <p class='ocr_par' dir='ltr' id='par_1_36' title="bbox 566 3411 2150 3484">
     <span class='ocr_line' id='line_1_36' title="bbox 566 3411 2150 3484; baseline 0.002 -18"><span class='ocrx_word' id='word_1_247' title='bbox 566 3411 723 3467; x_wconf 91' lang='lat' dir='ltr'><strong>miles</strong></span> <span class='ocrx_word' id='word_1_248' title='bbox 758 3412 1018 3477; x_wconf 80' lang='lat' dir='ltr'><strong>exaltare,</strong></span> <span class='ocrx_word' id='word_1_249' title='bbox 1047 3413 1309 3484; x_wconf 90' lang='lat' dir='ltr'><strong>superbos</strong></span> <span class='ocrx_word' id='word_1_250' title='bbox 1336 3413 1641 3484; x_wconf 85' lang='lat' dir='ltr'><strong>deprimere</strong></span> <span class='ocrx_word' id='word_1_251' title='bbox 1667 3423 1721 3468; x_wconf 91' lang='lat' dir='ltr'><strong>et</strong></span> <span class='ocrx_word' id='word_1_252' title='bbox 1750 3414 2021 3469; x_wconf 88' lang='lat' dir='ltr'><strong>debellare</strong></span> <span class='ocrx_word' id='word_1_253' title='bbox 2062 3429 2150 3469; x_wconf 89' lang='lat' dir='ltr'><strong>re-</strong></span> 
     </span>
    </p>
   </div>
   <div class='ocr_carea' id='block_1_37' title="bbox 563 3501 2149 3573">
    <p class='ocr_par' dir='ltr' id='par_1_37' title="bbox 563 3501 2149 3573">
     <span class='ocr_line' id='line_1_37' title="bbox 563 3501 2149 3573; baseline 0.001 -17"><span class='ocrx_word' id='word_1_254' title='bbox 563 3501 732 3557; x_wconf 88' lang='lat' dir='ltr'><strong>belles</strong></span> <span class='ocrx_word' id='word_1_255' title='bbox 755 3523 773 3554; x_wconf 88' lang='lat'><strong><em>:</em></strong></span> <span class='ocrx_word' id='word_1_256' title='bbox 793 3510 847 3557; x_wconf 91' lang='lat' dir='ltr'><strong>et</strong></span> <span class='ocrx_word' id='word_1_257' title='bbox 873 3503 976 3558; x_wconf 90' lang='lat' dir='ltr'><strong>hac</strong></span> <span class='ocrx_word' id='word_1_258' title='bbox 1000 3503 1098 3557; x_wconf 91' lang='lat' dir='ltr'><strong>fuit</strong></span> <span class='ocrx_word' id='word_1_259' title='bbox 1123 3503 1345 3573; x_wconf 87' lang='lat' dir='ltr'><strong>insuper</strong></span> <span class='ocrx_word' id='word_1_260' title='bbox 1383 3520 1412 3558; x_wconf 91' lang='lat' dir='ltr'><strong>a</strong></span> <span class='ocrx_word' id='word_1_261' title='bbox 1442 3504 1670 3559; x_wconf 93' lang='lat' dir='ltr'><strong>Domino</strong></span> <span class='ocrx_word' id='word_1_262' title='bbox 1696 3503 1954 3562; x_wconf 83' lang='lat' dir='ltr'><strong>felicitate</strong></span> <span class='ocrx_word' id='word_1_263' title='bbox 1984 3504 2149 3559; x_wconf 87' lang='lat' dir='ltr'><strong>dona-</strong></span> 
     </span>
    </p>
   </div>
   <div class='ocr_carea' id='block_1_38' title="bbox 563 3592 2150 3665">
    <p class='ocr_par' dir='ltr' id='par_1_38' title="bbox 563 3592 2150 3665">
     <span class='ocr_line' id='line_1_38' title="bbox 563 3592 2150 3665; baseline 0.003 -20"><span class='ocrx_word' id='word_1_264' title='bbox 563 3600 673 3656; x_wconf 85' lang='lat' dir='ltr'><strong>tus,</strong></span> <span class='ocrx_word' id='word_1_265' title='bbox 707 3592 849 3662; x_wconf 90' lang='lat' dir='ltr'><strong>quod</strong></span> <span class='ocrx_word' id='word_1_266' title='bbox 877 3593 928 3647; x_wconf 91' lang='lat' dir='ltr'><strong>in</strong></span> <span class='ocrx_word' id='word_1_267' title='bbox 957 3594 1206 3649; x_wconf 88' lang='lat' dir='ltr'><strong>omnibus</strong></span> <span class='ocrx_word' id='word_1_268' title='bbox 1234 3609 1353 3663; x_wconf 64' lang='lat' dir='ltr'><strong>quae</strong></span> <span class='ocrx_word' id='word_1_269' title='bbox 1380 3610 1479 3665; x_wconf 91' lang='lat' dir='ltr'><strong>pro</strong></span> <span class='ocrx_word' id='word_1_270' title='bbox 1507 3596 1713 3650; x_wconf 89' lang='lat' dir='ltr'><strong>honore</strong></span> <span class='ocrx_word' id='word_1_271' title='bbox 1745 3595 1836 3650; x_wconf 90' lang='lat' dir='ltr'><strong>Dei</strong></span> <span class='ocrx_word' id='word_1_272' title='bbox 1863 3606 1919 3651; x_wconf 89' lang='lat' dir='ltr'><strong>et</strong></span> <span class='ocrx_word' id='word_1_273' title='bbox 1937 3593 2150 3663; x_wconf 85' lang='lat' dir='ltr'><strong>juribus</strong></span> 
     </span>
    </p>
   </div>
   <div class='ocr_carea' id='block_1_39' title="bbox 564 3680 2145 3755">
    <p class='ocr_par' dir='ltr' id='par_1_39' title="bbox 564 3680 2145 3755">
     <span class='ocr_line' id='line_1_39' title="bbox 564 3680 2145 3755; baseline 0.003 -20"><span class='ocrx_word' id='word_1_274' title='bbox 564 3680 915 3736; x_wconf 89' lang='lat' dir='ltr'><strong>ecclesiarum</strong></span> <span class='ocrx_word' id='word_1_275' title='bbox 947 3697 1163 3737; x_wconf 90' lang='lat' dir='ltr'><strong>suarum</strong></span> <span class='ocrx_word' id='word_1_276' title='bbox 1193 3699 1479 3755; x_wconf 79' lang='lat' dir='ltr'><strong>aggressus</strong></span> <span class='ocrx_word' id='word_1_277' title='bbox 1508 3694 1592 3740; x_wconf 90' lang='lat' dir='ltr'><strong>est</strong></span> <span class='ocrx_word' id='word_1_278' title='bbox 1620 3700 1836 3755; x_wconf 85' lang='lat' dir='ltr'><strong>semper</strong></span> <span class='ocrx_word' id='word_1_279' title='bbox 1860 3686 2145 3741; x_wconf 90' lang='lat' dir='ltr'><strong>victoriam</strong></span> 
     </span>
    </p>
   </div>
   <div class='ocr_carea' id='block_1_40' title="bbox 566 3772 2148 3848">
    <p class='ocr_par' dir='ltr' id='par_1_40' title="bbox 566 3772 2148 3848">
     <span class='ocr_line' id='line_1_40' title="bbox 566 3772 2148 3848; baseline 0 -18"><span class='ocrx_word' id='word_1_280' title='bbox 566 3774 716 3830; x_wconf 88' lang='lat' dir='ltr'><strong>dedit</strong></span> <span class='ocrx_word' id='word_1_281' title='bbox 739 3774 812 3828; x_wconf 91' lang='lat' dir='ltr'><strong>illi</strong></span> <span class='ocrx_word' id='word_1_282' title='bbox 836 3772 1113 3841; x_wconf 88' lang='lat' dir='ltr'><strong>Dominus,</strong></span> <span class='ocrx_word' id='word_1_283' title='bbox 1139 3784 1190 3831; x_wconf 89' lang='lat' dir='ltr'><strong>et</strong></span> <span class='ocrx_word' id='word_1_284' title='bbox 1216 3775 1330 3845; x_wconf 85' lang='lat' dir='ltr'><strong>ejus</strong></span> <span class='ocrx_word' id='word_1_285' title='bbox 1350 3792 1511 3846; x_wconf 90' lang='lat' dir='ltr'><strong>opera</strong></span> <span class='ocrx_word' id='word_1_286' title='bbox 1538 3792 1659 3832; x_wconf 91' lang='lat' dir='ltr'><strong>cum</strong></span> <span class='ocrx_word' id='word_1_287' title='bbox 1686 3777 1862 3848; x_wconf 89' lang='lat' dir='ltr'><strong>gratia</strong></span> <span class='ocrx_word' id='word_1_288' title='bbox 1888 3785 1941 3832; x_wconf 86' lang='lat' dir='ltr'><strong>et</strong></span> <span class='ocrx_word' id='word_1_289' title='bbox 1963 3777 2148 3832; x_wconf 84' lang='lat' dir='ltr'><strong>favore</strong></span> 
     </span>
    </p>
   </div>
   <div class='ocr_carea' id='block_1_41' title="bbox 566 3863 1439 3919">
    <p class='ocr_par' dir='ltr' id='par_1_41' title="bbox 566 3863 1439 3919">
     <span class='ocr_line' id='line_1_41' title="bbox 566 3863 1439 3919; baseline -0.002 0"><span class='ocrx_word' id='word_1_290' title='bbox 566 3863 785 3919; x_wconf 67' lang='lat' dir='ltr'><strong>direxit.</strong></span> <span class='ocrx_word' id='word_1_291' title='bbox 1426 3876 1439 3886; x_wconf 74' lang='lat'><strong><em>‘</em></strong></span> 
     </span>
    </p>
   </div>
   <div class='ocr_carea' id='block_1_42' title="bbox 785 3956 1923 4029">
    <p class='ocr_par' dir='ltr' id='par_1_42' title="bbox 785 3956 1923 4029">
     <span class='ocr_line' id='line_1_42' title="bbox 785 3956 1923 4029; baseline 0.001 -20"><span class='ocrx_word' id='word_1_292' title='bbox 785 3956 1023 4022; x_wconf 74' lang='lat' dir='ltr'><strong>Qualiter</strong></span> <span class='ocrx_word' id='word_1_293' title='bbox 1048 3959 1179 4012; x_wconf 78' lang='lat' dir='ltr'><strong>cit-es</strong></span> <span class='ocrx_word' id='word_1_294' title='bbox 1220 3956 1562 4012; x_wconf 78' lang='lat' dir='ltr'><strong>Virdunenses</strong></span> <span class='ocrx_word' id='word_1_295' title='bbox 1591 3960 1923 4029; x_wconf 71' lang='lat' dir='ltr'><strong>expugnauit.</strong></span> 
     </span>
    </p>
   </div>
   <div class='ocr_carea' id='block_1_43' title="bbox 642 4046 2141 4111">
    <p class='ocr_par' dir='ltr' id='par_1_43' title="bbox 642 4046 2141 4111">
     <span class='ocr_line' id='line_1_43' title="bbox 642 4046 2141 4111; baseline 0.001 -12"><span class='ocrx_word' id='word_1_296' title='bbox 642 4046 801 4100; x_wconf 78' lang='lat' dir='ltr'><strong>Anno</strong></span> <span class='ocrx_word' id='word_1_297' title='bbox 838 4047 1013 4101; x_wconf 88' lang='lat' dir='ltr'><strong>aetatis</strong></span> <span class='ocrx_word' id='word_1_298' title='bbox 1067 4063 1178 4102; x_wconf 88' lang='lat' dir='ltr'><strong>suae</strong></span> <span class='ocrx_word' id='word_1_299' title='bbox 1222 4047 1497 4102; x_wconf 88' lang='lat' dir='ltr'><strong>tricesimo</strong></span> <span class='ocrx_word' id='word_1_300' title='bbox 1538 4048 1806 4111; x_wconf 88' lang='lat' dir='ltr'><strong>secundo,</strong></span> <span class='ocrx_word' id='word_1_301' title='bbox 1863 4047 1946 4102; x_wconf 87' lang='lat' dir='ltr'><strong>vel</strong></span> <span class='ocrx_word' id='word_1_302' title='bbox 1975 4047 2141 4111; x_wconf 90' lang='lat' dir='ltr'><strong>circa,</strong></span> 
     </span>
    </p>
   </div>
   <div class='ocr_carea' id='block_1_44' title="bbox 567 4136 2142 4207">
    <p class='ocr_par' dir='ltr' id='par_1_44' title="bbox 567 4136 2142 4207">
     <span class='ocr_line' id='line_1_44' title="bbox 567 4136 2142 4207; baseline 0.001 -17"><span class='ocrx_word' id='word_1_303' title='bbox 567 4146 792 4191; x_wconf 86' lang='lat' dir='ltr'><strong>vocatus</strong></span> <span class='ocrx_word' id='word_1_304' title='bbox 821 4153 918 4206; x_wconf 91' lang='lat' dir='ltr'><strong>per</strong></span> <span class='ocrx_word' id='word_1_305' title='bbox 945 4137 1260 4192; x_wconf 87' lang='lat' dir='ltr'><strong>electionem</strong></span> <span class='ocrx_word' id='word_1_306' title='bbox 1316 4137 1632 4192; x_wconf 82' lang='lat' dir='ltr'><strong>canonicam</strong></span> <span class='ocrx_word' id='word_1_307' title='bbox 1668 4139 1733 4190; x_wconf 90' lang='lat' dir='ltr'><strong>ad</strong></span> <span class='ocrx_word' id='word_1_308' title='bbox 1772 4136 2010 4207; x_wconf 88' lang='lat' dir='ltr'><strong>regimen</strong></span> <span class='ocrx_word' id='word_1_309' title='bbox 2040 4137 2142 4192; x_wconf 87' lang='lat' dir='ltr'><strong>Ec-</strong></span> 
     </span>
    </p>
   </div>
   <div class='ocr_carea' id='block_1_45' title="bbox 564 4224 2142 4299">
    <p class='ocr_par' dir='ltr' id='par_1_45' title="bbox 564 4224 2142 4299">
     <span class='ocr_line' id='line_1_45' title="bbox 564 4224 2142 4299; baseline 0 -17"><span class='ocrx_word' id='word_1_310' title='bbox 564 4228 742 4283; x_wconf 78' lang='lat' dir='ltr'><strong>clesia:</strong></span> <span class='ocrx_word' id='word_1_311' title='bbox 774 4229 1148 4291; x_wconf 84' lang='lat' dir='ltr'><strong>Virdunensis,</strong></span> <span class='ocrx_word' id='word_1_312' title='bbox 1170 4244 1482 4299; x_wconf 86' lang='lat' dir='ltr'><strong>quanquam</strong></span> <span class='ocrx_word' id='word_1_313' title='bbox 1516 4229 1581 4283; x_wconf 91' lang='lat' dir='ltr'><strong>de</strong></span> <span class='ocrx_word' id='word_1_314' title='bbox 1607 4228 1773 4299; x_wconf 89' lang='lat' dir='ltr'><strong>ipsius</strong></span> <span class='ocrx_word' id='word_1_315' title='bbox 1799 4229 2006 4299; x_wconf 91' lang='lat' dir='ltr'><strong>gremio</strong></span> <span class='ocrx_word' id='word_1_316' title='bbox 2034 4224 2142 4284; x_wconf 86' lang='lat' dir='ltr'><strong>non</strong></span> 
     </span>
    </p>
   </div>
   <div class='ocr_carea' id='block_1_46' title="bbox 566 4317 2141 4386">
    <p class='ocr_par' dir='ltr' id='par_1_46' title="bbox 566 4317 2141 4386">
     <span class='ocr_line' id='line_1_46' title="bbox 566 4317 2141 4386; baseline 0.001 -15"><span class='ocrx_word' id='word_1_317' title='bbox 566 4324 729 4379; x_wconf 86' lang='lat' dir='ltr'><strong>esset,</strong></span> <span class='ocrx_word' id='word_1_318' title='bbox 759 4325 815 4372; x_wconf 90' lang='lat' dir='ltr'><strong>et</strong></span> <span class='ocrx_word' id='word_1_319' title='bbox 846 4317 900 4371; x_wconf 92' lang='lat' dir='ltr'><strong>in</strong></span> <span class='ocrx_word' id='word_1_320' title='bbox 930 4317 1240 4386; x_wconf 82' lang='lat' dir='ltr'><strong>episcopum</strong></span> <span class='ocrx_word' id='word_1_321' title='bbox 1279 4327 1650 4384; x_wconf 89' lang='lat' dir='ltr'><strong>consecratus,</strong></span> <span class='ocrx_word' id='word_1_322' title='bbox 1696 4327 1905 4372; x_wconf 89' lang='lat' dir='ltr'><strong>retento</strong></span> <span class='ocrx_word' id='word_1_323' title='bbox 1944 4318 2141 4373; x_wconf 90' lang='lat' dir='ltr'><strong>nihilo-</strong></span> 
     </span>
    </p>
   </div>
   <div class='ocr_carea' id='block_1_47' title="bbox 565 4405 2144 4477">
    <p class='ocr_par' dir='ltr' id='par_1_47' title="bbox 565 4405 2144 4477">
     <span class='ocr_line' id='line_1_47' title="bbox 565 4405 2144 4477; baseline 0.001 -16"><span class='ocrx_word' id='word_1_324' title='bbox 565 4405 745 4461; x_wconf 82' lang='lat' dir='ltr'><strong>minus</strong></span> <span class='ocrx_word' id='word_1_325' title='bbox 791 4421 857 4461; x_wconf 81' lang='lat' dir='ltr'><strong>ex</strong></span> <span class='ocrx_word' id='word_1_326' title='bbox 904 4406 1299 4477; x_wconf 84' lang='lat' dir='ltr'><strong>dispensatione</strong></span> <span class='ocrx_word' id='word_1_327' title='bbox 1354 4408 1619 4462; x_wconf 91' lang='lat' dir='ltr'><strong>decanatu</strong></span> <span class='ocrx_word' id='word_1_328' title='bbox 1659 4407 2144 4464; x_wconf 80' lang='lat' dir='ltr'><strong>Autissiodurensis</strong></span> 
     </span>
    </p>
   </div>
   <div class='ocr_carea' id='block_1_48' title="bbox 560 4500 2142 4571">
    <p class='ocr_par' dir='ltr' id='par_1_48' title="bbox 560 4500 2142 4571">
     <span class='ocr_line' id='line_1_48' title="bbox 560 4500 2142 4571; baseline -0.001 -15"><span class='ocrx_word' id='word_1_329' title='bbox 560 4500 805 4558; x_wconf 71' lang='lat' dir='ltr'><strong>ccclesizr</strong></span> <span class='ocrx_word' id='word_1_330' title='bbox 831 4515 988 4569; x_wconf 88' lang='lat' dir='ltr'><strong>quem</strong></span> <span class='ocrx_word' id='word_1_331' title='bbox 1017 4500 1166 4569; x_wconf 90' lang='lat' dir='ltr'><strong>prius</strong></span> <span class='ocrx_word' id='word_1_332' title='bbox 1189 4500 1486 4564; x_wconf 85' lang='lat' dir='ltr'><strong>obtinebat,</strong></span> <span class='ocrx_word' id='word_1_333' title='bbox 1515 4500 1779 4555; x_wconf 78' lang='lat' dir='ltr'><strong>intellexit</strong></span> <span class='ocrx_word' id='word_1_334' title='bbox 1805 4502 1946 4571; x_wconf 88' lang='lat' dir='ltr'><strong>quod</strong></span> <span class='ocrx_word' id='word_1_335' title='bbox 1969 4500 2142 4554; x_wconf 90' lang='lat' dir='ltr'><strong>omni-</strong></span> 
     </span>
    </p>
   </div>
   <div class='ocr_carea' id='block_1_49' title="bbox 565 4591 2137 4663">
    <p class='ocr_par' dir='ltr' id='par_1_49' title="bbox 565 4591 2137 4663">
     <span class='ocr_line' id='line_1_49' title="bbox 565 4591 2137 4663; baseline -0.002 -14"><span class='ocrx_word' id='word_1_336' title='bbox 565 4594 724 4649; x_wconf 87' lang='lat' dir='ltr'><strong>moda</strong></span> <span class='ocrx_word' id='word_1_337' title='bbox 765 4592 1094 4663; x_wconf 88' lang='lat' dir='ltr'><strong>jurisdictio,</strong></span> <span class='ocrx_word' id='word_1_338' title='bbox 1138 4592 1395 4662; x_wconf 85' lang='lat' dir='ltr'><strong>spiritalis</strong></span> <span class='ocrx_word' id='word_1_339' title='bbox 1440 4592 1760 4647; x_wconf 89' lang='lat' dir='ltr'><strong>videlicetet</strong></span> <span class='ocrx_word' id='word_1_340' title='bbox 1809 4591 2137 4662; x_wconf 90' lang='lat' dir='ltr'><strong>temporalis,</strong></span> 
     </span>
    </p>
   </div>
   <div class='ocr_carea' id='block_1_50' title="bbox 565 4679 2143 4754">
    <p class='ocr_par' dir='ltr' id='par_1_50' title="bbox 565 4679 2143 4754">
     <span class='ocr_line' id='line_1_50' title="bbox 565 4679 2143 4754; baseline -0.002 -15"><span class='ocrx_word' id='word_1_341' title='bbox 565 4683 802 4739; x_wconf 89' lang='lat' dir='ltr'><strong>civitatis</strong></span> <span class='ocrx_word' id='word_1_342' title='bbox 836 4679 890 4737; x_wconf 75' lang='grc' dir='ltr'><strong>ἐι</strong></span> <span class='ocrx_word' id='word_1_343' title='bbox 916 4683 1111 4736; x_wconf 90' lang='lat' dir='ltr'><strong>civium</strong></span> <span class='ocrx_word' id='word_1_344' title='bbox 1143 4682 1556 4738; x_wconf 82' lang='lat' dir='ltr'><strong>Virdunensium</strong></span> <span class='ocrx_word' id='word_1_345' title='bbox 1585 4683 1654 4737; x_wconf 92' lang='lat' dir='ltr'><strong>ad</strong></span> <span class='ocrx_word' id='word_1_346' title='bbox 1681 4683 1991 4754; x_wconf 87' lang='lat' dir='ltr'><strong>episcopum</strong></span> <span class='ocrx_word' id='word_1_347' title='bbox 2023 4698 2143 4754; x_wconf 86' lang='lat' dir='ltr'><strong>per-</strong></span> 
     </span>
    </p>
   </div>
   <div class='ocr_carea' id='block_1_51' title="bbox 565 4774 2143 4847">
    <p class='ocr_par' dir='ltr' id='par_1_51' title="bbox 565 4774 2143 4847">
     <span class='ocr_line' id='line_1_51' title="bbox 565 4774 2143 4847; baseline 0.001 -16"><span class='ocrx_word' id='word_1_348' title='bbox 565 4774 809 4843; x_wconf 89' lang='lat' dir='ltr'><strong>tinebat,</strong></span> <span class='ocrx_word' id='word_1_349' title='bbox 855 4785 909 4830; x_wconf 83' lang='lat' dir='ltr'><strong>et</strong></span> <span class='ocrx_word' id='word_1_350' title='bbox 952 4777 1094 4845; x_wconf 88' lang='lat' dir='ltr'><strong>quod</strong></span> <span class='ocrx_word' id='word_1_351' title='bbox 1142 4777 1570 4847; x_wconf 67' lang='lat' dir='ltr'><strong>prmdccessorcs</strong></span> <span class='ocrx_word' id='word_1_352' title='bbox 1620 4778 1988 4833; x_wconf 78' lang='lat' dir='ltr'><strong>Virdunenses</strong></span> <span class='ocrx_word' id='word_1_353' title='bbox 2034 4779 2143 4847; x_wconf 85' lang='lat' dir='ltr'><strong>epi-</strong></span> 
     </span>
    </p>
   </div>
   <div class='ocr_carea' id='block_1_52' title="bbox 561 4864 2142 4939">
    <p class='ocr_par' dir='ltr' id='par_1_52' title="bbox 561 4864 2142 4939">
     <span class='ocr_line' id='line_1_52' title="bbox 561 4864 2142 4939; baseline 0.001 -16"><span class='ocrx_word' id='word_1_354' title='bbox 561 4866 732 4936; x_wconf 72' lang='lat' dir='ltr'><strong>scopi,</strong></span> <span class='ocrx_word' id='word_1_355' title='bbox 771 4866 923 4936; x_wconf 88' lang='lat' dir='ltr'><strong>longe</strong></span> <span class='ocrx_word' id='word_1_356' title='bbox 954 4864 1236 4922; x_wconf 85' lang='lat' dir='ltr'><strong>retroactis</strong></span> <span class='ocrx_word' id='word_1_357' title='bbox 1269 4869 1618 4937; x_wconf 81' lang='lat' dir='ltr'><strong>temporibus,</strong></span> <span class='ocrx_word' id='word_1_358' title='bbox 1650 4884 1769 4921; x_wconf 90' lang='lat' dir='ltr'><strong>cam</strong></span> <span class='ocrx_word' id='word_1_359' title='bbox 1797 4869 1885 4922; x_wconf 92' lang='lat' dir='ltr'><strong>diu</strong></span> <span class='ocrx_word' id='word_1_360' title='bbox 1917 4869 2142 4939; x_wconf 87' lang='lat' dir='ltr'><strong>pacifice</strong></span> 
     </span>
    </p>
   </div>
   <div class='ocr_carea' id='block_1_53' title="bbox 563 4955 2142 5029">
    <p class='ocr_par' dir='ltr' id='par_1_53' title="bbox 563 4955 2142 5029">
     <span class='ocr_line' id='line_1_53' title="bbox 563 4955 2142 5029; baseline 0.001 -18"><span class='ocrx_word' id='word_1_361' title='bbox 563 4956 918 5028; x_wconf 82' lang='lat' dir='ltr'><strong>possederant</strong></span> <span class='ocrx_word' id='word_1_362' title='bbox 941 4956 1098 5026; x_wconf 89' lang='lat' dir='ltr'><strong>pleno</strong></span> <span class='ocrx_word' id='word_1_363' title='bbox 1117 4955 1258 5026; x_wconf 89' lang='lat' dir='ltr'><strong>jure,</strong></span> <span class='ocrx_word' id='word_1_364' title='bbox 1286 4959 1379 5013; x_wconf 90' lang='lat' dir='ltr'><strong>sed</strong></span> <span class='ocrx_word' id='word_1_365' title='bbox 1405 4974 1501 5028; x_wconf 88' lang='lat' dir='ltr'><strong>per</strong></span> <span class='ocrx_word' id='word_1_366' title='bbox 1532 4959 1812 5023; x_wconf 87' lang='lat' dir='ltr'><strong>incuriam,</strong></span> <span class='ocrx_word' id='word_1_367' title='bbox 1853 4968 1945 5013; x_wconf 88' lang='lat' dir='ltr'><strong>aut</strong></span> <span class='ocrx_word' id='word_1_368' title='bbox 1970 4960 2142 5029; x_wconf 87' lang='lat' dir='ltr'><strong>impo-</strong></span> 
     </span>
    </p>
   </div>
   <div class='ocr_carea' id='block_1_54' title="bbox 562 5042 2139 5119">
    <p class='ocr_par' dir='ltr' id='par_1_54' title="bbox 562 5042 2139 5119">
     <span class='ocr_line' id='line_1_54' title="bbox 562 5042 2139 5119; baseline 0.003 -19"><span class='ocrx_word' id='word_1_369' title='bbox 562 5042 787 5102; x_wconf 86' lang='lat' dir='ltr'><strong>tentiam</strong></span> <span class='ocrx_word' id='word_1_370' title='bbox 842 5048 1236 5117; x_wconf 78' lang='lat' dir='ltr'><strong>quowmdam,</strong></span> <span class='ocrx_word' id='word_1_371' title='bbox 1285 5050 1376 5117; x_wconf 89' lang='lat' dir='ltr'><strong>qui</strong></span> <span class='ocrx_word' id='word_1_372' title='bbox 1428 5050 1738 5105; x_wconf 86' lang='lat' dir='ltr'><strong>immediate</strong></span> <span class='ocrx_word' id='word_1_373' title='bbox 1787 5050 2139 5119; x_wconf 66' lang='lat' dir='ltr'><strong>praefuerant,</strong></span> 
     </span>
    </p>
   </div>
   <div class='ocr_carea' id='block_1_55' title="bbox 561 5139 2138 5209">
    <p class='ocr_par' dir='ltr' id='par_1_55' title="bbox 561 5139 2138 5209">
     <span class='ocr_line' id='line_1_55' title="bbox 561 5139 2138 5209; baseline 0.003 -17"><span class='ocrx_word' id='word_1_374' title='bbox 561 5140 900 5208; x_wconf 84' lang='lat' dir='ltr'><strong>pontificum,</strong></span> <span class='ocrx_word' id='word_1_375' title='bbox 929 5141 1074 5195; x_wconf 89' lang='lat' dir='ltr'><strong>cives</strong></span> <span class='ocrx_word' id='word_1_376' title='bbox 1102 5140 1262 5195; x_wconf 85' lang='lat' dir='ltr'><strong>astuti</strong></span> <span class='ocrx_word' id='word_1_377' title='bbox 1285 5139 1715 5209; x_wconf 78' lang='lat' dir='ltr'><strong>jurisdictionem</strong></span> <span class='ocrx_word' id='word_1_378' title='bbox 1744 5143 1978 5197; x_wconf 84' lang='lat' dir='ltr'><strong>civitatis</strong></span> <span class='ocrx_word' id='word_1_379' title='bbox 2005 5151 2138 5197; x_wconf 86' lang='lat' dir='ltr'><strong>tem-</strong></span> 
     </span>
    </p>
   </div>
   <div class='ocr_carea' id='block_1_56' title="bbox 560 5227 2136 5303">
    <p class='ocr_par' dir='ltr' id='par_1_56' title="bbox 560 5227 2136 5303">
     <span class='ocr_line' id='line_1_56' title="bbox 560 5227 2136 5303; baseline 0.001 -20"><span class='ocrx_word' id='word_1_380' title='bbox 560 5231 802 5302; x_wconf 83' lang='lat' dir='ltr'><strong>poralem</strong></span> <span class='ocrx_word' id='word_1_381' title='bbox 829 5242 885 5285; x_wconf 88' lang='lat' dir='ltr'><strong>et</strong></span> <span class='ocrx_word' id='word_1_382' title='bbox 911 5227 1034 5299; x_wconf 88' lang='lat' dir='ltr'><strong>jura</strong></span> <span class='ocrx_word' id='word_1_383' title='bbox 1065 5231 1388 5300; x_wconf 89' lang='lat' dir='ltr'><strong>episcopalia</strong></span> <span class='ocrx_word' id='word_1_384' title='bbox 1425 5231 1478 5284; x_wconf 91' lang='lat' dir='ltr'><strong>in</strong></span> <span class='ocrx_word' id='word_1_385' title='bbox 1506 5231 1687 5287; x_wconf 89' lang='lat' dir='ltr'><strong>multis</strong></span> <span class='ocrx_word' id='word_1_386' title='bbox 1725 5240 2136 5303; x_wconf 86' lang='lat' dir='ltr'><strong>usurpaverant,</strong></span> 
     </span>
    </p>
   </div>
   <div class='ocr_carea' id='block_1_57' title="bbox 560 5321 2142 5395">
    <p class='ocr_par' dir='ltr' id='par_1_57' title="bbox 560 5321 2142 5395">
     <span class='ocr_line' id='line_1_57' title="bbox 560 5321 2142 5395; baseline 0.001 -18"><span class='ocrx_word' id='word_1_387' title='bbox 560 5337 770 5377; x_wconf 87' lang='lat' dir='ltr'><strong>necnon</strong></span> <span class='ocrx_word' id='word_1_388' title='bbox 820 5321 1052 5392; x_wconf 88' lang='lat' dir='ltr'><strong>majores</strong></span> <span class='ocrx_word' id='word_1_389' title='bbox 1089 5330 1145 5376; x_wconf 89' lang='lat' dir='ltr'><strong>et</strong></span> <span class='ocrx_word' id='word_1_390' title='bbox 1184 5322 1435 5376; x_wconf 87' lang='lat' dir='ltr'><strong>scabinos</strong></span> <span class='ocrx_word' id='word_1_391' title='bbox 1486 5331 1840 5389; x_wconf 85' lang='lat' dir='ltr'><strong>creaverant,</strong></span> <span class='ocrx_word' id='word_1_392' title='bbox 1878 5339 1977 5393; x_wconf 91' lang='lat' dir='ltr'><strong>per</strong></span> <span class='ocrx_word' id='word_1_393' title='bbox 2005 5340 2142 5395; x_wconf 91' lang='lat' dir='ltr'><strong>quos</strong></span> 
     </span>
    </p>
   </div>
   <div class='ocr_carea' id='block_1_58' title="bbox 560 5410 2142 5487">
    <p class='ocr_par' dir='ltr' id='par_1_58' title="bbox 560 5410 2142 5487">
     <span class='ocr_line' id='line_1_58' title="bbox 560 5410 2142 5487; baseline 0.001 -20"><span class='ocrx_word' id='word_1_394' title='bbox 560 5412 747 5467; x_wconf 89' lang='lat' dir='ltr'><strong>eadem</strong></span> <span class='ocrx_word' id='word_1_395' title='bbox 785 5411 978 5487; x_wconf 75' lang='lat' dir='ltr'><strong>civitas</strong></span> <span class='ocrx_word' id='word_1_396' title='bbox 1027 5412 1092 5467; x_wconf 88' lang='lat' dir='ltr'><strong>iis</strong></span> <span class='ocrx_word' id='word_1_397' title='bbox 1130 5410 1458 5481; x_wconf 88' lang='lat' dir='ltr'><strong>temporibus</strong></span> <span class='ocrx_word' id='word_1_398' title='bbox 1508 5417 1810 5483; x_wconf 82' lang='lat' dir='ltr'><strong>regebatur.</strong></span> <span class='ocrx_word' id='word_1_399' title='bbox 1873 5414 2142 5483; x_wconf 90' lang='lat' dir='ltr'><strong>Imposue-</strong></span> 
     </span>
    </p>
   </div>
   <div class='ocr_carea' id='block_1_59' title="bbox 560 5502 2141 5575">
    <p class='ocr_par' dir='ltr' id='par_1_59' title="bbox 560 5502 2141 5575">
     <span class='ocr_line' id='line_1_59' title="bbox 560 5502 2141 5575; baseline 0.003 -21"><span class='ocrx_word' id='word_1_400' title='bbox 560 5511 686 5557; x_wconf 87' lang='lat' dir='ltr'><strong>rant</strong></span> <span class='ocrx_word' id='word_1_401' title='bbox 710 5517 925 5573; x_wconf 85' lang='lat' dir='ltr'><strong>quoque</strong></span> <span class='ocrx_word' id='word_1_402' title='bbox 954 5502 1198 5574; x_wconf 89' lang='lat' dir='ltr'><strong>publicas</strong></span> <span class='ocrx_word' id='word_1_403' title='bbox 1223 5503 1537 5557; x_wconf 83' lang='lat' dir='ltr'><strong>exactiones</strong></span> <span class='ocrx_word' id='word_1_404' title='bbox 1562 5511 1616 5558; x_wconf 89' lang='lat' dir='ltr'><strong>et</strong></span> <span class='ocrx_word' id='word_1_405' title='bbox 1642 5504 1890 5572; x_wconf 84' lang='lat' dir='ltr'><strong>pedagia,</strong></span> <span class='ocrx_word' id='word_1_406' title='bbox 1924 5520 1988 5559; x_wconf 78' lang='lat' dir='ltr'><strong>ex</strong></span> <span class='ocrx_word' id='word_1_407' title='bbox 2021 5506 2141 5575; x_wconf 89' lang='lat' dir='ltr'><strong>qui-</strong></span> 
     </span>
    </p>
   </div>
   <div class='ocr_carea' id='block_1_60' title="bbox 560 5591 2136 5665">
    <p class='ocr_par' dir='ltr' id='par_1_60' title="bbox 560 5591 2136 5665">
     <span class='ocr_line' id='line_1_60' title="bbox 560 5591 2136 5665; baseline 0.003 -19"><span class='ocrx_word' id='word_1_408' title='bbox 560 5591 663 5647; x_wconf 89' lang='lat' dir='ltr'><strong>bus</strong></span> <span class='ocrx_word' id='word_1_409' title='bbox 692 5608 750 5647; x_wconf 89' lang='lat' dir='ltr'><strong>se</strong></span> <span class='ocrx_word' id='word_1_410' title='bbox 784 5594 1169 5664; x_wconf 86' lang='lat' dir='ltr'><strong>rempublicam</strong></span> <span class='ocrx_word' id='word_1_411' title='bbox 1200 5595 1500 5665; x_wconf 86' lang='lat' dir='ltr'><strong>gubernare</strong></span> <span class='ocrx_word' id='word_1_412' title='bbox 1538 5608 1830 5664; x_wconf 89' lang='lat' dir='ltr'><strong>murosque</strong></span> <span class='ocrx_word' id='word_1_413' title='bbox 1860 5603 1913 5649; x_wconf 90' lang='lat' dir='ltr'><strong>et</strong></span> <span class='ocrx_word' id='word_1_414' title='bbox 1941 5598 2136 5650; x_wconf 64' lang='lat' dir='ltr'><strong>moenia</strong></span> 
     </span>
    </p>
   </div>
   <div class='ocr_carea' id='block_1_61' title="bbox 563 5683 2137 5759">
    <p class='ocr_par' dir='ltr' id='par_1_61' title="bbox 563 5683 2137 5759">
     <span class='ocr_line' id='line_1_61' title="bbox 563 5683 2137 5759; baseline 0.003 -20"><span class='ocrx_word' id='word_1_415' title='bbox 563 5683 800 5743; x_wconf 86' lang='lat' dir='ltr'><strong>civitatis</strong></span> <span class='ocrx_word' id='word_1_416' title='bbox 826 5685 1118 5743; x_wconf 88' lang='lat' dir='ltr'><strong>fortifieare</strong></span> <span class='ocrx_word' id='word_1_417' title='bbox 1149 5686 1421 5743; x_wconf 86' lang='lat' dir='ltr'><strong>dicebant.</strong></span> <span class='ocrx_word' id='word_1_418' title='bbox 1474 5685 1679 5753; x_wconf 86' lang='lat' dir='ltr'><strong>Quibus</strong></span> <span class='ocrx_word' id='word_1_419' title='bbox 1717 5686 1782 5742; x_wconf 87' lang='lat' dir='ltr'><strong>ad</strong></span> <span class='ocrx_word' id='word_1_420' title='bbox 1812 5702 1963 5742; x_wconf 88' lang='lat' dir='ltr'><strong>suam</strong></span> <span class='ocrx_word' id='word_1_421' title='bbox 1999 5704 2137 5759; x_wconf 79' lang='lat' dir='ltr'><strong>prac—</strong></span> 
     </span>
    </p>
   </div>
   <div class='ocr_carea' id='block_1_62' title="bbox 2244 498 3750 574">
    <p class='ocr_par' dir='ltr' id='par_1_62' title="bbox 2244 498 3750 574">
     <span class='ocr_line' id='line_1_62' title="bbox 2244 498 3750 574; baseline 0.005 -21"><span class='ocrx_word' id='word_1_422' title='bbox 2244 498 2370 553; x_wconf 89' lang='lat' dir='ltr'><strong>dum</strong></span> <span class='ocrx_word' id='word_1_423' title='bbox 2399 499 2700 574; x_wconf 78' lang='lat' dir='ltr'><strong>doctrinam</strong></span> <span class='ocrx_word' id='word_1_424' title='bbox 2744 501 3133 572; x_wconf 74' lang='lat' dir='ltr'><strong>evangelicum,</strong></span> <span class='ocrx_word' id='word_1_425' title='bbox 3172 500 3347 570; x_wconf 87' lang='lat' dir='ltr'><strong>primo</strong></span> <span class='ocrx_word' id='word_1_426' title='bbox 3378 515 3466 571; x_wconf 90' lang='lat' dir='ltr'><strong>per</strong></span> <span class='ocrx_word' id='word_1_427' title='bbox 3486 503 3686 573; x_wconf 86' lang='lat' dir='ltr'><strong>seipsum</strong></span> <span class='ocrx_word' id='word_1_428' title='bbox 3710 506 3750 561; x_wconf 91' lang='lat' dir='ltr'><strong>in</strong></span> 
     </span>
    </p>
   </div>
   <div class='ocr_carea' id='block_1_63' title="bbox 2242 582 3753 667">
    <p class='ocr_par' dir='ltr' id='par_1_63' title="bbox 2242 582 3753 667">
     <span class='ocr_line' id='line_1_63' title="bbox 2242 582 3753 667; baseline 0.006 -25"><span class='ocrx_word' id='word_1_429' title='bbox 2242 589 2454 645; x_wconf 89' lang='lat' dir='ltr'><strong>blandis</strong></span> <span class='ocrx_word' id='word_1_430' title='bbox 2494 582 2838 667; x_wconf 72' lang='lat' dir='ltr'><strong>sermonibus</strong></span> <span class='ocrx_word' id='word_1_431' title='bbox 2876 602 2932 647; x_wconf 92' lang='lat' dir='ltr'><strong>et</strong></span> <span class='ocrx_word' id='word_1_432' title='bbox 2970 591 3219 651; x_wconf 85' lang='lat' dir='ltr'><strong>dulcibus</strong></span> <span class='ocrx_word' id='word_1_433' title='bbox 3262 591 3529 649; x_wconf 87' lang='lat' dir='ltr'><strong>iuductivis</strong></span> <span class='ocrx_word' id='word_1_434' title='bbox 3570 592 3692 664; x_wconf 85' lang='lat' dir='ltr'><strong>ipsos</strong></span> <span class='ocrx_word' id='word_1_435' title='bbox 3711 596 3753 651; x_wconf 84' lang='lat' dir='ltr'><strong>et</strong></span> 
     </span>
    </p>
   </div>
   <div class='ocr_carea' id='block_1_64' title="bbox 2245 682 3758 756">
    <p class='ocr_par' dir='ltr' id='par_1_64' title="bbox 2245 682 3758 756">
     <span class='ocr_line' id='line_1_64' title="bbox 2245 682 3758 756; baseline 0.003 -19"><span class='ocrx_word' id='word_1_436' title='bbox 2245 682 2563 738; x_wconf 88' lang='lat' dir='ltr'><strong>cbaritative</strong></span> <span class='ocrx_word' id='word_1_437' title='bbox 2612 685 2822 738; x_wconf 88' lang='lat' dir='ltr'><strong>monuit</strong></span> <span class='ocrx_word' id='word_1_438' title='bbox 2865 693 2921 739; x_wconf 90' lang='lat' dir='ltr'><strong>et</strong></span> <span class='ocrx_word' id='word_1_439' title='bbox 2964 684 3196 756; x_wconf 85' lang='lat' dir='ltr'><strong>rogavit,</strong></span> <span class='ocrx_word' id='word_1_440' title='bbox 3242 692 3298 739; x_wconf 90' lang='lat' dir='ltr'><strong>et</strong></span> <span class='ocrx_word' id='word_1_441' title='bbox 3338 688 3643 753; x_wconf 87' lang='lat' dir='ltr'><strong>postmodum</strong></span> <span class='ocrx_word' id='word_1_442' title='bbox 3681 702 3758 755; x_wconf 85' lang='lat' dir='ltr'><strong>per</strong></span> 
     </span>
    </p>
   </div>
   <div class='ocr_carea' id='block_1_65' title="bbox 2245 771 3756 845">
    <p class='ocr_par' dir='ltr' id='par_1_65' title="bbox 2245 771 3756 845">
     <span class='ocr_line' id='line_1_65' title="bbox 2245 771 3756 845; baseline 0.004 -20"><span class='ocrx_word' id='word_1_443' title='bbox 2245 771 2381 827; x_wconf 89' lang='lat' dir='ltr'><strong>alios</strong></span> <span class='ocrx_word' id='word_1_444' title='bbox 2409 786 2633 841; x_wconf 84' lang='lat' dir='ltr'><strong>magnos</strong></span> <span class='ocrx_word' id='word_1_445' title='bbox 2670 780 2725 827; x_wconf 92' lang='lat' dir='ltr'><strong>et</strong></span> <span class='ocrx_word' id='word_1_446' title='bbox 2760 774 3033 844; x_wconf 88' lang='lat' dir='ltr'><strong>sapientes</strong></span> <span class='ocrx_word' id='word_1_447' title='bbox 3062 773 3345 845; x_wconf 87' lang='lat' dir='ltr'><strong>diligenter</strong></span> <span class='ocrx_word' id='word_1_448' title='bbox 3378 774 3669 844; x_wconf 84' lang='lat' dir='ltr'><strong>interpellari</strong></span> <span class='ocrx_word' id='word_1_449' title='bbox 3694 776 3756 831; x_wconf 51' lang='lat' dir='ltr'><strong>fe.</strong></span> 
     </span>
    </p>
   </div>
   <div class='ocr_carea' id='block_1_66' title="bbox 2245 865 3757 937">
    <p class='ocr_par' dir='ltr' id='par_1_66' title="bbox 2245 865 3757 937">
     <span class='ocr_line' id='line_1_66' title="bbox 2245 865 3757 937; baseline 0.002 -19"><span class='ocrx_word' id='word_1_450' title='bbox 2245 865 2350 930; x_wconf 92' lang='lat' dir='ltr'><strong>cit,</strong></span> <span class='ocrx_word' id='word_1_451' title='bbox 2390 877 2656 937; x_wconf 91' lang='lat' dir='ltr'><strong>quatenus</strong></span> <span class='ocrx_word' id='word_1_452' title='bbox 2690 866 3120 936; x_wconf 78' lang='lat' dir='ltr'><strong>iurisdictionem</strong></span> <span class='ocrx_word' id='word_1_453' title='bbox 3168 865 3405 922; x_wconf 75' lang='lat' dir='ltr'><strong>ecclesia:</strong></span> <span class='ocrx_word' id='word_1_454' title='bbox 3443 866 3603 922; x_wconf 87' lang='lat' dir='ltr'><strong>taliter</strong></span> <span class='ocrx_word' id='word_1_455' title='bbox 3630 882 3757 921; x_wconf 88' lang='lat' dir='ltr'><strong>usur-</strong></span> 
     </span>
    </p>
   </div>
   <div class='ocr_carea' id='block_1_67' title="bbox 2245 956 3758 1030">
    <p class='ocr_par' dir='ltr' id='par_1_67' title="bbox 2245 956 3758 1030">
     <span class='ocr_line' id='line_1_67' title="bbox 2245 956 3758 1030; baseline -0.001 -18"><span class='ocrx_word' id='word_1_456' title='bbox 2245 967 2424 1027; x_wconf 88' lang='lat' dir='ltr'><strong>patam</strong></span> <span class='ocrx_word' id='word_1_457' title='bbox 2454 967 2508 1013; x_wconf 91' lang='lat' dir='ltr'><strong>et</strong></span> <span class='ocrx_word' id='word_1_458' title='bbox 2538 959 2661 1029; x_wconf 89' lang='lat' dir='ltr'><strong>jura</strong></span> <span class='ocrx_word' id='word_1_459' title='bbox 2698 960 3019 1030; x_wconf 89' lang='lat' dir='ltr'><strong>episcopalia</strong></span> <span class='ocrx_word' id='word_1_460' title='bbox 3051 975 3171 1030; x_wconf 74' lang='lat' dir='ltr'><strong>qua:</strong></span> <span class='ocrx_word' id='word_1_461' title='bbox 3211 956 3593 1022; x_wconf 79' lang='lat' dir='ltr'><strong>subtraxerant,</strong></span> <span class='ocrx_word' id='word_1_462' title='bbox 3620 957 3758 1012; x_wconf 84' lang='lat' dir='ltr'><strong>eccle-</strong></span> 
     </span>
    </p>
   </div>
   <div class='ocr_carea' id='block_1_68' title="bbox 2245 1045 3761 1121">
    <p class='ocr_par' dir='ltr' id='par_1_68' title="bbox 2245 1045 3761 1121">
     <span class='ocr_line' id='line_1_68' title="bbox 2245 1045 3761 1121; baseline -0.004 -17"><span class='ocrx_word' id='word_1_463' title='bbox 2245 1048 2744 1117; x_wconf 60' lang='lat' dir='ltr'><strong>size&#39;restituerent,</strong></span> <span class='ocrx_word' id='word_1_464' title='bbox 2777 1059 2831 1106; x_wconf 93' lang='lat' dir='ltr'><strong>et</strong></span> <span class='ocrx_word' id='word_1_465' title='bbox 2853 1048 3240 1121; x_wconf 76' lang='lat' dir='ltr'><strong>pnesumendis</strong></span> <span class='ocrx_word' id='word_1_466' title='bbox 3278 1046 3531 1103; x_wconf 87' lang='lat' dir='ltr'><strong>similibus</strong></span> <span class='ocrx_word' id='word_1_467' title='bbox 3566 1045 3761 1099; x_wconf 82' lang='lat' dir='ltr'><strong>abstine-</strong></span> 
     </span>
    </p>
   </div>
   <div class='ocr_carea' id='block_1_69' title="bbox 2247 1134 3757 1208">
    <p class='ocr_par' dir='ltr' id='par_1_69' title="bbox 2247 1134 3757 1208">
     <span class='ocr_line' id='line_1_69' title="bbox 2247 1134 3757 1208; baseline -0.005 -13"><span class='ocrx_word' id='word_1_468' title='bbox 2247 1150 2386 1196; x_wconf 89' lang='lat' dir='ltr'><strong>rent.</strong></span> <span class='ocrx_word' id='word_1_469' title='bbox 2418 1140 2571 1208; x_wconf 85' lang='lat' dir='ltr'><strong>Quod</strong></span> <span class='ocrx_word' id='word_1_470' title='bbox 2597 1142 2775 1197; x_wconf 90' lang='lat' dir='ltr'><strong>surdis</strong></span> <span class='ocrx_word' id='word_1_471' title='bbox 2813 1142 3033 1197; x_wconf 88' lang='lat' dir='ltr'><strong>auribus</strong></span> <span class='ocrx_word' id='word_1_472' title='bbox 3056 1139 3403 1195; x_wconf 88' lang='lat' dir='ltr'><strong>obaudientes</strong></span> <span class='ocrx_word' id='word_1_473' title='bbox 3427 1134 3616 1191; x_wconf 73' lang='lat' dir='ltr'><strong>efﬁcere</strong></span> <span class='ocrx_word' id='word_1_474' title='bbox 3639 1148 3757 1189; x_wconf 56' lang='lat' dir='ltr'><strong>recuo</strong></span> 
     </span>
    </p>
   </div>
   <div class='ocr_carea' id='block_1_70' title="bbox 2247 1223 3759 1301">
    <p class='ocr_par' dir='ltr' id='par_1_70' title="bbox 2247 1223 3759 1301">
     <span class='ocr_line' id='line_1_70' title="bbox 2247 1223 3759 1301; baseline -0.006 -16"><span class='ocrx_word' id='word_1_475' title='bbox 2247 1242 2458 1295; x_wconf 90' lang='lat' dir='ltr'><strong>sarunt,</strong></span> <span class='ocrx_word' id='word_1_476' title='bbox 2505 1232 2903 1301; x_wconf 84' lang='lat' dir='ltr'><strong>praetendentes</strong></span> <span class='ocrx_word' id='word_1_477' title='bbox 2928 1232 3028 1287; x_wconf 90' lang='lat' dir='ltr'><strong>sub</strong></span> <span class='ocrx_word' id='word_1_478' title='bbox 3054 1230 3180 1285; x_wconf 90' lang='lat' dir='ltr'><strong>ficta</strong></span> <span class='ocrx_word' id='word_1_479' title='bbox 3211 1228 3490 1282; x_wconf 85' lang='lat' dir='ltr'><strong>verborum</strong></span> <span class='ocrx_word' id='word_1_480' title='bbox 3522 1223 3759 1287; x_wconf 77' lang='lat' dir='ltr'><strong>suavitate,</strong></span> 
     </span>
    </p>
   </div>
   <div class='ocr_carea' id='block_1_71' title="bbox 2247 1314 3763 1394">
    <p class='ocr_par' dir='ltr' id='par_1_71' title="bbox 2247 1314 3763 1394">
     <span class='ocr_line' id='line_1_71' title="bbox 2247 1314 3763 1394; baseline -0.008 -15"><span class='ocrx_word' id='word_1_481' title='bbox 2247 1324 2387 1379; x_wconf 90' lang='lat' dir='ltr'><strong>sicut</strong></span> <span class='ocrx_word' id='word_1_482' title='bbox 2431 1324 2598 1378; x_wconf 90' lang='lat' dir='ltr'><strong>moris</strong></span> <span class='ocrx_word' id='word_1_483' title='bbox 2625 1332 2708 1378; x_wconf 89' lang='lat' dir='ltr'><strong>est</strong></span> <span class='ocrx_word' id='word_1_484' title='bbox 2736 1322 2941 1394; x_wconf 80' lang='lat' dir='ltr'><strong>patriar,</strong></span> <span class='ocrx_word' id='word_1_485' title='bbox 2994 1322 3369 1378; x_wconf 81' lang='lat' dir='ltr'><strong>excusationes</strong></span> <span class='ocrx_word' id='word_1_486' title='bbox 3408 1314 3697 1385; x_wconf 76' lang='lat' dir='ltr'><strong>multiplices</strong></span> <span class='ocrx_word' id='word_1_487' title='bbox 3721 1315 3763 1368; x_wconf 89' lang='lat' dir='ltr'><strong>in</strong></span> 
     </span>
    </p>
   </div>
   <div class='ocr_carea' id='block_1_72' title="bbox 2248 1407 3769 1487">
    <p class='ocr_par' dir='ltr' id='par_1_72' title="bbox 2248 1407 3769 1487">
     <span class='ocr_line' id='line_1_72' title="bbox 2248 1407 3769 1487; baseline -0.009 -15"><span class='ocrx_word' id='word_1_488' title='bbox 2248 1417 2505 1487; x_wconf 89' lang='lat' dir='ltr'><strong>peccatis.</strong></span> <span class='ocrx_word' id='word_1_489' title='bbox 2579 1416 2782 1471; x_wconf 88' lang='lat' dir='ltr'><strong>Deinde</strong></span> <span class='ocrx_word' id='word_1_490' title='bbox 2828 1416 2913 1470; x_wconf 92' lang='lat' dir='ltr'><strong>via</strong></span> <span class='ocrx_word' id='word_1_491' title='bbox 2964 1415 3110 1486; x_wconf 86' lang='lat' dir='ltr'><strong>regia</strong></span> <span class='ocrx_word' id='word_1_492' title='bbox 3172 1409 3478 1482; x_wconf 87' lang='lat' dir='ltr'><strong>compulsus</strong></span> <span class='ocrx_word' id='word_1_493' title='bbox 3520 1407 3769 1477; x_wconf 81' lang='lat' dir='ltr'><strong>procedere</strong></span> 
     </span>
    </p>
   </div>
   <div class='ocr_carea' id='block_1_73' title="bbox 2251 1500 3766 1581">
    <p class='ocr_par' dir='ltr' id='par_1_73' title="bbox 2251 1500 3766 1581">
     <span class='ocr_line' id='line_1_73' title="bbox 2251 1500 3766 1581; baseline -0.011 -16"><span class='ocrx_word' id='word_1_494' title='bbox 2251 1512 2396 1581; x_wconf 91' lang='lat' dir='ltr'><strong>ipsos</strong></span> <span class='ocrx_word' id='word_1_495' title='bbox 2453 1510 2713 1565; x_wconf 88' lang='lat' dir='ltr'><strong>canonice</strong></span> <span class='ocrx_word' id='word_1_496' title='bbox 2773 1510 3121 1580; x_wconf 62' lang='lat' dir='ltr'><strong>praemonitos</strong></span> <span class='ocrx_word' id='word_1_497' title='bbox 3147 1517 3204 1563; x_wconf 90' lang='lat' dir='ltr'><strong>et</strong></span> <span class='ocrx_word' id='word_1_498' title='bbox 3248 1503 3477 1575; x_wconf 89' lang='lat' dir='ltr'><strong>superbo</strong></span> <span class='ocrx_word' id='word_1_499' title='bbox 3518 1500 3659 1555; x_wconf 90' lang='lat' dir='ltr'><strong>oculo</strong></span> <span class='ocrx_word' id='word_1_500' title='bbox 3693 1513 3766 1567; x_wconf 82' lang='lat' dir='ltr'><strong>pa-</strong></span> 
     </span>
    </p>
   </div>
   <div class='ocr_carea' id='block_1_74' title="bbox 2251 1593 3767 1655">
    <p class='ocr_par' dir='ltr' id='par_1_74' title="bbox 2251 1593 3767 1655">
     <span class='ocr_line' id='line_1_74' title="bbox 2251 1593 3767 1655; baseline -0.009 0"><span class='ocrx_word' id='word_1_501' title='bbox 2251 1616 2373 1655; x_wconf 90' lang='lat' dir='ltr'><strong>rere</strong></span> <span class='ocrx_word' id='word_1_502' title='bbox 2428 1601 2645 1655; x_wconf 91' lang='lat' dir='ltr'><strong>monitis</strong></span> <span class='ocrx_word' id='word_1_503' title='bbox 2705 1608 3016 1655; x_wconf 71' lang='lat' dir='ltr'><strong>recusant-es</strong></span> <span class='ocrx_word' id='word_1_504' title='bbox 3075 1593 3627 1653; x_wconf 77' lang='lat' dir='ltr'><strong>excommunicationls</strong></span> <span class='ocrx_word' id='word_1_505' title='bbox 3677 1603 3767 1641; x_wconf 87' lang='lat' dir='ltr'><strong>mu-</strong></span> 
     </span>
    </p>
   </div>
   <div class='ocr_carea' id='block_1_75' title="bbox 2249 1682 3769 1760">
    <p class='ocr_par' dir='ltr' id='par_1_75' title="bbox 2249 1682 3769 1760">
     <span class='ocr_line' id='line_1_75' title="bbox 2249 1682 3769 1760; baseline -0.011 -14"><span class='ocrx_word' id='word_1_506' title='bbox 2249 1706 2412 1746; x_wconf 90' lang='lat' dir='ltr'><strong>crone</strong></span> <span class='ocrx_word' id='word_1_507' title='bbox 2454 1690 2718 1760; x_wconf 88' lang='lat' dir='ltr'><strong>percutit,</strong></span> <span class='ocrx_word' id='word_1_508' title='bbox 2765 1705 2926 1759; x_wconf 87' lang='lat' dir='ltr'><strong>quam</strong></span> <span class='ocrx_word' id='word_1_509' title='bbox 2975 1689 3115 1743; x_wconf 90' lang='lat' dir='ltr'><strong>sicut</strong></span> <span class='ocrx_word' id='word_1_510' title='bbox 3150 1687 3288 1755; x_wconf 86' lang='lat' dir='ltr'><strong>juris</strong></span> <span class='ocrx_word' id='word_1_511' title='bbox 3314 1694 3431 1739; x_wconf 87' lang='lat' dir='ltr'><strong>erat</strong></span> <span class='ocrx_word' id='word_1_512' title='bbox 3468 1682 3593 1736; x_wconf 88' lang='lat' dir='ltr'><strong>adeo</strong></span> <span class='ocrx_word' id='word_1_513' title='bbox 3615 1693 3769 1748; x_wconf 81' lang='lat' dir='ltr'><strong>aggra-</strong></span> 
     </span>
    </p>
   </div>
   <div class='ocr_carea' id='block_1_76' title="bbox 2249 1775 3768 1848">
    <p class='ocr_par' dir='ltr' id='par_1_76' title="bbox 2249 1775 3768 1848">
     <span class='ocr_line' id='line_1_76' title="bbox 2249 1775 3768 1848; baseline -0.01 -16"><span class='ocrx_word' id='word_1_514' title='bbox 2249 1788 2425 1833; x_wconf 91' lang='lat' dir='ltr'><strong>vatam</strong></span> <span class='ocrx_word' id='word_1_515' title='bbox 2456 1786 2516 1832; x_wconf 93' lang='lat' dir='ltr'><strong>ut</strong></span> <span class='ocrx_word' id='word_1_516' title='bbox 2543 1778 2596 1832; x_wconf 92' lang='lat' dir='ltr'><strong>in</strong></span> <span class='ocrx_word' id='word_1_517' title='bbox 2622 1792 2881 1848; x_wconf 88' lang='lat' dir='ltr'><strong>personas</strong></span> <span class='ocrx_word' id='word_1_518' title='bbox 2920 1775 3303 1832; x_wconf 68' lang='lat' dir='ltr'><strong>ecclesiasticae</strong></span> <span class='ocrx_word' id='word_1_519' title='bbox 3346 1783 3577 1827; x_wconf 70' lang='lat' dir='ltr'><strong>censurae</strong></span> <span class='ocrx_word' id='word_1_520' title='bbox 3610 1780 3768 1821; x_wconf 81' lang='lat' dir='ltr'><strong>nervus</strong></span> 
     </span>
    </p>
   </div>
   <div class='ocr_carea' id='block_1_77' title="bbox 2244 1852 3780 1939">
    <p class='ocr_par' dir='ltr' id='par_1_77' title="bbox 2244 1852 3780 1939">
     <span class='ocr_line' id='line_1_77' title="bbox 2244 1852 3780 1939; baseline -0.012 -16"><span class='ocrx_word' id='word_1_521' title='bbox 2244 1867 2647 1939; x_wconf 84' lang='lat' dir='ltr'><strong>progressibilis</strong></span> <span class='ocrx_word' id='word_1_522' title='bbox 2689 1867 2827 1921; x_wconf 88' lang='lat' dir='ltr'><strong>ultra</strong></span> <span class='ocrx_word' id='word_1_523' title='bbox 2876 1880 2983 1921; x_wconf 89' lang='lat' dir='ltr'><strong>non</strong></span> <span class='ocrx_word' id='word_1_524' title='bbox 3022 1872 3188 1928; x_wconf 91' lang='lat' dir='ltr'><strong>esset,</strong></span> <span class='ocrx_word' id='word_1_525' title='bbox 3247 1861 3573 1917; x_wconf 88' lang='lat' dir='ltr'><strong>sustinentes</strong></span> <span class='ocrx_word' id='word_1_526' title='bbox 3617 1852 3780 1907; x_wconf 64' lang='lat' dir='ltr'><strong>animis.</strong></span> 
     </span>
    </p>
   </div>
   <div class='ocr_carea' id='block_1_78' title="bbox 2245 1940 3770 2024">
    <p class='ocr_par' dir='ltr' id='par_1_78' title="bbox 2245 1940 3770 2024">
     <span class='ocr_line' id='line_1_78' title="bbox 2245 1940 3770 2024; baseline -0.013 -10"><span class='ocrx_word' id='word_1_527' title='bbox 2245 1959 2531 2016; x_wconf 88' lang='lat' dir='ltr'><strong>obstinatis</strong></span> <span class='ocrx_word' id='word_1_528' title='bbox 2574 1967 2639 2013; x_wconf 77' lang='lat' dir='ltr'><strong>et:</strong></span> <span class='ocrx_word' id='word_1_529' title='bbox 2670 1971 2739 2011; x_wconf 67' lang='lat' dir='ltr'><strong>ex</strong></span> <span class='ocrx_word' id='word_1_530' title='bbox 2787 1957 3128 2012; x_wconf 85' lang='lat' dir='ltr'><strong>correctione</strong></span> <span class='ocrx_word' id='word_1_531' title='bbox 3172 1950 3556 2024; x_wconf 89' lang='lat' dir='ltr'><strong>pertinaciores</strong></span> <span class='ocrx_word' id='word_1_532' title='bbox 3607 1940 3770 2001; x_wconf 80' lang='lat' dir='ltr'><strong>ell&#39;ecti,</strong></span> 
     </span>
    </p>
   </div>
   <div class='ocr_carea' id='block_1_79' title="bbox 2248 2034 3772 2115">
    <p class='ocr_par' dir='ltr' id='par_1_79' title="bbox 2248 2034 3772 2115">
     <span class='ocr_line' id='line_1_79' title="bbox 2248 2034 3772 2115; baseline -0.014 -8"><span class='ocrx_word' id='word_1_533' title='bbox 2248 2053 2397 2107; x_wconf 92' lang='lat' dir='ltr'><strong>ibant</strong></span> <span class='ocrx_word' id='word_1_534' title='bbox 2439 2051 2507 2107; x_wconf 89' lang='lat' dir='ltr'><strong>ab</strong></span> <span class='ocrx_word' id='word_1_535' title='bbox 2546 2051 2702 2106; x_wconf 85' lang='lat' dir='ltr'><strong>obice</strong></span> <span class='ocrx_word' id='word_1_536' title='bbox 2749 2050 3015 2115; x_wconf 83' lang='lat' dir='ltr'><strong>leviores;</strong></span> <span class='ocrx_word' id='word_1_537' title='bbox 3049 2047 3239 2102; x_wconf 91' lang='lat' dir='ltr'><strong>videns</strong></span> <span class='ocrx_word' id='word_1_538' title='bbox 3285 2051 3468 2097; x_wconf 88' lang='lat' dir='ltr'><strong>autem</strong></span> <span class='ocrx_word' id='word_1_539' title='bbox 3526 2034 3772 2106; x_wconf 76' lang='lat' dir='ltr'><strong>nequitiam</strong></span> 
     </span>
    </p>
   </div>
   <div class='ocr_carea' id='block_1_80' title="bbox 2248 2129 3771 2212">
    <p class='ocr_par' dir='ltr' id='par_1_80' title="bbox 2248 2129 3771 2212">
     <span class='ocr_line' id='line_1_80' title="bbox 2248 2129 3771 2212; baseline -0.013 -16"><span class='ocrx_word' id='word_1_540' title='bbox 2248 2143 2483 2212; x_wconf 87' lang='lat' dir='ltr'><strong>ipsorum</strong></span> <span class='ocrx_word' id='word_1_541' title='bbox 2514 2140 2567 2194; x_wconf 93' lang='lat' dir='ltr'><strong>in</strong></span> <span class='ocrx_word' id='word_1_542' title='bbox 2599 2138 2795 2210; x_wconf 88' lang='lat' dir='ltr'><strong>quibus</strong></span> <span class='ocrx_word' id='word_1_543' title='bbox 2837 2139 2906 2194; x_wconf 87' lang='lat' dir='ltr'><strong>ab</strong></span> <span class='ocrx_word' id='word_1_544' title='bbox 2934 2136 3173 2207; x_wconf 88' lang='lat' dir='ltr'><strong>antiquis</strong></span> <span class='ocrx_word' id='word_1_545' title='bbox 3200 2129 3624 2204; x_wconf 86' lang='lat' dir='ltr'><strong>progenitoribus</strong></span> <span class='ocrx_word' id='word_1_546' title='bbox 3644 2137 3771 2180; x_wconf 82' lang='lat' dir='ltr'><strong>usura</strong></span> 
     </span>
    </p>
   </div>
   <div class='ocr_carea' id='block_1_81' title="bbox 2246 2213 3776 2299">
    <p class='ocr_par' dir='ltr' id='par_1_81' title="bbox 2246 2213 3776 2299">
     <span class='ocr_line' id='line_1_81' title="bbox 2246 2213 3776 2299; baseline -0.012 -14"><span class='ocrx_word' id='word_1_547' title='bbox 2246 2240 2301 2285; x_wconf 87' lang='lat' dir='ltr'><strong>et</strong></span> <span class='ocrx_word' id='word_1_548' title='bbox 2329 2229 2486 2285; x_wconf 85' lang='lat' dir='ltr'><strong>dolus</strong></span> <span class='ocrx_word' id='word_1_549' title='bbox 2505 2230 2792 2299; x_wconf 83' lang='lat' dir='ltr'><strong>viguerant</strong></span> <span class='ocrx_word' id='word_1_550' title='bbox 2813 2237 2869 2283; x_wconf 88' lang='lat' dir='ltr'><strong>et</strong></span> <span class='ocrx_word' id='word_1_551' title='bbox 2888 2228 3156 2299; x_wconf 80' lang='lat' dir='ltr'><strong>vigebant,</strong></span> <span class='ocrx_word' id='word_1_552' title='bbox 3197 2224 3403 2295; x_wconf 74' lang='lat' dir='ltr'><strong>praevia</strong></span> <span class='ocrx_word' id='word_1_553' title='bbox 3438 2213 3776 2275; x_wconf 84' lang='lat' dir='ltr'><strong>deliberatione</strong></span> 
     </span>
    </p>
   </div>
   <div class='ocr_carea' id='block_1_82' title="bbox 2249 2308 3772 2394">
    <p class='ocr_par' dir='ltr' id='par_1_82' title="bbox 2249 2308 3772 2394">
     <span class='ocr_line' id='line_1_82' title="bbox 2249 2308 3772 2394; baseline -0.013 -15"><span class='ocrx_word' id='word_1_554' title='bbox 2249 2340 2371 2379; x_wconf 91' lang='lat' dir='ltr'><strong>cum</strong></span> <span class='ocrx_word' id='word_1_555' title='bbox 2401 2322 2998 2394; x_wconf 81' lang='lat' dir='ltr'><strong>solemniproccssione</strong></span> <span class='ocrx_word' id='word_1_556' title='bbox 3025 2320 3155 2376; x_wconf 92' lang='lat' dir='ltr'><strong>cleri</strong></span> <span class='ocrx_word' id='word_1_557' title='bbox 3189 2319 3356 2374; x_wconf 91' lang='lat' dir='ltr'><strong>totius</strong></span> <span class='ocrx_word' id='word_1_558' title='bbox 3375 2313 3603 2372; x_wconf 88' lang='lat' dir='ltr'><strong>civitatis</strong></span> <span class='ocrx_word' id='word_1_559' title='bbox 3626 2308 3772 2363; x_wconf 84' lang='lat' dir='ltr'><strong>villam</strong></span> 
     </span>
    </p>
   </div>
   <div class='ocr_carea' id='block_1_83' title="bbox 2248 2399 3778 2485">
    <p class='ocr_par' dir='ltr' id='par_1_83' title="bbox 2248 2399 3778 2485">
     <span class='ocr_line' id='line_1_83' title="bbox 2248 2399 3778 2485; baseline -0.015 -12"><span class='ocrx_word' id='word_1_560' title='bbox 2248 2418 2438 2473; x_wconf 76' lang='lat' dir='ltr'><strong>exiens</strong></span> <span class='ocrx_word' id='word_1_561' title='bbox 2466 2424 2519 2471; x_wconf 90' lang='lat' dir='ltr'><strong>ct</strong></span> <span class='ocrx_word' id='word_1_562' title='bbox 2556 2430 2750 2485; x_wconf 91' lang='lat' dir='ltr'><strong>corpus</strong></span> <span class='ocrx_word' id='word_1_563' title='bbox 2790 2414 2989 2469; x_wconf 88' lang='lat' dir='ltr'><strong>Christi</strong></span> <span class='ocrx_word' id='word_1_564' title='bbox 3041 2411 3246 2467; x_wconf 88' lang='lat' dir='ltr'><strong>faciens</strong></span> <span class='ocrx_word' id='word_1_565' title='bbox 3276 2418 3432 2464; x_wconf 79' lang='lat' dir='ltr'><strong>extra</strong></span> <span class='ocrx_word' id='word_1_566' title='bbox 3460 2404 3602 2468; x_wconf 88' lang='lat' dir='ltr'><strong>ferri,</strong></span> <span class='ocrx_word' id='word_1_567' title='bbox 3626 2399 3778 2456; x_wconf 80' lang='lat' dir='ltr'><strong>civita—</strong></span> 
     </span>
    </p>
   </div>
   <div class='ocr_carea' id='block_1_84' title="bbox 2249 2491 3771 2576">
    <p class='ocr_par' dir='ltr' id='par_1_84' title="bbox 2249 2491 3771 2576">
     <span class='ocr_line' id='line_1_84' title="bbox 2249 2491 3771 2576; baseline -0.013 -14"><span class='ocrx_word' id='word_1_568' title='bbox 2249 2517 2355 2562; x_wconf 91' lang='lat' dir='ltr'><strong>tem</strong></span> <span class='ocrx_word' id='word_1_569' title='bbox 2383 2508 2554 2576; x_wconf 83' lang='lat' dir='ltr'><strong>ipsam</strong></span> <span class='ocrx_word' id='word_1_570' title='bbox 2581 2515 2637 2560; x_wconf 89' lang='lat' dir='ltr'><strong>et</strong></span> <span class='ocrx_word' id='word_1_571' title='bbox 2658 2505 2903 2560; x_wconf 86' lang='lat' dir='ltr'><strong>homines</strong></span> <span class='ocrx_word' id='word_1_572' title='bbox 2930 2501 3164 2573; x_wconf 85' lang='lat' dir='ltr'><strong>generali</strong></span> <span class='ocrx_word' id='word_1_573' title='bbox 3194 2500 3474 2570; x_wconf 84' lang='lat' dir='ltr'><strong>supposuit</strong></span> <span class='ocrx_word' id='word_1_574' title='bbox 3515 2491 3771 2549; x_wconf 81' lang='lat' dir='ltr'><strong>interdicto,</strong></span> 
     </span>
    </p>
   </div>
   <div class='ocr_carea' id='block_1_85' title="bbox 2248 2581 3775 2662">
    <p class='ocr_par' dir='ltr' id='par_1_85' title="bbox 2248 2581 3775 2662">
     <span class='ocr_line' id='line_1_85' title="bbox 2248 2581 3775 2662; baseline -0.013 -8"><span class='ocrx_word' id='word_1_575' title='bbox 2248 2600 2484 2654; x_wconf 86' lang='lat' dir='ltr'><strong>dimissis</strong></span> <span class='ocrx_word' id='word_1_576' title='bbox 2534 2599 2732 2654; x_wconf 89' lang='lat' dir='ltr'><strong>ibidem</strong></span> <span class='ocrx_word' id='word_1_577' title='bbox 2781 2596 3153 2653; x_wconf 86' lang='lat' dir='ltr'><strong>sacerdotibus</strong></span> <span class='ocrx_word' id='word_1_578' title='bbox 3199 2593 3418 2662; x_wconf 70' lang='lat' dir='ltr'><strong>aliquot.</strong></span> <span class='ocrx_word' id='word_1_579' title='bbox 3456 2581 3775 2644; x_wconf 86' lang='lat' dir='ltr'><strong>tantummodo</strong></span> 
     </span>
    </p>
   </div>
   <div class='ocr_carea' id='block_1_86' title="bbox 2250 2671 3777 2761">
    <p class='ocr_par' dir='ltr' id='par_1_86' title="bbox 2250 2671 3777 2761">
     <span class='ocr_line' id='line_1_86' title="bbox 2250 2671 3777 2761; baseline -0.014 -15"><span class='ocrx_word' id='word_1_580' title='bbox 2250 2691 2315 2746; x_wconf 90' lang='lat' dir='ltr'><strong>ad</strong></span> <span class='ocrx_word' id='word_1_581' title='bbox 2343 2690 2688 2761; x_wconf 75' lang='lat' dir='ltr'><strong>pcenitentias</strong></span> <span class='ocrx_word' id='word_1_582' title='bbox 2743 2688 3086 2742; x_wconf 89' lang='lat' dir='ltr'><strong>morientium</strong></span> <span class='ocrx_word' id='word_1_583' title='bbox 3112 2694 3169 2740; x_wconf 90' lang='lat' dir='ltr'><strong>et</strong></span> <span class='ocrx_word' id='word_1_584' title='bbox 3196 2681 3523 2752; x_wconf 89' lang='lat' dir='ltr'><strong>baptismata</strong></span> <span class='ocrx_word' id='word_1_585' title='bbox 3567 2671 3777 2761; x_wconf 49' lang='lat' dir='ltr'><strong>parvulae</strong></span> 
     </span>
    </p>
   </div>
   <div class='ocr_carea' id='block_1_87' title="bbox 2249 2759 3776 2848">
    <p class='ocr_par' dir='ltr' id='par_1_87' title="bbox 2249 2759 3776 2848">
     <span class='ocr_line' id='line_1_87' title="bbox 2249 2759 3776 2848; baseline -0.014 -14"><span class='ocrx_word' id='word_1_586' title='bbox 2249 2759 2391 2844; x_wconf 85' lang='lat' dir='ltr'><strong>rum,</strong></span> <span class='ocrx_word' id='word_1_587' title='bbox 2418 2787 2474 2833; x_wconf 88' lang='lat' dir='ltr'><strong>et</strong></span> <span class='ocrx_word' id='word_1_588' title='bbox 2493 2778 2773 2848; x_wconf 87' lang='lat' dir='ltr'><strong>suspicans</strong></span> <span class='ocrx_word' id='word_1_589' title='bbox 2801 2775 2944 2847; x_wconf 89' lang='lat' dir='ltr'><strong>quod</strong></span> <span class='ocrx_word' id='word_1_590' title='bbox 2976 2784 3164 2832; x_wconf 89' lang='lat' dir='ltr'><strong>contra</strong></span> <span class='ocrx_word' id='word_1_591' title='bbox 3205 2774 3382 2843; x_wconf 86' lang='lat' dir='ltr'><strong>ipsum</strong></span> <span class='ocrx_word' id='word_1_592' title='bbox 3434 2764 3651 2823; x_wconf 78' lang='lat' dir='ltr'><strong>libenter</strong></span> <span class='ocrx_word' id='word_1_593' title='bbox 3674 2759 3776 2816; x_wconf 85' lang='lat' dir='ltr'><strong>sini-</strong></span> 
     </span>
    </p>
   </div>
   <div class='ocr_carea' id='block_1_88' title="bbox 2248 2857 3795 2939">
    <p class='ocr_par' dir='ltr' id='par_1_88' title="bbox 2248 2857 3795 2939">
     <span class='ocr_line' id='line_1_88' title="bbox 2248 2857 3795 2939; baseline -0.014 -13"><span class='ocrx_word' id='word_1_594' title='bbox 2248 2880 2419 2927; x_wconf 90' lang='lat' dir='ltr'><strong>strum</strong></span> <span class='ocrx_word' id='word_1_595' title='bbox 2446 2870 2658 2939; x_wconf 88' lang='lat' dir='ltr'><strong>aliquod</strong></span> <span class='ocrx_word' id='word_1_596' title='bbox 2701 2868 3046 2931; x_wconf 90' lang='lat' dir='ltr'><strong>molirentur,</strong></span> <span class='ocrx_word' id='word_1_597' title='bbox 3080 2866 3123 2921; x_wconf 92' lang='lat' dir='ltr'><strong>si</strong></span> <span class='ocrx_word' id='word_1_598' title='bbox 3147 2873 3393 2934; x_wconf 87' lang='lat' dir='ltr'><strong>possent,</strong></span> <span class='ocrx_word' id='word_1_599' title='bbox 3417 2872 3535 2923; x_wconf 86' lang='lat' dir='ltr'><strong>sese</strong></span> <span class='ocrx_word' id='word_1_600' title='bbox 3561 2857 3609 2910; x_wconf 85' lang='lat' dir='ltr'><strong>iu</strong></span> <span class='ocrx_word' id='word_1_601' title='bbox 3633 2859 3795 2907; x_wconf 80' lang='lat' dir='ltr'><strong>castra.</strong></span> 
     </span>
    </p>
   </div>
   <div class='ocr_carea' id='block_1_89' title="bbox 2249 2952 3799 3028">
    <p class='ocr_par' dir='ltr' id='par_1_89' title="bbox 2249 2952 3799 3028">
     <span class='ocr_line' id='line_1_89' title="bbox 2249 2952 3799 3028; baseline -0.014 -12"><span class='ocrx_word' id='word_1_602' title='bbox 2249 2970 2303 3016; x_wconf 91' lang='lat' dir='ltr'><strong>et</strong></span> <span class='ocrx_word' id='word_1_603' title='bbox 2326 2960 2649 3014; x_wconf 89' lang='lat' dir='ltr'><strong>munitiones</strong></span> <span class='ocrx_word' id='word_1_604' title='bbox 2704 2959 3046 3028; x_wconf 85' lang='lat' dir='ltr'><strong>episcopatus</strong></span> <span class='ocrx_word' id='word_1_605' title='bbox 3093 2955 3339 3024; x_wconf 88' lang='lat' dir='ltr'><strong>recepit;</strong></span> <span class='ocrx_word' id='word_1_606' title='bbox 3394 2952 3707 3023; x_wconf 81' lang='lat' dir='ltr'><strong>ipsiautem</strong></span> <span class='ocrx_word' id='word_1_607' title='bbox 3726 2955 3799 2998; x_wconf 38' lang='lat' dir='ltr'><strong>ex,</strong></span> 
     </span>
    </p>
   </div>
   <div class='ocr_carea' id='block_1_90' title="bbox 2250 3031 3805 3118">
    <p class='ocr_par' dir='ltr' id='par_1_90' title="bbox 2250 3031 3805 3118">
     <span class='ocr_line' id='line_1_90' title="bbox 2250 3031 3805 3118; baseline -0.014 -15"><span class='ocrx_word' id='word_1_608' title='bbox 2250 3050 2336 3104; x_wconf 87' lang='lat' dir='ltr'><strong>bis</strong></span> <span class='ocrx_word' id='word_1_609' title='bbox 2386 3048 2852 3118; x_wconf 83' lang='lat' dir='ltr'><strong>imlignantissime</strong></span> <span class='ocrx_word' id='word_1_610' title='bbox 2918 3045 3216 3116; x_wconf 91' lang='lat' dir='ltr'><strong>provocati,</strong></span> <span class='ocrx_word' id='word_1_611' title='bbox 3270 3044 3466 3114; x_wconf 89' lang='lat' dir='ltr'><strong>spiritu</strong></span> <span class='ocrx_word' id='word_1_612' title='bbox 3519 3031 3805 3094; x_wconf 73' lang='lat' dir='ltr'><strong>rebellionis:</strong></span> 
     </span>
    </p>
   </div>
   <div class='ocr_carea' id='block_1_91' title="bbox 2248 3122 3781 3209">
    <p class='ocr_par' dir='ltr' id='par_1_91' title="bbox 2248 3122 3781 3209">
     <span class='ocr_line' id='line_1_91' title="bbox 2248 3122 3781 3209; baseline -0.007 -16"><span class='ocrx_word' id='word_1_613' title='bbox 2248 3148 2542 3209; x_wconf 89' lang='lat' dir='ltr'><strong>assumpto,</strong></span> <span class='ocrx_word' id='word_1_614' title='bbox 2590 3146 2870 3207; x_wconf 74' lang='lat' dir='ltr'><strong>cmperunt</strong></span> <span class='ocrx_word' id='word_1_615' title='bbox 2923 3151 3030 3191; x_wconf 93' lang='lat' dir='ltr'><strong>non</strong></span> <span class='ocrx_word' id='word_1_616' title='bbox 3086 3144 3234 3190; x_wconf 88' lang='lat' dir='ltr'><strong>recte</strong></span> <span class='ocrx_word' id='word_1_617' title='bbox 3297 3133 3539 3204; x_wconf 86' lang='lat' dir='ltr'><strong>cogitare</strong></span> <span class='ocrx_word' id='word_1_618' title='bbox 3591 3122 3781 3195; x_wconf 65' lang='lat' dir='ltr'><strong>qualiler</strong></span> 
     </span>
    </p>
   </div>
   <div class='ocr_carea' id='block_1_92' title="bbox 2250 3214 3781 3298">
    <p class='ocr_par' dir='ltr' id='par_1_92' title="bbox 2250 3214 3781 3298">
     <span class='ocr_line' id='line_1_92' title="bbox 2250 3214 3781 3298; baseline -0.013 -16"><span class='ocrx_word' id='word_1_619' title='bbox 2250 3227 2444 3297; x_wconf 87' lang='lat' dir='ltr'><strong>injuste</strong></span> <span class='ocrx_word' id='word_1_620' title='bbox 2477 3228 2683 3297; x_wconf 86' lang='lat' dir='ltr'><strong>justum</strong></span> <span class='ocrx_word' id='word_1_621' title='bbox 2734 3236 2954 3298; x_wconf 85' lang='lat' dir='ltr'><strong>possent</strong></span> <span class='ocrx_word' id='word_1_622' title='bbox 2986 3226 3314 3296; x_wconf 89' lang='lat' dir='ltr'><strong>opprimere.</strong></span> <span class='ocrx_word' id='word_1_623' title='bbox 3375 3224 3572 3291; x_wconf 88' lang='lat' dir='ltr'><strong>Sicque</strong></span> <span class='ocrx_word' id='word_1_624' title='bbox 3618 3214 3781 3269; x_wconf 85' lang='lat' dir='ltr'><strong>factum</strong></span> 
     </span>
    </p>
   </div>
   <div class='ocr_carea' id='block_1_93' title="bbox 2248 3310 3784 3391">
    <p class='ocr_par' dir='ltr' id='par_1_93' title="bbox 2248 3310 3784 3391">
     <span class='ocr_line' id='line_1_93' title="bbox 2248 3310 3784 3391; baseline -0.013 -16"><span class='ocrx_word' id='word_1_625' title='bbox 2248 3330 2329 3377; x_wconf 89' lang='lat' dir='ltr'><strong>est</strong></span> <span class='ocrx_word' id='word_1_626' title='bbox 2356 3323 2498 3391; x_wconf 92' lang='lat' dir='ltr'><strong>quod</strong></span> <span class='ocrx_word' id='word_1_627' title='bbox 2523 3322 2611 3376; x_wconf 90' lang='lat' dir='ltr'><strong>die</strong></span> <span class='ocrx_word' id='word_1_628' title='bbox 2666 3321 2896 3391; x_wconf 87' lang='lat' dir='ltr'><strong>quadam</strong></span> <span class='ocrx_word' id='word_1_629' title='bbox 2922 3318 3195 3375; x_wconf 86' lang='lat' dir='ltr'><strong>communi</strong></span> <span class='ocrx_word' id='word_1_630' title='bbox 3238 3317 3554 3373; x_wconf 90' lang='lat' dir='ltr'><strong>definitione</strong></span> <span class='ocrx_word' id='word_1_631' title='bbox 3595 3310 3717 3365; x_wconf 87' lang='lat' dir='ltr'><strong>inter</strong></span> <span class='ocrx_word' id='word_1_632' title='bbox 3738 3317 3784 3355; x_wconf 82' lang='lat' dir='ltr'><strong>se</strong></span> 
     </span>
    </p>
   </div>
   <div class='ocr_carea' id='block_1_94' title="bbox 2249 3397 3785 3481">
    <p class='ocr_par' dir='ltr' id='par_1_94' title="bbox 2249 3397 3785 3481">
     <span class='ocr_line' id='line_1_94' title="bbox 2249 3397 3785 3481; baseline -0.012 -14"><span class='ocrx_word' id='word_1_633' title='bbox 2249 3413 2432 3468; x_wconf 84' lang='lat' dir='ltr'><strong>habita</strong></span> <span class='ocrx_word' id='word_1_634' title='bbox 2463 3422 2517 3468; x_wconf 92' lang='lat' dir='ltr'><strong>et</strong></span> <span class='ocrx_word' id='word_1_635' title='bbox 2547 3413 2725 3467; x_wconf 87' lang='lat' dir='ltr'><strong>edicto</strong></span> <span class='ocrx_word' id='word_1_636' title='bbox 2752 3412 2966 3481; x_wconf 88' lang='lat' dir='ltr'><strong>publice</strong></span> <span class='ocrx_word' id='word_1_637' title='bbox 2988 3408 3330 3480; x_wconf 85' lang='lat' dir='ltr'><strong>proclamato</strong></span> <span class='ocrx_word' id='word_1_638' title='bbox 3357 3407 3611 3463; x_wconf 67' lang='lat' dir='ltr'><strong>exierunt</strong></span> <span class='ocrx_word' id='word_1_639' title='bbox 3630 3397 3785 3454; x_wconf 82' lang='lat' dir='ltr'><strong>civita-</strong></span> 
     </span>
    </p>
   </div>
   <div class='ocr_carea' id='block_1_95' title="bbox 2251 3489 3785 3574">
    <p class='ocr_par' dir='ltr' id='par_1_95' title="bbox 2251 3489 3785 3574">
     <span class='ocr_line' id='line_1_95' title="bbox 2251 3489 3785 3574; baseline -0.012 -16"><span class='ocrx_word' id='word_1_640' title='bbox 2251 3514 2356 3560; x_wconf 87' lang='lat' dir='ltr'><strong>tem</strong></span> <span class='ocrx_word' id='word_1_641' title='bbox 2384 3504 2577 3558; x_wconf 87' lang='lat' dir='ltr'><strong>armati</strong></span> <span class='ocrx_word' id='word_1_642' title='bbox 2619 3503 2670 3557; x_wconf 93' lang='lat' dir='ltr'><strong>in</strong></span> <span class='ocrx_word' id='word_1_643' title='bbox 2700 3502 2915 3574; x_wconf 86' lang='lat' dir='ltr'><strong>fragore</strong></span> <span class='ocrx_word' id='word_1_644' title='bbox 2953 3502 3123 3557; x_wconf 87' lang='lat' dir='ltr'><strong>nimio</strong></span> <span class='ocrx_word' id='word_1_645' title='bbox 3151 3510 3207 3557; x_wconf 89' lang='lat' dir='ltr'><strong>et</strong></span> <span class='ocrx_word' id='word_1_646' title='bbox 3251 3499 3486 3555; x_wconf 91' lang='lat' dir='ltr'><strong>tumultu</strong></span> <span class='ocrx_word' id='word_1_647' title='bbox 3526 3489 3785 3567; x_wconf 88' lang='lat' dir='ltr'><strong>pompatico</strong></span> 
     </span>
    </p>
   </div>
   <div class='ocr_carea' id='block_1_96' title="bbox 2246 3581 3784 3665">
    <p class='ocr_par' dir='ltr' id='par_1_96' title="bbox 2246 3581 3784 3665">
     <span class='ocr_line' id='line_1_96' title="bbox 2246 3581 3784 3665; baseline -0.007 -14"><span class='ocrx_word' id='word_1_648' title='bbox 2246 3611 2436 3651; x_wconf 90' lang='lat' dir='ltr'><strong>omnes</strong></span> <span class='ocrx_word' id='word_1_649' title='bbox 2464 3612 2492 3649; x_wconf 87' lang='lat' dir='ltr'><strong>a</strong></span> <span class='ocrx_word' id='word_1_650' title='bbox 2512 3595 2712 3662; x_wconf 87' lang='lat' dir='ltr'><strong>juvene</strong></span> <span class='ocrx_word' id='word_1_651' title='bbox 2737 3608 2904 3665; x_wconf 91' lang='lat' dir='ltr'><strong>usque</strong></span> <span class='ocrx_word' id='word_1_652' title='bbox 2924 3594 2989 3649; x_wconf 87' lang='lat' dir='ltr'><strong>ad</strong></span> <span class='ocrx_word' id='word_1_653' title='bbox 3007 3608 3190 3649; x_wconf 90' lang='lat' dir='ltr'><strong>senem</strong></span> <span class='ocrx_word' id='word_1_654' title='bbox 3218 3606 3499 3647; x_wconf 89' lang='lat' dir='ltr'><strong>armorum</strong></span> <span class='ocrx_word' id='word_1_655' title='bbox 3519 3581 3784 3660; x_wconf 81' lang='lat' dir='ltr'><strong>gestabiles.</strong></span> 
     </span>
    </p>
   </div>
   <div class='ocr_carea' id='block_1_97' title="bbox 2247 3672 3786 3743">
    <p class='ocr_par' dir='ltr' id='par_1_97' title="bbox 2247 3672 3786 3743">
     <span class='ocr_line' id='line_1_97' title="bbox 2247 3672 3786 3743; baseline -0.013 0"><span class='ocrx_word' id='word_1_656' title='bbox 2247 3697 2302 3743; x_wconf 89' lang='lat' dir='ltr'><strong>et</strong></span> <span class='ocrx_word' id='word_1_657' title='bbox 2359 3687 2629 3743; x_wconf 84' lang='lat' dir='ltr'><strong>debellare</strong></span> <span class='ocrx_word' id='word_1_658' title='bbox 2672 3688 2912 3742; x_wconf 87' lang='lat' dir='ltr'><strong>valentes</strong></span> <span class='ocrx_word' id='word_1_659' title='bbox 2962 3700 3085 3742; x_wconf 64' lang='lat' dir='ltr'><strong>cum</strong></span> <span class='ocrx_word' id='word_1_660' title='bbox 3146 3684 3418 3740; x_wconf 77' lang='lat' dir='ltr'><strong>militibus</strong></span> <span class='ocrx_word' id='word_1_661' title='bbox 3476 3672 3786 3737; x_wconf 86' lang='lat' dir='ltr'><strong>conductitiis</strong></span> 
     </span>
    </p>
   </div>
   <div class='ocr_carea' id='block_1_98' title="bbox 2248 3770 3787 3849">
    <p class='ocr_par' dir='ltr' id='par_1_98' title="bbox 2248 3770 3787 3849">
     <span class='ocr_line' id='line_1_98' title="bbox 2248 3770 3787 3849; baseline -0.01 -15"><span class='ocrx_word' id='word_1_662' title='bbox 2248 3794 2472 3835; x_wconf 91' lang='lat' dir='ltr'><strong>numero</strong></span> <span class='ocrx_word' id='word_1_663' title='bbox 2493 3780 2646 3849; x_wconf 89' lang='lat' dir='ltr'><strong>quasi</strong></span> <span class='ocrx_word' id='word_1_664' title='bbox 2664 3778 2954 3833; x_wconf 89' lang='lat' dir='ltr'><strong>duodecies</strong></span> <span class='ocrx_word' id='word_1_665' title='bbox 2982 3777 3133 3832; x_wconf 91' lang='lat' dir='ltr'><strong>mille</strong></span> <span class='ocrx_word' id='word_1_666' title='bbox 3152 3773 3509 3831; x_wconf 69' lang='lat' dir='ltr'><strong>aestimabiles</strong></span> <span class='ocrx_word' id='word_1_667' title='bbox 3534 3770 3598 3826; x_wconf 86' lang='lat' dir='ltr'><strong>ad</strong></span> <span class='ocrx_word' id='word_1_668' title='bbox 3623 3778 3787 3823; x_wconf 87' lang='lat' dir='ltr'><strong>terram</strong></span> 
     </span>
    </p>
   </div>
   <div class='ocr_carea' id='block_1_99' title="bbox 2247 3861 3790 3942">
    <p class='ocr_par' dir='ltr' id='par_1_99' title="bbox 2247 3861 3790 3942">
     <span class='ocr_line' id='line_1_99' title="bbox 2247 3861 3790 3942; baseline -0.011 -15"><span class='ocrx_word' id='word_1_669' title='bbox 2247 3873 2590 3942; x_wconf 89' lang='lat' dir='ltr'><strong>episcopatus</strong></span> <span class='ocrx_word' id='word_1_670' title='bbox 2618 3868 2959 3934; x_wconf 86' lang='lat' dir='ltr'><strong>vastandam,</strong></span> <span class='ocrx_word' id='word_1_671' title='bbox 3005 3868 3146 3923; x_wconf 90' lang='lat' dir='ltr'><strong>inter</strong></span> <span class='ocrx_word' id='word_1_672' title='bbox 3176 3881 3334 3937; x_wconf 89' lang='lat' dir='ltr'><strong>quos,</strong></span> <span class='ocrx_word' id='word_1_673' title='bbox 3390 3873 3453 3919; x_wconf 89' lang='lat' dir='ltr'><strong>ut</strong></span> <span class='ocrx_word' id='word_1_674' title='bbox 3478 3861 3662 3922; x_wconf 88' lang='lat' dir='ltr'><strong>fertur,</strong></span> <span class='ocrx_word' id='word_1_675' title='bbox 3695 3868 3790 3924; x_wconf 82' lang='lat' dir='ltr'><strong>qm-</strong></span> 
     </span>
    </p>
   </div>
   <div class='ocr_carea' id='block_1_100' title="bbox 2247 3954 3788 4030">
    <p class='ocr_par' dir='ltr' id='par_1_100' title="bbox 2247 3954 3788 4030">
     <span class='ocr_line' id='line_1_100' title="bbox 2247 3954 3788 4030; baseline -0.01 -13"><span class='ocrx_word' id='word_1_676' title='bbox 2247 3964 2370 4017; x_wconf 92' lang='lat' dir='ltr'><strong>dam</strong></span> <span class='ocrx_word' id='word_1_677' title='bbox 2402 3962 2716 4016; x_wconf 88' lang='lat' dir='ltr'><strong>ducatorum</strong></span> <span class='ocrx_word' id='word_1_678' title='bbox 2737 3969 2791 4015; x_wconf 86' lang='lat' dir='ltr'><strong>et</strong></span> <span class='ocrx_word' id='word_1_679' title='bbox 2816 3960 2987 4030; x_wconf 88' lang='lat' dir='ltr'><strong>major</strong></span> <span class='ocrx_word' id='word_1_680' title='bbox 3021 3972 3209 4013; x_wconf 89' lang='lat' dir='ltr'><strong>eorum</strong></span> <span class='ocrx_word' id='word_1_681' title='bbox 3246 3958 3299 4010; x_wconf 91' lang='lat' dir='ltr'><strong>in</strong></span> <span class='ocrx_word' id='word_1_682' title='bbox 3330 3954 3656 4024; x_wconf 88' lang='lat' dir='ltr'><strong>vituperium</strong></span> <span class='ocrx_word' id='word_1_683' title='bbox 3680 3959 3788 4016; x_wconf 84' lang='lat' dir='ltr'><strong>pon-</strong></span> 
     </span>
    </p>
   </div>
   <div class='ocr_carea' id='block_1_101' title="bbox 2249 4044 3807 4119">
    <p class='ocr_par' dir='ltr' id='par_1_101' title="bbox 2249 4044 3807 4119">
     <span class='ocr_line' id='line_1_101' title="bbox 2249 4044 3807 4119; baseline -0.012 -12"><span class='ocrx_word' id='word_1_684' title='bbox 2249 4052 2460 4107; x_wconf 91' lang='lat' dir='ltr'><strong>tificalis</strong></span> <span class='ocrx_word' id='word_1_685' title='bbox 2494 4051 2714 4106; x_wconf 86' lang='lat' dir='ltr'><strong>honoris</strong></span> <span class='ocrx_word' id='word_1_686' title='bbox 2756 4050 2970 4104; x_wconf 89' lang='lat' dir='ltr'><strong>mitram</strong></span> <span class='ocrx_word' id='word_1_687' title='bbox 3001 4046 3367 4119; x_wconf 89' lang='lat' dir='ltr'><strong>episcopalem</strong></span> <span class='ocrx_word' id='word_1_688' title='bbox 3421 4044 3589 4116; x_wconf 59' lang='lat' dir='ltr'><strong>galeae</strong></span> <span class='ocrx_word' id='word_1_689' title='bbox 3634 4049 3807 4105; x_wconf 59' lang='grc' dir='ltr'><strong>δίψη-ι</strong></span> 
     </span>
    </p>
   </div>
   <div class='ocr_carea' id='block_1_102' title="bbox 2246 4139 2796 4213">
    <p class='ocr_par' dir='ltr' id='par_1_102' title="bbox 2246 4139 2796 4213">
     <span class='ocr_line' id='line_1_102' title="bbox 2246 4139 2796 4213; baseline -0.007 -16"><span class='ocrx_word' id='word_1_690' title='bbox 2246 4142 2477 4213; x_wconf 88' lang='lat' dir='ltr'><strong>positam</strong></span> <span class='ocrx_word' id='word_1_691' title='bbox 2503 4139 2796 4195; x_wconf 83' lang='lat' dir='ltr'><strong>deferebat.</strong></span> 
     </span>
    </p>
   </div>
   <div class='ocr_carea' id='block_1_103' title="bbox 2320 4213 3792 4300">
    <p class='ocr_par' dir='ltr' id='par_1_103' title="bbox 2320 4213 3792 4300">
     <span class='ocr_line' id='line_1_103' title="bbox 2320 4213 3792 4300; baseline -0.013 -11"><span class='ocrx_word' id='word_1_692' title='bbox 2320 4233 2521 4287; x_wconf 85' lang='lat' dir='ltr'><strong>Eadem</strong></span> <span class='ocrx_word' id='word_1_693' title='bbox 2558 4247 2688 4287; x_wconf 90' lang='lat' dir='ltr'><strong>vero</strong></span> <span class='ocrx_word' id='word_1_694' title='bbox 2716 4231 2802 4285; x_wconf 88' lang='lat' dir='ltr'><strong>die</strong></span> <span class='ocrx_word' id='word_1_695' title='bbox 2826 4232 3113 4300; x_wconf 89' lang='lat' dir='ltr'><strong>episcopus</strong></span> <span class='ocrx_word' id='word_1_696' title='bbox 3166 4243 3286 4284; x_wconf 90' lang='lat' dir='ltr'><strong>cum</strong></span> <span class='ocrx_word' id='word_1_697' title='bbox 3353 4224 3669 4297; x_wconf 88' lang='lat' dir='ltr'><strong>quibusdam</strong></span> <span class='ocrx_word' id='word_1_698' title='bbox 3705 4213 3792 4270; x_wconf 78' lang='lat' dir='ltr'><strong>suis</strong></span> 
     </span>
    </p>
   </div>
   <div class='ocr_carea' id='block_1_104' title="bbox 2248 4302 3790 4391">
    <p class='ocr_par' dir='ltr' id='par_1_104' title="bbox 2248 4302 3790 4391">
     <span class='ocr_line' id='line_1_104' title="bbox 2248 4302 3790 4391; baseline -0.01 -9"><span class='ocrx_word' id='word_1_699' title='bbox 2248 4327 2472 4382; x_wconf 89' lang='lat' dir='ltr'><strong>armatis</strong></span> <span class='ocrx_word' id='word_1_700' title='bbox 2491 4302 2709 4380; x_wconf 46' lang='lat' dir='ltr'><strong>exierat.</strong></span> <span class='ocrx_word' id='word_1_701' title='bbox 2723 4325 3080 4379; x_wconf 81' lang='lat' dir='ltr'><strong>Cltarniacum</strong></span> <span class='ocrx_word' id='word_1_702' title='bbox 3101 4333 3342 4378; x_wconf 87' lang='lat' dir='ltr'><strong>castrum</strong></span> <span class='ocrx_word' id='word_1_703' title='bbox 3368 4322 3437 4376; x_wconf 88' lang='lat' dir='ltr'><strong>ad</strong></span> <span class='ocrx_word' id='word_1_704' title='bbox 3457 4314 3790 4391; x_wconf 66' lang='lat' dir='ltr'><strong>praedandum.</strong></span> 
     </span>
    </p>
   </div>
   <div class='ocr_carea' id='block_1_105' title="bbox 2169 4406 3792 4494">
    <p class='ocr_par' dir='ltr' id='par_1_105' title="bbox 2169 4406 3792 4494">
     <span class='ocr_line' id='line_1_105' title="bbox 2169 4406 3792 4494; baseline -0.011 -22"><span class='ocrx_word' id='word_1_705' title='bbox 2169 4435 2222 4494; x_wconf 65' lang='grc' dir='ltr'><strong>ι)</strong></span> <span class='ocrx_word' id='word_1_706' title='bbox 2250 4426 2307 4471; x_wconf 91' lang='lat' dir='ltr'><strong>ut</strong></span> <span class='ocrx_word' id='word_1_707' title='bbox 2353 4415 2615 4479; x_wconf 85' lang='lat' dir='ltr'><strong>creditur,</strong></span> <span class='ocrx_word' id='word_1_708' title='bbox 2673 4413 2925 4467; x_wconf 87' lang='lat' dir='ltr'><strong>animalia</strong></span> <span class='ocrx_word' id='word_1_709' title='bbox 2965 4428 3085 4481; x_wconf 66' lang='lat' dir='ltr'><strong>quae</strong></span> <span class='ocrx_word' id='word_1_710' title='bbox 3139 4412 3285 4467; x_wconf 86' lang='lat' dir='ltr'><strong>cives</strong></span> <span class='ocrx_word' id='word_1_711' title='bbox 3330 4420 3496 4466; x_wconf 82' lang='lat' dir='ltr'><strong>extra</strong></span> <span class='ocrx_word' id='word_1_712' title='bbox 3556 4406 3792 4494; x_wconf 70' lang='lat' dir='ltr'><strong>civitath</strong></span> 
     </span>
    </p>
   </div>
   <div class='ocr_carea' id='block_1_106' title="bbox 2252 4488 3791 4575">
    <p class='ocr_par' dir='ltr' id='par_1_106' title="bbox 2252 4488 3791 4575">
     <span class='ocr_line' id='line_1_106' title="bbox 2252 4488 3791 4575; baseline -0.01 -12"><span class='ocrx_word' id='word_1_713' title='bbox 2252 4508 2589 4563; x_wconf 88' lang='lat' dir='ltr'><strong>immiserant</strong></span> <span class='ocrx_word' id='word_1_714' title='bbox 2611 4504 2980 4575; x_wconf 85' lang='lat' dir='ltr'><strong>depascenda;</strong></span> <span class='ocrx_word' id='word_1_715' title='bbox 3013 4506 3105 4566; x_wconf 87' lang='lat' dir='ltr'><strong>sed</strong></span> <span class='ocrx_word' id='word_1_716' title='bbox 3126 4520 3156 4558; x_wconf 92' lang='lat' dir='ltr'><strong>a</strong></span> <span class='ocrx_word' id='word_1_717' title='bbox 3187 4504 3346 4573; x_wconf 86' lang='lat' dir='ltr'><strong>longe</strong></span> <span class='ocrx_word' id='word_1_718' title='bbox 3375 4498 3623 4573; x_wconf 63' lang='lat' dir='ltr'><strong>praevisis</strong></span> <span class='ocrx_word' id='word_1_719' title='bbox 3651 4488 3791 4549; x_wconf 81' lang='lat' dir='ltr'><strong>hosti-</strong></span> 
     </span>
    </p>
   </div>
   <div class='ocr_carea' id='block_1_107' title="bbox 2248 4586 3796 4668">
    <p class='ocr_par' dir='ltr' id='par_1_107' title="bbox 2248 4586 3796 4668">
     <span class='ocr_line' id='line_1_107' title="bbox 2248 4586 3796 4668; baseline -0.01 -16"><span class='ocrx_word' id='word_1_720' title='bbox 2248 4599 2349 4652; x_wconf 89' lang='lat' dir='ltr'><strong>bus</strong></span> <span class='ocrx_word' id='word_1_721' title='bbox 2376 4597 2456 4653; x_wconf 91' lang='lat' dir='ltr'><strong>sui</strong></span> <span class='ocrx_word' id='word_1_722' title='bbox 2488 4596 2702 4668; x_wconf 84' lang='lat' dir='ltr'><strong>generis</strong></span> <span class='ocrx_word' id='word_1_723' title='bbox 2732 4595 2983 4650; x_wconf 86' lang='lat' dir='ltr'><strong>comitiva</strong></span> <span class='ocrx_word' id='word_1_724' title='bbox 3022 4609 3141 4663; x_wconf 58' lang='lat' dir='ltr'><strong>quae</strong></span> <span class='ocrx_word' id='word_1_725' title='bbox 3184 4608 3289 4648; x_wconf 91' lang='lat' dir='ltr'><strong>non</strong></span> <span class='ocrx_word' id='word_1_726' title='bbox 3332 4590 3529 4663; x_wconf 91' lang='lat' dir='ltr'><strong>procul</strong></span> <span class='ocrx_word' id='word_1_727' title='bbox 3563 4588 3734 4642; x_wconf 81' lang='lat' dir='ltr'><strong>aberat</strong></span> <span class='ocrx_word' id='word_1_728' title='bbox 3755 4586 3796 4630; x_wconf 76' lang='grc' dir='ltr'>ει</span> 
     </span>
    </p>
   </div>
   <div class='ocr_carea' id='block_1_108' title="bbox 2246 4673 3795 4759">
    <p class='ocr_par' dir='ltr' id='par_1_108' title="bbox 2246 4673 3795 4759">
     <span class='ocr_line' id='line_1_108' title="bbox 2246 4673 3795 4759; baseline -0.008 -15"><span class='ocrx_word' id='word_1_729' title='bbox 2246 4704 2346 4759; x_wconf 90' lang='lat' dir='ltr'><strong>pro</strong></span> <span class='ocrx_word' id='word_1_730' title='bbox 2375 4704 2479 4759; x_wconf 92' lang='lat' dir='ltr'><strong>qua</strong></span> <span class='ocrx_word' id='word_1_731' title='bbox 2507 4689 2877 4752; x_wconf 87' lang='lat' dir='ltr'><strong>mandaverat,</strong></span> <span class='ocrx_word' id='word_1_732' title='bbox 2926 4686 3275 4740; x_wconf 86' lang='lat' dir='ltr'><strong>convenisset</strong></span> <span class='ocrx_word' id='word_1_733' title='bbox 3326 4684 3398 4738; x_wconf 89' lang='lat' dir='ltr'><strong>ad</strong></span> <span class='ocrx_word' id='word_1_734' title='bbox 3427 4683 3603 4742; x_wconf 89' lang='lat' dir='ltr'><strong>illum,</strong></span> <span class='ocrx_word' id='word_1_735' title='bbox 3628 4673 3795 4747; x_wconf 73' lang='lat' dir='ltr'><strong>quibus</strong></span> 
     </span>
    </p>
   </div>
   <div class='ocr_carea' id='block_1_109' title="bbox 2247 4759 3799 4850">
    <p class='ocr_par' dir='ltr' id='par_1_109' title="bbox 2247 4759 3799 4850">
     <span class='ocr_line' id='line_1_109' title="bbox 2247 4759 3799 4850; baseline -0.011 -15"><span class='ocrx_word' id='word_1_736' title='bbox 2247 4779 2592 4850; x_wconf 85' lang='lat' dir='ltr'><strong>congregatis</strong></span> <span class='ocrx_word' id='word_1_737' title='bbox 2618 4792 2842 4833; x_wconf 90' lang='lat' dir='ltr'><strong>numero</strong></span> <span class='ocrx_word' id='word_1_738' title='bbox 2869 4775 3078 4846; x_wconf 87' lang='lat' dir='ltr'><strong>paucis,</strong></span> <span class='ocrx_word' id='word_1_739' title='bbox 3109 4773 3368 4829; x_wconf 89' lang='lat' dir='ltr'><strong>videlicet</strong></span> <span class='ocrx_word' id='word_1_740' title='bbox 3395 4768 3656 4827; x_wconf 85' lang='lat' dir='ltr'><strong>trecentis</strong></span> <span class='ocrx_word' id='word_1_741' title='bbox 3678 4759 3799 4850; x_wconf 62' lang='lat' dir='ltr'><strong>testi-</strong></span> 
     </span>
    </p>
   </div>
   <div class='ocr_carea' id='block_1_110' title="bbox 2246 4848 3799 4936">
    <p class='ocr_par' dir='ltr' id='par_1_110' title="bbox 2246 4848 3799 4936">
     <span class='ocr_line' id='line_1_110' title="bbox 2246 4848 3799 4936; baseline -0.014 -14"><span class='ocrx_word' id='word_1_742' title='bbox 2246 4848 2517 4923; x_wconf 82' lang='lat' dir='ltr'><strong>mabiliter</strong></span> <span class='ocrx_word' id='word_1_743' title='bbox 2545 4868 2673 4922; x_wconf 84' lang='lat' dir='ltr'><strong>viris</strong></span> <span class='ocrx_word' id='word_1_744' title='bbox 2716 4868 2771 4920; x_wconf 85' lang='lat' dir='ltr'><strong>ef</strong></span> <span class='ocrx_word' id='word_1_745' title='bbox 2801 4881 2905 4921; x_wconf 91' lang='lat' dir='ltr'><strong>non</strong></span> <span class='ocrx_word' id='word_1_746' title='bbox 2958 4865 3220 4936; x_wconf 87' lang='lat' dir='ltr'><strong>pluribus,</strong></span> <span class='ocrx_word' id='word_1_747' title='bbox 3266 4870 3328 4917; x_wconf 86' lang='lat' dir='ltr'><strong>ut</strong></span> <span class='ocrx_word' id='word_1_748' title='bbox 3377 4861 3646 4918; x_wconf 90' lang='lat' dir='ltr'><strong>creditur,</strong></span> <span class='ocrx_word' id='word_1_749' title='bbox 3684 4848 3799 4907; x_wconf 89' lang='lat' dir='ltr'><strong>mili-</strong></span> 
     </span>
    </p>
   </div>
   <div class='ocr_carea' id='block_1_111' title="bbox 2253 4949 3802 5026">
    <p class='ocr_par' dir='ltr' id='par_1_111' title="bbox 2253 4949 3802 5026">
     <span class='ocr_line' id='line_1_111' title="bbox 2253 4949 3802 5026; baseline -0.011 -13"><span class='ocrx_word' id='word_1_750' title='bbox 2253 4960 2341 5013; x_wconf 71' lang='lat' dir='ltr'><strong>tiae</strong></span> <span class='ocrx_word' id='word_1_751' title='bbox 2386 4968 2562 5011; x_wconf 89' lang='lat' dir='ltr'><strong>tamen</strong></span> <span class='ocrx_word' id='word_1_752' title='bbox 2602 4958 2789 5026; x_wconf 88' lang='lat' dir='ltr'><strong>peritis</strong></span> <span class='ocrx_word' id='word_1_753' title='bbox 2838 4965 2891 5009; x_wconf 84' lang='lat' dir='ltr'><strong>ct</strong></span> <span class='ocrx_word' id='word_1_754' title='bbox 2946 4969 3218 5009; x_wconf 89' lang='lat' dir='ltr'><strong>armorum</strong></span> <span class='ocrx_word' id='word_1_755' title='bbox 3264 4952 3556 5009; x_wconf 84' lang='lat' dir='ltr'><strong>industriis</strong></span> <span class='ocrx_word' id='word_1_756' title='bbox 3600 4949 3802 5003; x_wconf 46' lang='lat' dir='ltr'><strong>circum.</strong></span> 
     </span>
    </p>
   </div>
   <div class='ocr_carea' id='block_1_112' title="bbox 2250 5036 3798 5118">
    <p class='ocr_par' dir='ltr' id='par_1_112' title="bbox 2250 5036 3798 5118">
     <span class='ocr_line' id='line_1_112' title="bbox 2250 5036 3798 5118; baseline -0.013 -15"><span class='ocrx_word' id='word_1_757' title='bbox 2250 5058 2466 5118; x_wconf 87' lang='lat' dir='ltr'><strong>speetus</strong></span> <span class='ocrx_word' id='word_1_758' title='bbox 2492 5050 2774 5118; x_wconf 86' lang='lat' dir='ltr'><strong>episcopus</strong></span> <span class='ocrx_word' id='word_1_759' title='bbox 2796 5048 2980 5103; x_wconf 83' lang='lat' dir='ltr'><strong>habito</strong></span> <span class='ocrx_word' id='word_1_760' title='bbox 3025 5047 3171 5102; x_wconf 89' lang='lat' dir='ltr'><strong>brevi</strong></span> <span class='ocrx_word' id='word_1_761' title='bbox 3195 5045 3428 5100; x_wconf 89' lang='lat' dir='ltr'><strong>consilio</strong></span> <span class='ocrx_word' id='word_1_762' title='bbox 3459 5057 3585 5099; x_wconf 81' lang='lat' dir='ltr'><strong>eum</strong></span> <span class='ocrx_word' id='word_1_763' title='bbox 3621 5036 3798 5094; x_wconf 87' lang='lat' dir='ltr'><strong>eisdem</strong></span> 
     </span>
    </p>
   </div>
   <div class='ocr_carea' id='block_1_113' title="bbox 2247 5122 3802 5207">
    <p class='ocr_par' dir='ltr' id='par_1_113' title="bbox 2247 5122 3802 5207">
     <span class='ocr_line' id='line_1_113' title="bbox 2247 5122 3802 5207; baseline -0.007 -16"><span class='ocrx_word' id='word_1_764' title='bbox 2247 5145 2511 5207; x_wconf 87' lang='lat' dir='ltr'><strong>occupato</strong></span> <span class='ocrx_word' id='word_1_765' title='bbox 2564 5137 2934 5205; x_wconf 89' lang='lat' dir='ltr'><strong>promontorio</strong></span> <span class='ocrx_word' id='word_1_766' title='bbox 2997 5134 3447 5191; x_wconf 84' lang='lat' dir='ltr'><strong>circumcludens.</strong></span> <span class='ocrx_word' id='word_1_767' title='bbox 3491 5122 3802 5186; x_wconf 80' lang='lat' dir='ltr'><strong>adversarios</strong></span> 
     </span>
    </p>
   </div>
   <div class='ocr_carea' id='block_1_114' title="bbox 2248 5223 3809 5298">
    <p class='ocr_par' dir='ltr' id='par_1_114' title="bbox 2248 5223 3809 5298">
     <span class='ocr_line' id='line_1_114' title="bbox 2248 5223 3809 5298; baseline -0.007 -15"><span class='ocrx_word' id='word_1_768' title='bbox 2248 5229 2371 5283; x_wconf 86' lang='lat' dir='ltr'><strong>belli</strong></span> <span class='ocrx_word' id='word_1_769' title='bbox 2421 5228 2664 5283; x_wconf 90' lang='lat' dir='ltr'><strong>indoctos</strong></span> <span class='ocrx_word' id='word_1_770' title='bbox 2717 5238 2773 5282; x_wconf 91' lang='lat' dir='ltr'><strong>et</strong></span> <span class='ocrx_word' id='word_1_771' title='bbox 2811 5229 3060 5298; x_wconf 91' lang='lat' dir='ltr'><strong>opposito</strong></span> <span class='ocrx_word' id='word_1_772' title='bbox 3114 5228 3213 5284; x_wconf 93' lang='lat' dir='ltr'><strong>soli</strong></span> <span class='ocrx_word' id='word_1_773' title='bbox 3258 5224 3576 5296; x_wconf 77' lang='lat' dir='ltr'><strong>suppositos</strong></span> <span class='ocrx_word' id='word_1_774' title='bbox 3615 5228 3675 5275; x_wconf 82' lang='lat' dir='ltr'><strong>et~</strong></span> <span class='ocrx_word' id='word_1_775' title='bbox 3708 5223 3809 5268; x_wconf 74' lang='lat' dir='ltr'><strong>tam</strong></span> 
     </span>
    </p>
   </div>
   <div class='ocr_carea' id='block_1_115' title="bbox 2246 5309 3811 5392">
    <p class='ocr_par' dir='ltr' id='par_1_115' title="bbox 2246 5309 3811 5392">
     <span class='ocr_line' id='line_1_115' title="bbox 2246 5309 3811 5392; baseline -0.006 -18"><span class='ocrx_word' id='word_1_776' title='bbox 2246 5322 2540 5391; x_wconf 86' lang='lat' dir='ltr'><strong>prudenter</strong></span> <span class='ocrx_word' id='word_1_777' title='bbox 2555 5337 2713 5391; x_wconf 91' lang='lat' dir='ltr'><strong>quam</strong></span> <span class='ocrx_word' id='word_1_778' title='bbox 2733 5330 2983 5392; x_wconf 87' lang='lat' dir='ltr'><strong>potenter</strong></span> <span class='ocrx_word' id='word_1_779' title='bbox 3003 5337 3125 5377; x_wconf 93' lang='lat' dir='ltr'><strong>cum</strong></span> <span class='ocrx_word' id='word_1_780' title='bbox 3150 5321 3262 5376; x_wconf 90' lang='lat' dir='ltr'><strong>suis</strong></span> <span class='ocrx_word' id='word_1_781' title='bbox 3284 5321 3509 5374; x_wconf 89' lang='lat' dir='ltr'><strong>irruens</strong></span> <span class='ocrx_word' id='word_1_782' title='bbox 3530 5317 3583 5371; x_wconf 91' lang='lat' dir='ltr'><strong>in</strong></span> <span class='ocrx_word' id='word_1_783' title='bbox 3607 5309 3811 5369; x_wconf 45' lang='lat' dir='ltr'><strong>eosdem&quot;</strong></span> 
     </span>
    </p>
   </div>
   <div class='ocr_carea' id='block_1_116' title="bbox 2245 5396 3800 5482">
    <p class='ocr_par' dir='ltr' id='par_1_116' title="bbox 2245 5396 3800 5482">
     <span class='ocr_line' id='line_1_116' title="bbox 2245 5396 3800 5482; baseline -0.006 -17"><span class='ocrx_word' id='word_1_784' title='bbox 2245 5411 2597 5481; x_wconf 87' lang='lat' dir='ltr'><strong>omnipotenti</strong></span> <span class='ocrx_word' id='word_1_785' title='bbox 2658 5413 2768 5467; x_wconf 91' lang='lat' dir='ltr'><strong>Deo</strong></span> <span class='ocrx_word' id='word_1_786' title='bbox 2815 5412 2907 5482; x_wconf 90' lang='lat' dir='ltr'><strong>qui</strong></span> <span class='ocrx_word' id='word_1_787' title='bbox 2970 5412 3157 5467; x_wconf 88' lang='lat' dir='ltr'><strong>docuit</strong></span> <span class='ocrx_word' id='word_1_788' title='bbox 3212 5425 3413 5480; x_wconf 81' lang='lat' dir='ltr'><strong>manus</strong></span> <span class='ocrx_word' id='word_1_789' title='bbox 3480 5418 3696 5463; x_wconf 89' lang='lat' dir='ltr'><strong>suorum</strong></span> <span class='ocrx_word' id='word_1_790' title='bbox 3746 5396 3800 5451; x_wconf 71' lang='lat' dir='ltr'><strong>ad</strong></span> 
     </span>
    </p>
   </div>
   <div class='ocr_carea' id='block_1_117' title="bbox 2244 5494 3800 5571">
    <p class='ocr_par' dir='ltr' id='par_1_117' title="bbox 2244 5494 3800 5571">
     <span class='ocr_line' id='line_1_117' title="bbox 2244 5494 3800 5571; baseline -0.004 -16"><span class='ocrx_word' id='word_1_791' title='bbox 2244 5503 2485 5571; x_wconf 85' lang='lat' dir='ltr'><strong>praelium</strong></span> <span class='ocrx_word' id='word_1_792' title='bbox 2536 5518 2756 5559; x_wconf 88' lang='lat' dir='ltr'><strong>causam</strong></span> <span class='ocrx_word' id='word_1_793' title='bbox 2803 5519 2956 5559; x_wconf 89' lang='lat' dir='ltr'><strong>suam</strong></span> <span class='ocrx_word' id='word_1_794' title='bbox 3005 5511 3209 5571; x_wconf 87' lang='lat' dir='ltr'><strong>tuente,</strong></span> <span class='ocrx_word' id='word_1_795' title='bbox 3252 5519 3359 5559; x_wconf 91' lang='lat' dir='ltr'><strong>non</strong></span> <span class='ocrx_word' id='word_1_796' title='bbox 3398 5511 3514 5558; x_wconf 87' lang='lat' dir='ltr'><strong>tam</strong></span> <span class='ocrx_word' id='word_1_797' title='bbox 3541 5494 3800 5555; x_wconf 79' lang='lat' dir='ltr'><strong>victoriose</strong></span> 
     </span>
    </p>
   </div>
   <div class='ocr_carea' id='block_1_118' title="bbox 2241 5582 3805 5660">
    <p class='ocr_par' dir='ltr' id='par_1_118' title="bbox 2241 5582 3805 5660">
     <span class='ocr_line' id='line_1_118' title="bbox 2241 5582 3805 5660; baseline -0.003 -16"><span class='ocrx_word' id='word_1_798' title='bbox 2241 5608 2398 5660; x_wconf 86' lang='lat' dir='ltr'><strong>quam</strong></span> <span class='ocrx_word' id='word_1_799' title='bbox 2428 5593 2748 5648; x_wconf 83' lang='lat' dir='ltr'><strong>miraculose</strong></span> <span class='ocrx_word' id='word_1_800' title='bbox 2790 5594 2985 5649; x_wconf 81' lang='lat' dir='ltr'><strong>devicit</strong></span> <span class='ocrx_word' id='word_1_801' title='bbox 3022 5595 3240 5650; x_wconf 88' lang='lat' dir='ltr'><strong>eosdem</strong></span> <span class='ocrx_word' id='word_1_802' title='bbox 3290 5601 3347 5647; x_wconf 93' lang='lat' dir='ltr'><strong>ut</strong></span> <span class='ocrx_word' id='word_1_803' title='bbox 3395 5602 3640 5648; x_wconf 88' lang='lat' dir='ltr'><strong>erectum</strong></span> <span class='ocrx_word' id='word_1_804' title='bbox 3685 5582 3805 5640; x_wconf 74' lang='lat' dir='ltr'><strong>male</strong></span> 
     </span>
    </p>
   </div>
   <div class='ocr_carea' id='block_1_119' title="bbox 2242 5684 3800 5749">
    <p class='ocr_par' dir='ltr' id='par_1_119' title="bbox 2242 5684 3800 5749">
     <span class='ocr_line' id='line_1_119' title="bbox 2242 5684 3800 5749; baseline -0.002 -13"><span class='ocrx_word' id='word_1_805' title='bbox 2242 5684 2497 5739; x_wconf 81' lang='lat' dir='ltr'><strong>verticem</strong></span> <span class='ocrx_word' id='word_1_806' title='bbox 2525 5684 2897 5741; x_wconf 87' lang='lat' dir='ltr'><strong>rebellantium</strong></span> <span class='ocrx_word' id='word_1_807' title='bbox 2929 5686 2980 5741; x_wconf 92' lang='lat' dir='ltr'><strong>in</strong></span> <span class='ocrx_word' id='word_1_808' title='bbox 3028 5686 3238 5749; x_wconf 82' lang='lat' dir='ltr'><strong>delictis</strong></span> <span class='ocrx_word' id='word_1_809' title='bbox 3286 5701 3384 5742; x_wconf 83' lang='lat' dir='ltr'><strong>suo</strong></span> <span class='ocrx_word' id='word_1_810' title='bbox 3425 5684 3647 5741; x_wconf 84' lang='lat' dir='ltr'><strong>fremitu</strong></span> <span class='ocrx_word' id='word_1_811' title='bbox 3689 5692 3800 5734; x_wconf 80' lang='lat' dir='ltr'><strong>cou-</strong></span> 
     </span>
    </p>
   </div>
  </div>
