3860 5382
130 388 219 448 355

968 392 1056 449 DE
1093 392 1338 452 GESTIS
1376 393 1588 451 EPISC.
1628 395 2005 457 ANTISSIOD.
2048 433 2118 443 —
2152 402 2329 463 PARS
2365 405 2405 462 l.

3232 412 3337 469 S54

130 502 345 569 calcavit,
368 502 684 574 quibusdam
714 502 767 560 in
796 504 976 576 fugam
1003 509 1299 575 conversis,
1342 508 1464 563 aliis
1489 508 1663 579 gladio
1692 523 1736 579 Α
1767 509 2067 581 intrepidus
2105 523 2159 570 et
2205 517 2361 574 hoste
2409 518 2577 575 multo
2623 489 2916 590 potentior,
2939 509 3009 577 's'i
3060 537 3335 580 armorum

130 599 459 657 corruentibus
476 606 531 655 et
551 600 767 654 caateris
794 599 967 668 captis
997 600 1193 654 ductis.
1220 599 1451 670 Fuilque
1476 609 1662 669 capto-

131 705 224 743 rum
249 703 487 743 numerus
510 688 840 757 capientium
869 687 1039 743 multo
1079 688 1270 759 major,
1302 688 1354 742 in
1388 703 1496 757 quo
1536 703 1664 743 con-

128 778 244 834 ﬂictu
265 778 606 834 sacerdotalis
631 778 913 834 ministerii
956 788 1012 832 et
1037 778 1363 847 pontificalis
1391 778 1663 833 modestiae

129 882 213 921 non
252 866 437 921 oblitus
474 864 750 920 letlialiter
791 865 995 919 nullum
1046 864 1203 929 kesit,
1252 865 1343 919 sed
1374 864 1663 919 animando

126 958 499 1013 etexhortando
543 972 676 1012 suos
719 957 785 1011 ad
830 972 1064 1027 pugnam
1106 956 1226 1026 plus
1252 954 1425 1011 officio
1472 956 1664 1026 lingua:

126 1063 254 1117 quam
281 1047 405 1115 ipsis
430 1048 686 1102 manibus
708 1046 933 1118 profecit
962 1047 1027 1100 ad
1058 1062 1309 1116 pugnam,
1336 1048 1664 1115 obtentaque

128 1136 335 1199 victoria,
365 1135 429 1189 ad
459 1144 701 1189 castrum
749 1134 890 1189 unde
933 1134 1142 1189 exierat
1188 1150 1309 1188 cum
1340 1135 1535 1205 gaudio
1577 1149 1662 1189 re-

125 1241 301 1295 gressus
323 1233 421 1278 est.
439 1224 636 1281 Paucis
660 1234 840 1280 autem
857 1225 1100 1280 decursis
1128 1225 1318 1280 diebus
1343 1225 1488 1280 cives
1511 1225 1661 1295 virga

126 1317 426 1373 correctionis
462 1318 662 1382 electi,
704 1330 840 1388 quos
884 1316 1042 1387 paulo
1070 1325 1196 1371 ante
1238 1316 1663 1372 mansuetudinis

124 1410 289 1464 monita
320 1407 532 1463 ﬂectere
556 1411 931 1478 nequiverant,
958 1423 1145 1477 pacem
1171 1417 1451 1477 coeperunt
1489 1407 1663 1475 inqui-

124 1515 218 1555 rere
251 1509 301 1554 et
341 1500 698 1555 mediantibus
742 1498 896 1554 bonis
938 1500 1004 1554 ad
1052 1500 1192 1555 hanc
1217 1499 1520 1554 concordia:
1554 1497 1666 1551 for-

125 1606 236 1645 tnam
279 1591 557 1645 deventum
612 1598 697 1644 est
743 1590 884 1660 quod
927 1589 1303 1659 jurisdictione
1357 1588 1663 1644 omnimoda

126 1680 357 1749 temporali
381 1689 434 1734 et
458 1680 673 1750 juribus
716 1679 969 1735 Ecclesia:
994 1680 1260 1735 restitutis
1301 1680 1477 1734 decies
1519 1679 1664 1734 mille

124 1769 255 1824 libras
274 1771 523 1840 episeopo
547 1786 646 1839 pro
671 1770 883 1824 damnis
902 1777 959 1824 et
977 1769 1279 1839 sumptibus
1302 1768 1659 1832 exsolverent,

123 1862 319 1930 seditque
334 1862 621 1932 episcopus
645 1860 915 1916 civitatem
939 1876 1006 1915 ex
1039 1868 1168 1915 tunc
1195 1859 1246 1913 in
1278 1858 1662 1928 tranquillitate
1689 1888 1736 1946 Β

123 1965 292 2021 regens,
317 1952 398 2005 cui
428 1959 644 2006 tantum
670 1949 882 2021 praefuit
902 1964 1046 2005 anno
1071 1964 1198 2004 uno.

121 2082 314 2150 Qualiter
360 2085 429 2138 ad
478 2083 776 2139 Ecclesium
817 2080 1314 2137 Autissiodorensem
1368 2080 1657 2137 translatus

169 2155 348 2208 domum
374 2153 655 2225 Regnandi
679 2152 941 2224 Βοηθείων
968 2153 1145 2206 militis
1183 2153 1247 2206 de
1273 2153 1533 2207 montibus
1559 2168 1655 2207 ea:-

167 2226 401 2294 pugnavit.

168 2315 330 2385 Elapso
367 2315 497 2370 dein
511 2315 575 2370 de
602 2312 858 2384 aliquanti
888 2311 1146 2381 temporis
1173 2312 1474 2379 intervallo,
1502 2313 1657 2369 bonae

118 2407 340 2460 memoria:
382 2404 686 2476 Regnaudo
723 2404 790 2458 de
825 2402 1154 2473 Salligniaco
1191 2403 1654 2459 Antissiodorensi

117 2496 338 2565 episcopo,
350 2496 525 2549 rebus
540 2494 785 2549 humanis
797 2502 1065 2562 exempto,
1085 2494 1152 2548 ad
1168 2493 1461 2548 Ecclesium
1481 2493 1656 2548 Antis-

118 2586 451 2652 siodorensem,
482 2586 548 2639 in
577 2602 679 2656 qua
705 2586 1025 2641 decanatum
1046 2586 1363 2651 retinuerat,
1384 2585 1652 2655 utpraedi-

121 2685 232 2732 etum
246 2687 340 2744 est,
356 2687 462 2732 tam
495 2691 596 2747 per
621 2677 942 2732 electionem
960 2690 1121 2745 quam
1137 2676 1551 2746 postulationem
1565 2691 1657 2731 ca-

123 2770 325 2825 nonicam
340 2770 675 2826 auctoritate
697 2770 988 2839 apostolica
1007 2770 1401 2825 interveniente
1414 2785 1536 2825 cum
1562 2769 1654 2825 lte-

122 2861 210 2915 titia
230 2877 407 2933 magna
431 2862 619 2933 populi
645 2870 701 2917 et
725 2862 859 2917 cleri
881 2863 1175 2916 translatus
1188 2869 1290 2925 est,
1306 2861 1396 2916 ubi
1420 2860 1653 2930 qualiter

121 2952 245 3020 rexit,
258 2953 701 3025 quaevelgesserit,
730 2954 864 3009 satis
884 2969 1107 3023 operum
1134 2967 1357 3007 suorum
1382 2953 1652 3008 evidentia

119 3041 397 3109 declaratur,
443 3043 512 3099 de
548 3042 745 3113 quibus
770 3042 947 3112 aliqua
971 3042 1119 3096 brevi
1150 3041 1507 3111 chirographo
1532 3056 1654 3110 per-

119 3132 418 3201 stringamus.
450 3133 507 3187 ln
537 3132 655 3201 ejus
688 3133 953 3201 siquidem
986 3133 1222 3187 novitate
1249 3132 1404 3187 miles
1431 3132 1650 3202 quidam

122 3219 395 3292 Regnaudus
426 3223 648 3279 nomine
671 3263 687 3288 ,
732 3223 910 3278 dictus
934 3221 1226 3292 Rongefer,
1277 3223 1558 3293 antiquum
1597 3231 1653 3276 et

124 3315 380 3382 lepressum
424 3326 628 3372 statum
672 3316 863 3372 domus
909 3330 1019 3370 suae
1066 3315 1132 3370 de
1174 3314 1444 3369 montibus
1488 3327 1653 3383 prope

123 3402 391 3462 Vaniacum
413 3416 658 3463 castrum
685 3406 1046 3478 episcopatus,
1074 3406 1191 3460 sita:
1215 3406 1269 3460 in
1308 3405 1652 3469 Castellania,

120 3494 292 3550 domum
333 3498 496 3552 castri
546 3496 777 3552 latenter
819 3496 1108 3551 immutans
1150 3504 1205 3549 et
1250 3496 1305 3550 in
1330 3494 1651 3551 forteritiam

118 3593 290 3642 tentans
325 3588 559 3657 erigere,
604 3587 774 3641 muris
814 3601 935 3641 eam
964 3585 1119 3641 novis
1159 3593 1215 3640 et
1240 3584 1470 3640 fortibus
1512 3586 1655 3640 inter

114 3688 271 3734 cetera
289 3680 458 3752 lignea
484 3689 544 3735 et
576 3688 756 3735 vetera
793 3680 949 3735 dicta:
995 3680 1189 3734 domus
1226 3678 1653 3749 circumcingere

117 3767 222 3822 clam
245 3771 451 3841 incmpit
477 3789 490 3825 :
519 3772 663 3839 quod
697 3770 752 3825 in
777 3784 938 3840 grave
961 3767 1296 3840 dispendium
1313 3768 1653 3839 episcopatus

117 3868 466 3931 etperpetuum
496 3863 636 3919 villa:
675 3872 730 3918 et
770 3863 1048 3919 hominum
1090 3863 1157 3917 de
1179 3862 1441 3918 Varziaco
1489 3878 1653 3917 nocu-

118 3962 312 4009 mentum
356 3955 899 4026 posset'successivis
942 3954 1274 4023 temporibus
1314 3954 1650 4018 redundare,

116 4043 147 4094 si
169 4055 378 4112 emptum
403 4063 543 4115 opus
568 4061 663 4116 pro
688 4046 952 4101 desiderio
966 4056 1427 4111 consummasset;
1455 4046 1653 4115 quippe

116 4145 209 4184 cum
238 4133 377 4188 locus
396 4134 487 4189 ille
508 4135 576 4189 de
599 4136 869 4190 montibus
895 4135 962 4189 de
984 4135 1168 4189 nativo
1198 4135 1302 4190 situ
1327 4150 1425 4204 pro
1459 4136 1651 4205 majori

116 4231 233 4288 parte
251 4224 474 4281 diiiicilis
494 4234 553 4280 et
574 4225 728 4281 fortis
748 4227 964 4290 existat,
987 4235 1041 4280 et
1065 4226 1219 4281 miles
1240 4226 1327 4281 ille
1347 4226 1650 4281 vicinorum

116 4310 359 4379 iniuriosus
378 4325 433 4371 et
466 4325 762 4372 consuetus
789 4331 1097 4387 oppressor,
1122 4318 1299 4372 villam
1335 4326 1389 4374 et
1406 4319 1652 4374 homines

117 4402 320 4461 Yarziaci
349 4407 574 4477 jamjam
615 4409 818 4479 pluries
860 4409 1190 4465 infestasset.
1223 4409 1341 4477 Quo
1372 4419 1650 4480 comperto

117 4508 402 4556 memoratus
429 4502 717 4572 episc0pns
752 4501 977 4572 praefato
1009 4502 1166 4556 militi
1207 4503 1361 4571 quasi
1393 4502 1649 4557 nuntians

1761 601 2015 703 praesidio
2056 605 2222 665 vellet
2267 609 2367 672 uti,
2425 609 2714 681 opitulanti
2762 610 2875 666 Deo
2924 620 3083 669 caute
3124 629 3339 685 semper

1761 701 1959 750 evasit.

2076 806 2154 885 De
2183 808 2323 876 [acto
2348 809 2540 867 ιῖοὸἱηὶ
2563 811 2739 867 clerici
2765 812 3028 884 Caprarii.

1833 913 2068 986 Contigit
2092 922 2234 988 quod
2263 938 2385 977 cum
2409 924 2643 981 clericus
2681 927 2899 997 quidam
2932 931 3148 986 nomine
3174 932 3339 989 Robi-

1762 1019 1863 1059 nns
1881 1003 2149 1074 Caprarii,
2179 1011 2246 1065 dc
2272 1011 2416 1067 facto
2438 1014 2705 1086 relegatus
2720 1018 2785 1071 ad
2808 1027 3016 1089 tempus
3046 1022 3115 1075 ab
3138 1023 3320 1079 Antis-

1762 1093 1977 1148 siodoro
2011 1097 2111 1150 sub
2154 1114 2311 1166 pmna
2343 1103 2558 1172 capitali
2608 1120 2704 1173 per
2749 1105 2944 1160 laicam
2991 1117 3335 1178 potestatem,

1761 1181 1931 1237 inscio
1961 1183 2099 1239 forte
2127 1188 2347 1257 praelato
2370 1199 2500 1246 tunc
2528 1194 2785 1262 temporis
2822 1194 3108 1262 existente,
3137 1214 3334 1267 paren-

1761 1272 1866 1327 tela
1894 1272 2149 1329 Suavium
2178 1278 2244 1332 de
2273 1279 2631 1335 Antissiudori
2661 1294 2984 1352 procurante
3008 1328 3022 1350 ,
3056 1304 3155 1342 nec
3183 1291 3334 1355 dum,

1732 1371 1821 1416 ‘ut
1841 1362 2060 1429 dicitur,
2082 1365 2235 1422 finito
2258 1369 2602 1440 relegationis
2628 1374 2883 1438 termino,
2907 1375 3336 1434 Antissiodorum

1764 1453 2031 1520 rediisset,
2074 1471 2173 1526 per
2208 1460 2521 1516 saecularem
2565 1462 2760 1517 iterum
2800 1467 3223 1535 comprehensus
3243 1467 3336 1536 ju—

1763 1545 1967 1599 stitiam
1997 1547 2064 1601 ad
2094 1548 2404 1604 instantiam
2428 1552 2740 1606 eorumdem
2770 1552 3026 1608 Suavium
3056 1555 3334 1611 furcaruin

1763 1638 2052 1706 suspendio
2084 1640 2295 1709 publice
2328 1643 2559 1697 traditus
2589 1653 2689 1707 est,
2721 1659 3026 1714 quanquam
3070 1646 3210 1701 idem
3236 1663 3334 1702 vc-

1764 1725 2019 1781 nerabilis
2057 1727 2233 1783 Guido
2265 1738 2394 1785 tunc
2423 1732 2719 1800 praesidens
2755 1732 3011 1788 Ecclesia:
3041 1734 3337 1789 Antissiod.

1766 1816 1938 1886 ipsum
1986 1820 2136 1888 prius
2179 1830 2435 1891 tanquam
2466 1824 2721 1880 clericum
2750 1825 2850 1880 sibi
2884 1827 3094 1881 restitui
3137 1827 3340 1897 pluries

1764 1922 1886 1962 cum
1914 1909 2173 1966 instantia
2219 1913 2560 1981 postulasset.
2600 1915 2771 1982 Quam
2806 1915 3053 1971 ecclesiae
3083 1916 3337 1986 injuriam

1761 1996 1828 2051 ad
1856 1998 2187 2054 audientiam
2215 2000 2389 2056 felicis
2436 2003 2824 2058 recordationis
2858 2003 3155 2059 Innocentii
3186 2019 3339 2076 papze

1760 2090 1905 2144 tertii
1930 2098 2058 2146 tunc
2088 2092 2374 2149 residentis
2402 2093 2646 2165 Lugduni
2672 2109 2769 2164 per
2789 2096 3203 2165 appellationem
3232 2098 3329 2153 de—

1758 2176 1923 2234 latam
1957 2180 2172 2236 demum
2202 2198 2308 2238 non
2347 2184 2466 2240 sine
2494 2185 2675 2240 multis
2705 2194 2761 2240 et
2789 2186 3043 2256 expensis
3082 2202 3336 2241 succum-

1757 2270 2011 2326 bentihus
2042 2272 2369 2329 adversariis
2407 2277 2477 2330 ad
2505 2277 2767 2332 honorem
2806 2278 2900 2332 Dei
2931 2278 3011 2333 sic
3054 2279 3197 2334 ultus
3231 2287 3336 2344 est,

1757 2360 1902 2429 quod
1932 2376 2054 2416 cum
2095 2364 2385 2419 universali
2431 2365 2576 2421 clero
2624 2382 2689 2421 ac
2731 2366 2926 2437 populo
2968 2369 3237 2424 civitatem
3282 2379 3339 2425 et

1757 2450 2074 2505 suburbium
2131 2455 2608 2522 processionaliter
2661 2458 2871 2523 exiens,
2942 2456 3146 2513 Lebino
3209 2470 3336 2513 tunc

1755 2541 2042 2610 praeposito
2072 2543 2566 2619 Autissiodorense,
2592 2547 2752 2602 Petro
2773 2556 2827 2601 et
2854 2547 3098 2601 Drocone
3143 2546 3338 2602 Suavis

1755 2629 2016 2688 fratribus
2033 2640 2091 2689 et
2112 2649 2298 2689 eorum
2328 2636 2682 2708 complicibus
2712 2639 2765 2692 in
2793 2636 3006 2693 braccis
3029 2646 3084 2693 et
3110 2638 3335 2694 camisia

1756 2737 1878 2778 cum
1909 2724 2077 2793 virgis
2118 2726 2171 2778 in
2202 2728 2473 2791 manibus,
2502 2728 2729 2797 pedibus
2754 2728 2976 2784 omnino
3013 2729 3169 2784 nudis
3198 2744 3338 2799 prte-

1753 2812 2041 2876 viantibus,
2073 2828 2302 2869 censura
2332 2817 2697 2873 ecclesiastica
2725 2818 2903 2890 coegit
2929 2820 3145 2874 eosdem
3184 2817 3325 2874 fere-

1755 2912 1896 2958 trum
1926 2906 2195 2974 quoddam
2216 2923 2340 2963 cum
2363 2909 2593 2978 quadam
2623 2911 2855 2979 imagine
2881 2910 3115 2965 clericali
3144 2925 3336 2980 supra-

1753 2996 1925 3065 posita
1951 3011 1982 3050 a
2011 2995 2129 3051 loco
2158 2997 2432 3052 furcarum
2462 3000 2697 3069 ipsarum
2745 3015 2917 3069 usque
2954 3002 3029 3059 ad
3049 3001 3337 3056 cathedra-

1753 3084 1856 3141 lem
1881 3087 2163 3142 ecclesiam
2194 3089 2246 3142 in
2271 3088 2495 3159 prmfato
2539 3091 2723 3145 habitu
2752 3091 2963 3161 publice
2993 3092 3280 3165 deportare
3306 3109 3323 3157 ;

1755 3178 1936 3249 ibique
1976 3181 2141 3235 missa
2181 3196 2280 3251 pro
2310 3182 2577 3238 defunctis
2599 3183 2669 3238 ab
2703 3184 2896 3245 eodem
2923 3185 3164 3240 antistite
3191 3185 3333 3241 cele-

1680 3248 1725 3310 Ο
1755 3248 1932 3340 brata,
1964 3248 2199 3330 cadaver
2234 3277 2369 3332 dicti
2397 3276 2633 3332 defuncti
2666 3275 2781 3345 jam
2812 3288 2937 3333 ante
2976 3278 3067 3333 diu
3103 3278 3158 3333 in
3202 3294 3336 3349 quo—

1756 3364 1877 3419 dam
1948 3365 2153 3420 scrinio
2207 3376 2540 3421 reservatum
2607 3368 2761 3437 juxta
2822 3367 3107 3422 ecclesiam
3162 3368 3336 3422 beata:

1753 3453 1934 3508 Maria:
1959 3454 2012 3508 in
2039 3455 2257 3511 civitate
2281 3472 2427 3511 more
2450 3458 2629 3512 debito
2652 3457 2927 3527 sepelivit,
2952 3455 3195 3526 praefatis
3221 3471 3336 3510 ma-

1754 3544 1923 3602 leﬁcis
1944 3547 2293 3603 nihilominus
2313 3563 2411 3617 pro
2436 3556 2595 3603 tantae
2617 3550 2945 3604 temeritatis
2964 3563 3211 3615 excessu,
3234 3564 3338 3604 nec

1756 3650 1853 3704 pro
1882 3636 2135 3704 expensis
2175 3636 2440 3691 immensa
2481 3637 2726 3707 pecunia:
2763 3638 3065 3706 quantitate
3095 3636 3336 3693 multatis

1754 3741 1861 3779 non
1892 3726 1959 3781 de
1997 3740 2103 3794 qua
2151 3733 2423 3780 trecentas
2469 3727 2636 3781 libras
2677 3726 2851 3781 eidem
2891 3726 3133 3781 ecclesiae
3161 3727 3336 3781 beatae

1754 3816 1937 3871 Mariae
1969 3831 2066 3885 pro
2102 3816 2281 3870 anima
2309 3816 2476 3886 ipsius
2507 3814 2744 3871 defuncti
2789 3830 3043 3886 processu
3076 3818 3334 3887 temporis

1753 3907 2019 3979 erogavit.

1932 4019 2172 4086 Qualiter
2199 4030 2374 4076 castra
2402 4021 2693 4093 subscripta
2715 4019 2812 4075 sibi
2840 4019 2979 4074 tradi
3006 4019 3149 4088 fecit.

1822 4135 1906 4189 Ad
1952 4134 2362 4206 intelligentiam
2409 4134 2568 4205 hujus
2595 4134 2876 4205 particulae
2918 4132 3332 4204 supponendnm

1753 4235 1839 4282 est
1858 4226 2022 4295 quod,
2038 4226 2179 4281 sicut
2196 4241 2264 4281 ex
2287 4210 2474 4283 tenore
2489 4228 2691 4285 chartae
2715 4220 2857 4282 beati
2882 4224 3140 4280 Bernardi
3162 4239 3337 4293 quon-

1754 4317 1876 4371 dam
1941 4315 2253 4372 Clarevallis
2306 4317 2518 4373 abbatis
2578 4315 3098 4388 perpendiculariter
3146 4314 3337 4384 liquet,

1753 4406 1945 4462 domus
1991 4407 2205 4463 comitis
2254 4407 2602 4462 Nivernensis
2652 4416 2707 4462 et
2751 4404 3240 4460 Antissiodorensrs
3284 4413 3342 4457 et

1755 4495 2083 4551 munitiones
2101 4504 2401 4551 castrorum
2422 4511 2543 4565 qua:
2557 4497 2670 4565 ipse
2687 4493 3023 4565 dignoscitur
3049 4501 3234 4546 tenere
3272 4491 3341 4546 ab

118 4598 274 4641 novum
299 4604 430 4660 opus
462 4589 699 4660 injunxit
729 4590 901 4646 eidem
941 4598 999 4645 ut
1029 4592 1098 4646 ab
1134 4605 1298 4661 Opere
1328 4599 1509 4661 erepto
1553 4590 1648 4644 de-
1675 4586 1726 4645 D
1752 4588 2007 4656 episcopo
2035 4586 2492 4642 Antissiodorensi
2514 4584 2955 4641 videlicetCastri
2987 4583 3136 4647 novi,
3165 4581 3347 4651 sancti

119 4673 314 4744 sisteret,
340 4689 395 4735 et
429 4680 692 4750 quidquid
720 4680 841 4735 novi
873 4688 1258 4736 construxerat
1288 4680 1536 4735 demoliri
1567 4680 1644 4734 fa-

118 4775 250 4833 ceret,
280 4785 394 4825 cum
421 4770 490 4826 de
530 4772 920 4828 consuetudine
949 4773 1184 4843 generali
1227 4782 1464 4828 castrum
1502 4774 1648 4829 aliud

117 4852 224 4912 infra
248 4859 615 4917 Castellaniam
665 4862 897 4931 aliquam
928 4863 1300 4933 approbatam,
1351 4864 1522 4919 invito
1553 4880 1646 4920 su-

106 4945 276 5009 periore
316 4950 543 5009 naviter
598 4961 885 5008 exstruere
929 4967 1035 5008 non
1086 4954 1316 5017 liceret;
1371 4955 1463 5010 sed
1492 4956 1648 5011 miles

112 5033 368 5133 obstinatus
389 5050 447 5095 et
478 5042 673 5097 omnia
699 5041 1056 5109 vilipendens,
1095 5046 1163 5100 ab
1188 5059 1354 5114 opere
1379 5047 1521 5116 quod
1553 5062 1651 5117 pa-

124 5131 258 5164 11⁵δηί
535 5132 706 5164 mango
752 5134 1051 5164 Annal-:n‘v:0

1119 5136 1416 5164 nn:nnnnnun
1471 5149 1651 5164 κ-θΙΑ-ιιι

1754 4677 2075 4741 Salvatoris,
2113 4675 2368 4741 Conadre,
2394 4675 2620 4732 Malliaci
2644 4684 2699 4731 et
2718 4673 2945 4729 Betriaci
2975 4673 3115 4728 tradi
3139 4672 3343 4727 debent

1754 4769 1853 4838 ipsi
1874 4768 2124 4837 episcopo
2137 4769 2204 4822 ad
2226 4767 2342 4836 ejus
2363 4768 2779 4838 beneplacitum,
2808 4767 2880 4819 ita
2916 4773 3095 4819 tamen
3109 4763 3254 4832 quod
3277 4778 3346 4818 eo

1754 4859 2049 4917 decedente
2071 4858 2255 4913 comiti
2287 4858 2369 4913 vel
2393 4858 2511 4927 ejus
2554 4854 3004 4912 ministerialibus
3045 4868 3168 4908 cum
3210 4852 3348 4905 inte-

1754 4951 1953 5021 gritate
2002 4949 2394 5015 restituantur;
2447 4952 2545 5005 sed
2587 4963 2714 5005 cum
2759 4962 2791 5000 a
2836 4946 2991 5015 longe
3036 4942 3348 5011 retrolapsis

1758 5039 2090 5110 temporibus
2116 5041 2544 5107 praedecessores
2590 5036 2761 5110 ipsius
2808 5035 3043 5104 episcopi
3088 5036 3192 5086 hoc
3228 5031 3351 5099 jure

1754 5145 1861 5164 nnn
1898 5129 2271 5164 invnnirnnlnr
2298 5130 2379 5164 ηοῖ
2413 5128 2582 5164 ﬁdem.
2637 5127 2801 5164 nigrm
2828 5123 3100 5164 mpmnrim
3139 5118 3356 5164 Mﬂlhil-
