3860 5382
850 290 930 365 De
968 321 1173 365 moneta
1221 309 1683 364 Antissiodorensi.

537 404 799 462 Similiter
813 401 883 457 ad
906 401 1312 472 intelligentiam
1329 401 1754 470 subscriptorum
1771 400 2056 471 praascien-

467 502 595 556 dum
620 506 707 554 est
731 497 874 567 quod
899 496 1038 565 apud
1061 493 1856 564 episcopusAntissiodorenses
1881 499 2059 547 exstat

469 591 650 644 littera
671 587 881 658 inclyta:
917 585 1311 641 recordationis
1344 585 1574 656 Philippi
1614 583 1885 654 quondam
1914 581 2056 652 regis

469 682 821 745 Francorum,
842 694 904 734 ex
932 677 1084 746 cujus
1116 680 1255 733 serie
1271 679 1410 733 inter
1425 690 1618 733 caetera
1636 675 2058 747 deprehenditur

469 775 769 837 evidenter,
801 771 942 841 quod
980 770 1023 824 si
1055 760 1236 824 comes
1281 769 1629 824 Nivernensis
1657 777 1926 822 monetam
1955 784 2051 823 no—

469 879 589 918 vam
615 863 738 918 cudi
767 860 946 916 facere
973 861 1124 924 velit,
1152 875 1271 913 eam
1297 861 1490 914 debitae
1529 857 1816 930 legalitatis
1842 866 1897 910 et
1922 872 2058 927 pon-

470 954 616 1009 deris
661 953 712 1006 in
743 951 857 1020 jam
912 951 1054 1006 dicta
1101 951 1281 1004 littera
1329 949 1702 1019 comprehensi
1749 948 1871 1002 cudi
1895 947 2057 1002 faciet

468 1051 522 1096 et
556 1059 802 1114 personze
829 1041 1117 1096 comitatus
1149 1039 1499 1094 Nivernensis
1524 1039 1907 1094 ecclesiasticae
1937 1053 2054 1092 eam

474 1135 905 1205 quandocunque
929 1133 1217 1196 voluerint,
1261 1132 1461 1186 facient
1486 1129 1850 1200 comprobari.
1873 1129 2056 1186 Conti—

479 1225 558 1295 git
583 1235 765 1278 autem
792 1224 932 1292 quod
960 1224 1157 1278 nobilis
1182 1224 1265 1277 vir
1298 1221 1414 1278 Odo
1449 1223 1593 1277 filius
1627 1223 1778 1277 ducis
1813 1223 2055 1292 Burgun-

471 1315 598 1379 ἀίω,
627 1314 718 1383 qui
747 1313 954 1367 ratione
993 1313 1178 1368 uxoris
1203 1329 1312 1368 sine
1352 1313 1404 1366 in
1443 1315 1755 1368 comitatum
1784 1327 2058 1367 successo-

474 1416 577 1472 rat,
604 1415 873 1461 monetam
907 1422 1100 1459 novam
1127 1406 1486 1460 Antissiodori
1513 1405 1695 1460 facere
1717 1405 1838 1460 elidi
1867 1405 2053 1475 erepit,

469 1514 631 1568 quam
680 1497 1062 1552 ministeriales
1109 1498 1226 1567 ejus
1278 1497 1392 1565 ipso
1455 1497 1508 1550 in
1556 1496 1778 1552 remotis
1827 1504 2054 1564 agente,

471 1591 709 1644 nondum
753 1600 930 1644 tamen
980 1590 1261 1659 probatam
1301 1605 1330 1643 a
1363 1589 1611 1658 personis
1651 1588 2050 1652 ecclesiasticis,

1493 198 1787 255 APPEND.
1827 197 1920 254 AD
1959 196 2134 255 SEC.
2175 195 2241 250 Χ.
2273 226 2344 238 -
2381 197 2610 254 OPERA
2653 190 3054 258 ΔΔΕΣΠΟἹΊΚΑ(

3626 200 3731 256 356

2084 317 2129 372 Α
2163 323 2281 361 rum
2313 323 2441 379 rege
2461 324 2586 363 cum
2621 309 2800 364 nautis
2828 308 3155 364 instantibus
3181 311 3389 380 regium
3429 319 3745 364 emanasset

2157 409 2484 469 praeceptum
2536 415 2786 455 amovere
2822 409 3013 455 cuncta
3044 417 3164 470 quae
3208 417 3304 472 per
3331 401 3587 455 lcaunam
3633 397 3731 451 ﬂu-

2157 490 2302 544 vium
2367 492 2752 561 itnpedimento
2809 507 2930 546 esse
2983 503 3230 562 poterant
3283 495 3512 548 navibus
3565 501 3724 547 trans-

2157 578 2436 644 vehendis,
2464 589 2809 634 exsecutores
2833 595 2997 650 super
3019 581 3119 635 hoc
3145 582 3384 651 deputati
3410 582 3518 635 alia
3541 590 3596 635 et
3620 595 3721 633 ma-

2151 667 2268 736 jora
2303 684 2462 738 quam
2487 671 2830 724 commissum
2879 670 2982 724 sibi
3029 671 3328 740 requireret
3355 671 3736 734 ministerium,

2155 759 2295 813 sicut
2326 760 2378 812 in
2409 760 2679 830 plerisque
2710 760 2867 815 malis
2906 762 3074 815 moris
3104 771 3208 826 est,
3239 776 3398 831 agere
3423 760 3742 833 gloriantes,

2175 850 2481 905 trabeeulas
2509 851 2639 905 duas
2668 851 2720 904 in
2739 850 2985 905 Bochello
3008 853 3197 906 subtus
3224 860 3445 922 pontem
3463 849 3739 904 Antissio-

2157 943 2295 1007 dori,
2313 943 2453 1012 quod
2468 942 2668 1012 proprii
2690 942 2827 1010 juris
2841 952 2891 996 et
2917 943 3257 1010 proprietatis
3272 952 3353 996 est
3369 942 3743 1010 episcopatus,

2157 1034 2321 1088 fundo
2345 1035 2580 1089 fluminis
2608 1035 2900 1089 intixerunt
2926 1035 3051 1088 hinc
3075 1035 3196 1089 inde
3221 1033 3381 1090 flores
3408 1032 3507 1087 lilii
3536 1032 3748 1086 ferreos

2157 1127 2211 1179 io
2236 1127 2447 1195 signum
2471 1127 2664 1196 regalis
2691 1127 2911 1181 dominii
2935 1143 3119 1181 earum
3142 1126 3546 1182 summitatibus
3574 1125 3752 1193 impo-

2157 1227 2366 1282 neutes,
2409 1233 2544 1287 quas
2581 1218 2764 1272 statim
2817 1217 2996 1271 audita
3025 1233 3081 1272 re
3126 1217 3430 1287 hujusmodi
3461 1216 3753 1270 animosus

2157 1307 2240 1361 vir
2282 1309 2409 1362 fecit
2457 1318 2706 1378 potenter
2751 1309 2868 1362 erui
2915 1318 2970 1364 et
3017 1310 3070 1363 in
3124 1311 3338 1363 domum
3384 1308 3754 1378 episcopalem

2161 1396 2461 1451 transferri.
2495 1397 2596 1453 Sed
2627 1408 2848 1466 propter
2867 1397 2968 1452 hoc
2995 1398 3063 1452 ad
3094 1398 3234 1468 regis
3256 1398 3602 1466 praesentiam
3625 1411 3758 1467 pro-

2159 1487 2474 1541 cul-antibus
2513 1487 2722 1540 aemulis
2773 1495 3065 1551 evocatus,
3118 1488 3399 1558 proposuit
3445 1502 3634 1541 coram
3694 1502 3760 1541 eo

2159 1580 2302 1647 quod
2345 1595 2466 1633 cum
2500 1579 2639 1648 regis
2670 1579 3051 1633 ministeriales
3100 1580 3218 1648 ipso
3249 1579 3425 1634 minus
3479 1579 3758 1649 requisito

468 1684 610 1740 sicut
641 1683 757 1738 ﬁeri
803 1683 1007 1749 debuit,
1050 1683 1180 1752 quin
1232 1683 1408 1752 potius
1453 1682 1660 1747 insciis,
1685 1691 2053 1750 exposuerunt
2087 1666 2131 1724 Β
2162 1670 2423 1724 mittendo
2450 1670 2753 1725 trabeculas
2794 1670 2847 1723 in
2874 1669 3122 1724 Bochello
3153 1671 3294 1739 quotl
3324 1671 3527 1740 proprii
3575 1669 3760 1723 domi-

469 1773 682 1841 publice
730 1771 1057 1836 enrsualem,
1090 1771 1354 1826 facientes
1379 1769 1702 1842 generaliter
1730 1769 2052 1838 proclamari

472 1861 575 1916 sub
617 1861 783 1915 multa
828 1861 1144 1932 gravissima
1189 1879 1254 1917 ne
1295 1863 1416 1932 quis
1445 1871 1713 1917 monetam
1748 1863 1908 1915 aliam
1935 1863 2058 1916 mit-

473 1959 616 2006 teret
637 1952 719 2005 vel
743 1952 1007 2020 reciperet
1027 1962 1224 2021 praeter
1256 1952 1422 2019 illam,
1457 1953 1581 2007 licet
1613 1954 1789 2007 adhuc
1817 1953 2056 2024 ejusdem

471 2053 703 2099 monetae
733 2045 926 2099 raritas
971 2053 1119 2100 tanta
1168 2055 1313 2101 esset
1343 2048 1485 2115 quod
1529 2062 1626 2115 pro
1664 2045 1871 2099 decima
1908 2055 2060 2115 parte

472 2150 579 2190 non
614 2135 891 2192 sufficeret
918 2137 1106 2192 usibus
1135 2139 1270 2207 reip.
1313 2150 1367 2193 et
1396 2138 1743 2209 p0pularibus
1767 2137 2058 2192 alimentis.

475 2227 771 2297 Episcopus
809 2237 1011 2294 autem,
1049 2228 1280 2297 capitulo
1310 2237 1364 2284 et
1389 2230 1634 2298 personis
1681 2228 2061 2284 ecclesiasticis

470 2319 706 2374 civitatis
725 2333 834 2374 suae
847 2321 1156 2375 convocatis
1184 2321 1237 2375 in
1262 2337 1450 2387 unum,
1469 2321 1533 2375 ad
1549 2319 2059 2376 eoruminstantiam

477 2414 685 2468 monuit
733 2413 1111 2467 ministeriales
1152 2414 1364 2469 comitis
1410 2423 1467 2466 ut
1505 2414 1646 2483 quod
1677 2426 1838 2480 super
1864 2411 1950 2466 his
1978 2419 2061 2464 at-

483 2510 789 2557 tentaverat
844 2502 899 2556 in
952 2502 1238 2572 pristinum
1270 2511 1469 2558 statum
1506 2503 1828 2557 reducerent
1859 2510 1914 2555 et
1943 2516 2061 2556 mo-

391 2641 399 2650 .
478 2600 656 2647 notam
706 2593 875 2661 ipsam
927 2593 1245 2648 exhiberent
1289 2593 1654 2664 probandam,
1697 2593 1839 2662 quod
1888 2591 2065 2646 facere

478 2693 818 2739 recusarunt.
872 2684 1168 2754 Episcopus
1230 2694 1407 2739 autem
1455 2684 1642 2739 habito
1687 2698 1811 2738 cum
1861 2682 2064 2737 eisdem

477 2774 723 2846 personis
749 2775 1127 2847 ecclesiasticis
1153 2777 1379 2832 concilio
1399 2777 1740 2847 prtesentiam
1769 2775 2066 2830 recolendte

482 2864 756 2922 memoria
775 2834 1050 2920 tudovici
1081 2873 1207 2920 tunc
1235 2867 1376 2936 regis
1416 2866 1749 2921 Francorum
1779 2866 1879 2919 viri
1909 2865 2067 2920 Chri-

482 2956 800 3010 stianissimi
831 2972 954 3011 cum
998 2956 1191 3012 litteris
1221 2957 1325 3014 fide
1368 2958 1542 3029 dignis
1571 2958 1772 3013 factum
1802 2966 2066 3012 attestan-

480 3047 624 3102 tibus
671 3043 1026 3118 personaliter
1064 3049 1308 3117 expetiit,
1355 3050 1440 3104 cui
1490 3050 1567 3104 rei
1609 3049 1828 3113 damna,
1872 3049 2065 3103 seriem

487 3145 544 3192 et
592 3137 869 3206 querelam
924 3136 1254 3207 patefaciens
1317 3137 1627 3208 popularem
1665 3179 1681 3204 ,
1723 3137 1954 3193 obtinuit
1999 3137 2067 3191 ab

481 3226 671 3281 eodem
711 3236 941 3282 monetae
977 3226 1330 3282 fabricatores
1371 3227 1561 3297 expelli
1599 3236 1654 3281 et
1683 3242 1804 3281 eam
1833 3226 2070 3281 auctori-

492 3321 602 3368 tate
643 3315 787 3383 regia
833 3329 930 3384 per
973 3315 1247 3370 civitatem
1290 3317 1818 3372 Antissiodorenscm
1853 3315 2066 3386 publice

484 3401 720 3456 declatna
731 3404 794 3457 ri.

489 3509 729 3576 Qualiter
769 3513 1022 3578 compulit
1083 3512 1407 3583 Templarios
1475 3531 1710 3570 amovere
1757 3532 2067 3584 campanam

551 3597 710 3649 quant
749 3584 803 3635 in
833 3584 987 3638 domo
1023 3600 1118 3637 sua
1154 3586 1218 3638 de
1262 3585 1575 3639 Monaslello
1617 3586 1990 3654 appenderaiu.

555 3670 688 3726 lllud
707 3673 866 3726 etiam
891 3675 1185 3728 memoriali
1211 3676 1524 3730 membrana
1553 3675 1821 3730 conscribi
1843 3674 2064 3744 dignum

483 3772 587 3827 est,
625 3763 765 3833 quod
807 3779 928 3818 cum
968 3763 1256 3832 Templarii
1294 3765 1434 3820 soliti
1466 3781 1577 3819 suae
1610 3766 1866 3820 terminos
1903 3781 2063 3820 exce-

487 3851 614 3905 dere
642 3851 928 3916 libertatis,
960 3852 1175 3921 etquod
1204 3853 1272 3906 ab
1305 3853 1600 3922 apostolico
1632 3870 1950 3908 concessum
1983 3864 2066 3909 est

487 3942 570 3996 eis
617 3943 683 3996 ad
710 3944 960 4010 gratiam,
1007 3953 1322 3998 convertere
1374 3936 1686 4014 frequenter
1737 3946 1803 3999 ad
1847 3961 2062 4010 noxam,

486 4047 804 4101 campanam
852 4034 1139 4101 quamdam
1187 4035 1242 4087 in
1295 4034 1453 4088 domo
1493 4050 1588 4089 sua
1643 4035 1710 4090 de
1756 4033 2067 4090 Monastello

490 4127 872 4196 appendissent
909 4119 1158 4179 in‘altum
1183 4126 1500 4196 publiceque
1541 4126 1815 4196 pulsarent
1841 4128 1906 4180 ad
1934 4143 2064 4181 cou-

487 4217 788 4272 vocandnm
841 4216 1091 4284 populum
1134 4232 1231 4286 pro
1269 4217 1464 4271 divinis
1509 4221 1560 4272 in
1597 4234 1783 4273 eorum
1829 4220 2067 4273 oratorio

489 4308 790 4371 audiendis,
832 4323 1040 4362 necnon
1100 4309 1527 4364 benedictionem
1571 4309 1927 4379 quorumdam
1968 4325 2068 4365 nu-

482 4397 724 4454 bentiqu
779 4406 980 4453 temere
1030 4399 1468 4454 solemnisassent
1518 4401 1714 4455 ibidem
1775 4416 1898 4455 cum
1965 4401 2066 4456 hoc

484 4489 566 4544 eis
605 4502 670 4543 ex
711 4489 1108 4558 privilegioruni
1138 4505 1357 4544 suorum
1391 4489 1674 4560 largitione
1723 4505 2062 4560 nequaquam

487 4582 700 4647 liceret,
733 4597 827 4636 eos
860 4583 1118 4638 canonice
1157 4584 1365 4638 monuit
1408 4593 1466 4638 ut
1505 4593 1819 4638 amoverent
1849 4599 2065 4653 campa-

487 4689 611 4729 nam
634 4682 690 4729 ct
719 4674 860 4744 quod
885 4689 1048 4742 super
1080 4675 1452 4730 benedictione
1490 4674 1795 4744 hujusmodi
1836 4677 2063 4745 nuptiali

486 4773 962 4838 praesumpserant,
1005 4765 1358 4820 emendarent‘
1399 4765 1594 4828 eidem,
1628 4765 1770 4834 quod
1819 4766 1947 4834 ipsis
1987 4765 2068 4820 fa-

490 4873 617 4913 cere
656 4856 1046 4916 recusantibus,
1076 4857 1292 4924 querela
1318 4855 1418 4909 fuit
1446 4857 1512 4911 ad
1537 4857 1864 4912 audientiam
1911 4873 2065 4912 reve-

488 4963 610 5002 ren.
649 4946 818 5017 patris
847 4944 1086 5000 Simonis
1118 4947 1208 5001 Dei
1239 4947 1408 5018 gratia
1446 4946 1582 5000 tituli
1613 4955 1814 5002 sanctae
1841 4945 2068 5002 Caecilia:

486 5039 783 5110 presbyteri
816 5037 1106 5093 cardinalis
1138 5036 1404 5108 fungentis
1434 5047 1562 5092 tunc
1592 5036 1765 5094 oilieio
1790 5036 2069 5106 legationis

486 5131 540 5184 in
565 5131 804 5199 partibus
823 5129 1114 5185 Gallicanis
1135 5131 1359 5199 perlata,
1386 5145 1566 5184 coram
1589 5144 1695 5198 quo
1718 5137 1866 5183 tanto
1888 5131 2070 5198 vigore

489 5221 761 5290 negotium
806 5231 1127 5291 prosecutus
1170 5221 1289 5286 fuit,
1341 5220 1484 5292 quod
1514 5220 1566 5273 in
1609 5219 1731 5286 jure
1773 5220 2069 5287 praevalens

489 5311 722 5365 obtinuit
741 5328 837 5382 per
863 5313 1020 5382 legati
1051 5315 1367 5369 sententiam
1390 5311 1762 5368 condemnatis
1788 5310 1888 5364 sibi
1919 5311 2070 5364 Tem-

2098 4362 2146 4421 D

2161 1759 2234 1812 nii
2265 1758 2472 1826 etjuris
2504 1761 2845 1830 episcopatus
2892 1760 3179 1824 existebat,
3212 1775 3332 1814 cum
3378 1775 3481 1814 nec
3523 1769 3677 1814 esset
3707 1760 3761 1814 in

2160 1865 2224 1904 eo
2263 1850 2475 1919 penitus
2517 1850 2718 1918 aliquid
2745 1847 2887 1919 quod
2929 1849 3158 1902 liberum
3204 1851 3421 1904 paviunt
3464 1849 3762 1904 transiuun

2162 1943 2478 2012 impediret,
2524 1943 2662 1996 ultra
2713 1942 2848 1996 lines
2897 1941 3136 1996 mandati
3184 1941 3426 1996 ﬁmbrias
3465 1942 3761 1996 extendis-

2163 2042 2301 2096 sent,
2331 2049 2426 2087 eas
2445 2034 2591 2102 juste
2636 2041 2892 2086 eruerat:
2923 2032 3108 2102 sicque
3148 2032 3348 2087 factum
3376 2042 3460 2086 est
3488 2033 3638 2102 quod
3672 2033 3762 2088 his

2161 2131 2215 2175 et
2243 2123 2362 2176 aliis
2392 2122 2822 2190 perorationibus
2853 2121 3090 2178 confusis
3118 2133 3173 2178 ct
3211 2123 3528 2193 stupefactis
3549 2126 3759 2180 adver-

2162 2212 2320 2266 sariis
2349 2211 2484 2268 liber
2506 2214 2680 2268 victor
2713 2214 2994 2268 abscessit.
3185 2215 3188 2218 ’

2547 2304 2623 2358 De
2653 2305 2890 2373 wdiﬁciis
2914 2321 3032 2374 qua:
3053 2305 3363 2359 construxit.

2245 2395 2474 2463 Quantis
2505 2405 2683 2451 autem
2709 2396 3058 2452 azdiiiciorum
3099 2395 3483 2452 additamentis
3511 2395 3631 2450 loca
3663 2395 3764 2450 do-

2167 2503 2378 2541 morum
2429 2487 2817 2557 episcopalium
2864 2487 3140 2542 decoravit
3199 2486 3414 2542 silentio
3468 2488 3760 2556 praeterire

2168 2579 2384 2648 dignum
2436 2593 2542 2631 non
2589 2589 2690 2632 est.
2724 2578 3080 2632 Antissiodori
3136 2593 3366 2647 namque
3389 2576 3546 2644 juxta
3575 2577 3761 2631 aulam

2166 2669 2522 2738 episcopalem
2569 2669 2845 2738 antiquam
2876 2670 3037 2723 aliam
3088 2670 3358 2740 geminam
3408 2669 3558 2722 mirae
3588 2685 3765 2723 venu-

2168 2760 2324 2814 statis
2352 2758 2527 2813 aulam
2551 2774 2711 2828 supra
2743 2760 3063 2814 testudinem
3097 2759 3364 2828 lapideam
3399 2758 3452 2811 in
3491 2773 3600 2827 qua
3629 2758 3762 2811 vina

2171 2857 2568 2903 consueverant
2595 2849 2788 2916 reponi
2809 2863 2936 2903 arce
2978 2848 3322 2903 caementaria
3349 2847 3759 2917 prarpolleutem
3786 2889 3789 2891 .

2170 2940 2344 2994 erexit
2388 2937 2764 2995 fenestralibus
2795 2940 3060 3009 aperturis
3107 2939 3434 3003 exstructis,
3481 2937 3762 3006 sculptura

2094 3013 2136 3074 C
2171 3027 2445 3095 spectabili
2492 3028 2785 3098 vitreisque
2831 3028 3119 3098 perlucidis
3155 3029 3511 3092 illustratam,
3557 3028 3645 3081 cui
3692 3027 3763 3080 ad

2169 3117 2337 3173 divini
2365 3118 2542 3172 cultus
2587 3119 2847 3174 honorem
2887 3119 3150 3189 capellam
3179 3119 3447 3188 geminam
3482 3133 3587 3172 non
3620 3117 3763 3172 infe-

2169 3207 2329 3261 rioris
2374 3215 2679 3271 structurae,
2729 3215 2783 3262 et
2820 3222 3094 3262 cameram
3143 3206 3409 3276 duplicem
3459 3205 3762 3260 ellieientes

2168 3295 2394 3350 inferius
2413 3305 2467 3349 et
2492 3297 2740 3364 superius
2765 3295 2936 3364 ipsam
2965 3296 3139 3350 aulam
3167 3312 3289 3350 cum
3309 3295 3567 3365 jucunda:
3594 3295 3761 3350 visio-

2167 3389 2253 3442 nis
2283 3387 2540 3442 turricula
2572 3377 2788 3442 decenti
2826 3388 3053 3442 situatas
3089 3388 3279 3442 ordine
3315 3384 3618 3455 conjunxit.
3664 3385 3760 3440 In-

2169 3492 2331 3546 super
2376 3492 2647 3531 cameram
2691 3477 2928 3546 episcop.
2955 3493 3114 3547 supra
3144 3476 3436 3531 Pratellum
3468 3486 3759 3530 veternam

2167 3577 2224 3623 et
2245 3568 2356 3638 jam
2386 3568 2538 3622 senio
2572 3565 2931 3623 collabantem
2959 3570 3109 3637 quasi
3139 3569 3382 3624 funditus
3409 3569 3685 3636 reparavit
3709 3578 3766 3622 et

2170 3660 2225 3714 in
2268 3659 2652 3730 elegantiorem
2686 3660 2941 3715 reextulit
2981 3661 3215 3730 speciem
3246 3659 3534 3725 novitatis,
3566 3674 3765 3713 rursus

2170 3767 2293 3806 cum
2330 3751 2399 3805 ab
2425 3751 2612 3806 eodem
2654 3749 2886 3806 Pratello
2914 3766 3084 3822 usque
3113 3752 3182 3806 ad
3204 3751 3496 3820 prisionem
3535 3764 3633 3818 per
3676 3749 3748 3802 de

2170 3839 2414 3896 subtusa
2453 3849 2606 3909 parte
2657 3840 2867 3894 lcauntn
2921 3841 3138 3909 pervius
3167 3851 3222 3893 et
3270 3839 3444 3894 facilis
3472 3837 3620 3892 nulla
3671 3837 3762 3891 vel

2175 3945 2402 3999 prorsus
2442 3929 2617 3983 inutili
2651 3931 2950 3984 obsistente
2991 3930 3240 3986 clausura
3269 3932 3335 3984 ad
3378 3928 3595 3984 domum
3641 3929 3761 3996 epi-

2171 4020 2436 4090 sc0palem
2468 4029 2679 4090 pateret
2715 4035 2990 4081 ascensus.
3037 4023 3207 4076 muris
3249 4023 3402 4076 novis
3441 4037 3505 4074 ac
3530 4019 3765 4074 fortibus

2171 4112 2501 4181 porlelloque
2553 4123 2608 4167 et
2638 4112 3052 4182 propugnaculis
3085 4114 3266 4183 operis
3312 4112 3608 4181 sumptuosi
3642 4111 3763 4165 visu

2171 4203 2549 4272 pulcherrimis
2577 4203 2724 4256 illum
2746 4204 3005 4257 ambitum
3030 4203 3428 4258 circumcinxit.
3461 4204 3618 4272 Apud
3647 4203 3760 4257 Ra-

2173 4309 2401 4364 gennam
2429 4309 2594 4364 prope
2616 4293 3003 4364 Apoigniacum
3029 4294 3240 4348 nobilis.
3274 4292 3510 4362 episcopi
3540 4292 3761 4346 habita-

2174 4386 2352 4440 culum
2381 4385 2534 4453 cujus
2554 4385 2813 4438 ambitum
2837 4384 3030 4438 lcauna
3051 4384 3286 4439 ﬂuviusa
3305 4383 3763 4453 parteposteriori

2177 4493 2271 4547 per
2294 4477 2461 4531 latera
2495 4477 2891 4546 circumcingit,
2928 4476 3174 4544 inprimis
3211 4490 3422 4529 murutn
3467 4472 3763 4543 quemdam

2175 4569 2244 4622 ab
2283 4584 2386 4622 una
2422 4577 2575 4636 parte
2611 4565 2756 4620 fluvii
2799 4567 2867 4620 ad
2902 4569 3128 4620 alteram
3178 4565 3539 4620 includentem
3581 4563 3762 4618 conti-

2176 4674 2337 4713 nuam
2369 4667 2424 4711 et
2449 4658 2660 4728 planam
2693 4666 2850 4711 terrm
2892 4657 3344 4726 intercapedinem
3391 4655 3458 4708 ab
3487 4654 3764 4707 anteriore

2173 4758 2328 4820 parte
2379 4748 2524 4802 inter
2566 4747 2889 4801 forteritiam
2939 4755 2994 4802 et
3043 4745 3241 4802 fossata
3290 4744 3614 4808 construxit,
3649 4743 3765 4812 pri-

2175 4853 2430 4906 mumque
2469 4838 2541 4892 ibi
2587 4837 2860 4891 ordinavit
2907 4837 3208 4900 introitum,
3253 4834 3340 4890 cui
3371 4849 3526 4888 muro
3547 4833 3761 4888 stabula

2172 4931 2238 4984 ad
2287 4945 2455 5000 equos
2497 4944 2596 4998 pro
2651 4928 2817 4996 ipsius
2872 4930 3010 4982 muri
3062 4928 3394 4998 longitudine
3445 4935 3760 4981 constructa

2174 5037 2267 5092 per
2291 5023 2356 5076 de
2382 5022 2527 5076 intus
2553 5019 2821 5088 adjunxit,
2866 5021 3057 5076 deinde
3101 5020 3412 5075 clausuram
3441 5018 3760 5073 munitionis

2172 5119 2460 5173 lateritiam
2484 5119 2763 5173 ruinosam
2795 5126 2848 5173 et
2877 5133 2974 5188 pro
3001 5125 3153 5186 parte
3179 5117 3490 5187 collapsam,
3519 5131 3623 5170 nec
3646 5114 3760 5169 fere

2176 5222 2384 5282 partem
2411 5214 2686 5268 dimidiam
2715 5214 2948 5269 ambitus
2980 5213 3366 5284 accingentem,
3412 5212 3583 5266 muris
3608 5225 3758 5280 egre-

2177 5307 2280 5376 giis
2329 5320 2424 5375 pro
2473 5304 2682 5360 tantula
2714 5315 2867 5374 parte
2908 5305 3176 5370 lateritiis,
3225 5314 3480 5376 quantum
3541 5303 3756 5357 ruinosa
