3918 6316
150 343 235 414 357

1021 351 1125 410 ,ΒΕ
1160 351 1403 411 GESTIS
1432 351 1644 408 EPISC.
1681 346 2061 406 ANTISSIOD.
2098 371 2167 390 -ι-
2200 349 2381 406 PARS
2436 351 2475 406 Ι.

3273 349 3378 407 558

155 477 246 520 tam
287 459 660 531 validissimam
693 471 747 518 et
782 465 1154 535 praegrandem
1194 480 1358 535 quam
1408 463 1700 520 Portellum
1731 449 1774 504 Α
1804 471 1982 530 empto
2010 476 2107 531 per
2135 461 2386 516 comitem
2409 461 2530 531 jure
2580 475 2686 514 non
2724 467 2934 530 poterat
2984 460 3281 530 prohiberi,
3311 477 3380 516 ex

156 563 338 617 vocant,
364 552 519 622 plura
540 554 905 608 continentem
937 553 1275 608 mansionum
1315 553 1605 608 interstitia
1636 568 1703 607 ex

157 645 420 700 muralibus
465 645 654 716 spissa:
711 645 1012 700 latitudinis
1061 655 1116 700 et
1162 645 1284 700 lata:
1339 644 1704 714 spissitudinis

95 733 101 740 ’
155 742 487 789 constructam
520 734 713 799 erexit,
742 736 881 789 intra
923 743 1072 804 septa
1101 735 1375 804 prtedicta:
1419 735 1704 790 fortaritite

158 821 308 879 aulam
333 825 686 894 episcopalem
733 825 1010 893 antiquam
1039 824 1356 893 quibusdam
1388 823 1703 894 superaddi-

159 914 213 967 tis
234 921 282 966 et
307 914 426 966 aliis
453 913 506 966 in
531 913 724 968 melius
771 912 1162 968 transformatis
1191 913 1244 967 in
1272 922 1470 966 statum
1500 911 1708 982 redegit

155 1004 287 1060 solito
310 1003 687 1072 pulchriorem.
721 1006 862 1059 Duas
890 1019 1105 1074 quoque
1133 1019 1396 1068 cameras,
1421 1014 1706 1073 utramque

154 1095 422 1165 geminam,
454 1094 796 1164 praegrandes
841 1095 976 1148 aulae
1021 1109 1300 1164 compares
1343 1103 1397 1148 et
1440 1092 1704 1156 conﬁnes,

154 1187 350 1239 alteram
373 1185 619 1240 videlicet
638 1183 914 1240 nobilioris
932 1194 1218 1240 structum:
1240 1183 1428 1253 majori
1448 1201 1514 1240 ex
1533 1195 1708 1239 trans-

157 1292 292 1332 verso
322 1277 634 1345 posterioris
679 1278 951 1346 pinnaculi
975 1277 1334 1333 cohaerentem
1363 1287 1417 1332 et
1454 1278 1708 1333 vitellinis

161 1367 574 1423 lenestriunculis
626 1368 980 1438 refulgentem
1032 1384 1097 1423 ex
1127 1369 1540 1424 commendabili
1575 1369 1708 1438 lapi-

154 1462 238 1515 deo
280 1458 512 1514 tabulata
554 1461 880 1526 construxit,
920 1461 1278 1530 antiquasque
1325 1461 1493 1531 logias
1545 1477 1708 1530 super

151 1550 372 1603 leaenam
420 1558 690 1604 vetustate
736 1562 1081 1620 consumptas
1119 1561 1173 1605 et
1199 1552 1366 1606 ruinae
1380 1552 1493 1620 jam
1519 1553 1704 1621 proxi-

151 1654 250 1692 tuas
281 1654 344 1692 ex
377 1639 588 1708 integro
622 1649 901 1709 reparatas
924 1641 978 1694 in
1002 1639 1229 1695 formam
1258 1642 1494 1697 restituit
1541 1658 1706 1696 venn-

149 1741 230 1784 stae
276 1730 686 1800 pulchritudinis
737 1742 792 1787 et
839 1733 1211 1801 pulcherrimae
1254 1735 1570 1790 venustatis.
1628 1736 1705 1788 Ex

149 1822 236 1876 alia
257 1837 376 1876 vero
399 1831 554 1892 parte
582 1823 886 1892 appenditia
905 1825 1208 1879 necessaria
1237 1825 1367 1894 ipsis
1391 1826 1559 1880 muris
1587 1842 1706 1880 mu-

150 1914 345 1967 nitionis
399 1913 585 1968 aﬁulta
617 1924 672 1967 et
717 1915 906 1970 ordine
936 1916 1146 1971 decenti
1194 1928 1503 1972 constructa
1548 1927 1603 1973 et
1629 1919 1706 1973 lo—

148 2013 270 2057 cata.
299 2004 450 2074 Apud
505 2005 710 2058 Bellum
741 2005 1016 2072 Reditum,
1064 2007 1241 2062 locum
1270 2023 1336 2062 ex
1388 2018 1702 2080 stagnorum

147 2092 442 2148 continentia
469 2094 705 2163 piscibus
733 2095 1008 2164 copiosum
1037 2106 1090 2150 et
1130 2113 1198 2152 ex
1244 2113 1525 2154 nemorum
1559 2099 1707 2167 adja-

147 2169 304 2236 ceutia
333 2184 591 2252 temporis
621 2186 867 2240 hiemalis
911 2185 1183 2256 algoribus
1223 2187 1464 2242 levandis
1496 2189 1708 2244 accom-

150 2274 363 2336 ntodum,
410 2275 626 2328 domum
653 2277 941 2345 quamdam
967 2275 1276 2344 depressam
1307 2277 1705 2346 receptaculum

149 2363 496 2432 episcoporum
528 2366 812 2435 inglorium
868 2368 918 2420 in
973 2368 1149 2424 aulam
1185 2370 1454 2438 geminam
1487 2369 1708 2439 placidae

150 2455 441 2519 venustatis,
475 2455 948 2526 habitaculumque
974 2459 1270 2528 gratiosum
1304 2461 1558 2529 produxit
1581 2475 1704 2513 cum

149 2543 273 2595 socia
297 2558 510 2598 camera
547 2554 834 2600 structura:
871 2546 1060 2602 similis
1087 2548 1154 2601 ad
1199 2549 1470 2617 pr0priam
1503 2550 1708 2616 episco-

150 2644 316 2699 porum
343 2633 598 2700 quietem.
622 2633 920 2690 Excursum
957 2649 1170 2706 quoque
1208 2637 1368 2690 unius
1392 2645 1705 2707 stagnorum

151 2733 300 2788 usque
328 2737 509 2777 muros
539 2723 708 2792 ipsius
749 2725 884 2780 aulae
909 2728 1300 2796 pertingentem
1326 2743 1422 2797 per
1451 2728 1704 2798 injectam

153 2819 291 2866 terra}
314 2813 503 2868 molem
553 2815 824 2886 ingentem
859 2819 1016 2887 quasi
1065 2833 1261 2889 aggere
1279 2821 1571 2874 constituto
1616 2834 1705 2873 re-

151 2900 279 2955 misit
304 2902 354 2956 in
381 2904 697 2959 interiorum
744 2922 1006 2976 aquarum
1047 2909 1366 2978 profundius
1393 2925 1705 2965 accremen-

156 2998 270 3054 tum,
293 3002 344 3047 et
366 2994 417 3048 in
440 2994 598 3062 hujus
627 3005 784 3052 teme
815 3013 990 3053 massa
1037 2999 1278 3067 conjecta
1314 3009 1370 3055 et
1398 3000 1705 3071 planiﬁcata

152 3078 328 3134 diversi
371 3083 586 3152 generis
629 3086 883 3153 plantatis
929 3087 1232 3151 arboribus,
1264 3089 1554 3160 virgultum
1608 3105 1706 3160 pro

150 3169 237 3228 loci
284 3180 578 3246 capacitate
621 3179 752 3235 fecit
802 3197 1094 3238 amoenum.
1122 3183 1344 3253 Insuper
1393 3185 1705 3255 appendicia

152 3263 276 3318 inter
301 3267 472 3321 aulam
499 3276 555 3322 et
572 3269 834 3338 capellam
864 3271 1164 3340 hospitibus
1193 3282 1249 3325 et
1280 3273 1495 3326 familia:
1525 3289 1711 3329 neces-

150 3355 280 3408 saria
307 3355 808 3429 logiasquetnagnte
845 3360 1136 3414 habilitatis
1156 3361 1225 3416 ab
1263 3362 1384 3415 aula
1433 3361 1489 3415 in
1533 3363 1711 3432 capel-

148 3438 264 3507 lam,
291 3454 342 3498 et
367 3459 397 3498 e
426 3461 688 3501 converso
713 3448 995 3512 ducentes,
1017 3447 1226 3517 aliaque
1247 3449 1561 3505 diverticula
1589 3451 1712 3506 tedi-

147 3528 374 3588 t‘tciorum
407 3537 716 3591 construxit
742 3538 938 3592 ibidem
969 3549 1025 3592 et
1070 3538 1364 3607 majoribus
1407 3541 1544 3596 forte
1575 3543 1711 3597 locis

144 3622 440 3689 atupliasset
473 3625 668 3680 :edium
692 3629 1066 3693 accrementis,
1105 3632 1201 3684 sed
1223 3631 1346 3698 quia
1385 3631 1548 3684 situm
1594 3632 1711 3701 ejus

143 3725 243 3766 non
273 3718 432 3770 multa
462 3719 801 3787 gratilicabat
825 3724 1111 3776 atttwttitas
1157 3722 1424 3791 variisque
1472 3724 1712 3778 abunda-

143 3801 227 3857 bat
251 3810 618 3877 proventibus,
649 3813 769 3867 ideo
798 3813 1023 3867 forsitan
1053 3815 1225 3884 ipsum
1256 3815 1448 3869 rariori
1483 3830 1582 3870 nec
1611 3817 1713 3870 mi-

144 3911 260 3953 rum
289 3905 710 3972 prosequebatur
730 3905 942 3961 aiiectn.
981 3907 1140 3974 Apud
1165 3907 1480 3962 Varziacum
1530 3907 1708 3962 aulam

144 3989 491 4061 episcOpalem
536 3995 804 4064 geminam
847 3997 1216 4066 pratgraudem
1245 4007 1302 4052 et
1335 3997 1489 4068 plura
1539 3999 1711 4054 conti.

143 4095 351 4142 nentem
377 4089 680 4144 habitacula
709 4090 930 4159 insuper
955 4089 1204 4145 incendio
1225 4100 1566 4146 concremata
1599 4106 1714 4144 ma-

144 4180 262 4246 gnis
296 4182 643 4238 reazdiﬁcavit
667 4183 988 4252 sumptibus,
1019 4192 1072 4238 et
1116 4183 1170 4238 in
1197 4193 1523 4238 structuram
1555 4185 1714 4249 resti:

144 4269 243 4321 tuit
288 4272 596 4338 clariorem,
639 4288 821 4328 muros
849 4282 902 4328 et
954 4274 1349 4345 propugnacula
1400 4276 1714 4330 munitionis

143 4364 302 4417 castri
335 4366 386 4418 in
415 4365 530 4420 suis
552 4366 920 4420 cacuminibus
947 4382 1047 4435 pro
1075 4364 1265 4433 majori
1306 4376 1460 4435 parte
1499 4368 1712 4436 dirupta

1737 1786 1780 1844 Β

1734 3131 1780 3193 C

1805 552 2138 622 prohibentis
2168 553 2473 608 resistentia
2515 563 2842 623 provocatus
2871 561 3109 622 coaptum
3148 565 3282 620 Opus
3323 551 3377 605 in

1805 641 2179 706 munitionem,
2205 643 2380 697 aulam
2405 644 2672 713 geminam
2693 652 2749 698 et
2784 643 3055 713 Capellam
3086 643 3382 697 nobilitatis

1803 733 2085 802 exquisitae
2137 735 2382 803 provexit
2429 735 2743 789 habitationi
2797 735 2958 804 regite
3005 741 3379 803 congruentes,

1807 823 1986 876 nativa
2018 837 2148 891 rupe
2174 823 2595 893 circumquaque
2625 825 2821 885 excisa,
2856 838 2977 893 quae
3005 837 3101 892 pro
3124 836 3222 876 sua
3267 821 3382 874 lau-

1806 911 1966 966 dabili
1994 912 2392 982 pulchritudine
2414 914 2738 970 intuentium
2763 924 3043 969 morantur
3064 914 3270 978 oculos,
3305 914 3385 967 in-

1807 1005 2009 1059 tuendo
2044 1005 2315 1060 delectant
2343 1008 2551 1062 animos
2575 1021 2630 1062 ct
2659 1009 2988 1064 habitatores
3025 1008 3263 1078 jucunda
3295 1023 3381 1062 rc-

1807 1095 1992 1150 ﬁcinnt
2024 1097 2321 1150 mansione.
2350 1097 2555 1154 Rursus
2589 1101 2784 1154 excisis
2817 1101 2868 1154 in
2897 1100 3163 1168 profundo
3192 1099 3382 1153 subter

1807 1186 2170 1241 aulam'sicca:
2195 1187 2343 1257 rupis
2363 1189 2661 1245 visceribus
2699 1205 2859 1244 cavas
2887 1189 3016 1245 fecit
3039 1191 3104 1244 ad
3135 1190 3381 1246 vinorunt

1807 1275 2107 1329 custodiam
2153 1291 2273 1344 quae
2324 1278 2656 1344 temporibus
2721 1278 3027 1332 ebullientis
3084 1280 3286 1344 aestatis
3330 1288 3388 1336 et

1806 1367 2084 1420 aestuantis
2135 1367 2306 1420 leonis
2361 1369 2495 1422 meri
2525 1378 2708 1438 potum
2755 1369 3009 1423 exhibent
3063 1369 3386 1439 glacialem:

1805 1463 1956 1510 extra
1981 1454 2324 1520 forteritiam,
2349 1459 2443 1510 sed
2477 1467 2655 1512 tamen
2688 1455 2837 1512 infra
2861 1458 2962 1513 loci
2993 1459 3382 1514 continentiam

1807 1547 2078 1615 depressis
2139 1548 2435 1604 muralibus
2499 1550 2946 1614 circumclusam,
3015 1551 3226 1606 stabula
3283 1566 3388 1621 pro

1813 1637 1969 1704 equis
1996 1646 2050 1690 et
2079 1638 2363 1707 grangiam
2394 1641 2708 1708 capacitatis
2739 1641 3015 1697 immensae
3063 1643 3388 1705 construxit,

1810 1742 1909 1782 nec
1932 1728 2118 1796 procul
2147 1729 2214 1784 ab
2262 1731 2345 1785 his
2375 1741 2527 1785 extra
2568 1734 2855 1802 peprisiam
2904 1733 3161 1803 plantavit
3203 1733 3388 1786 vineas

1807 1832 1872 1872 ex
1901 1819 2097 1887 plantis
2135 1820 2466 1875 diversorum
2500 1825 2796 1877 vinctorum
2825 1822 3033 1886 electis,
3066 1838 3186 1891 quae
3217 1831 3390 1876 temn-

1808 1906 2008 1962 lentam
2036 1909 2192 1962 annis
2222 1911 2445 1980 singulis
2476 1911 2706 1966 aﬂerunt
2735 1912 3057 1967 ubertatem.

1880 2016 2122 2082 Qualiter
2148 2019 2409 2088 profectu:
2458 2033 2533 2093 est
2580 2023 2632 2075 in
2675 2022 2931 2075 auxilium
2960 2021 3137 2076 Caroli
3187 2023 3319 2093 regis

2489 2090 2706 2145 Sicilire.

1879 2175 1954 2230 Ea
1986 2185 2303 2246 tempestate
2332 2195 2436 2250 qua
2489 2181 2757 2237 damnata:
2803 2183 3078 2237 memoriae
3135 2184 3388 2255 princeps

1807 2267 2227 2327 nefandissimus
2281 2275 2491 2341 paterni
2539 2274 2760 2330 sceleris
2810 2277 3052 2332 imitator
3080 2275 3390 2333 Manfredus

1809 2357 1950 2414 ﬁlius
1980 2359 2254 2416 Frederici
2279 2364 2548 2432 quondam
2579 2365 2941 2434 imperatoris,
2997 2383 3162 2436 regno
3193 2367 3393 2424 Slciliae
3484 2403 3488 2408 -

1807 2451 2028 2520 proprio
2056 2451 2201 2506 Petri
2251 2455 2576 2523 patrimonio
2617 2465 2669 2510 et
2699 2456 2895 2510 ducatu
2929 2458 3122 2526 Capuae
3159 2474 3392 2528 occupa-

1811 2540 1901 2604 tis,
1928 2555 2016 2596 res
2043 2541 2441 2599 ecclesiasticas
2467 2545 2844 2602 damnabiliter
2869 2548 3157 2613 tractabat,
3186 2561 3394 2606 everte-

1806 2627 1900 2683 bat
1930 2630 2206 2696 ecclesias,
2243 2641 2299 2688 et
2321 2634 2544 2700 fugabat
2579 2635 2847 2703 praelatos.
2883 2635 3084 2692 Vocato
3108 2653 3208 2708 per
3237 2653 3388 2694 sum-

1806 2735 1952 2773 mum
1989 2722 2298 2789 pontiﬁcem
2324 2725 2441 2778 viro
2487 2726 2772 2796 magniﬁco
2792 2725 3006 2792 Carolo,
3042 2729 3184 2799 regis
3214 2729 3384 2784 Fran-

1808 2808 1906 2864 cia;
1932 2809 2061 2877 ﬁlio,
2087 2827 2187 2881 pro
2207 2813 2550 2883 suscipiendo
2587 2831 2757 2886 regno
2803 2815 3104 2884 huiusmodi
3157 2827 3213 2874 et
3258 2820 3391 2876 libe-

1807 2900 1978 2956 rando
2001 2902 2069 2957 de
2097 2903 2345 2959 manibus
2389 2905 2535 2974 impii
2586 2908 2886 2974 memorati,
2918 2923 3284 2979 concessaque
3321 2911 3390 2966 ab

1807 2993 2102 3062 apostolico
2129 2995 2380 3050 omnibus
2410 2997 2463 3050 in
2491 2997 2606 3066 ejus
2636 2998 2894 3053 auxilium
2925 2993 3388 3070 proﬁciscentibus

1810 3091 2151 3152 peccatorum
2177 3081 2398 3140 suorum
2424 3087 2757 3158 indulgentia
2785 3091 3039 3161 generali,
3073 3092 3187 3147 zelo
3223 3095 3386 3148 devo-

1814 3183 1880 3229 ta:
1909 3176 2363 3246 peregrinationis
2399 3193 2658 3236 accensus
2686 3181 2909 3236 Romam
2953 3185 3083 3238 adiit
3129 3185 3182 3238 in
3212 3183 3391 3241 Caroli

1808 3267 2124 3333 subsidium,
2167 3270 2458 3338 apostolica
2510 3281 2686 3327 tamen
2738 3276 3127 3332 interveniente
3170 3277 3387 3333 licentia

1808 3358 2168 3427 proiecturus.
2217 3360 2312 3416 Ubi
2350 3377 2381 3417 a
2414 3365 2755 3418 sanctissimo
2806 3375 2958 3434 patre
2995 3366 3269 3423 Clemente
3298 3369 3388 3434 lV,

1811 3450 2066 3507 Romanae
2094 3453 2347 3509 Ecclesia?
2377 3464 2503 3511 tunc
2533 3457 2870 3525 przesidente,
2925 3466 2979 3512 et
3028 3459 3392 3515 cardinalibus

1810 3543 2106 3598 honoriﬁce
2125 3554 2178 3599 et
2200 3546 2437 3630 gaudens
2466 3557 2729 3615 receptus,
2755 3549 3044 3604 commisso
3068 3549 3168 3604 sibi
3193 3551 3244 3604 in
3275 3550 3391 3620 ipsa

1809 3637 2147 3705 expeditione
2194 3637 2478 3708 legationis
2512 3639 2704 3706 oﬁicio,
2750 3641 2817 3695 de
2848 3644 3099 3698 mandato
3148 3642 3385 3711 ejusdem

1811 3725 2005 3779 summi
2053 3727 2324 3795 pontiﬁcis
2353 3729 2404 3780 in
2454 3729 2711 3782 auxilium
2741 3730 2977 3799 ejusdem
3009 3732 3181 3786 Caroli
3216 3733 3268 3786 in
3303 3751 3389 3787 re-

1811 3830 1929 3885 gem
1971 3817 2302 3881 consecrati,
2336 3831 2458 3872 cum
2512 3819 2701 3872 eodem
2753 3835 2879 3890 rege
2922 3831 2976 3875 et
3002 3820 3117 3891 ejus
3147 3823 3390 3878 exercitu

1799 3919 2058 3974 gressum
2105 3906 2322 3960 direxit.

1882 3995 2124 4066 Cumque
2157 3997 2269 4066 jam
2303 3999 2765 4068 approximassent
2796 3999 3231 4056 Beneventanam
3260 4003 3392 4056 civi-

1815 4094 2014 4151 tatem,
2048 4086 2135 4139 ubi
2185 4087 2365 4140 stabat
2410 4087 2751 4142 adversarius
2799 4103 2918 4142 cum
2969 4088 3392 4146 Alemannorum

1816 4177 2159 4232 multitudine
2193 4177 2479 4243 bellicosa,
2505 4178 2836 4249 jamjamque
2858 4191 3068 4236 starent
3099 4183 3243 4237 acies
3265 4183 3393 4239 hinc

1817 4270 1937 4323 inde
1964 4281 2166 4339 paratae
2194 4270 2484 4340 congredi,
2526 4271 2640 4339 ipse
2667 4278 2724 4324 ut
2745 4280 2862 4325 erat
2885 4273 3051 4327 armis
3084 4273 3230 4327 intus
3261 4273 3398 4328 divi-

1817 4359 1903 4413 nis
1925 4359 2265 4428 praecinctus,
2291 4367 2345 4414 et
2365 4359 2603 4413 exterius
2630 4358 2849 4414 indutus
2875 4361 3220 4426 militaribus,
3244 4371 3396 4416 stans

141 4451 224 4506 vel
249 4455 479 4524 collapsa
503 4458 717 4525 egregie
741 4457 1028 4525 reparavit,
1052 4457 1472 4526 appendiciaque
1491 4456 1713 4527 placidae
1746 4489 1794 4549 Β
1821 4466 1982 4521 super
2010 4453 2151 4521 regis
2181 4453 2480 4506 exercitum
2498 4493 2512 4516 ,
2547 4452 2798 4508 salutaris
2845 4455 3238 4510 exhortationis
3280 4471 3395 4510 scr-

142 4544 441 4599 tnansionis
477 4553 531 4598 et
567 4553 766 4614 apertae
810 4545 1205 4600 commoditatis
1231 4546 1499 4600 exstruxit
1546 4547 1719 4600 muris

142 4630 308 4699 ipsius
336 4636 650 4691 munitionis
693 4635 897 4698 aﬂ‘nlta,
945 4636 1083 4705 apud
1122 4635 1302 4689 villam
1331 4636 1505 4692 Catuli
1555 4652 1720 4706 prope

143 4723 411 4782 Canadam
438 4727 616 4784 locum
641 4728 695 4782 in
718 4726 936 4796 proprio
959 4727 1200 4782 ecclesiae
1226 4727 1342 4782 solo
1365 4728 1716 4792 eminentem,

147 4831 301 4884 quem
323 4819 532 4891 Ligeris
551 4819 864 4882 antecurrit,
892 4819 1027 4874 situs
1046 4819 1358 4873 amoenitate
1369 4818 1720 4888 conspicuum

150 4914 201 4958 et
230 4908 612 4965 diﬁ‘undentem
643 4910 798 4980 longe
843 4909 1024 4964 radios
1072 4909 1299 4964 visionis
1343 4908 1525 4979 elegit,
1566 4907 1720 4979 cujus

121 4995 554 5057 ,oblectamentis
598 4999 824 5054 allectus
889 4999 1284 5068 receptaculum
1334 5000 1602 5067 quoddam
1652 5000 1720 5053 ad

158 5091 535 5144 recreationem
561 5099 766 5144 natura:
789 5097 842 5144 et
868 5089 1108 5144 levamen
1134 5088 1433 5142 fatiscentis
1461 5089 1722 5158 inquietu-

158 5174 308 5244 dinis,
331 5180 472 5234 sicut
499 5179 765 5234 interdum
793 5179 1027 5248 expedit,
1052 5178 1325 5233 inchoavit
1350 5179 1567 5234 ibidem.
1614 5177 1722 5233 Sed

159 5280 246 5333 per
289 5269 594 5339 principem
649 5269 981 5330 saecularem.
1029 5269 1278 5324 videlicet
1344 5278 1470 5324 ante
1518 5269 1720 5324 dictum

159 5355 389 5415 Odonem
420 5361 587 5415 ﬁlium
615 5362 765 5416 ducis
803 5361 1125 5432 Burgundite
1173 5373 1299 5415 tunc
1341 5361 1594 5416 comitem
1632 5359 1725 5414 Ni-

160 5462 467 5504 vernensem
518 5450 620 5506 fuit
655 5451 723 5506 ab
761 5467 924 5522 opere
967 5462 1144 5521 coepto
1197 5451 1522 5521 prohibitus,
1575 5450 1726 5518 cujus

162 5541 569 5611 prohibitionem
605 5544 658 5597 in
701 5544 847 5598 curia
879 5545 1021 5613 regis
1049 5544 1184 5599 adeo
1230 5543 1451 5598 victrice
1476 5555 1726 5598 constan-

162 5635 229 5687 tia
259 5642 576 5702 prosecutus
604 5632 724 5697 fuit,
752 5633 893 5702 quod
928 5633 1142 5688 demum
1167 5634 1219 5687 in
1240 5633 1362 5703 jure
1383 5633 1579 5688 comite
1605 5648 1726 5689 suc-

161 5726 438 5783 cumbente
464 5734 520 5780 et
541 5725 684 5796 regia
716 5725 1024 5781 declarante
1049 5727 1336 5794 sententia,
1369 5726 1510 5796 quod
1539 5727 1603 5781 ab
1643 5727 1725 5782 in-

1825 4559 1980 4598 mone
2027 4543 2302 4613 praemisso
2341 4559 2440 4613 pro
2504 4544 2634 4613 ipsis
2673 4545 2996 4609 animandis,
3043 4546 3108 4599 ad
3164 4561 3396 4618 pugnam

1821 4634 2027 4688 elevata
2058 4649 2217 4688 manu
2244 4635 2488 4699 loricata,
2525 4635 2815 4703 apostolica
2851 4634 3020 4689 fretus
3045 4638 3387 4702 auctoritate,

1823 4739 2009 4780 omnes
2060 4727 2128 4778 ab
2167 4725 2417 4780 omnibus
2463 4726 2700 4796 peccatis
2750 4727 2999 4792 absolvit,
3043 4728 3398 4783 evolationem

1824 4816 1927 4871 illis
1980 4816 2301 4886 promittens
2354 4818 2726 4872 incunctanter
2774 4819 2840 4872 ad
2892 4819 3160 4887 patriam,
3210 4820 3253 4874 si
3303 4821 3393 4890 qui

1825 4906 1961 4961 forte
1996 4906 2290 4961 morientes
2331 4921 2430 4974 pro
2484 4906 2688 4962 viribus
2731 4908 2966 4961 strenuis
3018 4908 3396 4966 debellassent.

1826 4997 2055 5066 Moxque
2097 5005 2156 5051 ut
2201 4996 2597 5066 przedicationis
2642 5011 2753 5050 sua:
2799 4998 3116 5067 exemplaris
3144 5002 3398 5069 probare-

1827 5095 1915 5140 tur
1955 5087 2144 5141 doctor
2199 5102 2306 5140 non
2373 5089 2557 5156 seqi,
2603 5089 2695 5143 sed
2752 5090 3054 5157 prmcedere
3132 5091 3275 5146 visus
3333 5092 3400 5146 ad

1827 5175 2086 5245 prailium.
2123 5175 2299 5228 Tanto
2347 5176 2708 5230 animositatis
2753 5178 2944 5231 ardore
2992 5178 3152 5231 corda
3212 5179 3400 5231 viden-

1830 5268 1961 5321 tium
1993 5266 2373 5331 itiﬁatnmavit,
2421 5267 2561 5337 quod
2604 5267 2800 5336 passim
2855 5283 2952 5335 per
2983 5269 3166 5322 hostes
3206 5278 3259 5321 et
3288 5268 3400 5338 gla-

1829 5359 1946 5414 dios
1991 5359 2259 5413 irruentes
2299 5375 2403 5412 non
2439 5358 2690 5428 aggredi,
2724 5358 2816 5412 sed
2855 5356 3032 5411 furere
3061 5357 3399 5412 videbantur.

1826 5454 1882 5507 In
1913 5468 2020 5521 quo
2055 5466 2347 5522 congressu
2384 5451 2658 5506 modestia:
2707 5449 3029 5519 pontiﬁcalis
3065 5463 3169 5503 non
3214 5451 3401 5504 imme-

1824 5558 1963 5608 mor,
1997 5557 2138 5597 nunc
2183 5542 2328 5597 acies
2373 5541 2724 5609 erumpendo,
2777 5555 2915 5594 nunc
2963 5555 3128 5610 equos
3170 5541 3400 5596 hostium

1824 5633 2000 5703 gladio
2031 5631 2456 5701 prosternendo,
2490 5646 2632 5685 nunc
2690 5629 2972 5686 clamando
3019 5639 3073 5685 et
3114 5633 3400 5687 animando

1825 5735 1976 5796 gestu
2007 5735 2061 5780 et
2088 5726 2283 5796 lingua:
2308 5724 2604 5780 redimebat
2631 5722 2805 5778 oﬁicio
2825 5764 2839 5789 ,
2867 5724 3008 5794 quod
3049 5724 3100 5779 in
3141 5740 3398 5794 personas
