3860 5382
494 343 603 403 389

1323 337 1612 417 APPEND.
1652 344 1745 401 AD
1782 344 1957 402 saec.
1998 345 2068 400 Χ.
2105 373 2175 384 -—
2213 344 2439 403 OPERA
2479 357 2874 425 AAESHOTIKA,

3655 351 3758 410 360

409 468 414 472 '
493 459 732 517 hostium
776 465 1046 518 attentare
1076 467 1293 530 propter
1325 459 1739 531 irregularitatis
1784 460 2079 531 periculum
2109 444 2154 500 Α
2185 475 2215 514 a
2240 461 2398 518 clam:
2425 465 2700 519 memoriae
2735 479 3137 536 consanguineo
3171 481 3269 523 suo
3308 467 3615 524 Theobaldo
3639 484 3758 540 rege

494 550 726 607 forsitan
788 551 1121 619 expavebat,
1175 550 1221 606 si
1274 550 1357 607 fas
1403 552 1477 608 sit
1520 553 1742 608 credere
1782 554 1925 622 quod
1978 554 2078 614 vir,

493 648 755 695 strenuus
804 641 858 694 in
900 638 1050 708 justo
1091 640 1232 697 bello
1257 651 1314 697 et
1348 641 1532 697 lethali
1581 643 1860 709 conllictu,
1885 644 2082 700 ferien-

498 730 642 784 tibus
666 745 827 785 manu
861 739 1047 784 mutua
1076 746 1183 787 non
1216 742 1494 803 repugnet.
1534 732 1776 803 Denique
1806 733 2082 790 Manfredn

492 829 670 877 morte
719 820 948 875 cadente
996 821 1050 875 in
1101 820 1263 888 bello,
1312 823 1533 892 suisque
1558 822 1642 879 vel
1669 824 1844 893 captis
1880 824 1965 878 vel
1994 824 2080 878 fu-

494 909 797 981 gientibus,
828 919 923 964 aut
963 909 1141 980 gladio
1183 912 1495 981 peremptis,
1526 913 1740 983 expleto
1794 913 2081 969 victorioso

493 1003 789 1057 certamine
817 1017 880 1056 ac
904 1003 1023 1073 ipso
1053 1018 1180 1075 rege
1207 1005 1371 1061 totius
1408 1005 1615 1074 Apulia:
1643 1007 1880 1076 regimen
1907 1015 1963 1061 et
1987 1007 2083 1062 do-

493 1097 717 1152 minium
763 1097 1108 1171 tranquillum
1160 1100 1390 1170 adepto,
1442 1115 1564 1155 cum
1615 1099 1732 1169 ipso
1770 1099 2079 1170 aliquandiu

490 1195 882 1263 commoratus,
920 1187 1116 1242 deinde
1141 1187 1259 1242 vale
1313 1188 1458 1243 dicto
1487 1189 1751 1244 recedens
1785 1189 2079 1258 apostolica

497 1278 690 1333 revisit
715 1278 922 1343 limina,
953 1280 1041 1334 ubi
1066 1295 1096 1333 a
1121 1295 1260 1350 papa
1288 1288 1344 1334 et
1368 1279 1628 1337 fratribus
1650 1297 1774 1337 cum
1813 1282 1994 1337 laetitia
2024 1291 2082 1338 et

491 1368 839 1423 veneratione
884 1378 1189 1439 susceptus,
1217 1378 1271 1423 et
1298 1370 1502 1440 aliquot
1529 1371 1719 1426 diebus
1744 1372 2043 1427 immorans
2060 1413 2077 1439 ,

491 1473 559 1514 ac
593 1460 789 1514 deinde
840 1474 962 1513 cum
1016 1460 1312 1529 apostolica
1354 1461 1730 1516 benedictione
1777 1463 2074 1530 recedens,

491 1552 596 1606 iter
639 1565 830 1617 suum,
876 1552 1103 1608 Domino
1143 1567 1463 1622 prosperum
1508 1552 1776 1618 faciente,
1823 1556 1894 1610 ad
1948 1571 2076 1626 pro-

489 1642 605 1712 pria
653 1656 929 1710 regressus
972 1650 1075 1695 est.
1110 1642 1164 1696 In
1196 1641 1347 1710 cujus
1384 1658 1666 1699 occursum
1694 1645 1929 1700 civitatis
1965 1661 2077 1701 suae

489 1731 715 1786 divitum
759 1738 814 1784 et
860 1746 1154 1801 pauperum
1223 1734 1504 1801 utriusque
1553 1748 1715 1788 sexus
1768 1735 1923 1789 turba
1967 1736 2075 1791 ruit

490 1819 709 1882 hilaris.
738 1829 791 1874 et
818 1820 1007 1876 laetitia
1037 1821 1179 1877 facta
1203 1823 1257 1877 in
1286 1824 1481 1894 populo
1504 1824 1656 1894 plebs
1684 1825 1904 1880 humilis
1924 1835 2075 1896 patre

489 1912 760 1974 restituto,
794 1912 1106 1967 drachmam
1136 1915 1404 1983 perditam
1431 1930 1491 1970 se
1531 1924 1744 1985 reputat
1787 1917 2073 1973 invenisse.

490 2002 738 2056 Exsultat
767 2003 945 2058 clerus
973 2004 1214 2069 ecclesia:
1248 2015 1302 2060 et
1330 2022 1453 2060 cum
1478 2008 1823 2077 processione
1847 2008 2074 2067 solemni

490 2106 558 2147 ac
594 2093 893 2147 divinarum
944 2093 1161 2149 laudum
1213 2098 1426 2153 cantico
1473 2107 1748 2169 pastorem
1801 2100 2074 2168 excipiens

380 2168 402 2187 ’
488 2180 716 2237 vocibus
765 2176 1260 2261 altisonis'gratias
1301 2186 1412 2256 agit
1461 2187 1587 2242 Deo.

1011 2274 1088 2330 De
1113 2288 1276 2329 morte
1304 2276 1560 2346 ejusdem.

562 2363 834 2432 Posthac,
863 2380 985 2421 cum
1021 2366 1183 2420 trium
1214 2381 1479 2422 annorum
1528 2376 1581 2422 et
1630 2368 1858 2424 duorum
1913 2384 2068 2425 men-

488 2457 627 2510 sium
664 2455 748 2511 vel
790 2456 1006 2511 circiter
1054 2454 1392 2512 eﬂluxissent
1435 2457 1721 2517 curricula,
1752 2459 2070 2528 aegritudine

486 2546 686 2612 valida,
723 2545 975 2602 videlicet
1024 2544 1171 2601 ﬂuxu
1201 2547 1406 2603 ventris
1432 2557 1488 2602 et
1524 2548 1689 2603 febris
1713 2549 2066 2605 incommodi—

489 2644 602 2690 tate
628 2646 944 2706 correptus,
976 2638 1229 2693 accubuit
1257 2637 1412 2706 quasi
1466 2638 1702 2710 graviter
1744 2637 2028 2694 elaborans
2048 2680 2064 2706 ,

487 2738 751 2793 supremae
790 2724 1053 2779 voluntati
1097 2726 1389 2794 prudenter
1430 2726 1701 2781 ordinavit
1726 2726 1981 2798 elogium,
2012 2727 2063 2781 in

484 2827 618 2882 quo,
646 2810 1005 2868 servientibus
1028 2814 1143 2869 suis
1172 2829 1270 2883 pro
1293 2816 1607 2870 meritorum
1635 2816 1901 2884 cxigentia
1932 2830 2066 2871 con-

484 2901 717 2967 dimatis,
749 2902 1058 2958 thesaurum
1088 2904 1154 2958 de
1182 2905 1339 2960 bonis
1364 2905 1606 2961 ecclesiae
1628 2906 1984 2976 conquisitum
2008 2907 2061 2961 in

485 3007 799 3047 communes
828 2996 1186 3065 erogationes,
1225 2996 1439 3064 publica
1474 3011 1767 3066 pauperum
1798 3014 2063 3053 convoca-

2185 551 2459 620 Navarrae,
2478 563 2533 611 et
2557 556 2756 611 comite
2782 556 3112 629 Campaniae,
3139 560 3571 628 praecedentibus
3599 563 3756 615 meri-

2184 643 2253 697 tis
2286 644 2388 699 sibi
2418 643 2592 711 facta;
2623 654 2679 700 et
2717 648 2770 700 in
2800 648 2961 703 domo
2988 648 3083 703 Dei
3115 650 3217 705 sita
3249 651 3305 704 in
3328 651 3565 707 claustro
3590 651 3761 706 Antis-

2182 733 2482 791 siodorensi
2546 737 2717 792 altare
2762 739 3033 809 quoddam
3105 741 3354 796 similiter
3401 742 3666 810 instituit,
3710 753 3763 799 et

2181 823 2459 893 fundavit,
2509 839 2567 883 et
2637 829 2772 885 alias
2820 831 3168 901 quamplures
3216 834 3334 903 pias
3392 834 3763 905 dispositiones

2177 915 2366 981 edidit,
2397 931 2517 985 quae
2546 918 2597 971 in
2630 919 2798 987 ipsius
2837 930 3095 978 extremm
3137 937 3248 980 suae
3299 924 3593 979 voluntatis
3628 925 3765 980 serie

2180 1004 2390 1073 plenius
2423 1008 2819 1077 exprimuntur.

2249 1094 2382 1150 illud
2408 1112 2621 1167 quoque
2657 1099 2877 1168 planum
2924 1111 2987 1158 et
3022 1108 3211 1159 verum
3251 1114 3336 1161 cst
3379 1106 3523 1176 quod
3551 1123 3615 1162 ex
3665 1122 3767 1176 quo

2180 1185 2440 1241 decubuit
2492 1188 2734 1256 quotidie
2798 1190 2960 1247 horas
3006 1195 3327 1259 canonicas,
3381 1196 3615 1264 quandiu
3673 1194 3767 1250 fuit

2181 1279 2431 1349 loquendi
2471 1283 2839 1351 possibilitas,
2887 1287 3110 1342 devotus
3154 1288 3227 1342 ita
3282 1288 3417 1344 dixit
3454 1298 3548 1343 aut
3578 1289 3766 1344 saltem

2180 1370 2409 1435 audivit,
2444 1386 2500 1425 et
2543 1375 2715 1443 magis
2761 1375 2828 1429 de
2873 1375 3045 1431 salute
3077 1377 3272 1432 anima:
3318 1394 3480 1448 quam
3530 1380 3767 1449 corporis

2179 1461 2412 1517 sanitate
2461 1478 2674 1533 semper
2727 1465 3007 1533 cogitans,
3059 1482 3260 1536 paucos
3307 1474 3375 1523 ad
3419 1483 3478 1524 se
3526 1469 3769 1538 permisit

2179 1553 2439 1608 accedere
2459 1594 2474 1618 ,
2515 1555 2615 1610 nisi
2647 1557 2738 1626 qui
2769 1557 2852 1612 vel
2884 1558 2938 1612 in
2964 1560 3145 1614 anima
3185 1562 3267 1615 vel
3300 1560 3350 1614 in
3379 1576 3607 1631 corpore
3637 1578 3766 1617 eon-

2178 1645 2358 1703 sulere
2402 1657 2621 1716 possent
2665 1650 2737 1703 ei.
2795 1649 3038 1720 Cumque
3060 1651 3172 1720 jam
3199 1668 3265 1707 ex
3307 1654 3484 1709 fluxus
3521 1655 3766 1726 ingrave-

2179 1737 2379 1792 scentis
2430 1745 2710 1794 attenuato
2751 1754 3001 1810 corpore,
3050 1751 3104 1798 et
3141 1743 3399 1801 membris
3422 1746 3591 1816 quasi
3642 1761 3768 1801 cou-

2178 1827 2438 1896 sumptis,
2476 1828 2833 1886 accelerantis
2879 1832 3224 1893 resolutionis
3275 1851 3387 1891 suae
3433 1838 3767 1907 prmsentire:

2177 1916 2513 1981 instantiam,
2544 1928 2603 1973 ut
2643 1920 2710 1974 de
2750 1922 3181 1979 convalescentia
3225 1925 3453 1981 ulterius
3494 1942 3618 1997 spes
3661 1944 3762 1983 non

2175 2013 2348 2071 esset,
2380 2010 2646 2069 sororem.
2676 2019 2922 2079 nepotes,
2946 2023 3156 2082 neptes,
3179 2023 3235 2069 et
3254 2024 3523 2085 quotquot
3544 2017 3765 2071 aderant

2175 2100 2604 2170 consanguineos
2646 2101 2809 2169 jussit
2854 2096 3091 2173 excludi,
3135 2124 3205 2164 ne
3256 2109 3396 2165 forte
3436 2126 3536 2179 per
3577 2127 3761 2166 eorum

2172 2192 2520 2258 praesentiam
2562 2192 2741 2262 aliqua
2797 2204 3026 2252 terrenae
3056 2213 3150 2253 seu
3195 2201 3434 2256 carnalis
3462 2201 3764 2257 aﬂ‘ectionis

2173 2280 2455 2335 meditanti
2491 2292 2843 2351 praestaretur
2863 2288 3097 2353 occasio,
3121 2303 3241 2358 quae
3279 2290 3538 2360 jactatum
3575 2290 3629 2346 in
3664 2293 3763 2347 Do—

2172 2373 2320 2428 mino
2348 2383 2530 2442 posset
2559 2375 2958 2448 interrumpere
2986 2381 3303 2450 cogitatum,
3331 2393 3541 2439 retento
3576 2399 3759 2441 secum

2175 2466 2546 2521 tantummodo
2593 2470 2887 2525 venerabili
2936 2472 3056 2527 viro
3111 2473 3320 2530 Erardo
3378 2485 3507 2532 tunc
3555 2476 3759 2534 decano

2169 2553 2535 2611 Antissiodori
2567 2557 2889 2615 charissima
2922 2571 3117 2630 nepote
3160 2572 3216 2617 et
3262 2579 3577 2622 successore
3627 2582 3758 2632 suo,

2148 2643 2257 2702 θοαί
2304 2663 2639 2718 quascunque
2683 2651 2749 2707 de
2795 2651 2971 2708 salute
3014 2655 3208 2710 animae
3236 2672 3348 2711 suae
3374 2659 3758 2725 occurrebant,

2169 2736 2342 2792 eidem
2375 2725 2712 2795 conﬁdenter
2743 2740 3060 2814 injungebat
3113 2746 3341 2816 agenda.
3370 2745 3586 2813 Quanta
3633 2762 3760 2802 vero

2169 2827 2525 2882 detestatione
2569 2818 2834 2899 arguebat
2860 2845 2919 2885 se
2950 2847 3200 2902 pompam
3244 2835 3426 2890 saeculi
3474 2836 3756 2903 dilexisse,

2167 2926 2369 2987 quanta
2421 2919 2802 2989 deprecatione
2849 2922 3209 2994 vilipendebat
3250 2928 3759 2998 seipsum,quanta-

2165 3024 2273 3079 que
2321 3011 2703 3066 contritiouem
2752 3013 3111 3084 lacrymarum
3143 3016 3417 3074 afﬂuentia
3463 3020 3759 3076 testabatur

485 3079 634 3134 tione
687 3082 997 3150 praemissa,
1053 3097 1160 3137 non
1210 3084 1398 3151 semel,
1443 3086 1536 3141 sed
1585 3086 1803 3156 pluries,
1835 3088 2062 3158 aliisque

2177 3100 2246 3155 ab
2284 3100 2422 3166 illis,
2469 3104 2561 3171 qui
2601 3079 2985 3170 interfuerunt,
3014 3108 3254 3163 auditum
3284 3118 3385 3164 est.
3420 3110 3645 3166 Demum
3667 3127 3758 3167 ex-

485 3170 591 3239 piis
620 3171 792 3225 modis
818 3172 1068 3227 distribui
1100 3181 1363 3241 statuens,
1415 3178 1740 3247 pauperibus
1787 3178 2066 3249 religiosis,
2100 3162 2145 3224 ο
2180 3199 2353 3246 trema
2383 3162 2652 3248 delihutus
2680 3195 2962 3260 unctione,
2988 3196 3115 3252 fecit
3142 3199 3245 3253 sibi
3277 3200 3565 3256 Dominiea:
3583 3202 3758 3257 crucis

487 3262 831 3316 monasteriis
876 3278 986 3316 suae
1013 3263 1262 3318 ditecesis
1291 3279 1388 3334 pro
1421 3267 1665 3336 augendo
1699 3283 1925 3323 numero
1954 3283 2071 3323 ser-

474 3349 749 3404 vientium
802 3351 912 3404 Deo
939 3352 991 3405 in
1020 3351 1153 3407 locis
1182 3353 1294 3408 suis
1322 3354 1538 3425 reliquit
1566 3371 1670 3411 non
1702 3357 1941 3412 modicas
1970 3375 2070 3429 pe-

485 3438 661 3494 cunia:
699 3440 1074 3508 quantitates;
1114 3441 1355 3498 ecclesiae
1408 3459 1538 3499 vero
1586 3445 2068 3512 Antissiodorensi,

486 3543 700 3599 sponsae
729 3544 868 3595 sure,
896 3531 1001 3587 duo
1030 3532 1178 3602 paria
1208 3534 1652 3609 vestimentorum
1682 3538 2067 3606 pontiﬁcaliutn

484 3619 896 3688 pretiosissima,
946 3619 1172 3676 alterum
1214 3625 1500 3680 candidum
1524 3667 1539 3692 ,
1570 3637 1625 3682 et
1664 3628 1892 3684 alterum
1939 3645 2068 3700 pur-

486 3725 739 3779 pureum,
771 3711 1198 3780 ctCambutam;
1246 3714 1447 3787 legavit
1496 3718 1717 3789 insuper
1756 3723 2068 3777 sex~dena-

489 3800 601 3855 rios
642 3802 971 3858 reddituales
1012 3805 1113 3860 sub
1185 3815 1335 3862 certo
1399 3809 1560 3864 modo
1625 3811 1847 3867 cuilibet
1905 3827 2069 3869 cano-

488 3890 613 3945 nico
661 3892 750 3962 qui
795 3907 892 3962 per
933 3892 1074 3947 diem
1145 3894 1200 3949 in
1259 3897 1494 3953 ecclesia
1574 3900 1725 3955 boris
1789 3903 2069 3958 canonicis

483 3981 750 4037 continue
768 3983 1074 4039 interesset.
1129 3985 1214 4040 Ad
1251 3988 1395 4055 quod
1434 3988 1753 4058 explendum
1781 3993 1975 4061 villam~
1999 3994 2069 4048 de

484 4071 760 4129 Lecheriis
788 4089 953 4145 prope
992 4074 1375 4132 Clamiciacum
1415 4094 1536 4132 eum
1578 4083 1918 4149 pertinentiis
1954 4086 2071 4142 suis

486 4173 543 4219 et
571 4179 760 4219 omnes
807 4175 1134 4234 conquestus
1177 4167 1379 4224 fecerat
1407 4170 1552 4226 circa
1592 4174 1806 4228 domum
1833 4174 1901 4231 de
1937 4175 2068 4231 Bre-

484 4256 607 4311 chia
629 4271 795 4327 prope
813 4256 1265 4325 Antissiodorum,
1290 4276 1497 4317 necnon
1526 4264 1705 4320 villam
1733 4267 1800 4322 de
1821 4266 2068 4325 Floriaco

486 4345 816 4402 Senonensis
836 4348 1083 4405 dioecesis
1106 4365 1228 4406 cum
1249 4354 1502 4411 omnibus
1521 4357 1878 4425 pertinentiis,
1902 4374 2066 4429 quam

485 4437 812 4507 acquisierat
840 4453 961 4493 cum
985 4441 1234 4497 omnibus
1248 4446 1597 4512 proventibus
1616 4458 1670 4503 et
1690 4448 2065 4507 emolumentis

2173 3282 2390 3353 signum
2442 3292 2499 3338 et
2543 3285 2714 3340 beatae
2762 3286 3000 3356 Virginis
3051 3288 3336 3360 imaginem
3379 3293 3658 3361 anteponi,
3706 3293 3757 3346 in
3850 3340 3860 3347 .

2171 3388 2307 3442 quas
2350 3374 2588 3430 vicissim
2628 3390 2757 3431 suos
2782 3377 3019 3449 deligens
3047 3380 3252 3444 oculos,
3280 3381 3756 3439 circumstantibus

2170 3466 2219 3519 ei
2251 3466 2570 3534 quibusdam
2610 3467 2869 3524 fratribus
2907 3471 2974 3525 de
3002 3473 3194 3527 ordine
3238 3473 3528 3540 Minorum,
3556 3484 3615 3529 et
3660 3490 3756 3545 pro

2174 3554 2288 3624 ipso
2357 3558 2672 3624 orantibus,
2741 3561 2979 3630 quandiu
3038 3563 3277 3632 perfecte
3328 3580 3411 3620 vel
3456 3554 3755 3637 'semipiene

2170 3644 2395 3700 verbum
2435 3647 2650 3719 aliquod
2690 3652 2863 3719 potuit
2895 3662 3165 3718 eructare,
3187 3656 3393 3712 vicibus
3424 3657 3649 3712 alternis
3670 3658 3751 3712 di-

2172 3747 2295 3789 cere
2338 3751 2444 3791 non
2496 3739 2777 3794 cessavit:
2815 3739 2885 3793 In
2943 3755 3022 3806 te,
3080 3743 3323 3811 Domine,
3371 3748 3603 3817 speravi,
3653 3765 3752 3802 non

2170 3824 2465 3893 confundar
2513 3828 2569 3880 in
2613 3839 2897 3896 retentum;
2956 3831 3025 3886 In
3074 3850 3263 3889 manus
3312 3845 3455 3902 tuas,
3499 3835 3751 3902 Domine,

2172 3918 2473 3973 commendo
2505 3919 2980 3990 spiritummteum;
3003 3924 3126 3991 Ave,
3153 3925 3349 3994 Maria,
3377 3929 3548 3999 gratia
3573 3928 3749 3998 plena,

2172 4003 2649 4074 Dominusitecum;
2681 4008 2879 4076 Marsa,
2918 4023 3087 4068 mater
3104 4018 3319 4084 gratim,
3344 4027 3515 4071 mater
3540 4020 3748 4073 miseri-

2170 4096 2385 4164 cordia,
2431 4108 2487 4151 tu
2542 4116 2635 4154 nos
2689 4101 2755 4155 ab
2799 4104 2944 4158 hoste
2995 4117 3245 4176 protege,
3294 4117 3344 4162 et
3391 4110 3522 4163 liora
3566 4111 3751 4164 mortis

2170 4189 2399 4258 suscipe,
2433 4200 2488 4244 et
2526 4191 2579 4245 in
2625 4192 2707 4249 bis
2731 4193 3110 4266 obdormiens,
3140 4207 3196 4252 et
3221 4199 3463 4270 migrans
3494 4216 3524 4254 a
3552 4202 3750 4256 saeculo

2170 4294 2312 4336 anno
2335 4282 2522 4352 gratiae
2553 4282 2720 4349 1270,
2753 4300 2849 4340 xm
2876 4286 3099 4343 Kalend.
3131 4288 3383 4346 Octobris
3412 4292 3500 4347 die
3533 4291 3587 4346 in
3614 4292 3748 4347 festo

2170 4378 2480 4425 sanctorum
2530 4372 2768 4441 Sequani
2809 4384 2865 4428 et
2906 4374 3169 4445 Ferreoli,
3224 4389 3482 4437 nascente
3535 4396 3732 4435 aurora

2171 4460 2420 4529 spiritum
2469 4463 2781 4529 exhalavit,
2837 4467 3183 4538 sepultusque
3238 4479 3320 4525 est
3368 4471 3511 4526 inter
3557 4472 3746 4527 Patres

482 4524 752 4580 dictarum
806 4542 988 4582 rerum
1053 4528 1249 4602 legavit
1311 4535 1553 4591 ecclesiae
1613 4546 1956 4605 memoratae,
2008 4548 2063 4596 et

2175 4554 2592 4621 praedecessorcs
2620 4570 2750 4610 suos
2788 4556 2841 4610 in
2883 4558 3112 4613 ecclesia
3139 4561 3457 4629 cathedrali,
3489 4562 3645 4631 cujus
3669 4562 3748 4617 fa-

487 4616 791 4685 sumptibus
818 4618 930 4673 suis
962 4635 1048 4674 res
1076 4621 1219 4691 ipsas
1239 4638 1335 4696 per
1359 4636 1705 4684 exsecutores
1726 4642 1851 4685 suos
1880 4627 2061 4687 facere

488 4706 821 4773 amortizari,
851 4708 896 4762 si
925 4725 1043 4779 qua:
1072 4710 1313 4770 feudales
1336 4701 1521 4784 erani,
1550 4718 1821 4788 praecepit.
1852 4718 2060 4778 Rursus

483 4793 682 4863 festum
710 4798 852 4852 beati
881 4798 1166 4871 Augustini
1192 4805 1407 4875 duplex,
1434 4817 1497 4863 et
1524 4809 1718 4866 festum
1760 4812 2059 4870 nativitatis

485 4889 736 4961 gloriosa:
764 4891 1003 4963 Virginis
1027 4895 1265 4953 solemne
1292 4898 1406 4954 fore
1439 4911 1701 4971 perpetuo
1735 4903 1931 4959 ibidem
1981 4905 2061 4961 in-

483 4980 674 5044 stituit,
703 4991 757 5036 et
778 4982 844 5036 ad
863 4984 979 5038 haec
1005 4984 1330 5044 sufﬁcientes
1361 4990 1602 5046 redditus
1625 4994 1902 5058 assignare
1926 5011 2059 5058 pra!-

2164 4659 2252 4699 Isa
2286 4645 2501 4715 publice
2533 4647 2666 4701 vivit
2693 4650 2914 4716 mundo,
2950 4659 3004 4705 et
3038 4652 3218 4706 anima
3247 4656 3561 4723 perenniter
3600 4655 3747 4708 vivat

2162 4734 2292 4789 Deo.
2321 4735 2513 4791 Amen.
2550 4736 2700 4791 Sedit
2738 4746 2916 4793 autem
2955 4738 3314 4796 Antissiodori
3353 4744 3511 4797 annis
3554 4742 3742 4815 viginti

2161 4822 2357 4891 tribus,
2383 4835 2440 4879 et
2462 4827 2735 4882 mensibus
2767 4843 2883 4883 sex.

2160 4930 2291 4988 CAP.
2324 4931 2507 5012 LXIV.
2549 4934 2680 5012 ᾼεεα
2709 4937 2907 5012 domini
2949 4935 3146 5012 Erardi
3179 4938 3540 5012 deLisiginiis
3568 4942 3743 4998 Antis-

2462 5005 2775 5058 siodorensis
2811 5008 3039 5058 enisconi
3056 5019 3107 5058 et
3132 5005 3438 5058 cardinum.
