3860 5382
129 374 212 433 36!
1028 369 1118 425 DE
1141 367 1386 426 GESTIS
1415 368 1632 426 EPISC.
1670 368 2127 425 ANTISSIOD.—
2160 368 2338 424 PARS
2373 369 2413 423 Ι.

3258 357 3368 426 36s

130 491 174 543 in
199 484 432 557 proximo
456 483 944 555 consanguinitatis
972 483 1140 554 gradu
1160 501 1194 548 ,ο
1224 493 1400 538 mater
1441 483 1556 553 ejus
1588 482 1688 538 fuit
1718 468 1760 526 Α
1789 483 1870 537 sui
1925 481 2394 552 perspicacitatem
2443 492 2492 536 et
2543 483 2705 537 studii
2752 483 3088 539 vehementis
3138 485 3372 541 laborio-

129 578 423 646 Margareta,
462 590 721 645 germana
749 574 990 645 prmdicti
1044 573 1306 630 Guidonis
1356 575 1422 630 de
1474 574 1687 632 Helloto

128 666 520 739 pnedecessoris
548 668 655 730 sui,
684 665 838 734 cujus
859 666 1071 737 generis
1094 665 1350 720 nobilitas
1375 666 1687 722 manifesta-

133 772 206 814 tur
239 759 360 813 dicti
411 758 653 829 episcopi
720 759 983 814 Guidonis
1056 757 1374 814 chronicam
1432 757 1683 814 intuenti.

132 851 215 906 llic
267 849 524 916 Erardus,
575 857 782 907 statura
832 849 1074 921 corporis
1123 849 1428 916 mediocri,
1478 849 1684 905 vultum

133 942 514 998 demonstrabat
578 941 880 1009 angelicum
931 949 1078 994 tanta
1149 939 1422 1010 perfusum
1471 941 1684 1010 gratia,

131 1030 249 1098 quod
307 1027 643 1082 intuentibus
705 1028 878 1097 ipsum
930 1041 988 1081 se
1041 1034 1257 1096 gratum
1303 1034 1358 1081 et
1396 1026 1683 1082 amabilem

129 1117 410 1174 exhibebat.
446 1118 503 1171 In
555 1117 768 1187 loquela
812 1115 913 1171 fuit
960 1114 1406 1180 facundissimus,
1440 1117 1514 1170 ita
1543 1116 1687 1186 quod

128 1207 247 1262 alter
273 1205 482 1278 Ulysses
503 1206 683 1276 potuit
707 1205 903 1260 merito
931 1203 1222 1274 appellari;
1255 1204 1308 1257 in
1337 1202 1566 1258 melodia
1595 1219 1688 1257 vo-

127 1296 196 1351 cis
220 1309 337 1350 suos
371 1304 860 1364 contemporaneos
887 1291 1216 1356 excellebat,
1271 1292 1344 1345 ita
1374 1300 1433 1345 ut
1461 1292 1512 1345 in
1540 1291 1688 1346 vocis

127 1387 274 1458 ipsius
311 1386 600 1441 emissione
652 1400 850 1441 sonora
903 1393 1116 1454 poterat
1158 1385 1352 1439 merito
1389 1385 1506 1455 ejus
1540 1385 1688 1441 vocis

127 1476 388 1532 amoenitas
425 1474 678 1530 melodiis
729 1472 1089 1543 philomelicis
1137 1473 1461 1540 comparari.
1509 1473 1576 1526 Et
1624 1472 1688 1526 li-

126 1580 201 1625 cet
224 1570 354 1623 hunc
383 1567 602 1638 generis
626 1566 878 1621 nobilitas
901 1564 1165 1635 potuisset
1202 1564 1254 1616 in
1283 1563 1478 1618 fastum
1509 1563 1683 1618 extol-

126 1660 226 1714 lere
273 1657 623 1721 mnndialem,
674 1670 886 1710 morum
927 1664 1105 1708 tamen
1147 1653 1411 1724 elegantia
1441 1653 1686 1724 praaetnid

126 1765 244 1804 nens
282 1749 452 1820 ipsum
523 1747 579 1802 in
625 1755 772 1801 tanta
848 1744 1149 1799 humilitate
1215 1744 1479 1808 servavit,
1541 1743 1683 1812 quod

126 1841 317 1896 modum
361 1848 634 1893 maturum
664 1836 1077 1907 eLreligiosum
1119 1835 1405 1904 acquirens
1439 1833 1507 1887 ab
1535 1833 1682 1888 omni

126 1930 319 1985 lascivia
350 1943 567 1998 semper
595 1928 802 1982 exstitit
829 1927 1066 1992 alienus;
1106 1934 1160 1980 et
1201 1924 1329 1981 licet
1369 1923 1682 1993 simplicita-

126 2028 221 2074 tem
255 2028 462 2090 gereret
486 2016 872 2082 colutnbinam,
905 2016 958 2070 in
993 2015 1202 2069 tuendis
1231 2022 1408 2068 tamen
1439 2013 1684 2069 ecclesia:

126 2126 221 2164 suae
241 2110 450 2180 juribus
476 2109 851 2179 magnanimus
877 2105 1327 2180 quamplurimum
1355 2105 1680 2171 habebatur;

125 2201 404 2272 largitatem
461 2202 518 2256 in
579 2212 784 2256 tantum
844 2200 1102 2270 diligens,
1171 2198 1315 2269 quod
1371 2197 1685 2268 plerumque

127 2306 278 2349 metas
308 2293 694 2349 transcendere
744 2279 1044 2346 videbatur.
1091 2288 1267 2344 Inerat
1313 2288 1488 2343 eidem
1537 2291 1685 2343 tanta

125 2387 442 2441 liberalitatis
470 2395 523 2441 et
547 2383 897 2454 benignitatis
931 2381 1121 2436 innata
1155 2380 1402 2445 dulcedo,
1425 2380 1566 2449 quod
1595 2396 1685 2434 ru-

123 2479 234 2533 bore
260 2477 599 2532 verecundiae
625 2475 956 2530 adiciebatur
986 2474 1408 2542 quotiescunque
1434 2470 1684 2526 affectum

123 2571 177 2623 ab
213 2571 326 2640 ipso
357 2569 556 2638 aliquid
589 2567 734 2638 juste
765 2564 1149 2636 postulantium
1195 2564 1263 2618 ad
1299 2563 1489 2618 votivae
1515 2577 1684 2617 exau-

121 2661 325 2715 ditionis
351 2659 596 2724 eﬂ’ectum
643 2658 909 2712 deducere
957 2671 1064 2710 non
1111 2654 1345 2709 valebat.
1372 2653 1436 2708 Et
1477 2653 1606 2709 licet
1632 2654 1685 2708 in

121 2750 260 2804 annis
285 2748 581 2818 puerilibus
609 2763 674 2802 ex
716 2746 1068 2816 przerogativa
1117 2745 1421 2800 dileCtionis
1444 2759 1473 2798 a
1501 2759 1687 2814 proge-

120 2840 368 2894 nitoribus
395 2839 510 2893 suis
536 2854 643 2908 pne
670 2838 791 2892 aliis
832 2837 1016 2892 liberis
1064 2837 1176 2891 suis
1204 2834 1363 2890 fuerit
1393 2836 1444 2890 in
1480 2836 1688 2890 deliciis

120 2935 395 2999 ulucatus,
450 2919 763 2988 austeritate
813 2940 994 2987 tamen
1059 2931 1401 2986 ahstinentim
1465 2946 1686 2986 carnem

121 3040 253 3078 suam
285 3027 358 3078 ita
385 3025 644 3090 edomuit,
676 3025 819 3094 quod
858 3025 913 3078 in
947 3023 1158 3078 fervore
1185 3024 1362 3078 anatis
1389 3039 1497 3078 suae
1524 3025 1687 3079 casti-

1787 586 1904 627 Sam
1935 571 2241 641 indaginem
2281 572 2479 642 egregii
2519 573 2886 641 prmdicatoris
2927 589 3120 628 nomen
3157 585 3212 629 et
3249 592 3371 646 gra-

1792 663 1924 716 tiam
1976 663 2310 731 acquisivit;
2368 663 2744 716 austeritatem
2804 663 3145 718 abstinentiae
3200 680 3372 734 quan-

1787 761 1900 807 tum
1938 752 2117 821 potuit
2155 752 2206 806 in
2247 751 2459 806 occulto
2497 753 2763 816 servavit,
2802 761 2858 805 et
2902 761 3123 822 propter
3170 754 3370 810 bonum

1786 844 2056 899 castitatis
2095 845 2286 898 subtus
2320 845 2387 897 ad
2423 858 2644 897 carnem
2689 843 2909 913 gerebat
2956 844 3214 898 cilicium.
3263 845 3369 899 lla-

1786 933 1944 988 bebat
1995 933 2158 987 etiam
2211 941 2320 987 tres
2371 943 2594 986 catenas
2642 941 2928 1002 argenteas
2979 933 3132 987 nodis
3182 934 3368 1002 plenas

1786 1024 2020 1093 quodam
2075 1023 2306 1076 insertas
2357 1021 2670 1086 manubrio,
2726 1037 2790 1075 ex
2842 1022 3036 1091 quibus
3091 1023 3155 1077 de
3209 1031 3369 1076 nocte

1787 1127 2009 1169 carnem
2049 1127 2202 1166 suam
2238 1112 2536 1182 disciplinis
2587 1112 2789 1182 plut‘ies
2836 1112 3168 1182 castigabat,
3211 1118 3372 1182 prout

1787 1203 1904 1258 hac
1929 1218 1997 1257 ex
2027 1202 2287 1257 relatione
2314 1202 2548 1256 veridica
2579 1202 2683 1256 fide
2714 1203 2995 1272 dignorum
3028 1203 3332 1272 accepimus
3351 1243 3366 1267 ,

1789 1295 1882 1364 qui
1920 1292 2036 1362 ejus
2075 1303 2341 1348 secretam
2380 1293 2756 1363 pmnitentiam
2795 1303 3146 1363 agnoverunt.

1859 1386 1960 1441 llic
2005 1385 2248 1442 ecclesiae
2286 1402 2397 1440 sua:
2437 1385 2869 1440 ferventissimus
2903 1394 3110 1439 amator
3143 1384 3367 1456 Capituli

1788 1478 1872 1534 sui
1929 1478 2161 1532 obtinuit
2216 1478 2444 1547 gratiam
2511 1487 2565 1530 et
2625 1477 2863 1531 favorem
2897 1518 2911 1543 ,
2966 1486 3020 1531 et
3083 1486 3370 1548 postquam

1785 1568 2013 1636 adeptus
2045 1566 2144 1620 fuit
2171 1566 2490 1636 episcOpalis
2517 1567 2724 1634 apicem
2761 1567 3072 1636 dignitatis,
3111 1583 3236 1622 raro
3271 1584 3363 1624 ac-‘

1787 1657 1950 1720 cidit,
2017 1655 2142 1709 dum
2198 1655 2426 1710 intraret
2467 1656 2670 1709 dictum
2723 1657 3048 1724 capitulum,
3102 1657 3229 1726 quin
3277 1673 3369 1712 θεέ

1789 1745 1952 1800 clesia
2017 1745 2134 1815 ipsa
2199 1753 2254 1798 et
2314 1744 2604 1815 capitulum
2662 1748 3001 1815 perciperent
3067 1748 3121 1802 iu
3184 1748 3368 1818 aliquo

1785 1835 2171 1890 exuberanlem
2203 1836 2432 1904 gratiam
2465 1852 2574 1890 sua:
2605 1829 2864 1907 largiflute
2917 1838 3196 1893 bonitatis.
3225 1839 3370 1895 Con-

1783 1924 1905 1978 tulit
1936 1924 2098 1994 igitur
2126 1924 2363 1994 praefatis
2392 1926 2633 1981 ecclesia:
2658 1936 2712 1981 et
2740 1927 3003 1998 capitulo,
3038 1929 3164 1983 dum
3195 1930 3365 1986 vitam
3419 1935 3424 1940 ’

1783 2017 2004 2073 duceret
2042 2017 2095 2071 in
2136 2017 2418 2083 humanis,
2458 2018 2593 2073 duos
2627 2020 2845 2089 angelos
2892 2031 3176 2092 argenteos
3211 2022 3365 2077 mira!

1783 2107 2194 2180 pulchritudinis
2222 2117 2276 2164 et
2305 2109 2538 2182 ingentis
2567 2112 2798 2176 valoris,
2843 2127 2964 2167 cum
3016 2112 3256 2182 reliquiis
3290 2112 3359 2170 Β.

1785 2200 1966 2256 Maria:
1993 2200 2332 2272 Magdalenes
2361 2201 2578 2256 insertis
2608 2202 2992 2258 venerabiliter
3025 2203 3082 2257 in
3111 2203 3316 2259 eisdem
3341 2221 3361 2273 δ

1787 2294 1915 2349 item
1945 2309 2164 2349 crucem
2193 2303 2506 2364 argenteam
2534 2295 2760 2364 gemmis
2792 2294 3042 2364 pretiosis
3069 2305 3314 2351 ornatam
3343 2327 3363 2364 δ

1786 2385 1960 2454 pretio
1991 2385 2408 2455 quingentarmu
2439 2383 2695 2438 librarum
2725 2385 3122 2442 Turonensium
3155 2403 3171 2453 ;
3222 2388 3354 2442 item

1787 2473 1927 2529 idem
1976 2473 2214 2544 pontifex
2266 2475 2637 2544 magnanimus
2669 2485 2724 2529 et
2756 2476 3042 2533 munificus
3072 2477 3218 2531 dedit
3267 2494 3360 2532 ca-

1785 2563 1952 2634 pitulo
1992 2562 2136 2618 mille
2173 2563 2339 2617 libras
2374 2562 2711 2618 Turonenses
2760 2565 2828 2618 ad
2865 2567 3358 2635 augmentatioaem

1785 2654 1941 2724 panis
1989 2653 2370 2710 canonicorum
2403 2669 2417 2716 ;
2451 2653 2579 2708 item
2631 2654 2918 2723 quamdam
2971 2655 3185 2709 mitram
3238 2671 3361 2710 cum

1787 2743 2080 2815 pontificali
2109 2744 2308 2798 annulo
2335 2745 2511 2812 pretio
2537 2746 3054 2817 quadringentarum
3101 2747 3362 2802 librarum

1787 2835 2182 2890 Turonensium
2218 2851 2232 2901 ;
2288 2835 2416 2890 item
2469 2837 2693 2891 calicem
2747 2852 2879 2906 pure
2918 2852 3189 2905 aureum;
3231 2839 3364 2894 item

1787 2935 2025 2996 quatuor
2085 2926 2238 2996 paria
2300 2925 2742 2981 indumentorum
2805 2929 3222 2984 sacerdotalium
3284 2931 3368 2984 di-

1788 3033 2072 3073 versorum
2127 3016 2408 3084 colorum,
2469 3026 2581 3072 tam
2633 3019 2698 3074 de
2753 3019 3029 3087 cxamito,
3086 3037 3248 3091 quam
3301 3024 3369 3077 de

122 3125 268 3169 tatem
298 3115 639 3192 laudabiliter
661 3115 969 3184 acquisivit.
995 3115 1051 3170 In
1073 3124 1230 3172 aetate
1257 3125 1464 3180 tenera,
1490 3116 1544 3170 in
1568 3125 1686 3172 arte
1713 3153 1758 3216 Ο
1791 3115 2012 3186 diaspro
2035 3154 2050 3180 ,
2087 3115 2364 3172 videlicet
2415 3116 2481 3171 de
2536 3132 2860 3187 unoquoque
2889 3159 2903 3184 ,
2944 3119 3181 3175 tunicam
3203 3161 3218 3186 ,
3255 3121 3370 3175 dal-

122 3206 352 3259 cantandi
402 3204 504 3258 fuit
548 3205 996 3276 quamplurimum
1046 3205 1307 3260 eruditus.
1336 3204 1686 3262 Postmodum

122 3311 232 3351 vero
261 3297 456 3351 studiis
502 3296 814 3352 liberalibus
857 3297 1086 3351 traditus
1123 3297 1344 3366 pollenti
1398 3296 1578 3350 floruit
1607 3297 1688 3351 in-

123 3390 285 3456 genio,
311 3389 364 3442 in
395 3397 603 3442 tantum
633 3391 774 3458 quod
806 3389 857 3442 in
887 3388 1112 3458 juvenili
1149 3397 1306 3444 mtate
1343 3390 1689 3444 commenda-

121 3479 282 3534 biliter
328 3479 470 3533 rexit
515 3479 568 3532 iu
599 3479 822 3543 artibus,
847 3480 1040 3534 deinde
1080 3479 1234 3546 legali
1263 3479 1505 3534 scientiae
1540 3481 1691 3550 inge-

123 3571 252 3624 nium
284 3587 442 3626 suum
474 3572 545 3625 ita
573 3559 860 3642 applicuit.
903 3572 1045 3641 quod
1085 3573 1200 3642 ipse
1228 3573 1515 3642 acquisivit
1544 3574 1688 3630 illius
1714 3605 1716 3608 ν

126 3661 347 3714 scientiae
400 3663 776 3732 margaritam;
807 3662 1146 3730 postmodum
1171 3663 1238 3715 ad
1274 3661 1411 3730 juris
1441 3665 1685 3718 canonici

127 3749 419 3805 facultatem
473 3768 530 3806 se
595 3752 946 3819 transferens,
978 3753 1321 3810 laudabiliter
1379 3753 1688 3810 licentiatus

125 3837 208 3890 fuit
235 3840 456 3894 Parisiis
483 3841 535 3894 in
567 3841 816 3895 decretis.

188 3932 332 3987 Circa
370 3942 606 4002 tempora
647 3933 736 3987 illa
775 3933 1032 3988 Gaufrido
1081 3935 1288 3989 decano
1341 3933 1687 3989 Antissiodo-

134 4027 266 4077 rensi
294 4024 551 4078 Ecclesia:
588 4025 822 4078 humana
863 4022 1008 4079 sorte
1046 4034 1400 4095 consumpto,
1441 4026 1685 4080 canonici

129 4113 264 4169 dicta
311 4104 558 4170 ecclesiae
596 4117 770 4185 ipsum
809 4117 1075 4171 Erardum
1132 4117 1185 4171 in
1229 4118 1490 4173 decanum
1530 4119 1686 4174 dictae

130 4191 352 4258 ecclesia:
393 4206 731 4259 concorditer
760 4206 1056 4276 elegerunt.
1097 4205 1231 4261 Cum
1273 4217 1452 4262 autem
1492 4209 1543 4262 in
1581 4208 1687 4262 An-

134 4291 488 4348 tissiodorensi
542 4295 780 4349 Ecclesia
809 4296 1153 4350 residentiam
1186 4296 1389 4351 faceret
1425 4311 1687 4366 persona-‘-

133 4379 222 4435 lem
241 4424 255 4449 ,
293 4393 347 4438 et
375 4385 500 4454 jura
529 4385 612 4438 sui
643 4385 937 4440 decanatus
965 4394 1154 4440 contra
1181 4402 1370 4442 omnes
1398 4396 1453 4442 et
1479 4388 1688 4456 specia-

1791 3208 2046 3263 maticam
2086 3216 2141 3262 et
2193 3206 2472 3274 casulam;
2529 3208 2656 3262 item
2707 3209 2810 3262 alia
2858 3209 2966 3264 duo
3014 3212 3166 3279 paria
3211 3211 3368 3266 indu.

1789 3305 2117 3364 mentorum,
2159 3296 2410 3352 videlicet
2441 3295 2509 3352 de
2545 3313 2868 3369 unoquoque
2932 3301 3201 3365 tunicam,
3257 3301 3367 3356 dala

1790 3389 2084 3451 maticam,
2146 3388 2387 3443 casulam
2453 3397 2615 3458 atque
2672 3405 2920 3460 cappam.
2982 3375 3135 3447 Fecit
3195 3391 3362 3447 etiam

1791 3477 1962 3532 multa
2032 3477 2136 3531 alia
2199 3477 2341 3532 bona
2397 3479 2770 3549 episcopatui,
2829 3480 3071 3536 ecclesiae
3120 3490 3174 3535 et
3227 3483 3370 3554 capi-

1791 3567 1904 3622 tulo
1943 3567 2312 3636 supradictis;
2358 3569 2472 3636 ipse
2507 3569 2773 3638 siquidem
2813 3571 3018 3626 servitii
3068 3572 3235 3626 divini
3276 3589 3366 3628 so-

1789 3659 2110 3714 norissimus
2162 3669 2540 3729 concrepator,
2596 3661 2945 3732 ejusdemque
2997 3673 3206 3718 amator
3253 3665 3366 3719 exi-

1789 3749 1965 3813 mius,
2006 3758 2060 3802 et
2099 3750 2506 3805 amantissimus
2545 3752 2854 3821 ampliator,
2897 3755 3138 3810 ordinari
3179 3772 3370 3825 procu-

1789 3827 1928 3895 ravit
1962 3841 2016 3895 in
2040 3841 2497 3897 Antissiodorensi
2535 3843 2800 3911 Ecclesia,
2843 3845 3137 3902 Dominicis
3176 3849 3368 3904 diebus

1791 3933 1930 3986 inter
1964 3933 2255 3988 canonicos
2290 3944 2343 3988 et
2380 3935 2607 3990 clericos
2645 3937 2799 3991 dictae
2841 3939 3085 3993 ecclesiae
3123 3940 3368 3994 dividen-

1793 4024 1908 4078 das.
1947 4024 2077 4079 Item
2120 4025 2260 4094 apud
2308 4025 2750 4082 Bellumreditum
2789 4029 2966 4082 aulam
3002 4046 3197 4085 novam
3234 4047 3368 4086 con-

1791 4115 2018 4180 struxit,
2055 4125 2110 4169 et
2144 4114 2362 4170 domum
2400 4132 2592 4171 novam
2633 4133 2792 4188 super
2841 4129 3048 4188 portam
3100 4137 3222 4176 cum
3270 4123 3366 4177 do—

1791 4204 1967 4258 mibus
2029 4205 2402 4274 adjacentibus
2467 4207 2564 4276 ipsi
2625 4217 2836 4276 portze;
2895 4210 3022 4264 item
3079 4213 3218 4281 apud
3265 4228 3353 4266 ea.

1791 4300 1963 4346 strum
2015 4293 2441 4370 Ajppoigniacum
2477 4310 2588 4350 sua:
2633 4306 2687 4350 et
2733 4299 3190 4366 prmdeeessorum
3239 4317 3370 4356 διιοά

1793 4399 1910 4436 rum
1972 4383 2162 4438 ditioui
2225 4386 2559 4454 subjectum,
2632 4389 2760 4443 licet
2815 4390 3004 4444 incolae
3059 4392 3186 4446 dicti
3263 4394 3367 4450 loci

131 4472 240 4528 liter
268 4486 457 4531 contra
488 4493 640 4532 suum
670 4462 984 4546 praedictum
1017 4478 1339 4553 avunculum
1375 4477 1689 4534 defenderet
1715 4495 1766 4555 Ι)
1794 4474 2040 4528 servituti
2087 4489 2280 4529 manus
2333 4487 2560 4532 morture
2585 4519 2600 4542 ,
2659 4477 2848 4540 tallize,
2893 4479 3002 4534 alto
3053 4488 3108 4534 et
3157 4483 3318 4537 basso
3345 4525 3384 4554 ,j

131 4564 382 4629 animose,
413 4564 637 4618 duorum
669 4577 930 4618 annorum
957 4563 1039 4618 vel
1067 4565 1210 4622 circa
1243 4565 1535 4620 labentium
1566 4581 1692 4622 cur-

134 4651 286 4707 riculo
332 4654 572 4708 Ecclesia
612 4654 1100 4710 Antissiodorensis
1152 4671 1247 4724 per
1285 4665 1512 4711 mortem
1553 4657 1684 4711 dicti

137 4743 353 4813 episcOpi
403 4743 665 4799 Guidonis
701 4745 948 4798 avunculi
986 4745 1069 4800 sui
1105 4746 1336 4814 pastoris
1373 4733 1566 4800 solatio
1597 4746 1689 4802 de-

135 4831 331 4898 stituta,
391 4835 634 4890 canonici
695 4821 858 4890 dictae
921 4823 1173 4891 Ecclesiae
1236 4836 1303 4890 ad
1369 4835 1686 4892 electionem

135 4913 282 4976 futuri
309 4913 580 4993 pontificis
608 4925 962 4994 procedentes
993 4925 1165 4994 ipsum
1201 4925 1465 4980 Erardum
1488 4965 1504 4991 ,
1555 4927 1687 4998 dog-

135 5011 406 5067 matizante
434 5012 688 5080 Domino,
722 5013 777 5067 in
817 5013 1122 5082 episcopum
1156 5017 1254 5084 per
1281 5014 1509 5069 formam
1538 5020 1689 5071 conia

137 5101 362 5165 promissi
393 5105 734 5158 concorditer
763 5101 1075 5172 elegerunt,
1104 5103 1380 5174 factusque
1407 5104 1691 5176 episc0pus

138 5191 380 5268 subjectos
427 5201 557 5249 suas
602 5203 869 5251 consueta
929 5197 1178 5251 tractaVit
1227 5200 1684 5265 mansuetudine,

238 5282 425 5306 .o-‘——"
496 5282 628 5306 εκ---
699 5282 872 5308 -~—;‘-.l.n
931 5285 1070 5308 “‘Mo.

1080 5296 1319 5310 ...-I;A—;n
1376 5296 1582 5312 οισι-ιιι..
1638 5296 1689 5312 Α.

1797 4564 1862 4618 ad
1924 4563 2127 4618 domini
2194 4565 2523 4620 voluntatem
2580 4577 2634 4622 et
2692 4569 2936 4638 pluribus
2998 4580 3180 4626 essent
3245 4573 3368 4627 aliis

1794 4655 2143 4710 servitutibus
2171 4657 2459 4727 subjugati,
2490 4669 2692 4716 rectam
2731 4669 2910 4714 tamen
2949 4661 3213 4716 decimam
3251 4663 3368 4718 bla-

1794 4744 1881 4808 di,
1928 4744 2038 4798 viui
2078 4755 2132 4800 et
2174 4745 2402 4800 aliorum
2449 4747 2719 4801 fructuum
2765 4763 2833 4800 ex
2881 4750 3208 4818 agricultura
3248 4768 3372 4822 pro-

1794 4831 2125 4888 venientium
2178 4832 2553 4904 contra‘legis
2602 4828 2797 4892 divinae
2843 4839 3134 4896 salutarem
3185 4845 3374 4897 obsera

1798 4929 2040 4981 vantiam
2096 4944 2268 4998 usque
2328 4930 2396 4984 ad
2454 4915 2542 4983 illa
2600 4943 2842 5001 tempora
2893 4921 3108 5003 semper
3163 4933 3377 4991 solvere

1796 5027 2122 5083 renuerunt,
2180 5019 2283 5074 iste
2334 5021 2598 5090 siquidem
2644 5023 2988 5079 liberalitatis
3032 5027 3132 5080 sibi
3177 5027 3372 5090 nativa

1795 5102 1974 5161 motus
2021 5107 2280 5163 instinctu
2322 5111 2719 5183 pastoralisque
2767 5111 3154 5170 sollicitudinis
3188 5114 3373 5169 incitas

1795 5202 1986 5278 mento
2030 5196 2278 5266 pulsatus
2332 5197 2620 5255 affectabat
2664 5211 2720 5256 et
2776 5200 2921 5270 ipsos
2977 5204 3263 5257 restituere
3315 5201 3376 5254 li-

1795 5285 1991 5314 LH-IAI:
2035 5295 2082 5314 Α.
2135 5289 2336 5314 ..θήλειαι-ιε
2388 5291 2640 5314 ν.--2..--11-
2693 5292 2995 5314 -..οξ-..-Ψιααρ
3070 5295 3206 5314 ο---
3258 5293 3377 5314 ξ..-Α
