3918 6316
539 353 648 411 365

1359 342 1648 403 sereno;
1689 343 1781 400 Al)
1813 341 1986 400 ssc.
2015 342 2083 399 x.
2122 373 2191 386 -
2228 342 2455 401 OPERA
2494 311 2896 402 mtuam.

3679 350 3768 409 564

542 474 741 541 garum
773 506 788 531 ,
846 471 903 519 et
956 477 1056 534 pro
1112 461 1229 533 ejus
1288 461 1659 519 concessionis
1714 456 1997 527 repensiva
2058 456 2126 511 de
2152 458 2201 520 Α
2229 465 2353 512 sent
2391 457 2689 524 curricula,
2731 458 2876 513 inter
2898 458 3072 529 ipsum
3099 455 3412 531 episcopum
3450 467 3506 515 et
3540 458 3771 522 Joannem

540 571 811 615 consensu
863 554 946 610 sui
991 553 1212 624 capituli
1260 554 1574 609 servitutem
1620 564 1813 625 manus
1859 555 2121 613 mortua},

541 652 697 707 linea:
732 647 953 704 humani
986 646 1198 718 generis
1236 645 1573 707 inhumanre,
1606 641 1675 697 de
1708 640 1828 695 loco
1865 637 1955 693 illo
1987 646 2125 693 tota-

541 741 668 796 litcr
714 737 1022 800 abdicavit,
1077 744 1133 791 et
1172 735 1377 790 talliam
1415 732 1728 805 praedictam
1761 729 2125 785 voluntariam

543 832 610 885 ad
644 830 818 885 octies
856 828 1041 897 viginti
1081 826 1251 881 libras
1285 825 1633 880 Turoneuses
1676 823 1840 876 annui
1880 820 2125 876 redditus

543 922 871 987 coarctavit;
894 928 1267 975 verumtamen
1286 918 1338 972 in
1355 917 1707 973 concessione
1719 916 1876 969 dicta:
1899 914 2126 969 decima:

544 1014 875 1087 episcopales
901 1013 1143 1068 redditus
1172 1011 1225 1066 in
1251 1011 1504 1066 trecentis
1533 1010 1686 1065 libris
1714 1007 2126 1062 Turonensibus

546 1107 976 1174 redditualibus,
1022 1116 1076 1161 et
1126 1104 1357 1175 amplius
1412 1101 1801 1176 angmentavit.

614 1201 749 1256 ltcm
803 1215 833 1254 a
877 1197 1151 1254 nobilibus
1177 1196 1311 1251 viris
1338 1193 1539 1249 Milone
1593 1194 1658 1249 de
1712 1191 2125 1254 Antissiodoro,

544 1301 603 1350 et
650 1290 861 1348 Joanne
920 1289 1038 1360 ejus
1101 1286 1272 1342 fratre
1331 1284 1598 1340 militibus
1656 1282 1911 1347 furnum,
1968 1280 2129 1350 justi-

547 1383 715 1447 tiam,
763 1389 819 1435 et
868 1379 1055 1451 plures
1131 1393 1220 1432 res
1273 1375 1409 1430 alias
1469 1389 1605 1444 quas
1658 1372 1932 1428 habebant
1985 1369 2128 1440 apud

542 1471 865 1542 praedictum
893 1467 1356 1539 Appoigniacum,
1407 1463 1781 1534 comparavit,
1827 1471 1883 1518 et
1927 1463 1981 1517 in
2027 1462 2129 1516 hoc

546 1563 884 1636 cpisc0pales
930 1560 1173 1617 redditus
1221 1559 1276 1614 in
1326 1566 1519 1628 quater
1564 1556 1756 1627 viginti
1812 1555 1965 1612 libris
2016 1553 2129 1608 Tu-

547 1652 872 1710 ronensibus
904 1649 1293 1706 redditualihus
1335 1646 1633 1717 ampliavit.
1664 1645 1796 1700 Item
1848 1642 2011 1697 insui
2053 1641 2132 1695 ul-

546 1746 685 1800 tima
749 1742 1027 1799 voluntate
1083 1757 1248 1812 super
1301 1738 1571 1811 praedictis
1632 1736 1949 1809 acquisitis,
2012 1750 2134 1806 quae

548 1836 758 1893 fecerat
804 1834 946 1904 apud
982 1831 1408 1905 Appoigniacum
1447 1829 1591 1885 ultra
1627 1829 1914 1900 praedictas
1941 1837 2137 1899 quater

547 1925 739 1997 viginti
774 1923 943 1979 libras
968 1921 1328 1986 reddituales,
1368 1920 1599 1977 contulit
1643 1919 1884 1976 ecclesia:
1926 1919 1987 1974 B.
2017 1918 2138 1974 Ste-

551 2015 718 2086 phani
747 2014 939 2086 viginti
974 2013 1141 2069 libras
1181 2011 1525 2068 Turonenses
1571 2011 1735 2066 annui
1776 2010 2025 2065 redditus
2051 2010 2139 2065 die

552 2105 638 2161 sui
692 2104 1049 2160 anniversarii
1095 2103 1429 2159 dividendas.
1460 2102 1591 2158 Item
1631 2101 2009 2158 scholastriam
2038 2101 2140 2157 Ec.

552 2195 735 2252 elesiae
785 2194 1275 2251 Antissiodorcnsis
1338 2194 1405 2249 de
1458 2195 1619 2250 rebus
1676 2194 2017 2264 episcOpatns
2081 2193 2139 2247 in

554 2286 743 2340 decem
779 2284 933 2340 libris
961 2283 1367 2340 Turonensibus
1397 2283 1789 2340 redditualibus
1818 2283 2094 2354 ampliavit
2119 2298 2135 2349 ;

550 2375 819 2445 ampliora
856 2376 997 2431 bona
1033 2375 1287 2446 sperabat
1325 2374 1534 2431 ardenti
1565 2374 1836 2431 desiderio
1863 2374 2024 2430 dicta:
2057 2388 2143 2430 ec.

556 2465 740 2521 clesizc
772 2480 832 2521 se
866 2464 1170 2528 facturum,
1225 2466 1327 2521 nisi
1385 2474 1495 2520 tam
1540 2464 1690 2520 brevi
1738 2474 1978 2536 tempore
2022 2463 2144 2519 uni-

552 2570 728 2612 versa:
744 2556 928 2612 carnis
951 2557 1256 2613 inevitabile
1277 2556 1515 2612 debitum
1537 2556 1874 2613 exsolvisset.
1900 2555 2141 2612 Duorum

561 2648 835 2719 siquidem
884 2662 1150 2704 annorum
1206 2648 1291 2705 vel
1341 2649 1488 2703 circa
1543 2649 1783 2704 currenti
1814 2648 2138 2714 intervallo,

566 2738 695 2794 dum
725 2739 867 2810 apud
895 2740 1231 2796 Charitatem
1262 2755 1428 2811 super
1452 2740 1695 2812 Ligerim
1724 2748 1968 2813 tempore
1997 2743 2143 2813 prio-

557 2830 640 2886 ris
673 2830 923 2897 Milonis,
957 2833 1247 2901 quamdam
1299 2831 1581 2887 mulierem
1628 2830 1960 2903 Burgensem
2013 2831 2142 2887 dicti

557 2922 762 2991 prioris
829 2931 1135 2992 suspectam
1202 2921 1271 2976 de
1325 2921 1518 2977 haeresi
1582 2920 1743 2976 vellet
1795 2922 2141 2990 examinare,

560 3025 619 3070 et
660 3013 837 3071 dictus
884 3015 1035 3086 prior
1081 3015 1208 3071 licet
1252 3014 1453 3085 pluries
1494 3014 1735 3070 monitus
1784 3015 1986 3071 dictam
2024 3031 2145 3070 mu-

558 3107 748 3162 lierem
784 3106 836 3161 ei
877 3107 1090 3161 tradere
1139 3115 1447 3174 recusaret,
1485 3107 1770 3177 episcopus
1807 3108 2008 3164 dictam
2040 3107 2143 3163 vil-

561 3197 672 3250 lam
704 3195 940 3267 generali
977 3196 1259 3268 supposuit
1294 3196 1604 3253 interdicto.
1642 3198 1829 3255 Dictus
1876 3199 2145 3269 siquidem

559 3288 715 3358 prior
769 3296 825 3342 et
876 3287 993 3358 ejus
1042 3288 1293 3344 monachi
1331 3288 1382 3344 in
1418 3289 1789 3361 prrejudicium
1824 3290 2148 3362 episcopalis

559 3368 961 3446 iurisdictionis
994 3378 1197 3434 dictum
1246 3380 1594 3436 interdictum
1644 3381 1849 3437 violare
1901 3398 2011 3440 non
2049 3397 2146 3440 vc-

564 3478 788 3535 rentes,
843 3484 1072 3541 corpora
1122 3471 1495 3527 decedentium
1536 3472 1805 3529 faciebant
1838 3475 2054 3546 sepeliri
2092 3475 2147 3531 in

567 3558 899 3614 eoemeteriis
933 3560 1091 3616 dictae
1124 3560 1281 3616 villae.
1319 3562 1399 3617 Ex
1437 3562 1541 3619 hoc
1588 3572 1770 3619 autem
1821 3575 2149 3636 procurante

568 3650 794 3706 humani
833 3651 1050 3722 generis
1088 3652 1340 3719 inimico,
1393 3654 1535 3710 inter
1565 3655 1876 3727 episcopum
1912 3666 1967 3713 et
1999 3657 2149 3729 prio-

568 3754 687 3795 rem
727 3740 1012 3810 praefatum
1049 3758 1242 3814 graves
1275 3743 1497 3800 fuerunt
1533 3746 1817 3804 discordiae
1854 3750 2147 3805 suscitatm.

570 3828 682 3887 Sed
712 3831 971 3899 ‘finaliter
1018 3842 1346 3903 procurante
1391 3836 1538 3892 dicto
1578 3838 1863 3909 episcopo,
1914 3840 2155 3902 median-

566 3919 720 3974 tibus
776 3920 1187 3992 archiepiscopo
1236 3921 1538 3979 Senonensi
1585 3934 1640 3980 et
1684 3927 1880 3981 abbate
1927 3926 2145 3983 Clunia-

570 4008 755 4075 censi,
788 4009 855 4064 ad
886 4011 992 4065 hoc
1018 4011 1238 4066 devenit
1266 4014 1541 4081 negotium
1571 4014 1940 4084 supradictum
1960 4056 1975 4082 ,
2007 4018 2154 4088 quod

573 4099 721 4155 dicta
780 4099 979 4155 mulier
1031 4102 1244 4156 exstitit
1290 4103 1435 4158 dicto
1484 4105 1739 4176 episeopo
1787 4105 2046 4176 liberata,
2100 4118 2157 4165 et

573 4191 719 4260 quod
769 4206 912 4246 unus
957 4190 1026 4246 de
1081 4193 1361 4248 monachis
1405 4194 1474 4250 de
1518 4196 1778 4266 praedicto
1823 4201 2154 4256 monasterio

572 4301 676 4355 pro
715 4285 998 4351 omnibus,
1037 4286 1129 4356 qui
1165 4296 1225 4342 ut
1260 4287 1611 4344 interdictum
1652 4289 1889 4346 ferretur
1935 4293 1991 4347 in
2029 4293 2155 4349 villa

578 4376 869 4446 praedicta,
912 4386 968 4430 et
1014 4377 1067 4430 in
1116 4377 1404 4433 violatione
1447 4379 1689 4450 ejusdem
1735 4383 2007 4439 interdicti
2051 4385 2161 4441 eul-

577 4467 783 4539 pabilcs
830 4467 1190 4534 exstiterunt,
1229 4468 1507 4525 humiliter
1550 4480 1605 4527 et
1653 4472 1844 4530 devote
1890 4474 2044 4532 ﬂexis
2074 4491 2161 4547 ge-

578 4561 742 4616 nibus
787 4560 935 4616 dicto
983 4561 1239 4631 episcopo
1288 4563 1646 4634 supplicavit,
1698 4576 1757 4621 ut
1809 4567 2158 4625 interdictum

578 4648 748 4703 latum
797 4649 849 4704 in
886 4650 1029 4704 dicta
1072 4650 1197 4706 villa
1234 4651 1536 4719 relaxaret,
1566 4662 1621 4709 et
1653 4655 1827 4710 eidem
1869 4658 2157 4728 episcopo,

578 4748 692 4794 tam
751 4756 848 4810 pro
900 4739 1228 4807 interdicto,
1282 4759 1442 4815 quam
1497 4760 1598 4815 pro
1648 4746 1941 4804 violatione
1991 4750 2163 4820 ipsius

586 4832 914 4888 emendavit.
949 4833 1294 4905 Fuerantque
1322 4836 1512 4909 viginti
1548 4853 1772 4908 corpora
1804 4848 2047 4897 extracta
2092 4843 2163 4897 de

582 4930 733 4977 terra
755 4963 770 4986 ,
807 4938 926 4993 quae
955 4925 1161 4994 sepulta
1194 4924 1411 4982 fuerant
1434 4968 1448 4992 ,
1480 4928 1712 4985 durante
1749 4930 2034 4986 interdicto
2074 4932 2157 4988 di-

580 5020 705 5079 cto,
750 5013 804 5069 in
847 5017 1176 5073 cmmeteriis
1222 5021 1566 5085 memoratis,
1615 5030 1669 5077 et
1709 5021 2047 5080 absolutione
2091 5025 2162 5080 ab

578 5098 834 5174 episeopo
865 5103 1086 5161 obtenta
1106 5147 1121 5170 ,
1163 5105 1381 5163 fuerunt
1415 5125 1580 5179 super
1615 5118 1816 5167 terram
1848 5113 2115 5184 insepulta
2143 5155 2159 5181 ,

584 5207 870 5267 quousque
922 5210 1103 5253 sermo
1153 5186 1420 5270 generalis
1474 5202 1651 5256 factus
1701 5202 1896 5261 fuisset
1946 5207 2014 5262 ad
2064 5222 2162 5276 po-

582 5283 771 5355 ptdum
826 5286 881 5342 in
928 5287 1162 5344 ecclesia
1212 5289 1274 5344 B.
1326 5290 1477 5346 Petri
1527 5292 1595 5349 de
1645 5293 1922 5363 Charitate
1975 5297 2164 5365 praedi-

541 5371 708 5443 ‘cta,
765 5386 823 5433 et
878 5378 1045 5435 missa
1097 5395 1200 5451 pro
1257 5381 1526 5440 defunctis
1588 5385 1883 5444 celebrata.
1949 5387 2159 5456 Quibus

586 5469 664 5525 sic
693 5470 860 5537 actis,
904 5471 1046 5527 dicta
1087 5487 1316 5546 corpora
1355 5473 1587 5533 fuerunt
1626 5478 2012 5536 ecclesiasticae
2054 5490 2168 5537 tra-

587 5561 700 5617 dita
749 5564 1062 5634 sepulturae.

658 5652 798 5709 Dum
842 5669 971 5713 vero
1008 5667 1245 5729 quatuor
1283 5674 1551 5718 annorum
1584 5670 1636 5719 et
1669 5665 1899 5734 amplius
1922 5663 2170 5724 -emuxis-

2227 546 2296 603 de
2321 545 2581 603 Cabilone
2602 589 2617 614 ,
2650 549 2908 604 comitem
2956 548 3524 618 Antissiodorensem~,
3550 562 3666 609 orta
3700 569 3771 614 est

2226 639 2448 710 grandis
2500 639 2806 706 dissensio,
2867 641 3253 712 proterviaque
3310 643 3531 698 comitis
3586 646 3771 704 crebre-

2227 738 2450 793 scente,
2506 729 2630 784 dum
2682 730 2861 786 dictus
2913 745 3096 785 comes
3139 729 3264 800 jura
3312 731 3773 793 Antissiodorensis

2232 819 2493 875 Ecclesiae
2544 818 2751 874 violare
2808 829 2864 874 et
2919 820 3174 875 invadere
3228 829 3541 885 conaretur,
3598 822 3772 881 dictum

2228 912 2524 977 comitem,
2580 919 2636 967 et
2688 910 2807 979 ejus
2860 927 3087 967 uxorem
3145 911 3310 967 ferire
3366 928 3621 968 mucrone
3669 930 3776 971 ana-

2230 999 2486 1055 thematis
2513 1014 2619 1056 non
2650 1000 2906 1071 neglexit.
2948 1001 3016 1056 Et
3055 1002 3184 1056 dum
3212 1016 3398 1057 eomes
3430 1010 3485 1056 et
3526 1003 3635 1072 ejus
3663 1020 3777 1062 uxor

2227 1089 2282 1145 in
2314 1105 2409 1144 sua
2441 1090 2641 1144 malitia
2674 1092 3066 1159 perdurarent,
3094 1101 3154 1146 ut
3187 1091 3333 1160 ipsos
3364 1094 3535 1164 magis
3560 1094 3778 1150 ecclesia-

2229 1182 2363 1236 stica
2408 1182 2672 1237 severitas
2713 1191 3020 1249 coerceret,
3063 1184 3341 1239 civitatem
3384 1184 3778 1243 Antissiodoren-

2229 1283 2369 1336 sem,
2406 1271 3026 1345 suburbiattotamque
3077 1282 3313 1340 terram,
3364 1286 3528 1344 quam
3557 1276 3777 1332 ‘habebat

2230 1362 2410 1418 dictus
2432 1376 2616 1418 comes
2644 1364 2700 1418 in
2731 1364 2989 1419 comitatu
3033 1364 3496 1421 Antissiodorensi
3517 1404 3532 1431 ,
3572 1368 3777 1437 generali

2230 1458 2514 1529 supposuit
2570 1458 2880 1515 interdicto.
2934 1460 3005 1516 Et
3046 1460 3175 1516 dum
3223 1458 3404 1519 dictus
3449 1477 3625 1518 comes
3670 1462 3776 1520 facti

2232 1549 2318 1605 sui
2375 1549 2640 1606 malitiam
2693 1551 2961 1607 niteretur
3008 1552 3389 1623 appellationis
3441 1554 3671 1610 remedio
3711 1570 3779 1611 eo-

2232 1641 2438 1708 lorare,
2485 1642 2600 1712 ipse
2637 1642 2840 1711 jurium
2886 1643 3131 1699 ecclesize
3172 1659 3282 1700 suae
3325 1645 3621 1715 acquisitor
3654 1647 3779 1702 iude-

2235 1731 2442 1800 fessus,
2498 1749 2599 1805 pro
2649 1735 2819 1805 ipsius
2873 1735 3121 1791 ecclesia:
3167 1735 3386 1805 juribus
3442 1736 3602 1791 vitam
3653 1753 3777 1793 suam

2165 1811 2211 1872 Β
2237 1825 2494 1898 periculis
2541 1840 2815 1897 exponere
2863 1841 2971 1882 non
3022 1827 3325 1883 formidans
3376 1842 3477 1898 pro
3523 1829 3671 1884 dictis
3705 1830 3776 1900 ju-

2238 1916 2389 1971 ribus
2420 1916 2771 1972 defendendis
2802 1919 2870 1972 ad
2920 1916 3228 1973 Romanam
3275 1920 3487 1974 curiam
3535 1934 3591 1976 se
3629 1928 3778 1976 trans-

2238 2006 2520 2065 ferendum
2576 2009 2754 2064 studio
2781 2010 2883 2080 piae
2927 2010 3333 2066 deliberationis
3363 2012 3541 2084 elegit.
3582 2011 3642 2067 Et
3678 2013 3778 2068 licet

2237 2101 2294 2156 in
2349 2100 2610 2172 praedicto
2657 2101 2878 2172 negotio
2930 2102 3163 2158 viriliter
3210 2118 3270 2158 se
3326 2103 3579 2169 haberet,
3632 2114 3774 2159 morte

2238 2202 2425 2261 tamen
2484 2204 2793 2263 praeventus
2851 2194 2980 2250 illud
3038 2195 3187 2250 finali
3248 2192 3466 2251 effectui
3519 2195 3778 2251 nullatenus

2239 2283 2593 2354 maneipavit.
2641 2282 2793 2338 lllum
2822 2283 3125 2354 siquidem,
3176 2284 3332 2355 cujus
3377 2284 3512 2340 odor
3554 2285 3692 2339 fama
3718 2300 3778 2339 re-

2243 2376 2433 2433 dolens
2453 2376 2566 2448 jam
2605 2392 2712 2433 non
2749 2377 2921 2433 solum
2960 2379 3013 2433 in
3048 2378 3389 2436 Francorum
3420 2379 3632 2450 regione
3655 2393 3774 2433 ama-

2240 2468 2382 2535 bili,
2442 2484 2631 2524 verum
2684 2470 2848 2525 etiam
2908 2470 2964 2525 in
3023 2472 3243 2543 regione
3299 2472 3483 2528 ltalica
3521 2470 3776 2541 conﬂagra-

2239 2568 2370 2627 rat,
2429 2559 2683 2614 dominus
2733 2559 2970 2616 Joannes
3024 2577 3163 2631 papa
3219 2562 3520 2630 vigesimus
3574 2560 3774 2631 primus,

2247 2660 2301 2707 et
2331 2664 2523 2706 omnes
2557 2649 2863 2706 cardinales
2895 2650 3194 2707 honorifice
3222 2659 3562 2722 receperunt.
3595 2649 3653 2704 Et
3676 2650 3774 2702 dum

2242 2743 2391 2799 circa
2422 2743 2653 2797 duorum
2703 2756 2968 2804 annorum
3024 2743 3260 2813 Spatium
3313 2742 3369 2796 in
3417 2741 3556 2797 dicta
3601 2740 3776 2809 regione

2248 2833 2442 2890 fuisset
2486 2834 2919 2902 mansionarius,
2980 2835 3104 2902 ille,
3152 2835 3242 2905 qui
3301 2835 3356 2889 in
3408 2832 3628 2903 regionis
3674 2827 3774 2884 Gal-

2244 2925 2438 2981 licanze
2475 2925 2739 2996 temperie
2783 2926 2963 2981 fuerat
3012 2926 3321 2991 enutritus,
3367 2924 3669 2980 ebullientcs
3702 2935 3774 2974 ca-

2244 3015 2395 3071 iores
2441 3013 2588 3070 illius
2633 3014 2874 3086 regionis
2927 3013 3071 3071 ferre
3120 3029 3227 3069 non
3280 3014 3499 3079 valens,
3542 3011 3698 3067 febres
3733 3014 3775 3060 et

2246 3102 2453 3160 ﬂuxum
2507 3106 2721 3161 ventris
2773 3106 2992 3176 patiens
3043 3107 3384 3176 aegritudinis
3429 3105 3678 3161 chronica:
3714 3102 3777 3155 in-

2249 3197 2422 3251 currit
2450 3197 2815 3252 incommoda.
2849 3197 2903 3253 lu
2932 3200 3152 3267 regione
3198 3208 3381 3259 tamen
3420 3198 3506 3253 illa
3553 3207 3649 3251 tam
3685 3194 3777 3248 lau-

2249 3287 2501 3344 dabiliter
2531 3304 2592 3345 se
2620 3290 2845 3356 habuit,
2878 3291 3022 3361 quod
3059 3289 3201 3361 apud
3235 3292 3512 3347 dominum
3540 3285 3770 3342 Nicolaum

2249 3394 2445 3451 papam
2470 3378 2569 3445 lli,
2604 3394 2977 3437 successorem
3021 3380 3231 3452 praefati
3265 3380 3467 3437 domini
3500 3375 3776 3439 Joannis,et

2250 3472 2391 3543 apud
2436 3472 2741 3529 cardinales
2781 3475 2901 3545 ejus
2939 3475 3134 3531 merita
3178 3484 3288 3530 tam
3340 3474 3566 3530 dilucide
3604 3470 3773 3526 clarue-

2251 3570 2409 3625 runt,
2451 3560 2594 3631 quod
2634 3562 2702 3617 ad
2740 3563 3061 3635 dignitatem
3111 3564 3479 3620 cardinalatus
3521 3566 3775 3626 assumptus

2252 3650 2428 3707 factus
2464 3651 2567 3706 fuit
2601 3652 2971 3710 Praenestinus
3003 3657 3293 3726 episc0pus
3331 3653 3627 3712 cardinalis.

2322 3745 2391 3800 Et
2434 3745 2560 3800 licet
2613 3747 2664 3799 in
2712 3762 2940 3803 numero
2984 3747 3360 3818 episcoporum
3407 3740 3775 3802 Autissioduren-

2252 3838 2413 3903 siumj
2449 3838 2819 3907 sexagesimus
2868 3847 3095 3908 quartus
3145 3839 3448 3902 exstiterit,
3492 3834 3677 3908 primus
3713 3837 3774 3881 ta-

2254 3942 2378 3981 men
2435 3924 2557 3980 fuit'
2602 3928 2743 3982 inter
2794 3928 2976 3998 ipsos,
3037 3929 3129 4000 qui
3193 3929 3262 3984 ad
3328 3936 3487 3984 tantm
3549 3916 3775 3994 dignitatis

2254 4012 2468 4070 culmen
2510 4014 2675 4071 fuerit
2717 4026 3023 4085 provectus.
3059 4017 3177 4073 Non
3225 4027 3352 4088 post
3395 4015 3600 4087 quidem
3640 4006 3770 4065 multa

2255 4113 2535 4176 tempora,
2585 4106 2995 4179 ingravescente
3038 4108 3092 4163 in
3150 4108 3266 4179 ipso
3314 4107 3459 4164 fluxu
3500 4101 3697 4163 ventris,
3719 4093 3776 4149 ul-

2258 4197 2390 4251 timo
2430 4198 2646 4268 eloquio
2693 4214 2759 4255 ex
2807 4216 3016 4271 magnae
3059 4199 3464 4257 deliberationis
3507 4191 3775 4253 discretione

2257 4288 2510 4355 condito,
2566 4289 2694 4344 dum
2752 4290 2865 4360 ipse
2913 4290 3227 4362 perciperet.
3275 4290 3417 4361 quod
3483 4287 3642 4356 ipsum
3683 4289 3775 4347 per-

2261 4381 2513 4436 trahebat
2556 4379 2802 4435 defectus
2843 4380 3037 4434 virium
3081 4380 3149 4435 ad
3186 4394 3469 4444 occasum,
3516 4367 3773 4429 sacramen-

2265 4480 2378 4525 tum
2428 4478 2691 4524 extrema:
2735 4469 3009 4526 unctionis
3039 4480 3352 4527 reverenter
3381 4465 3598 4537 recepit,
3623 4455 3775 4529 (ιιιὶΙιυ⁸

2263 4563 2345 4617 sic
2404 4560 2687 4633 completis
2753 4577 2896 4616 anno
2958 4563 3172 4617 Domini
3242 4563 3379 4617 1277
3434 4574 3501 4614 xv
3558 4548 3775 4609 Kalendas

2261 4652 2497 4723 Aprilis,
2545 4653 2722 4723 primo
2772 4656 2950 4710 noctis
2994 4655 3232 4720 silentio,
3260 4653 3430 4710 evasit
3475 4646 3678 4706 feliciter
3708 4649 3776 4690 ne-
3848 4700 3851 4707 ,

2263 4743 2467 4813 quitias
2509 4743 2670 4813 hujus
2712 4744 2940 4811 mundi;
2988 4752 3044 4800 et
3083 4747 3210 4815 quia
3258 4760 3387 4821 eum.
3430 4732 3668 4795 avunculo
3702 4736 3776 4821 5th

2261 4835 2523 4905 praedicto
2589 4836 2642 4889 in
2695 4835 3159 4893 Antissiodorensi
3225 4816 3443 4894 basilica
3509 4840 3644 4886 suam
3694 4816 3776 4873 818'

2266 4936 2419 4998 gerat
2469 4928 2834 4998 sepulteram,
2889 4944 3010 4985 ossa
3055 4929 3172 4999 ejus
3216 4931 3295 4987 de
3329 4929 3540 4984 civitate
3582 4917 3773 4972 Roma"il

2268 5019 2335 5072 ad
2393 5018 2591 5072 dictam
2650 5020 2931 5074 basilicam
2991 5019 3299 5090 deportata,
3362 5018 3414 5073 in
3463 5011 3631 5068 eodem
3680 5008 3773 5090 etim

2266 5108 2529 5178 praedicto
2577 5109 2846 5164 avunculo
2897 5125 2996 5165 suo
3039 5108 3257 5164 fuerunt
3307 5109 3359 5164 in
3408 5119 3510 5159 uno
3556 5086 3772 5186 inausoleo

2268 5196 2568 5252 honorifice
2607 5197 2887 5254 collocata.
2934 5199 3085 5255 Sedit
3130 5201 3183 5254 in
3229 5199 3525 5268 episcopatu
3562 5181 3772 5273 Antissib‘

2268 5286 2481 5343 dorensi
2540 5298 2745 5359 septem
2799 5291 2989 5356 annis,
3043 5290 3253 5345 duobus
3306 5276 3772 5368 mensibusflf‘f:

2270 5380 2411 5435 citer
2480 5381 2653 5437 tribus
2713 5382 3108 5449 hebdomadis,
3166 5380 3362 5437 illustri
3417 5387 3533 5446 rege
3579 5359 3770 5425 Philippo

2271 5486 2500 5542 regnum
2532 5471 2871 5530 Francorum
2901 5475 3239 5531 moderante.
3268 5469 3521 5543 Dominus
3547 5471 3631 5530 Per
3654 5454 3770 5546 5'33"?

2271 5565 2498 5635 gratiam
2548 5574 2603 5619 et
2646 5564 3079 5622 miscricordiam
3135 5566 3239 5621 sibi
3294 5556 3540 5620 concedat
3580 5542 3769 5612 malim"m

2272 5657 2679 5728 sempiternam.
2733 5660 2927 5714 Amen.

2171 3158 2218 3224 C
