3860 5382
130 363 215 418 365
1051 357 1137 414 DE
1169 355 1414 414 GESTIS
1447 357 1660 413 EPISC.
1695 349 2350 413 ANTISSIOD.—PARS
2388 358 2448 411 il.

3235 357 3341 416 ῒϐϋ

1385 455 1702 522 MONITUM
1736 465 2029 521 INCERTI.

187 581 274 638 llic
294 580 473 636 desinit
503 590 670 635 tomus
692 582 892 650 primus
921 577 1194 634 Gestorum
1225 579 1531 649 pontiﬁcum
1563 577 2117 632 Antissiodorensium.
2147 578 2418 635 Secundus
2450 588 2619 634 tomus
2649 583 2840 652 majori
2885 600 2952 638 ex
2971 589 3120 653 parte
3142 583 3347 639 desides

128 691 267 740 ratur,
295 685 440 744 prout
468 675 594 729 olim
623 674 915 744 descriptus
947 673 1139 742 fuerat.
1166 670 1362 726 Fertur
1391 682 1597 726 exstare
1636 668 1862 724 Parisiis
1889 672 1943 724 in
1970 671 2278 726 bibliotheca
2308 673 2600 726 consiliarii
2641 673 2937 743 cujusdam,
2964 679 3101 729 unde
3120 692 3237 746 qua:
3267 685 3348 732 ω-

127 780 323 842 qnuntur
344 777 580 838 excerpta
611 767 825 836 fuerant
845 782 880 820 a
907 766 1013 820 viro
1037 765 1143 833 ﬁde
1165 766 1345 836 digno.
1369 763 1498 819 ιιατ
1540 764 1737 834 accipe,
1778 762 1957 828 lector,
1981 763 2154 832 prwbe
2175 763 2410 816 animum
2437 779 2537 817 non
2566 765 2865 833 indocilem,
2893 777 2941 821 et
2976 768 3052 822 rei
3083 768 3350 824 ceritatem

126 860 359 932 percipies.

1229 981 1515 1072 PARS
1586 972 2160 1082 SECUNDA.

263 1198 382 1252 CAP.
411 1183 573 1250 LXV.
596 1223 669 1235 —-
697 1192 774 1248 De
803 1192 1085 1248 Guillelmo
1115 1192 1178 1246 de
1205 1187 1496 1244 Gressibus.

190 1289 542 1348 Vetustissima
593 1286 988 1354 laudabilisque
1033 1285 1366 1339 consuetudo
1414 1281 1668 1337 Ecclesia:

127 1377 572 1440 Antissiodorensis
596 1377 857 1431 hactenus
879 1374 1067 1429 habuit
1092 1389 1120 1428 a
1151 1373 1326 1444 primo
1351 1372 1518 1441 ipsius
1537 1386 1669 1440 pon-

129 1478 258 1547 tiﬁge,
283 1470 526 1527 videlicet
570 1471 728 1524 beato
773 1466 1084 1538 Peregrino,
1116 1467 1167 1520 in
1214 1473 1487 1536 posterum
1518 1471 1668 1535 gesta

129 1564 338 1620 notabilia
369 1559 688 1632 pontiﬁcum
715 1557 1048 1628 singulorum
1079 1556 1224 1611 sedis
1254 1554 1512 1626 ejusdem,
1549 1560 1671 1622 post

129 1660 324 1728 ipsorum
359 1651 648 1722 cujuslibet
687 1651 892 1705 obitum
925 1648 1089 1704 scribi
1115 1657 1169 1703 et
1213 1645 1491 1717 registrari
1523 1644 1576 1698 in
1608 1644 1672 1698 li-

129 1749 204 1802 bro
226 1745 282 1800 ad
313 1745 410 1800 hoc
437 1743 666 1814 provide
705 1751 759 1795 et
787 1739 1176 1810 perspicaciter
1198 1737 1466 1800 ordinato,
1496 1743 1554 1788 ut
1603 1747 1669 1788 ex

131 1851 275 1892 eorum
316 1833 636 1888 recitatione
689 1830 958 1901 frequenti
1008 1840 1280 1900 gestorum
1327 1827 1512 1881 laudes
1560 1825 1672 1879 Deo

133 1928 453 1990 redderentur,
479 1934 930 1990 successoresque
957 1921 1194 1992 ipsorum
1224 1932 1318 1988 per
1345 1917 1574 1987 amplius
1605 1915 1672 1970 ad

135 2026 250 2070 actus
272 2023 513 2069 strenuos
543 2012 920 2075 incitarentur,
953 2026 1171 2066 suorum
1195 2008 1440 2078 exempla
1469 2007 1675 2077 praede-

136 2121 357 2160 cessorum
391 2104 689 2159 imitantes.
732 2103 810 2156 Ex
840 2102 1046 2157 incuria
1079 2112 1258 2156 tamen
1294 2115 1388 2155 seu
1419 2099 1674 2154 historias

135 2196 409 2267 graphorum
449 2194 714 2257 carentia,
759 2193 1017 2263 eclipsata
1056 2191 1388 2246 consuetudo
1412 2189 1672 2260 praedicta

136 2291 295 2345 exstitit
339 2305 368 2344 a
425 2298 675 2358 tempore
733 2289 912 2342 obitus
963 2288 1117 2342 home
1160 2287 1436 2341 memoria:
1470 2284 1672 2340 domini

137 2381 276 2437 Eraldi
296 2383 355 2436 de
380 2380 640 2452 Lisigniis
665 2379 954 2442 exclusive,
979 2379 1132 2448 cujus
1158 2379 1337 2433 obltus
1365 2377 1479 2431 dies
1503 2376 1673 2430 exstia-

138 2473 185 2526 tit
207 2487 326 2526 anno
353 2471 564 2526 Domini
590 2469 745 2524 1277.
773 2469 840 2523 Et
865 2469 943 2524 sic
965 2485 994 2522 a
1021 2477 1239 2524 centum
1265 2466 1422 2521 annis
1448 2466 1500 2520 in
1535 2464 1674 2520 libro

138 2563 344 2631 pradicto
369 2563 434 2618 de
461 2561 761 2634 pra:missis
797 2561 1054 2631 scriptum
1087 2559 1220 2614 nihil
1263 2557 1534 2613 invenitur
1577 2571 1670 2610 us-

139 2666 219 2720 que
237 2652 294 2707 ad
319 2653 610 2706 adventum
636 2651 913 2706 reverendi
941 2651 993 2704 in
1024 2647 1240 2704 Christo
1265 2647 1442 2701 Patris
1471 2645 1670 2700 domini

139 2742 300 2798 Nioolai
350 2744 413 2798 de
442 2742 660 2808 Arceis,
690 2756 836 2796 nunc
881 2740 1048 2810 ipsius
1099 2737 1350 2794 Ecclesia:
1403 2735 1675 2807 pontiﬁcis

139 2849 318 2890 numero
357 2833 675 2906 octogesimi
719 2831 900 2902 primi,
956 2831 1187 2900 promoti
1228 2844 1257 2883 a
1307 2836 1494 2882 sancta
1548 2827 1676 2880 sede

142 2927 425 2996 apostolica,
483 2940 632 2980 anno
681 2923 894 2979 Domini
949 2921 1234 2976 millesimo
1297 2919 1675 2974 trecentesimo

142 3018 485 3088 septuagesimo
519 3015 702 3071 tertio.
735 3014 838 3082 Qui
877 3013 978 3068 l'uit
1005 3014 1084 3068 sic
1115 3019 1393 3083 promotus
1423 3024 1519 3080 per
1547 3024 1676 3063 san-

142 3108 388 3164 ctissimum
430 3109 486 3164 in
529 3107 748 3163 Christo
792 3116 1001 3176 patrem
1033 3104 1307 3160 dominum
1354 3100 1675 3171 Gregorium

141 3213 293 3269 papam
338 3199 700 3260 undecimum.
744 3197 797 3251 in
851 3203 1092 3265 tempore
1138 3195 1414 3249 Adventus
1463 3191 1674 3246 Domini

142 3305 250 3346 anno
273 3292 563 3362 praedicto;
594 3289 678 3344 cui
705 3288 925 3343 domino
965 3299 1108 3341 nunc
1155 3285 1395 3356 pontiﬁci
1422 3272 1676 3338 Ecclesia:

143 3395 249 3450 sepe
269 3383 412 3437 dieue
438 3382 615 3436 visum
645 3391 727 3435 est
754 3380 1009 3449 expedire
1038 3379 1103 3432 ad
1138 3378 1305 3447 ipsius
1330 3374 1675 3430 consuetudi-

143 3471 207 3525 nis
227 3487 362 3526 usum
390 3471 611 3537 reverti,
643 3470 872 3540 fecitque
901 3469 1186 3539 diligenter
1228 3467 1426 3537 inquiri
1470 3467 1672 3519 verita-

143 3571 225 3617 tem
247 3563 303 3618 de
328 3563 486 3634 gestis
530 3559 866 3632 pontiﬁcum,
894 3561 984 3630 qui
1026 3559 1184 3614 dicta:
1213 3558 1468 3612 Ecclesia:
1497 3555 1674 3610 medio

145 3659 339 3724 tempore
363 3654 714 3724 praefuerunt.
754 3653 820 3706 Et
847 3651 1106 3722 quidquid
1136 3651 1411 3704 inventum
1441 3646 1671 3711 exstitit,

145 3753 235 3798 cum
261 3755 446 3815 quanta
477 3744 599 3799 ﬁeri
623 3745 796 3814 potuit
821 3743 1092 3815 diligentia
1119 3741 1359 3797 seriatim
1392 3740 1674 3808 lucideque

145 3836 393 3905 registrari,
439 3838 596 3906 juxta
622 3840 762 3906 quod
785 3837 1114 3907 propositum
1142 3849 1238 3904 per
1267 3831 1669 3886 exactissimam

144 3923 334 3980 habitam
357 3911 688 3999 diligentiam
727 3927 780 3981 in
819 3925 1113 3996 praemissis
1141 3924 1357 3977 inventa
1397 3931 1522 3976 sunt
1551 3937 1671 3990 qua:

145 4027 412 4085 sequuntur.

196 4105 282 4163 Sed
306 4125 419 4164 cum
447 4110 515 4166 de
535 4109 785 4166 omnibus
822 4117 876 4163 et
905 4106 1127 4178 singulis
1156 4107 1221 4162 ad
1252 4103 1469 4175 planum
1515 4105 1669 4159 iuve-

146 4194 223 4248 niri
249 4197 539 4267 nequiverit
563 4198 847 4261 certitudo,
878 4205 1065 4267 pareat
1102 4195 1272 4250 lector
1307 4195 1466 4264 hujus
1491 4192 1671 4263 operis

147 4281 555 4358 bistoriographo,
586 4289 676 4358 qui
700 4303 807 4342 non
835 4301 1023 4341 omnes
1050 4285 1182 4340 vidit
1213 4293 1501 4354 sequentes
1541 4299 1674 4353 pon-

148 4372 300 4440 tiﬁces,
341 4378 407 4434 de
448 4379 644 4449 quibus
694 4377 831 4434 inl‘ra
879 4378 1116 4446 scripsit,
1167 4377 1421 4430 videlicet
1469 4375 1672 4443 primos

149 4473 355 4534 quatuor,
385 4469 448 4524 de
474 4468 670 4538 quibus
700 4481 796 4538 per
820 4466 1132 4522 relationem
1166 4465 1480 4535 condignam
1521 4470 1673 4531 gesta

150 4554 313 4613 calamo
352 4560 650 4624 contexuit;
703 4559 939 4628 reliquos
988 4573 1116 4613 vero
1146 4557 1280 4612 vidit
1308 4566 1363 4610 et
1403 4556 1505 4610 scit
1529 4554 1671 4625 quod

148 4653 246 4700 vera
268 4659 522 4720 suntquae
568 4650 783 4720 scripsit
817 4650 882 4704 de
922 4649 1109 4704 iisdem
1131 4687 1144 4714 ,
1173 4655 1400 4718 quorum
1441 4647 1672 4715 plurium

151 4739 336 4794 servitor
382 4742 583 4796 exstitit
613 4743 919 4806 continuus,
953 4749 1007 4796 et
1049 4741 1114 4796 de
1160 4750 1473 4794 cancrorum
1506 4739 1673 4809 gestis

153 4829 326 4887 sedulus
353 4833 648 4904 indagator.
681 4835 920 4890 Plurima
947 4834 1088 4889 enim
1117 4832 1220 4886 alia
1251 4838 1436 4886 sancta
1463 4832 1672 4901 operati

153 4930 248 4974 sunt
269 4937 356 4991 pro
383 4926 549 4980 salute
575 4941 693 4992 sua,
720 4935 777 4980 et
799 4940 1015 4980 suorum
1039 4924 1398 4985 subditorum,
1423 4939 1542 4993 qua:
1571 4923 1674 4979 etsi

155 5011 194 5065 in
227 5016 342 5071 libro
365 5022 606 5087 praesenti
635 5021 838 5089 scripta
883 5033 988 5072 non
1036 5018 1163 5084 sint,
1197 5015 1426 5071 ﬁrmiter
1446 5015 1677 5072 credente

157 5101 250 5158 dum
283 5117 359 5163 est
401 5110 450 5164 in
501 5111 646 5164 libris
693 5111 819 5164 vita:
849 5120 954 5161 non
982 5108 1185 5163 deesse.
1217 5107 1465 5164 Conﬁsus
1493 5120 1673 5164 tamen

1696 1174 1744 1234 Α
1773 1206 1908 1260 Opus
1955 1190 2213 1260 legentes,
2247 1192 2390 1260 quod
2444 1192 2497 1246 in
2536 1191 2853 1262 quibusdam
2903 1209 3117 1251 sensum
3149 1197 3352 1252 solum‘o

1772 1283 1954 1347 modo,
1984 1283 2036 1336 in
2095 1284 2413 1354 quibusdam
2436 1285 2599 1339 etiam
2629 1285 2789 1339 verba
2821 1301 2942 1339 cum
2990 1304 3150 1342 sensu
3184 1289 3355 1344 teneri

1770 1383 2002 1441 oportet,
2055 1375 2202 1443 quia,
2256 1375 2301 1429 si
2349 1375 2414 1429 de
2461 1375 2708 1445 personis
2751 1378 3000 1432 omnibus
3045 1388 3096 1433 et
3130 1381 3355 1448 singulis

1771 1468 1884 1537 ipsa
1919 1469 2226 1538 specialiter
2250 1469 2409 1524 verba
2439 1478 2622 1524 tenere
2655 1471 2933 1538 voluisset,
2959 1475 3059 1528 hoc
3083 1477 3354 1531 rusticano

1773 1572 1869 1610 usu
1917 1558 2125 1626 prolata
2177 1557 2347 1630 Stylus
2391 1560 2678 1615 scribentis
2715 1578 2818 1615 non
2866 1573 2989 1632 apte
3035 1567 3353 1635 susciperet.

1774 1645 2060 1701 Seuiorum
2112 1649 2265 1702 valde
2296 1647 2681 1704 venerabilium
2724 1653 2883 1707 didici
2934 1655 3192 1711 relatione
3237 1665 3358 1726 qua!

1772 1754 1955 1805 narro,
1989 1742 2314 1795 submittens
2345 1751 2524 1796 tamen
2557 1745 2659 1798 hoc
2686 1747 3003 1814 opusculum
3031 1748 3357 1805 correctioni

1773 1828 1966 1882 debite
1993 1837 2048 1882 et
2071 1829 2314 1884 relationi
2347 1832 2643 1887 seniorum.

1845 1919 2161 1976 Guillelmus
2204 1922 2268 1976 de
2298 1919 2538 1989 Gressio,
2570 1927 2938 1997 sexagesimus
2987 1930 3208 1999 quintus
3245 1933 3360 2002 epi-‘

1772 2029 1988 2084 scapus,
2017 2013 2233 2072 natione
2255 2011 2460 2082 Gallus,
2479 2018 2546 2074 de
2568 2019 2742 2087 patria
2766 2018 3049 2078 Wastineti
3071 2024 3354 2092 oriundus,

1774 2104 1971 2159 nobilis
2025 2120 2223 2174 genere
2270 2116 2326 2162 et
2379 2107 2654 2174 moribus,
2731 2112 2993 2166 successit
3046 2113 3362 2172 immediate

1774 2197 1973 2252 Eraldo
2001 2199 2065 2253 de
2088 2199 2359 2271 Lisigniis.
2379 2199 2476 2255 llic
2497 2199 2597 2256 fuit
2625 2202 2706 2256 vir
2724 2203 3055 2262 scientiﬁcus
3079 2215 3363 2262 strenuus-

1775 2303 1900 2358 que,
1946 2289 2018 2343 ita
2046 2289 2186 2358 quod
2233 2299 2356 2344 ante
2404 2290 2543 2345 hanc
2590 2294 2982 2362 promotionem
3031 2307 3174 2354 esset
3217 2297 3362 2353 inter

1776 2381 2178 2436 ecclesiasticos
2217 2383 2572 2452 prepinquior
2601 2385 2714 2457 regi
2745 2387 3006 2444 assistens
3031 2399 3087 2444 et
3127 2391 3362 2446 auctoris

1777 2471 2018 2525 sabilior.
2067 2470 2146 2528 Ex
2176 2489 2283 2544 qua
2309 2488 2493 2539 causa,
2525 2467 2646 2530 aliis
2687 2477 2800 2533 suis
2825 2478 3118 2536 Virtutibus
3143 2492 3366 2550 gratam

1780 2560 1886 2615 tius
1921 2560 2020 2616 l‘uit
2049 2561 2248 2618 dictam
2279 2563 2673 2632 prom’otione'm
2711 2576 3014 2634 asseCutus,
3045 2568 3282 2626 liberalis
3307 2573 3365 2626 et

1777 2650 2001 2720 dapsilis
2032 2651 2278 2706 multum.
2314 2651 2412 2707 llic
2458 2667 2555 2722 per
2595 2654 2932 2724 provinciam
2979 2671 3130 2712 suam
3162 2659 3362 2715 multas

1775 2739 1916 2804 lites,
1967 2757 2086 2812 qua:
2137 2757 2166 2796 a
2215 2742 2374 2814 longo
2409 2752 2646 2814 tempore
2691 2757 2850 2800 erant
2893 2748 3036 2803 inter
3079 2751 3363 2822 episcopos

1777 2832 2279 2888 Antissiodorenses
2317 2833 2558 2902 aliosque
2602 2834 2830 2901 nobiles,
2882 2839 3076 2908 partim
3108 2855 3205 2910 per
3247 2841 3362 2896 liti-

1777 2920 1883 2990 gia,
1916 2920 2115 2990 partim
2142 2935 2241 2990 per
2283 2921 2722 2991 compositiones,
2753 2925 2821 2978 ad
2871 2926 3032 2980 ﬁnem
3072 2929 3362 2997 perduxit;

1777 3011 1963 3080 sicque
1988 3011 2042 3065 in
2073 3010 2177 3066 ﬁne
2219 3011 2301 3066 sui
2344 3012 2622 3084 rcgiminis
2652 3014 2886 3086 aliquam
2932 3022 3365 3080 controversiam

1777 3116 1884 3156 non
1914 3101 2132 3172 reliquit
2156 3103 2486 3172 episcopatui
2515 3116 2884 3175 apparentem.
2915 3108 3216 3180 Acquestus
3242 3114 3364 3184 pluo

1779 3206 1866 3246 res
1925 3190 2053 3246 fecit
2099 3193 2382 3260 potissime
2431 3193 2484 3248 in
2539 3195 2810 3251 territorio
2858 3197 2923 3252 de
2973 3199 3363 3272 Appoiguiaco,

1777 3287 1942 3352 super
1970 3284 2166 3353 quibus
2219 3300 2374 3340 suum
2425 3283 2667 3340 fundavit
2695 3287 3121 3344 anniversarium
3169 3293 3234 3348 de
3281 3293 3364 3348 vi-

1777 3375 1911 3442 ginti
1967 3375 2120 3430 libris
2185 3375 2507 3430 annualibus
2563 3376 2818 3433 Ecclesiae
2872 3381 3364 3439 Autissiodurensis

1777 3466 2049 3522 solvendis
2077 3478 2132 3523 et
2163 3468 2549 3523 distribuendis
2587 3469 2674 3524 die
2703 3471 2941 3539 praedieti
2979 3473 3359 3530 anniversarii.

1779 3557 2035 3627 Seditque
2059 3557 2150 3613 diu
2173 3567 2225 3612 et
2253 3559 2493 3628 paciﬁce,
2529 3558 2733 3614 scilicet
2757 3576 2851 3630 per
2870 3564 3140 3618 sexdecim
3164 3579 3358 3632 annos,

1776 3651 1861 3706 vel
1895 3652 2062 3716 circa,
2097 3657 2309 3706 attento
2358 3653 2507 3706 obitu
2554 3653 2744 3708 Erardi
2796 3653 3216 3724 prmdcccssoris
3251 3659 3358 3724 sui,

1776 3740 1867 3810 qui
1900 3740 1999 3794 fuit
2027 3755 2169 3795 anno
2198 3741 2408 3795 Domini
2438 3741 2723 3798 millesimo
2753 3743 3122 3802 ducentesimo
3145 3759 3361 3819 septua-

1775 3829 1982 3898 gesimo
2015 3829 2278 3899 septimo;
2328 3828 2486 3898 hujus
2515 3846 2646 3885 vero
2668 3835 3015 3901 nonagesimo
3059 3839 3240 3902 tertio,
3275 3838 3366 3894 die

1776 3918 2003 3974 Veneris
2051 3928 2175 3974 ante
2240 3918 2434 3974 festum
2503 3921 2896 3990 puriﬁcationis
2947 3925 3120 3979 beatre
3176 3926 3358 3983 Maria:

1771 4011 2028 4081 virginis,
2080 4019 2270 4082 estque
2297 4013 2538 4081 sepultus
2567 4014 2620 4067 in
2650 4014 2815 4068 choro
2851 4015 3110 4081 ecclesiae,
3145 4033 3174 4071 a
3203 4028 3364 4088 parte

1773 4103 1992 4158 sinistra
2023 4104 2197 4169 chori,
2225 4105 2476 4176 contigue
2509 4107 2692 4173 scalis,
2719 4117 2773 4162 et
2805 4125 2968 4178 prope
3008 4109 3238 4166 nobilem
3275 4122 3360 4167 tu-

1775 4196 1975 4250 mulum
2006 4195 2160 4252 bonae
2189 4198 2463 4252 memoria:
2493 4198 2694 4253 domini
2729 4198 2990 4254 Guidonis
3015 4202 3080 4256 de
3110 4201 3361 4268 Melloto;

1775 4287 2124 4356 imaginatum
2179 4287 2494 4342 deauratum
2540 4301 2622 4344 est
2667 4304 2827 4359 super
2871 4291 3025 4361 nigro
3069 4307 3338 4349 marmore

1774 4373 1873 4440 Qui
1894 4355 2080 4430 rGuido
2116 4374 2214 4429 l‘nit
2243 4377 2610 4447 sexagesimus
2639 4355 2827 4433 tertius
2846 4355 3152 4450 episcopus.
3353 4355 3370 4385 ⁸

2009 4465 2138 4520 CAP.
2170 4465 2353 4520 LXVI.
2380 4497 2449 4506 —
2474 4467 2546 4521 De
2575 4467 2732 4523 Petro
2756 4469 2820 4523 de
2844 4469 3121 4542 Marnayo.

1842 4554 2036 4609 Petrus
2080 4554 2146 4609 de
2194 4554 2476 4626 Moruayo,
2525 4559 2896 4628 sexagesimus
2939 4537 3124 4615 scxlus
3155 4537 3380 4632 episcols

1774 4661 1894 4718 pus,
1946 4645 2162 4702 natione
2209 4647 2414 4714 Gallus,
2452 4648 2824 4714 Bituricensis,
2855 4651 2937 4706 vir
2978 4653 3191 4720 nobilis,
3239 4671 3362 4710 suc-

1775 4739 1940 4794 ceSsit
1967 4739 2018 4791 in
2049 4740 2357 4808 episcopatu
2389 4738 2674 4794 Guillelmo
2693 4741 2761 4795 de
2787 4741 3038 4809 Gressio;
3069 4745 3150 4800 vir
3178 4747 3368 4815 utiqne‘

1773 4827 1828 4885 iu
1861 4839 2090 4900 utroque
2129 4828 2253 4898 jure
2299 4831 2676 4900 peritissimus,
2727 4833 2905 4903 magni
2943 4835 3176 4900 consilii,
3215 4829 3364 4892 circa

1772 4930 1954 4991 regem
1984 4920 2380 4976 auctorisabilis
2406 4921 2654 4976 multum.
2681 4922 2810 4979 lude
2837 4925 3190 4981 cancellarius
3217 4929 3366 4998 regis

1775 5010 1970 5074 factus,
2019 5018 2235 5064 creatus
2274 5009 2375 5064 fuit
2418 5011 2704 5081 episcopus
2747 5013 3256 5077 Antissiodorcnsis,
3310 5011 3373 5070 et

1774 5111 1946 5164 usque
1969 5102 2036 5155 ad
2063 5099 2184 5154 vita:
2205 5100 2405 5154 exitum
2431 5099 2666 5156 alliciunt
2690 5104 3024 5158 cancellarize
3049 5102 3368 5158 urmdictum
