3918 6316
563 382 668 442 367

1398 385 1688 444 APPEND.
1724 388 1817 444 AD
1856 386 2031 446 S/EC.
2066 386 2131 444 X.

2275 388 2503 446 OPERA
2537 398 2928 452 ΔΑΕΣιιοτικΔ.
3682 392 3761 458 368

561 497 666 568 pali
719 495 847 552 fecit
891 506 1230 567 acquestum,
1281 503 1348 551 ad
1402 503 1797 567 procurandam
1846 496 2033 570 pacem
2093 509 2147 555 ct
2174 484 2220 542 Α
2250 496 2334 557 die
2356 502 2534 559 obitus
2559 502 2972 573 prmdecessoris
2998 498 3081 555 sui
3108 508 3165 557 et
3188 500 3275 556 die
3299 494 3628 572 promotionis
3667 527 3763 566 suc-

562 587 799 656 quietcm
846 601 957 642 sua:
1014 585 1151 640 villm
1211 586 1608 644 Varziacensis.
1669 588 1800 643 Item
1860 590 2147 658 acquisivit

561 692 730 748 prope
766 676 947 732 villam
976 687 1033 732 et
1061 685 1296 732 castrum
1346 678 1413 733 de
1446 676 1650 734 Moreto
1693 679 1991 749 speciosam
2047 681 2143 735 do-

561 785 709 825 mum
739 784 863 825 cum
891 768 1007 838 ejus
1053 768 1415 839 pertinentiis,
1468 770 1628 826 terris
1671 771 1918 827 videlicet
1965 779 2021 825 et
2065 772 2144 826 vi-

561 861 696 924 ncis,
747 861 800 916 in
844 860 968 914 villa
999 862 1067 915 de
1103 860 1296 916 Brocia
1346 861 1693 931 parochiatus
1732 863 1797 917 de
1838 862 2144 930 Ileretiaco,

560 968 729 1024 prope
756 952 1247 1009 monasteriumde
1273 950 1482 1019 Barsel,
1512 954 1718 1009 ordinis
1744 953 2143 1020 Cisterciensis,

561 1043 631 1097 ab
660 1043 904 1113 opposita
928 1051 1082 1112 parte
1118 1042 1256 1097 villae
1283 1051 1336 1099 et
1358 1042 1540 1113 pontis
1569 1044 1635 1098 de
1662 1041 1952 1107 Lamoisio,
1984 1059 2147 1113 super

537 1127 783 1189 'lluvium
830 1133 1112 1204 Sequanae.
1160 1133 1294 1190 Item
1330 1135 1617 1206 acquisivit
1659 1150 1909 1206 magnam
1934 1145 2143 1205 partem

559 1228 840 1283 domorum
873 1228 1258 1299 episcopalium
1313 1244 1432 1297 qua:
1472 1236 1598 1283 sunt
1632 1226 1857 1284 Parisiis
1882 1230 2145 1302 contigua:

557 1328 728 1387 porta:
775 1333 896 1388 quae
923 1319 1232 1374 nominatur
1257 1318 1477 1383 Inferni,
1517 1318 1643 1373 licet
1672 1317 1969 1389 antiquitus
1999 1321 2141 1375 soleo

556 1410 652 1464 bat
696 1410 961 1465 nominari
1016 1410 1082 1467 de
1109 1410 1288 1475 Ferto,
1318 1421 1373 1466 et
1396 1409 1628 1466 obtinuit
1664 1428 1693 1467 a
1744 1428 1868 1482 rege
1896 1428 2141 1484 magnam

555 1502 791 1571 plateam
846 1512 1002 1558 extra
1056 1518 1240 1557 muros
1290 1504 1591 1574 contiguos,
1643 1503 1697 1557 in
1750 1519 1855 1575 qua
1902 1504 2143 1558 construi

555 1593 690 1648 fecit
724 1592 958 1658 curtilia,
1006 1601 1060 1648 ct
1098 1591 1354 1647 viridaria
1399 1593 1867 1660 ama:nissima,et
1910 1593 2144 1649 circum-

554 1687 702 1758 cingi
750 1687 949 1753 muris;
1002 1687 1095 1742 sed
1142 1695 1362 1757 propter
1407 1703 1627 1759 guerras
1676 1689 1891 1744 demum
1940 1688 2139 1745 ibidem

556 1786 684 1832 sunt
738 1776 941 1833 fossata
984 1788 1299 1833 concavata.
1373 1779 1502 1834 Item
1548 1779 1695 1834 dedit
1737 1779 1981 1836 ecclesia:
2029 1795 2141 1835 suae

2248 593 2476 648 cesseris
2502 594 2584 647 sui
2612 592 2938 662 infrascripti
2968 592 3197 661 proximi
3227 608 3344 663 qua:
3386 593 3481 649 fuit
3531 612 3657 652 anno
3692 602 3765 656 Do-

2246 681 2378 736 mini
2415 681 2698 738 millesimo
2748 682 3130 737 trecentesimo
3172 691 3379 749 octavo,
3409 686 3633 754 sequitur
3653 694 3766 759 quod

2247 774 2388 828 sedit
2415 773 2530 843 ipse
2570 773 2765 829 Petrus
2805 775 3024 830 circiter
3053 790 3223 831 annos
3250 775 3403 831 duos.
3446 777 3538 834 llic
3568 780 3767 840 fundavit

2246 874 2480 931 quatuor
2529 865 2846 935 prazbendas
2909 850 2973 919 in.
3017 865 3246 921 ecclesia
3296 865 3585 925 Villmnovae
3638 887 3769 943 prepe

2245 953 2712 1024 Bcllamperticam
2733 996 2748 1022 ,
2776 971 2875 1026 pro
2902 957 3140 1012 remedio
3163 957 3356 1013 anima:
3385 974 3509 1015 sua}.

2844 1066 3188 1143 Epitaphium

2369 1177 2471 1226 Hac
2486 1177 2616 1237 iacet
2638 1180 2688 1227 in
2710 1177 2832 1228 cella
2868 1177 3045 1229 Petrus
3065 1183 3357 1235 cognomine
3378 1185 3534 1235 Bella-

2368 1238 2591 1314 Re-rtiea,
2615 1239 2895 1314 perlucidus
2916 1242 3100 1314 verbis,
3124 1241 3258 1314 factis
3281 1259 3475 1309 quoque
3493 1248 3625 1314 fidus,

2370 1297 2533 1369 _Mitis_,_
2551 1297 2815 1369 veridicos,
2837 1302 3053 1369 prudens
3075 1297 3619 1369 humilisquefpudicus:

2368 1359 2583 1421 Legatis,
2606 1359 2952 1421 planus,'ve|ut
2974 1364 3100 1412 alter
3128 1359 3431 1418 Justinianus

2366 1422 2597 1494 §ummus
2620 1423 2890 1494 doctorum,
2916 1427 3188 1494 certissima
3213 1430 3383 1489 regula
3403 1443 3597 1494 morum,

2370 1481 2696 1548 Parisinorum
2721 1481 2934 1548 dera-nus
2954 1481 3311 1548 canonicoruni,

2364 1543 2738 1608 Antissiodorica
2762 1546 2909 1608 digne
2941 1548 3131 1608 sumpta
3153 1550 3247 1596 sibi
3272 1543 3394 1601 sede

2366 1602 2611 1676 'll‘euipora.
2634 1614 2746 1676 post
2762 1602 2922 1676 media
2944 1602 3119 1676 charos
3140 1614 3375 1662 successit
3395 1614 3455 1662 ab
3471 1615 3590 1676 inde,

2370 1665 2525 1738 έιιρίξ
2539 1665 2794 1738 ξιιρῳίιιθ.
2807 1675 2883 1715 ter
2906 1674 3103 1738 centum
3120 1676 3318 1738 septem
3343 1676 3481 1724 simul
3505 1665 3600 1738 ιιιό,

2373 1726 2566 1789 §~ulpitii
2590 1727 2715 1789 festo
2732 1729 2958 1789 migravit
2980 1731 3043 1777 ab
3062 1726 3197 1779 orbe'
3209 1734 3419 1786 molesto
3441 1749 3457 1787 :

2370 1785 2473 1838 Det
2485 1789 2577 1837 sibi
2600 1785 2839 1848 solamen,
2861 1791 3058 1851 spiritus
3081 1791 3250 1842 almus.
3278 1785 3455 1847 Amen.

546 1868 1015 1947 .Antissiodorensi
1061 1868 1519 1940 speciosissimum
1569 1868 1743 1923 velum
1794 1870 2143 1939 quadragesi-
2173 1843 2216 1902 Β
2318 1871 2450 1930 Tale
2482 1877 2644 1931 habet
2669 1878 3000 1948 epitaphium
3045 1892 3265 1953 pr0ptcr
3295 1888 3526 1955 aquilam
3571 1890 3617 1945 in
3642 1890 3773 1947 choro

558 1962 720 2027 male,
745 1962 885 2032 quod
913 1960 1087 2016 adhuc
1117 1963 1296 2016 durat.
1333 1961 1462 2016 Item
1495 1962 1673 2032 plures
1701 1972 1987 2032 acquestus
2015 1961 2144 2017 fecit

554 2049 615 2104 in
648 2052 1050 2123 Appoigniaco,
1088 2066 1251 2122 super
1298 2052 1495 2121 quibus
1542 2051 1787 2107 fundavit
1838 2052 2143 2108 anniversa-

556 2139 699 2194 rium
736 2156 892 2196 suum
930 2140 1115 2210 viginti
1152 2138 1411 2195 librarum
1444 2141 1603 2196 annui
1636 2143 1876 2197 redditus
1903 2143 2144 2198 ecclesia:

556 2227 1020 2287 Antissiodorensi
1071 2230 1448 2286 solvendarum
1490 2248 1521 2286 a
1567 2235 1970 2289 successoribus
2006 2235 2140 2289 suis.

556 2321 617 2377 In
650 2323 755 2378 line
792 2325 997 2380 dierum
1050 2325 1248 2380 resedit
1276 2324 1564 2396 Regennae,
1595 2336 1651 2381 et
1701 2326 1773 2381 ibi
1818 2327 1983 2382 vitam
2028 2326 2147 2381 fini-

540 2402 657 2478 'vit,
707 2413 1103 2484 adductumque
1155 2431 1352 2485 corpus
1398 2414 1513 2486 ejus
1554 2418 1851 2474 honorifice
1878 2418 2142 2489 sepultum

559 2513 646 2557 cst
672 2502 725 2557 in
753 2503 918 2559 choro
959 2505 1202 2560 ecclesiae
1232 2521 1340 2560 suae
1369 2520 1399 2559 a
1446 2514 1599 2577 parte
1626 2507 1817 2562 dextra
1858 2506 2012 2576 juxta
2063 2517 2144 2562 tu-

556 2592 765 2647 inulum
800 2594 1031 2665 nobilem
1076 2596 1279 2650 domini
1310 2596 1572 2653 Guidonis
1618 2599 1684 2654 de
1716 2597 1928 2656 lllelloto
1957 2616 2146 2672 supra-

559 2686 770 2755 scripti,
796 2701 938 2743 anno
980 2686 1190 2741 Domini
1221 2687 1507 2743 millesimo
1557 2692 1938 2746 trecentesimo
1964 2700 2140 2757 sexto,

536 2782 646 2859 .die
672 2783 874 2854 scripta
904 2785 956 2839 in
981 2784 1124 2840 dicto
1160 2783 1384 2840 tumulo.
1417 2784 1507 2840 Sic
1538 2787 1676 2843 sedit
1708 2788 1962 2845 tredecim
1989 2791 2146 2846 annis

556 2874 641 2929 vel
673 2874 907 2932 circiter.

739 2966 867 3023 CAP.
902 2967 1107 3024 LXVII.
1129 2998 1197 3009 —
1218 2967 1296 3024 De
1328 2966 1487 3024 Petro
1515 2969 1578 3025 de
1607 2969 1975 3042 Bellapertica.

614 3057 820 3113 -Petrus
847 3059 912 3113 de
936 3059 1311 3128 Bellapcrtica,
1344 3062 1714 3130 sexagesimus
1743 3065 2008 3131 septimus
2034 3064 2146 3134 epi-

559 3162 777 3218 scopus,
799 3147 1013 3202 natione
1031 3146 1236 3213 Gallus,
1260 3150 1324 3203 de
1344 3151 1589 3218 partibus
1603 3150 2057 3218 Borbonensibus,
2081 3154 2147 3209 de

532 3304 537 3307 _
558 3248 741 3293 castro
755 3237 1134 3307 Bellzeperticze
1153 3253 1314 3308 super
1341 3240 1561 3294 ﬂuvium
1578 3240 1829 3312 Aligcris,
1855 3244 2140 3301 mediocris

534 3400 537 3403 ν
558 3327 778 3397 generis
816 3337 868 3383 et
898 3336 1070 3384 status
1091 3336 1244 3383 ortus
1263 3330 1598 3400 parentibus,
1619 3334 1880 3388 successit
1902 3332 2062 3390 Petro
2076 3336 2141 3390 de

563 3419 819 3491 Mornayo
838 3418 1112 3490 praedicto,
1131 3427 1187 3476 et
1206 3420 1257 3474 in
1272 3421 1580 3492 episcOpatu
1605 3423 1912 3493 provisione
1935 3434 2143 3494 aposto-

561 3510 688 3578 lica,
708 3520 763 3566 et
784 3512 838 3566 in
858 3511 1031 3568 ollicio
1046 3508 1379 3568 canCellariae
1398 3514 1736 3582 promotione
1759 3516 2028 3587 regia.\’ir
2043 3519 2143 3574 iste

558 3601 923 3671 peritissimus
949 3602 1002 3657 in
1024 3601 1149 3670 jure
1174 3602 1340 3668 civili,
1371 3603 1425 3657 in
1455 3619 1563 3674 quo
1590 3604 1725 3660 citra
1751 3616 1963 3663 montes
1988 3618 2144 3678 pater

531 3690 866 3766 .habcbatur
908 3692 1223 3762 peritorum.
1263 3690 1432 3761 Hujus
1471 3693 1614 3748 enim
1661 3693 1814 3750 labor
1868 3705 1922 3749 et
1949 3698 2140 3766 peritia

562 3781 667 3837 fuit
707 3782 913 3838 versari
945 3782 997 3837 in
1051 3782 1336 3838 dubiorum
1370 3783 1866 3855 obscuritatumque
1887 3782 2026 3853 juris
2066 3787 2144 3840 ci-

563 3873 685 3927 vilis
725 3872 1107 3939 elucidatione,
1138 3882 1197 3927 ut
1225 3882 1372 3942 patet
1402 3873 1454 3927 in
1494 3874 1629 3929 libro
1655 3873 2025 3943 appellationis
2048 3878 2143 3930 bu—

559 3966 683 4036 jus,
738 3966 1070 4023 Glossarium
1136 3966 1384 4022 videlicet
1434 3982 1597 4036 super
1649 3968 1788 4022 libro
1837 3969 2038 4023 codicis
2092 3977 2145 4023 et

567 4058 1085 4129 quamplurimorum
1130 4057 1356 4111 aliorum
1408 4058 1730 4127 scriptorum
1769 4074 2013 4124 suorum,
2063 4074 2145 4115 se-

567 4153 804 4207 cundum
851 4166 971 4221 quae
1010 4152 1063 4205 in
1091 4151 1281 4205 studiis
1306 4150 1645 4220 generalibus
1678 4152 1826 4223 regni
1870 4153 2147 4221 potissime

564 4242 877 4298 Aurelianis
921 4239 1281 4295 informantur
1318 4238 1523 4294 erudiri
1565 4241 1841 4310 cupientes
1872 4241 2144 4324 perfecte:

567 4331 755 4387 habuit
783 4330 929 4384 enim
974 4330 1290 4400 magistrum
1336 4329 1482 4384 illum
1521 4322 1940 4386 famosissimum
1973 4333 2181 4388 domi-~

480 4452 489 4461 κ
569 4436 700 4477 num
752 4417 1010 4474 Iacobum
1041 4420 1107 4474 de
1148 4417 1466 4490 Ravigueio,
1513 4421 1604 4491 qui
1645 4422 1896 4477 similiter
1932 4424 2147 4493 scripsit

2245 1965 2487 2021 ecclesia:
2512 1967 2856 2034 cathedralis,
2884 1968 2937 2022 in
2962 1985 3067 2039 qua
3095 1973 3333 2029 deconus
3362 1976 3552 2033 fuerat.

2468 2080 2598 2136 CAP.
2640 2082 2868 2138 LXVIII.
2896 2114 2964 2124 -—
3001 2085 3080 2140 De
3115 2086 3266 2141 Petro
3289 2089 3356 2143 de
3378 2088 3597 2146 Cressia.

2322 2174 2514 2230 Petrus
2536 2177 2603 2231 de
2627 2177 2847 2233 Gressio
2876 2180 3241 2253 sexagesimus
3270 2191 3495 2237 octavus
3520 2183 3770 2254 episcopus,

2247 2265 2464 2319 natione
2484 2266 2689 2331 Gallus,
2724 2268 2895 2336 patria
2947 2266 3357 2335 Vastinetensis,
3403 2273 3588 2328 nobilis
3618 2288 3773 2342 genere

2248 2363 2304 2407 ut
2334 2371 2464 2409 suus
2489 2356 2790 2436 avupculus
2811 2355 3126 2412 Guillelmus
3157 2362 3566 2431 suprascriptus.
3587 2362 3638 2416 In
3658 2372 3773 2416 utro-

2247 2458 2352 2511 que
2375 2444 2497 2512 jure
2524 2445 2730 2512 peritus
2760 2444 2857 2499 fuit
2876 2485 2889 2507 ,
2916 2447 3271 2503 cancellarius
3300 2447 3567 2515 Francize,
3600 2452 3774 2521 suisque

2246 2538 2459 2592 meritis
2485 2538 2753 2608 condigno
2796 2541 3050 2609 regioque
3081 2540 3265 2595 favore
3301 2551 3357 2597 et
3384 2543 3653 2613 apostolica
3674 2558 3770 2611 pm.

2246 2630 2455 2683 visione
2484 2631 2550 2684 ad
2579 2632 2762 2685 sedem
2791 2631 3148 2700 episcopalem
3180 2644 3491 2703 promotus,
3522 2637 3695 2691 virtute
3722 2636 3772 2689 li-

2247 2721 2548 2777 beralitatis
2589 2738 2653 2777 ac
2684 2724 3067 2793 hospitalitatis
3108 2727 3317 2782 honore
3353 2729 3647 2798 praepollens
3668 2729 3773 2782 ultra

2247 2823 2732 2882 contemporaneos
2775 2816 3044 2885 pra-latos,
3078 2817 3268 2873 relicto
3315 2818 3499 2887 cilicio
3521 2820 3774 2890 supradicto

2247 2903 2610 2968 cancellarize,
2641 2904 2782 2958 rexit
2819 2905 3000 2959 sedem
3029 2920 3183 2959 suam
3230 2914 3453 2963 strenue
3483 2922 3543 2961 ac
3586 2906 3774 2961 laudabi-

2247 2995 2372 3051 liter
2395 2995 2464 3050 ab
2489 2995 2740 3051 omnibus
2763 2995 3012 3051 dilectus.
3044 2995 3209 3067 Cujus
3239 2997 3613 3069 hospitalitatis
3637 2997 3775 3065 singu-

2248 3087 2435 3142 laritas
2480 3086 2683 3141 nullum
2731 3095 2999 3158 petentem
3045 3086 3294 3143 exclusit.
3329 3089 3561 3143 Tandem
3587 3087 3774 3158 pondere

2175 3195 2217 3255 ρ
2250 3177 2433 3232 carnis
2464 3184 2691 3232 onustus
2724 3184 2781 3231 et
2807 3176 2878 3231 ob
2922 3177 3024 3231 hoc
3057 3175 3108 3230 in
3141 3177 3424 3247 regiminis
3465 3178 3697 3233 exercitio
3717 3185 3775 3228 ta-

2245 3268 2366 3323 liter
2420 3267 2708 3337 impeditus
2749 3267 3089 3338 coadjutores
3138 3268 3353 3335 habuit,
3401 3278 3458 3324 et
3487 3268 3690 3323 iiualiter
3725 3265 3776 3318 ad

2243 3360 2384 3413 diem
2411 3368 2718 3413 extremum
2764 3359 2985 3414 veniens
3014 3357 3251 3414 animam
3292 3360 3408 3416 Deo
3435 3361 3648 3415 reddidit
3666 3358 3776 3428 vige-

2244 3452 2379 3504 sima
2412 3452 2585 3521 prima
2618 3451 2706 3505 die
2737 3450 3097 3521 Septembris,
3122 3451 3377 3507 videlicet
3405 3453 3458 3507 in
3488 3451 3616 3507 festo
3642 3448 3775 3505 sancti

2243 3540 2475 3595 Matthaci
2502 3540 2748 3610 apostoli,
2789 3556 2930 3597 anno
2970 3541 3180 3597 Domini
3212 3542 3386 3608 1325;
3436 3541 3582 3611 cujus
3624 3551 3776 3608 corpus

2249 3630 2515 3699 sepultum
2557 3639 2641 3684 est
2681 3629 2976 3686 honorifice
3002 3631 3054 3684 in
3081 3631 3251 3693 choro
3278 3632 3524 3687 ecclesia).
3554 3629 3776 3685 Autissio-

2245 3721 2363 3774 dor.
2408 3721 2560 3789 juxta
2587 3720 2850 3775 tumulum
2882 3721 3129 3776 avunculi
3156 3722 3240 3777 sui
3268 3724 3582 3794 supradicti,
3602 3737 3629 3776 a
3658 3728 3775 3791 parte

2246 3810 2396 3864 chori
2447 3810 2665 3865 sinistra
2692 3811 2941 3882 contigua
2972 3812 3175 3868 tumulo
3203 3813 3406 3870 domini
3456 3813 3695 3870 Guidonis
3728 3809 3777 3863 de

2250 3898 2462 3954 Melloto
2490 3900 2865 3969 supr-ascripti.

2405 3987 2533 4043 CAP.
2565 3988 2752 4043 LXIX.
2776 4019 2847 4030 —
2874 3989 2946 4044 De
2974 3988 3130 4045 Petro
3172 3992 3236 4045 de
3266 3991 3477 4048 Mortuo
3505 3991 3650 4058 Mari.

2314 4075 2509 4131 Petrus
2537 4079 2602 4132 de
2631 4077 2843 4132 Mortuo
2872 4077 3002 4132 Mari
3025 4081 3396 4151 sexagesimus
3423 4097 3588 4136 nonus
3614 4079 3778 4149 episco-

2248 4183 2348 4237 pus
2377 4169 2593 4223 natione
2622 4169 2944 4238 Aquitanus,
2972 4185 3167 4240 genere
3197 4174 3473 4235 mediocri,
3514 4172 3593 4227 vir
3622 4168 3778 4225 acutis

2240 4261 2371 4314 simi
2424 4260 2644 4330 ingenii,
2694 4261 2972 4331 utriusque
3018 4264 3158 4332 juris
3218 4264 3495 4333 professor
3546 4259 3776 4321 solemnis,

2254 4351 2395 4405 inter
2423 4352 2762 4407 consiliarios
2786 4352 2928 4422 regis
2953 4354 3383 4419 strenuissimus,
3409 4369 3440 4409 a
3480 4362 3651 4412 sancta
3677 4348 3775 4404 sede

2254 4440 2548 4510 apostolica
2593 4442 2860 4512 regiarum
2888 4443 3190 4496 interventu
3221 4458 3442 4514 precum
3464 4459 3527 4498 ac
3568 4443 3672 4512 ejus
3694 4436 3780 4492 cxi-

568 4524 734 4580 supcr
766 4508 981 4578 Digesto
1010 4508 1202 4572 veteri,
1241 4524 1399 4591 quem
1432 4510 1749 4580 magistrum
1780 4513 1963 4567 sedulo
1990 4529 2146 4569 secu-

2252 4508 2503 4599 gentibus
2529 4508 2736 4584 meritis
2752 4540 3051 4599 promotus,
3086 4508 3347 4589 successit
3376 4534 3536 4592 Petro
3565 4508 3625 4589 de
3651 4530 3779 4586 Cres-

571 4610 659 4655 tus
687 4599 877 4654 similis
915 4598 1089 4655 eidem
1127 4598 1179 4652 iu
1231 4588 1536 4669 magiisterio
1559 4609 1643 4656 est
1669 4601 1909 4658 effectus.
1942 4604 2031 4659 Ille
2053 4605 2150 4660 Pe-

573 4701 689 4745 trus
715 4705 903 4760 parum
938 4688 1135 4744 resedit
1160 4688 1215 4742 in
1244 4688 1465 4744 ditecesi
1486 4729 1502 4754 ,
1534 4705 1746 4760 semper
1774 4707 1969 4747 vacans
2002 4693 2147 4749 circa

571 4779 804 4835 cilicium
850 4780 1184 4836 caneellariae
1230 4782 1544 4850 praedictum
1591 4791 1647 4838 et
1707 4786 2151 4842 communicando

573 4872 689 4942 regi
716 4890 729 4925 :
757 4880 1125 4940 verumtamen
1153 4869 1282 4925 fecit
1311 4870 1587 4927 introitum
1620 4872 1672 4926 in
1698 4873 1936 4939 civitate,
1962 4875 2015 4930 in
2045 4891 2151 4945 quo

568 4977 673 5016 rex
708 4960 972 5025 interfuit,
1004 4970 1058 5015 et
1094 4960 1266 5030 ipsum
1304 4961 1627 5016 auctoritate
1668 4964 1812 5034 regia
1854 4966 2153 5021 introduxit

575 5054 632 5106 in
660 5050 935 5106 civitatem
963 5051 1165 5122 absque
1206 5050 1295 5105 illa
1337 5052 1558 5124 antiqua
1586 5053 1926 5111 solemnitate
1959 5072 2152 5115 secun-

567 5143 703 5198 dum
731 5158 890 5214 quam
924 5158 1106 5198 comes
1132 5142 1615 5201 Antissiodorensis
1644 5146 1774 5202 baro
1808 5147 1874 5202 de
1899 5151 2152 5219 Donzeio,

514 5298 517 5303 η
575 5234 828 5289 dominus
859 5234 925 5289 de
952 5232 1189 5289 Thoceio
1217 5230 1571 5311 dominusque
1616 5239 1680 5293 de
1719 5250 1909 5296 sancto
1944 5241 2158 5298 Verano

577 5324 635 5379 in
689 5322 933 5390 Puisaia,
977 5338 1043 5379 ex
1084 5333 1278 5379 natura
1306 5336 1360 5380 et
1396 5327 1589 5382 debito
1619 5329 1894 5385 feodorum
1935 5348 2155 5389 suorum

579 5416 781 5472 debent
828 5425 884 5471 et
930 5424 1422 5486 tenenturportare
1478 5433 1673 5472 novum
1730 5421 2039 5492 episcopum
2088 5426 2158 5480 ab

578 5504 810 5562 ecclesia
841 5507 1014 5562 sancti
1041 5505 1297 5562 Germani
1349 5522 1519 5576 usque
1554 5509 1607 5563 in
1656 5509 1948 5565 Ecclesiam
1979 5513 2165 5570 Antis-

582 5596 809 5661 siodor.,
840 5608 1118 5655 reservato
1148 5603 1210 5654 ex
1253 5608 1407 5669 parte
1436 5601 1581 5670 regia
1621 5602 1779 5657 dictis
1814 5603 2080 5675 episcopis
2109 5615 2164 5662 et

584 5684 820 5743 dominis
846 5687 898 5741 in
923 5687 1159 5742 futurum
1178 5688 1303 5760 jure
1325 5689 1680 5747 solemuitatis
1706 5695 1991 5763 praedictae.
2017 5698 2163 5754 Obiit

585 5788 769 5834 autem
800 5777 1046 5849 Parisiis,
1067 5780 1160 5837 sed
1187 5782 1302 5838 dies
1327 5782 1566 5841 incertus
1596 5793 1676 5878 est
1694 5802 1709 5855 ;
1742 5795 1950 5844 attento
1981 5800 2159 5850 tamen

2256 4620 2355 4679 sio,
2406 4618 2651 4686 proximo
2699 4620 3040 4689 supradicto,
3087 4630 3144 4675 et
3182 4623 3404 4678 intravit
3466 4639 3583 4678 cum
3640 4618 3781 4675 debita

2257 4709 2594 4765 solemnitate
2621 4710 2891 4766 civitatem
2920 4721 2975 4765 et
3000 4711 3294 4768 Ecclesiam
3316 4713 3659 4769 Antissiodor.
3688 4721 3780 4763 cum

2258 4798 2592 4868 principibus
2621 4808 2674 4853 et
2699 4801 2930 4855 dominis
2956 4801 3075 4856 aliis
3104 4802 3484 4872 temporalibus
3517 4804 3601 4872 qui
3643 4802 3782 4870 ipsum

2254 4897 2480 4957 portare
2526 4890 2794 4945 debebant
2829 4899 2884 4946 et
2924 4901 3297 4962 portaverunt.
3343 4892 3490 4949 Inter
3554 4906 3676 4963 quos
3708 4886 3785 4941 fuit

2261 4994 2445 5050 comes
2490 4978 2837 5035 Flandrensis
2877 4981 3085 5037 ratione
3132 4982 3368 5038 baroniae
3411 4984 3477 5039 de
3520 4980 3783 5038 Donziaco;

2262 5070 2355 5140 qui
2407 5084 2589 5124 comes
2639 5069 2783 5125 facto
2831 5071 3080 5141 bomagio
3127 5072 3225 5143 ipsi
3271 5075 3523 5144 episcopo
3566 5072 3786 5128 voluitet

2264 5161 2414 5214 nisus
2445 5158 2546 5214 fuit
2592 5175 2779 5229 rapere
2825 5162 3083 5216 annulum
3131 5163 3254 5217 dicti
3303 5165 3561 5235 episcopi,
3589 5164 3671 5219 sed
3704 5172 3785 5214 non

2258 5250 2465 5320 potuit;
2514 5260 2884 5306 verumtamen
2933 5252 3181 5322 promisit
3234 5254 3513 5325 episcopus
3556 5268 3612 5309 se
3657 5247 3788 5305 infor-

2267 5357 2418 5397 mare
2444 5342 2488 5397 si
2519 5352 2789 5413 spectaret
2817 5345 2882 5400 ad
2906 5344 2996 5414 jus
3024 5345 3189 5415 ipsius
3212 5346 3428 5400 comitis
3451 5355 3503 5400 ct
3530 5342 3625 5400 sibi
3646 5341 3788 5397 facere

2266 5448 2427 5503 super
2455 5434 2560 5488 hoc
2605 5434 2888 5490 rationem.
2926 5433 3159 5489 Strenue
3188 5434 3561 5501 rexitsedem,
3594 5432 3676 5488 sed
3713 5440 3786 5497 pa-

2268 5539 2411 5590 rum,
2465 5524 2592 5593 quia
2651 5522 2873 5580 effectus
2922 5525 3130 5580 exstitit
3172 5534 3527 5581 sacrosancta:
3581 5524 3787 5578 Romam:

2267 5612 2523 5668 Ecclesia:
2554 5616 2862 5679 cardinalis,
2892 5614 2944 5669 in
2970 5631 3076 5685 quo
3116 5624 3259 5671 statu
3299 5616 3432 5671 vixit
3460 5624 3647 5684 partem
3669 5606 3787 5665 solli-

2263 5706 2517 5761 citudinis
2544 5708 2698 5762 dich
2721 5706 2972 5762 Ecclesia:
3000 5716 3218 5763 strenue
3244 5717 3462 5778 portans
3480 5718 3534 5762 et
3555 5706 3615 5760 de
3641 5706 3785 5757 sancti

2267 5797 2372 5853 vita
2396 5796 2647 5866 laniatus,
2673 5795 2914 5855 fundavit
2944 5799 2998 5854 in
3044 5796 3163 5856 loco
3193 5798 3413 5870 originis
3448 5793 3662 5870 proprizc
3685 5800 3788 5857 φη·
