3918 6316
155 411 247 470 369

1092 412 1183 470 DE
1196 410 1441 470 GESTIS
1476 417 1691 467 mea.
1726 408 2110 469 ANTISSIOD.
2132 440 2204 454 —
2239 411 2417 470 PARS
2445 413 2509 470 ll.

3289 409 3393 469 370

152 530 264 582 tuor
311 533 607 583 conventus
652 527 938 589 ordinum,
987 526 1410 591 monachorum,
1469 523 1716 578 videlicet
1742 526 1791 584 Α
1819 520 2089 589 amabilis,
2118 522 2423 578 curialitate
2466 522 2675 594 plenus,
2719 520 2978 578 nobilium
3019 520 3208 578 duleas
3234 524 3397 592 atque

156 617 619 681 Carthusiensium,
666 626 722 673 et
754 618 889 673 alios
928 618 1061 674 duos
1105 618 1355 672 ordinum
1405 614 1713 670 Mendican-

157 711 294 764 tium.
323 708 558 764 Tandem
589 709 657 765 ab
694 710 946 765 humanis
964 709 1198 765 decessit
1219 706 1335 776 ejus
1362 709 1566 773 anima,
1593 722 1714 763 cor—

157 815 344 872 pusque
386 801 504 870 ejus
549 801 889 869 deportatum
919 801 984 856 ad
1014 799 1187 855 locum
1215 798 1529 869 praedictum
1574 798 1717 852 inter

160 892 313 947 dictos
369 892 653 960 religiosos
701 891 1041 946 tumulatum.
1091 891 1374 945 Promotus
1416 889 1516 943 fuit
1572 903 1715 943 anno

159 982 350 1037 Domini
399 982 686 1038 millesimo
714 981 1093 1037 trecentesimo
1137 980 1395 1035 vicesimo
1421 979 1635 1049 quinto,
1659 979 1714 1033 in

159 1070 551 1149 festdomnium
599 1070 945 1134 Sanctorum,
972 1068 1037 1123 ad
1084 1070 1226 1124 hanc
1255 1069 1461 1132 sedem,
1489 1077 1543 1124 et
1570 1069 1715 1123 vice-

159 1162 277 1216 simo
309 1169 496 1215 octavo
527 1161 579 1214 in
618 1160 755 1215 festo
798 1158 1108 1214 Nativitatis
1138 1158 1346 1213 Domini
1379 1158 1445 1212 ad
1469 1159 1715 1213 cardina-

158 1251 305 1305 latum
331 1265 345 1304 :
400 1250 479 1304 sic
528 1251 670 1305 sedit
696 1265 794 1321 per
824 1259 934 1306 tres
959 1265 1130 1305 annos
1157 1250 1208 1303 in
1238 1250 1367 1305 sede
1398 1250 1710 1320 episcopali,

158 1341 275 1395 obiit
308 1351 483 1396 autem
513 1340 735 1397 circiter
761 1357 963 1397 annum
1012 1342 1353 1396 millesimum
1402 1343 1715 1397 trecentesi-

157 1448 285 1486 unum
316 1432 648 1502 trigesimum
672 1440 886 1489 sextum
914 1433 965 1487 in
990 1433 1230 1487 novitate
1261 1447 1409 1502 papa:
1439 1431 1714 1487 Benedicti

157 1521 455 1576 duodecimi.
506 1521 707 1576 Fuerat
760 1522 1013 1592 antiquus
1052 1522 1230 1578 socius
1279 1523 1527 1593 specialis
1572 1522 1715 1577 illius

155 1613 316 1681 magni
351 1613 448 1667 viri
497 1628 656 1683 quem
705 1612 834 1669 fecit
862 1613 1097 1670 Joannes
1142 1630 1279 1685 papa
1316 1615 1605 1686 vigesimus
1629 1630 1713 1670 se-

155 1703 342 1757 cundus
375 1704 668 1771 excoriari,
710 1704 962 1759 videlicet
1007 1705 1242 1775 episcOpi
1285 1705 1708 1775 Capturcensis:

154 1792 236 1846 sed
261 1791 529 1861 sapienter
569 1793 825 1848 recedens
852 1794 918 1847 de
959 1795 1107 1847 curia
1154 1793 1223 1848 ad
1267 1792 1532 1864 refugium
1564 1796 1712 1850 venit

1815 622 2016 670 statum
2045 615 2273 670 multum
2300 616 2508 672 habens
2536 624 2749 685 gratum
2777 616 3002 686 paeitice
3033 614 3176 669 rexit
3208 615 3395 671 sedem

1816 718 1917 759 suo
1938 712 2199 774 tempore,
2227 713 2458 775 excepto
2482 704 2652 775 litigio
2675 718 2870 775 magno
2891 705 3032 774 quod
3058 702 3249 759 habuit
3270 718 3394 759 cum

1816 792 2083 863 religiosis
2110 792 2178 847 de
2200 792 2509 859 Charitatc,
2549 793 2802 848 videlicet
2831 793 3011 864 priore
3039 791 3106 847 de
3139 792 3391 855 Boniaco.

1814 897 1916 953 pro
1945 882 2152 938 duobus
2196 882 2412 937 clericis
2459 882 2699 955 Anglicis
2734 899 2872 954 quos
2900 882 3153 954 suspendi
3194 881 3400 938 fecerat

1820 972 2139 1043 praepositus
2195 972 2277 1026 de'
2318 970 2581 1037 Boniaco,
2630 973 2770 1027 unde
2815 971 3041 1026 viriliter
3082 979 3400 1040 prosecutus

1818 1063 2020 1119 factum
2069 1062 2374 1132 huiusmodi
2426 1075 2648 1134 propter
2693 1064 2836 1135 quod
2880 1063 3025 1119 misit
3064 1063 3119 1118 in
3151 1062 3400 1134 Angliam

1816 1154 1952 1208 duos
1972 1154 2227 1224 providos
2251 1153 2415 1217 viros,
2441 1170 2670 1224 quorum
2696 1172 2835 1210 unus
2859 1156 3238 1211 nominabatur
3258 1153 3402 1210 Bou-

1816 1244 2035 1299 tevilain
2078 1245 2145 1299 de
2193 1244 2572 1300 Antissiodoro
2620 1246 2687 1300 ad
2735 1246 3112 1315 inquirendum
3157 1253 3214 1301 et
3260 1244 3401 1300 refe-

1810 1337 2042 1390 rendum
2069 1337 2135 1390 de
2167 1336 2323 1390 titulo
2358 1336 2644 1392 clericatus
2681 1338 2736 1393 in
2782 1346 2986 1391 tantum
3022 1337 3164 1408 quod
3213 1338 3395 1397 habuit

1815 1426 2091 1495 expletum
2126 1423 2372 1493 justitim,
2397 1440 2496 1495 per
2534 1427 2739 1481 curiam
2780 1426 3107 1482 Parlamenti
3136 1429 3203 1483 ad
3230 1428 3403 1484 hono-

1814 1532 1929 1571 rem
1954 1516 2352 1587 jurisdictionis
2380 1517 2694 1587 spiritualis.
2728 1519 2825 1574 llic
2851 1520 3188 1574 consecravit
3226 1520 3401 1589 majus

1813 1605 1986 1661 altare
2007 1604 2064 1661 S.
2090 1606 2345 1676 Stephani
2369 1622 2512 1661 anno
2532 1606 2815 1662 millesimo
2838 1607 3218 1663 trecentesimo
3243 1608 3401 1679 trigeo

1815 1698 1956 1753 simo
1979 1708 2175 1768 quarto
2196 1699 2545 1768 fundavitque
2566 1715 2728 1755 unam
2761 1700 3109 1770 capellania‘m
3136 1701 3201 1755 ad
3226 1700 3400 1757 altare

1814 1790 1873 1847 Β.
1927 1790 2145 1847 Martini
2198 1792 2252 1846 in
2330 1793 2539 1849 Eccles.
2593 1794 2800 1850 Antiss.
2863 1794 2931 1850 de
2985 1790 3175 1863 viginti
3248 1792 3403 1850 libris

153 1888 212 1943 ad
250 1902 426 1957 regem
475 1887 719 1943 Franciae
745 1887 838 1959 qui
885 1887 1059 1957 ipsum
1092 1888 1388 1943 honorifice
1431 1889 1630 1959 recepit
1658 1890 1712 1943 in
1742 1870 1785 1930 Β
1815 1884 1978 1938 annui
2025 1893 2082 1938 et
2125 1884 2371 1954 perpetui
2413 1885 2651 1941 redditus
2697 1901 2860 1957 super
2886 1885 3130 1957 pluribus
3159 1901 3399 1956 conque-

154 1995 381 2051 magnum
406 1980 771 2036 consiliarium
798 1978 1204 2049 ctpostmodum
1228 1981 1280 2034 in
1304 1981 1709 2047 cancellarium,

154 2080 201 2125 et
226 2070 428 2124 tandem
460 2069 559 2123 fuit
588 2070 733 2140 regis
760 2079 1073 2140 compater:
1107 2084 1172 2124 ex
1204 2069 1287 2125 his
1315 2071 1579 2139 processit
1613 2085 1711 2125 sua

155 2160 292 2233 digna
318 2161 584 2231 promotio
613 2161 892 2232 praedicta.

480 2250 610 2305 Car.
637 2248 799 2305 LXX.
827 2279 898 2290 —
929 2248 1007 2305 De
1038 2249 1352 2306 Toleranda.

215 2340 535 2396 Talcrandus
559 2339 701 2396 illius
727 2341 941 2396 comitis
968 2340 1453 2412 Petragoricensis,
1495 2345 1712 2401 natione

153 2431 452 2505 Aquitaniae,
502 2431 870 2488 nobilissimus
915 2426 999 2486 vir
1036 2432 1250 2502 etjuris
1278 2435 1450 2491 civilis
1478 2438 1708 2506 peritus,

156 2521 422 2589 apostolica
471 2522 778 2591 provisione
814 2532 1097 2593 promotus
1144 2526 1405 2580 successit
1450 2528 1708 2597 praedicto

153 2609 296 2666 Petro
314 2612 377 2667 de
408 2611 617 2667 Mortuo
650 2611 803 2666 Mari.
840 2612 957 2668 Non
983 2612 1206 2668 intravit
1228 2614 1523 2680 civitatem,
1548 2618 1704 2685 quasi

151 2704 384 2759 continue
412 2704 611 2758 mansit
638 2704 903 2759 studendo
928 2705 981 2759 in
1013 2706 1173 2761 domo
1201 2705 1265 2761 de
1289 2706 1502 2763 Odanto
1535 2723 1707 2778 prope

152 2794 448 2851 Veniacum
469 2836 486 2862 ,
530 2812 653 2864 quae
681 2795 856 2852 fuerat
885 2797 1148 2868 acquisita
1182 2813 1277 2868 per
1298 2799 1574 2854 dominum
1605 2799 1706 2856 Pe-

148 2892 277 2939 trum
308 2886 371 2942 de
416 2885 676 2958 Mornayo
719 2887 1115 2957 supradictum,
1143 2889 1197 2943 in
1221 2903 1325 2960 qua
1349 2890 1527 2947 dictus
1553 2890 1710 2947 Tale-

146 2977 330 3033 randus
373 2979 671 3048 speciosam
706 2980 879 3034 aulam
909 2994 975 3036 ac
997 2994 1269 3036 cameram
1300 2983 1539 3037 construi
1583 2982 1708 3040 fecit

145 3076 192 3121 et
219 3068 281 3122 ad
308 3083 440 3138 opus
466 3068 735 3125 studiendi
762 3085 927 3125 unum
974 3070 1265 3145 claustrum
1302 3082 1449 3129 retro
1483 3075 1551 3130 ad
1587 3090 1704 3131 mo-

144 3159 257 3212 dum
282 3158 674 3229 religiosorum,
698 3167 754 3215 et
786 3160 857 3216 ibi
889 3159 1117 3215 multum
1149 3162 1379 3233 profecit
1420 3166 1702 3222 studendo.

143 3246 353 3303 Demum
399 3257 707 3320 assumptus
753 3250 808 3306 in
856 3250 1187 3307 cardinalem
1218 3263 1418 3310 sancta:
1448 3254 1708 3314 Romana:

142 3335 403 3406 Ecclesiae,
436 3339 489 3394 in
520 3355 628 3410 quo
670 3348 814 3396 statu
862 3341 1237 3399 strenuissime
1272 3359 1331 3399 se
1366 3343 1556 3400 habuit
1584 3345 1709 3402 fuit-

142 3442 236 3497 que
254 3431 317 3484 ad
343 3432 524 3487 sedem
551 3430 1078 3488 Antissiodorensem
1106 3441 1384 3503 promotus
1429 3450 1572 3491 anno
1598 3436 1707 3492 Do-

139 3518 262 3573 mini
306 3519 441 3576 1328
481 3528 535 3575 et
564 3520 858 3576 translatus
904 3522 972 3577 ad
1019 3522 1416 3578 cardinalatum
1460 3539 1602 3581 anno
1628 3543 1708 3583 se-

137 3611 310 3678 quenti
341 3612 633 3678 tricesimo,
664 3621 718 3666 et
742 3613 951 3668 vacavit
992 3613 1150 3669 sedes
1179 3614 1333 3684 quasi
1363 3631 1460 3686 per
1497 3632 1700 3673 annum

136 3708 344 3768 propter
411 3700 848 3756 contrarietatem
900 3702 1272 3772 promissionis
1324 3705 1604 3761 durantem
1644 3708 1697 3762 in

136 3797 314 3844 sancto
339 3789 565 3860 collegio
585 3792 936 3861 promovendi
965 3791 1241 3848 dominum
1271 3791 1604 3863 Stephanum
1636 3795 1704 3852 de

135 3877 379 3954 liornayo
412 3881 793 3938 cancellarium
837 3883 1101 3950 Franciae,
1149 3885 1242 3941 sed
1282 3885 1480 3942 multos
1519 3887 1707 3944 habuit

138 3970 487 4039 adversarios,
534 3972 653 4029 ideo
698 3982 976 4044 promotus
1020 3973 1120 4029 fuit
1169 3974 1277 4037 ille.
1325 3975 1416 4045 qui
1464 3975 1709 4047 sequitur

136 4072 270 4114 anno
295 4060 574 4132 trigesimo
603 4061 781 4130 primo
827 4062 880 4117 in
922 4062 1062 4118 festo
1100 4061 1410 4120 Nativitatis
1449 4065 1702 4121 Domini:

137 4150 211 4206 sic
234 4152 404 4207 solum
432 4152 573 4208 sedit
595 4152 930 4209 Talerandus
958 4154 1176 4210 circiter
1202 4163 1312 4210 tres
1343 4170 1532 4211 annos.
1558 4155 1707 4212 Obiit

134 4244 414 4301 cardinalis
442 4260 584 4300 anno
628 4245 921 4301 millesimo
960 4245 1339 4302 trecentesimo
1367 4247 1703 4316 sexagesimo

131 4344 357 4403 quarto;
405 4334 647 4406 sepultus
683 4335 971 4402 Avenioni,
1004 4342 1059 4391 et
1111 4336 1330 4390 demum
1387 4336 1703 4391 translatum

131 4426 322 4481 dicitur
348 4441 547 4496 corpus
575 4426 643 4481 ad
690 4435 873 4497 partes
907 4441 1055 4482 snas.
1085 4425 1204 4496 ipse
1234 4425 1433 4496 legavit
1472 4441 1571 4495 pro
1612 4442 1705 4481 an-

130 4520 423 4577 niversario
469 4535 568 4577 suo
610 4519 884 4577 fundando
936 4520 990 4576 in
1045 4520 1283 4576 Ecclesia
1332 4520 1693 4577 Antissiodor.

129 4621 338 4667 centum
360 4610 597 4668 ﬂorenos
621 4618 675 4667 et
694 4611 856 4667 soluti
885 4620 1030 4667 sunt.

475 4704 607 4762 CAP.
641 4704 824 4761 LXXI.
846 4734 919 4745 —
942 4703 1020 4759 De
1046 4703 1339 4775 Aymcrico.

190 4797 506 4871 Aymericus
548 4796 849 4863 Guenaudi,
891 4796 1109 4851 natione
1142 4796 1347 4860 Gallus,
1397 4797 1571 4867 patria
1612 4796 1698 4852 Pi-

130 4889 389 4944 ctavensis
406 4928 424 4954 ,
452 4885 884 4959 septuagesimus
911 4886 1119 4957 primus
1145 4885 1459 4955 episc0pns,
1484 4885 1569 4938 vir
1599 4900 1696 4941 no-

128 4973 239 5031 bilis
264 4991 485 5048 genere,
519 4976 743 5031 scientia
790 4983 845 5031 et
891 4975 1151 5037 moribus.
1184 4974 1361 5044 legum
1399 4974 1693 5044 professor,

133 5067 461 5122 consiliarius
506 5066 687 5137 regius
732 5065 787 5121 in
834 5065 1070 5136 hospitio
1118 5066 1267 5135 regio
1312 5064 1593 5130 residens,
1642 5072 1698 5119 et

134 5156 346 5214 ndicium
373 5158 615 5229 Magistri
666 5158 1061 5229 Requestarum
1100 5172 1358 5227 exercens
1389 5172 1487 5228 per
1537 5157 1694 5229 longa

136 5258 380 5323 tempora.
412 5248 654 5305 Tandem
696 5264 825 5321 rege
865 5257 919 5305 et
944 5249 1127 5320 regina
1159 5247 1614 5304 intercedentibus
1639 5255 1696 5304 et

139 5342 457 5411 exigentibus
482 5339 691 5396 meritis
716 5339 830 5395 suis
857 5349 1140 5410 promotus
1166 5346 1247 5393 est
1279 5338 1346 5393 ad
1372 5338 1553 5393 sedem
1581 5338 1694 5393 An-

140 5431 555 5490 tissiodorensem
601 5438 722 5502 post
763 5430 1082 5501 prtedictum
1134 5427 1495 5484 Talerandum
1548 5442 1693 5485 anno

140 5519 323 5577 Domini
370 5520 659 5576 millesimo
712 5521 1091 5575 trecentesimo
1152 5517 1430 5590 trigesimo
1492 5517 1690 5588 primo,

144 5611 353 5670 Sabbato
398 5612 452 5668 in
490 5621 724 5684 quatuor
759 5612 1115 5684 Temporibus
1150 5619 1275 5667 ante
1317 5609 1513 5666 festum
1544 5609 1694 5665 Nati-

145 5705 334 5770 vitatis,
386 5712 629 5774 tempore
682 5703 882 5760 domini
950 5703 1173 5758 Joannis
1223 5715 1375 5772 papa:
1443 5699 1689 5770 vigesimi

148 5796 355 5867 secundi.
403 5795 503 5855 Hic
550 5797 633 5853 vir
680 5796 857 5870 magni
904 5795 1126 5852 honoris
1172 5793 1397 5861 exsdtit,
1438 5790 1689 5848 omnibus

1723 4568 1778 4629 D

1816 1975 1990 2031 stibus
2029 1989 2128 2047 per
2152 1988 2274 2030 eum
2303 1974 2461 2031 factis
2486 1977 2538 2031 in
2575 1977 2965 2048 Appoiguiaco.
2997 1977 3129 2032 Item
3155 1976 3404 2032 fundavit

1816 2064 2243 2119 anniversarium
2275 2080 2430 2119 suum
2478 2066 2546 2121 de
2583 2065 2767 2137 viginti
2798 2065 2949 2122 libris
2996 2065 3402 2121 Turonensibus

1771 2214 1781 2225 ,
1814 2155 1979 2209 annui
2007 2163 2063 2211 et
2089 2156 2332 2226 perpetui
2373 2156 2614 2211 redditus
2652 2156 2849 2211 ibidem
2874 2156 3272 2227 percipiendis;
3309 2155 3398 2211 hie

1813 2247 2022 2317 primus
2042 2249 2349 2304 construxit
2373 2247 2609 2319 claperia
2643 2248 3016 2304 cuniculorum
3048 2247 3320 2319 Regennis
3342 2247 3399 2302 in

1813 2336 2084 2392 Garenna.
2116 2336 2432 2394 Translatus
2464 2338 2565 2393 fuit
2595 2340 2661 2394 ad
2689 2340 2868 2396 sedem
2904 2338 3397 2410 Rothomagensem

1814 2442 1958 2483 anno
1993 2426 2099 2495 38;
2132 2427 2212 2483 sic
2242 2429 2384 2484 rexit
2426 2444 2520 2499 per
2542 2438 2665 2485 octo
2689 2445 2877 2486 annos.

2070 2517 2197 2575 CAP.
2231 2518 2438 2574 LXXII.
2465 2550 2535 2560 --
2566 2519 2641 2574 De
2668 2519 2877 2575 Joanne
2906 2520 3128 2592 Blangy.

1881 2608 2117 2667 Joannes
2163 2611 2232 2668 de
2291 2611 2593 2683 Blangeriis
2649 2613 3076 2684 septuagesimus
3131 2612 3399 2667 secundus
3480 2604 3481 2607 “

1810 2700 2119 2770 episcopus,
2142 2702 2361 2757 natione
2378 2701 2582 2769 Gallus,
2608 2704 2782 2772 patria
2813 2701 3197 2767 Normannica,
3229 2702 3402 2757 famo-

1810 2806 1902 2846 sus
1930 2791 2184 2862 magister
2207 2791 2261 2845 in
2285 2790 2553 2863 theologia
2587 2792 2810 2847 studens
2844 2807 2910 2847 ac
2939 2791 3123 2860 legens
3151 2790 3398 2857 Parisiis,

1810 2879 2012 2935 domini
2054 2878 2330 2935 Benedicti
2372 2894 2523 2952 papa:
2559 2880 2862 2937 duodecimi
2906 2888 3053 2936 motu
3097 2880 3316 2951 prOprio
3344 2879 3401 2933 in

1809 2970 2162 3027 translatione
2203 2971 2407 3026 domini
2445 2972 2741 3043 Aymerici,
2782 2980 3063 3044 promotus
3099 2972 3305 3028 exstitit
3332 2972 3403 3028 ad
3479 3037 3484 3042 _

1809 3063 1992 3119 sedem
2011 3063 2370 3134 episcopalem
2408 3063 2766 3119 Antissiodor.
2811 3077 2954 3118 anno
2986 3062 3199 3118 Domini
3224 3060 3400 3118 mille-

1812 3154 1949 3211 simo
1995 3154 2376 3210 trecentesimo
2429 3153 2710 3225 trigesimo
2734 3162 2945 3210 octavo.
2996 3152 3202 3209 Memor
3246 3151 3398 3207 enim

1812 3246 2020 3302 exstitit
2057 3245 2199 3315 quod
2221 3244 2446 3301 'fuerant
2485 3245 2584 3317 ipsi
2642 3246 2804 3301 ambo
2854 3244 3290 3315 contemporanei
3338 3243 3397 3298 in

1810 3339 1986 3395 studio
2005 3337 2298 3394 Parisiensi
2327 3338 2385 3393 in
2403 3338 2543 3394 dicta
2574 3339 2799 3394 scientia
2825 3347 2879 3394 et
2904 3339 2959 3392 in
2979 3336 3096 3407 ejus
3123 3337 3385 3393 lecturam

1810 3438 2212 3495 concurrentes,
2231 3438 2287 3487 et
2307 3429 2471 3485 etiam
2500 3429 2729 3485 licentiae
2758 3438 2813 3485 et
2833 3429 3145 3485 doctoratus
3172 3428 3393 3485 insimul

1807 3520 2071 3576 honorem
2101 3528 2263 3590 atque
2287 3520 2501 3576 culmen
2537 3521 2747 3591 pariter
2783 3520 3055 3585 assecuti;
3106 3520 3307 3575 idcirco
3331 3519 3400 3574 de

1808 3613 1927 3683 ipso
1975 3612 2195 3683 proprio
2232 3620 2381 3667 motu
2430 3613 2668 3682 providit
2708 3613 2965 3669 Ecclesia:
3004 3612 3298 3667 Antissiod.
3340 3612 3397 3666 in

1808 3718 1913 3774 qua
1946 3713 2124 3758 tamen
2170 3717 2362 3773 parum
2407 3702 2548 3759 rexit
2594 3718 2807 3774 semper
2851 3703 3110 3759 anhelans
3156 3702 3398 3759 Parisios

1806 3791 2027 3848 reverti.
2067 3792 2135 3846 Et
2175 3790 2246 3846 ob
2274 3791 2377 3847 hoc
2405 3799 2647 3861 tempore
2686 3793 2888 3847 domini
2915 3792 3208 3847 Clementis
3243 3807 3397 3862 papae

1807 3883 1878 3940 Vl
1914 3883 2209 3954 supradicti
2239 3881 2510 3937 Benedicti
2556 3899 2706 3953 papae
2746 3884 3016 3938 undecimi
3063 3882 3396 3938 successoris

1807 3974 1971 4031 cessit
1991 3974 2323 4044 episcOpatui
2350 3988 2469 4039 suo,
2512 3984 2566 4029 et
2588 3983 2735 4030 certa
2763 3974 3020 4047 pensione
3039 3989 3150 4045 pro
3181 3974 3297 4042 ipso
3321 3974 3392 4028 ad

1806 4067 1972 4121 vitam
1997 4066 2248 4123 ordinata
2270 4081 2303 4121 a
2330 4065 2459 4121 sede
2478 4066 2733 4136 praedicta
2755 4080 3012 4123 reversus
3034 4066 3273 4121 Parisios
3295 4080 3392 4136 pro

1805 4157 1917 4213 vita
1946 4157 2362 4229 contemplativa
2405 4158 2671 4224 ducenda,
2718 4175 2840 4214 eum
2870 4172 2967 4229 per
3008 4157 3281 4227 navigium
3301 4170 3395 4212 ve-

1805 4249 2026 4306 heretur
2082 4249 2281 4322 frigora
2327 4264 2519 4320 passus
2561 4259 2615 4306 et
2642 4250 2888 4317 rheuma,
2919 4248 3124 4306 febrem
3161 4247 3392 4305 incurrit

1805 4338 2120 4393 caminum
2146 4340 2201 4393 in
2238 4352 2342 4409 qua
2366 4339 2594 4395 intravit
2640 4338 2883 4398 Parisios
2919 4349 2975 4397 et
3011 4339 3151 4396 infra
3189 4354 3390 4411 paucos

1804 4429 1920 4485 dies
1959 4430 2231 4500 expiravit
2280 4438 2335 4486 et
2382 4445 2579 4502 corpus
2618 4430 2734 4501 ejus
2786 4432 2840 4488 in
2891 4432 3119 4489 ecclesia
3159 4431 3388 4488 fratrum

1803 4518 2635 4577 Carthusiensiuminhumatum
2682 4531 2788 4590 est,
2837 4531 3077 4592 tempore
3119 4521 3383 4592 paschali,

1803 4622 1948 4662 anno
1968 4606 2260 4662 millesimo
2309 4608 2690 4664 trecentesimo
2738 4607 3152 4679 quadragesimo
3171 4608 3386 4678 quinto,

1800 4711 1989 4753 mense
2012 4696 2184 4766 Aprili
2208 4715 2222 4751 :
2258 4697 2347 4752 hic
2366 4697 2507 4752 sedit
2531 4697 2752 4753 circiter
2779 4712 2875 4754 sex
2892 4712 3100 4752 'annos.

2013 4787 2142 4844 CAP:
2170 4785 2400 4843 LXXIII.
2426 4817 2498 4828 -—
2525 4786 2599 4842 De
2632 4786 2786 4842 Petro
2822 4787 2889 4842 de
2924 4785 3169 4846 Villanis.

1869 4878 2063 4934 Petrus
2108 4879 2177 4934 de
2209 4877 2435 4935 Villanis
2468 4877 2897 4950 septuagesimus
2923 4879 3136 4944 tertius,
3160 4877 3380 4935 natione

1795 4968 2003 5035 Gallus,
2029 4968 2203 5040 patria
2227 4968 2588 5034 Normannize,
2617 4984 2685 5025 ex
2702 4970 2873 5041 gratia
2899 4969 3042 5026 sedis
3069 4970 3378 5042 apostolicae

1794 5075 1894 5132 per
1926 5059 2138 5132 praefati
2192 5060 2394 5116 domini
2435 5058 2658 5117 Joannis
2694 5061 2761 5117 de
2783 5060 2983 5132 Blangy
3012 5061 3371 5117 renuntiatio-

1795 5166 1919 5207 nem
1954 5160 2232 5222 promotus
2262 5151 2328 5207 ad
2353 5152 2534 5208 sedem
2561 5151 2919 5222 episcopalem
2940 5151 3148 5207 exstitit
3167 5152 3251 5206 vir
3278 5166 3376 5205 no-

1794 5240 1942 5307 bilis,
1993 5239 2257 5296 facundus
2307 5249 2362 5296 et
2406 5249 2680 5307 strenuus,
2725 5241 2842 5296 loca
2893 5239 3275 5297 fortalitiorum
3304 5238 3373 5295 de

1794 5330 2066 5403 Regennis
2086 5338 2144 5387 et
2172 5330 2311 5386 Villa
2336 5330 2511 5387 Catuli
2540 5332 2815 5402 reparavit
2841 5343 2896 5387 et
2920 5331 2975 5386 in
2994 5329 3168 5387 forma
3190 5329 3371 5385 debita

1795 5423 2174 5480 furtalitiorum
2216 5423 2398 5494 posuit
2444 5432 2501 5479 et
2537 5423 2769 5481 munivit
2793 5421 3060 5478 machinis
3105 5421 3374 5492 gallandis

1784 5513 2119 5580 'etfossatis,
2164 5523 2222 5569 et
2266 5512 2484 5569 demum
2516 5514 2806 5568 translatus
2852 5511 3061 5567 exstitit
3087 5512 3155 5567 ad
3187 5513 3370 5568 sedem

1794 5606 2144 5663 Baiocensem
2180 5605 2323 5661 unde
2358 5613 2476 5661 erat
2521 5605 2799 5660 oriundus.
2831 5603 3057 5661 Fecerat
3103 5612 3279 5660 tamen
3312 5606 3366 5660 in

1792 5696 1954 5752 domo
1981 5694 2176 5752 Odanti
2208 5694 2468 5765 capellam
2495 5702 2849 5749 et'cameram
2883 5706 3048 5762 opere
3072 5693 3234 5764 regali
3268 5710 3363 5749 no-

1791 5788 2074 5846 bilissimo.
2120 5786 2219 5844 llic
2267 5787 2515 5843 libertate
2538 5785 3031 5845 donavithomiuzs
3081 5798 3135 5844 ct
3163 5797 3362 5845 terram
