3860 5382
492 357 592 425 βτί

1338 360 1626 427 APPEND.
1666 363 1758 431 AD
1797 360 1970 418 διες.
2011 360 2081 414 Χ.
2117 390 2183 401 --
2213 358 2441 418 οξιΕιιΑ
2475 367 2865 431 ΔΔΕΣΠΟΤΙΚΔ.

3640 359 3751 428 δη

490 473 561 541 de
582 470 818 538 Odanto,
851 473 1123 530 mediante
1154 489 1334 529 annuo
1366 476 1573 530 redditu
1604 474 1744 530 bladi
1766 485 1821 531 et
1840 475 2068 543 aliorum
2095 463 2144 520 Α
2172 472 2527 546 logia..prius
2557 472 2794 528 decanus
2826 470 3182 541 Parisiensis,
3234 468 3428 529 deinde
3463 468 3751 541 episcopus

488 576 591 641 per
611 563 849 636 singulas
877 563 1107 622 familias
1132 574 1189 622 et
1239 566 1448 633 domos,
1492 567 1589 622 sed
1616 581 1899 629 successor
1927 565 2073 623 infra

490 657 730 740 scriptus
763 671 823 713 se
872 658 1085 719 fortiter
1116 660 1368 729 opposuit
1392 661 1519 719 huic
1549 663 1885 719 concessioni
1913 670 1970 720 et
2003 678 2072 723 ex

492 761 678 809 causa.
706 747 840 805 Cum
867 764 1002 806 vero
1027 751 1130 812 fuit
1152 751 1205 806 in
1234 751 1420 806 sedem
1459 752 1808 809 Baiocensem
1847 753 2074 810 transla-

490 846 602 903 tus,
636 847 861 911 urgente
888 856 1206 913 guerrarum
1230 841 1409 912 rigore
1446 842 1696 910 paenituit
1726 857 1784 897 se
1804 840 2073 896 dimisisse

490 929 721 1007 primam
751 930 956 995 sedem,
987 930 1278 986 translatus
1299 939 1479 999 autem
1500 930 1712 987 exstitit
1730 931 1795 985 de
1809 930 2074 985 Antissio-

493 1020 712 1076 dorensi
741 1021 808 1076 ad
847 1021 1196 1077 Baiocensem
1226 1021 1522 1083 Ecclesium
1570 1022 1713 1078 circa
1743 1036 1941 1088 annum
1969 1022 2074 1077 Do»

492 1108 627 1165 mini
688 1109 1031 1178 millesimum
1099 1111 1539 1177 trecentesimum
1600 1109 2073 1185 quadragesimum

490 1199 820 1268 septimum:
850 1199 942 1255 hic
966 1199 1108 1265 sedit
1151 1200 1369 1255 circiter
1405 1208 1514 1255 tres
1553 1214 1724 1255 annos
1750 1214 1872 1253 cum
1909 1198 2073 1254 dimi-

493 1287 601 1344 dio.
632 1287 731 1345 Hic
770 1304 866 1359 per
902 1290 1154 1346 comitem
1199 1290 1726 1360 Antissiodorensem
1778 1290 1951 1346 solum
1986 1290 2073 1358 in-

488 1393 714 1460 gressus
762 1377 865 1447 fuit
943 1379 1218 1443 civitatem
1276 1379 1407 1435 liora
1465 1379 1770 1450 vespertina
1809 1379 2070 1437 Sabbato.

490 1468 552 1522 ln
582 1470 821 1527 crastino
868 1478 1049 1536 tamen
1098 1469 1224 1526 fecit
1283 1470 1586 1527 convivium
1644 1468 1765 1537 aliis
1806 1469 2076 1531 nobilibus

493 1561 719 1616 minime
758 1562 1034 1632 requisitis
1070 1572 1128 1619 et
1168 1562 1374 1621 insciis.
1407 1562 1527 1621 Fuit
1587 1561 1751 1632 igitur
1797 1568 2076 1632 promotus

493 1654 564 1722 ad
588 1655 769 1709 sedem
801 1653 942 1710 hanc
967 1654 1490 1712 Antissiodorensem
1526 1667 1622 1722 per
1656 1650 2074 1721 resignationem

493 1759 659 1816 supra
715 1745 964 1816 proxime
1024 1746 1279 1817 scriptam
1342 1745 1569 1803 Joannis
1635 1744 1703 1801 de
1758 1742 2070 1811 Blangiaco,

2172 562 2623 625 Silvanectensis,.
2647 561 2864 627 demum
2887 561 2957 623 ad
3006 559 3191 615 sedem
3221 557 3749 624 Antissiodorenxm

2171 654 2467 717 translatus
2512 668 2544 707 a
2573 651 2790 713 domino
2849 649 3126 711 Clemente
3153 646 3386 726 papa‘Vl
3419 663 3518 717 per
3540 648 3751 711 obitum

2170 760 2333 815 supra
2359 743 2604 814 proxime
2626 742 2756 807 dicti
2796 741 3080 808 Bernardi.
3137 740 3376 801 Fuerant
3401 739 3546 801 enim
3572 738 3752 796 dictus

2171 838 2420 898 dominus
2465 852 2600 909 papa
2670 843 2727 890 et
2778 835 2891 904 ipse
2948 831 3392 902 contemporanei
3449 831 3505 886 in
3568 831 3755 886 studio

2169 928 2396 998 legendo
2420 936 2475 983 et
2518 925 2773 998 rcgendo,
2804 935 3070 996 erantque
3114 922 3507 995 compatriotm.
3543 921 3649 976 llic
3673 920 3756 975 vir

2170 1036 2276 1074 una
2303 1034 2425 1075 cum
2453 1017 2695 1081 scientiae
2757 1014 3076 1078 excellentia
3105 1012 3276 1083 gratia
3310 1010 3540 1065 maxima
3584 1007 3759 1077 pelle.

2169 1111 2266 1171 bat
2293 1110 2345 1163 in
2377 1107 2586 1178 loquela
2611 1106 2867 1177 omnique
2899 1112 3054 1175 gestu
3100 1102 3327 1157 multum
3357 1098 3608 1165 amabilis
3641 1097 3760 1153 uni-

2171 1202 2346 1258 versis
2374 1200 2719 1271 prudensque
2746 1206 2801 1255 et
2836 1196 3061 1253 callidus
3092 1195 3147 1250 in
3178 1192 3421 1263 agendis.
3452 1190 3555 1244 Hic
3602 1203 3758 1244 rece-z

2172 1295 2281 1366 ptis
2304 1292 2448 1348 mille
2477 1290 2697 1346 ﬂorenis
2722 1303 2883 1360 supra
2916 1287 3163 1358 proxime
3181 1284 3340 1339 dictis
3367 1297 3467 1352 pro
3495 1279 3764 1351 litigando

2173 1390 2361 1447 contra
2386 1381 2635 1436 homines
2672 1379 2738 1434 de
2785 1378 2997 1434 Odanto
3044 1374 3268 1444 incmpit
3316 1384 3678 1442 perseverare
3708 1368 3763 1429 in

2173 1472 2321 1541 dicta
2350 1470 2466 1526 lite.
2499 1469 2741 1524 Tandem
2772 1466 3077 1522 amabiliter
3111 1472 3401 1520 tractatum
3441 1470 3494 1516 et
3525 1474 3761 1515 concor-

2174 1563 2363 1625 datum
2384 1558 2595 1617 exstitit
2633 1557 2777 1629 quod
2810 1570 3019 1613 annuos
3056 1554 3299 1610 redditus
3328 1551 3447 1606 loco
3483 1548 3764 1605 servitutis

2174 1660 2465 1713 creverunt
2486 1664 2647 1722 super
2665 1647 2905 1718 quolibet
2944 1648 3010 1705 de
3038 1645 3218 1723 aliqua
3257 1643 3527 1721 portione,
3559 1641 3646 1695 sic
3666 1638 3765 1692 fuit

2176 1742 2243 1799 lis
2263 1743 2457 1813 sepita,
2475 1749 2528 1809 et
2555 1739 2737 1801 statim
2760 1745 3070 1806 assumptus
3082 1733 3294 1799 exstitit
3312 1729 3607 1787 cardinalis
3624 1745 3643 1796 ς
3659 1742 3764 1783 non

496 1849 639 1889 anno
664 1826 881 1907 Demini
919 1836 1207 1903 millesimo
1254 1835 1635 1905 trecentesimo
1665 1832 2076 1904 quadragesimo
2106 1821 2151 1880 Β
2179 1832 2402 1903 intravit
2421 1830 2717 1897 civitatem,
2758 1826 2851 1884 sed
2881 1827 2937 1881 in
2967 1841 3068 1882 suo
3108 1837 3326 1880 recessu
3352 1818 3761 1891 appropinqua-

494 1934 711 1994 quarto,
735 1940 886 1982 more
907 1925 1185 1997 Gallicano
1217 1926 1268 1981 in
1296 1925 1514 1982 hiemali
1547 1934 1792 1994 tempore
1827 1908 2078 1985 videlicet

495 2025 619 2095 post
645 2016 841 2072 festum
868 2016 1176 2072 Nativitatis
1226 2016 1458 2072 Domini.
1494 2014 1585 2070 Sic
1612 2014 1753 2070 sedit
1781 2012 1954 2069 tribus
1982 2026 2079 2065 an-

497 2106 585 2171 nis
605 2120 727 2161 cum
758 2106 1010 2181 dimidio;
1042 2107 1286 2193 sepultus
1312 2114 1396 2174 est
1422 2104 1653 2174 Baiocis,
1680 2104 1796 2173 dies
1813 2102 1954 2189 apud
1980 2116 2080 2165 nos

495 2211 606 2267 non
629 2204 713 2253 est
736 2206 909 2253 certa.

732 2286 862 2355 CAP.
893 2285 1129 2354 LXXIV.
1161 2318 1229 2329 —-
1262 2286 1337 2342 De
1359 2287 1637 2357 Bernardo,
1661 2285 1853 2341 Bruni.

566 2378 877 2447 Bernardus
897 2380 1063 2435 Bruni
1091 2380 1516 2451 septuagesimus
1532 2388 1754 2448 quartus
1773 2377 2080 2448 episcopus,

500 2473 720 2540 natione
746 2470 953 2538 Gallus,
983 2472 1156 2544 patria
1183 2471 1488 2534 Lemovica,
1532 2470 1598 2525 de
1630 2470 1943 2540 episcopatu
1974 2469 2086 2523 Mo-

502 2562 707 2632 rinensi
725 2561 1017 2617 translatus
1030 2561 1237 2629 exstitit
1262 2561 1327 2616 ad
1356 2560 1536 2615 sedem
1558 2559 2085 2623 Autissiodorensem

503 2653 688 2723 statim
719 2661 841 2725 post
870 2650 1278 2713 translationem
1322 2651 1570 2723 proxime
1594 2650 1891 2727 supradicti
1940 2650 2087 2709 Petri

505 2747 572 2803 de
597 2747 1055 2820 Antissiodorensi
1085 2745 1211 2801 sede
1244 2745 1311 2800 ad
1336 2744 1709 2816 Baiocensem,
1731 2758 1878 2799 anno
1907 2742 2089 2806 Domi-

506 2838 562 2899 ni
588 2837 873 2910 millesimo
896 2836 1277 2894 trecentesimo
1326 2835 1738 2906 quadragesimo
1777 2833 2009 2904 septimo
2033 2831 2090 2889 in

509 2928 848 3003 Pentecoste.
890 2928 992 2997 Hic
1021 2928 1105 2983 vir
1136 2912 1547 2997 antiquissimus
1581 2936 1635 2981 et
1658 2925 2091 2998 sapientissimus

508 3014 673 3090 atque
704 3021 1003 3093 ditissimus
1037 3020 1178 3076 ultra
1223 3034 1413 3075 omnes
1441 3018 1688 3089 prelatos
1711 3027 2091 3089 contempera-p

508 3129 660 3179 neos,
690 3113 1099 3181 strenuissimus
1120 3109 1324 3180 jurium
1370 3109 1627 3165 Ecclesiae
1664 3118 1847 3177 custos
1877 3096 2088 3178 etpra-

509 3212 751 3273 secutor,
776 3218 882 3275 non
932 3203 1155 3267 intravit
1195 3202 1473 3259 civitatem
1516 3215 1691 3265 suam.
1742 3200 1842 3271 Hic
1868 3199 2091 3270 incoepit

512 3295 792 3359 inﬁrmare
837 3295 1139 3364 libertatem
1194 3307 1357 3364 quam
1379 3291 1682 3347 contulerat
1724 3306 1854 3359 suus
1892 3290 2091 3360 praede-

512 3401 699 3449 cessor
738 3386 1046 3461 hominibus
1085 3395 1244 3439 terra:
1284 3384 1350 3439 de
1385 3382 1615 3447 Odanto,
1638 3390 1692 3437 et
1720 3382 1843 3451 quia
1871 3378 2094 3447 inﬁrmi-

514 3488 627 3545 tate
646 3488 921 3549 gravatus,
949 3478 1018 3539 de
1060 3491 1166 3546 qua
1209 3476 1363 3543 obiit,
1398 3476 1652 3546 nequibat
1705 3483 1948 3543 tempore
1994 3487 2093 3536 suo

516 3573 715 3628 dictam
747 3573 897 3627 litem
943 3572 1238 3642 perducere
1266 3569 1335 3634 ad
1370 3576 1613 3638 optatum
1660 3567 1839 3632 tinem,
1878 3566 2095 3637 reliquit

516 3664 569 3719 in
597 3679 696 3737 suo
747 3671 1068 3718 testamento
1119 3661 1355 3733 legatum
1404 3660 1551 3715 mille
1597 3659 1925 3716 ﬂerenornm
1975 3658 2095 3713 auri

518 3755 818 3825 successori
841 3770 940 3810 suo
969 3754 1110 3808 infra
1149 3755 1349 3822 scripto
1388 3752 1442 3806 in
1480 3750 1910 3827 prosecutionem
1941 3748 2097 3804 dicta:

519 3847 634 3917 litis
659 3852 848 3917 contra
870 3844 1046 3900 dictos
1068 3842 1317 3899 homines
1341 3850 1395 3895 et
1420 3849 1610 3901 contra
1642 3839 2097 3909 prmdecessorem

520 3953 677 4007 suum
719 3937 985 4009 duntaxat
1035 3934 1446 3990 convertendos.
1482 3930 1620 3986 Huic
1645 3918 1763 3990 erat
1799 3928 1990 3983 modus
2019 3929 2098 3982 vi—

520 4030 680 4101 vendi
711 4029 833 4100 talis
853 4027 1072 4099 quodin
1105 4033 1227 4080 ortu
1277 4024 1406 4079 solis
1428 4021 1744 4093 prandebat,
1779 4029 1833 4075 et
1857 4029 1981 4075 ante
2009 4021 2101 4074 lto-

522 4135 639 4186 ram
687 4134 842 4173 nonat
890 4117 1163 4191 cmnabat,
1221 4130 1382 4186 quem
1431 4113 1647 4168 modum
1691 4127 1722 4165 a
1775 4110 2101 4165 nutrimento

515 4209 815 4283 iuventutis
874 4217 1075 4264 tenerae
1122 4196 1404 4262 dicebatur
1458 4203 1733 4272 accepisse
1780 4217 1811 4256 a
1870 4202 2100 4271 quodam

524 4298 792 4368 avunculo
828 4312 927 4352 suo
947 4294 1212 4351 cardinali
1260 4293 1349 4363 qui
1381 4292 1459 4347 sic
1484 4292 1718 4346 vivebat.
1753 4291 1898 4356 Obit
1923 4299 2101 4355 autem

524 4393 583 4461 in
603 4400 785 4459 castro
809 4391 876 4445 de
898 4388 1033 4447 Villa
1056 4386 1250 4459 Catuli,
1277 4378 1418 4440 anno
1446 4383 1659 4457 Domini
1684 4383 1969 4438 millesimo
1993 4391 2104 4451 tre-

527 4483 824 4554 centesimo
853 4480 1265 4553 quadragesimo
1294 4492 1435 4543 nono
1469 4478 1615 4543 circa
1638 4475 1836 4547 festum
1863 4476 2101 4530 omnium

528 4573 877 4643 Sanctorum,
907 4580 961 4627 et
996 4571 1097 4626 fuit
1133 4585 1327 4646 corpus
1349 4584 1504 4624 suum
1534 4567 1602 4633 ad
1641 4566 1956 4637 Lemovices
1984 4581 2108 4637 por-

529 4672 702 4731 tatum
747 4672 802 4718 et
830 4662 1171 4735 tumulatum.
1200 4660 1353 4716 Sedit
1398 4674 1494 4731 per
1522 4659 1654 4714 duos
1686 4673 1858 4724 annos
1889 4666 1943 4713 et
1967 4672 2106 4727 qua-

531 4763 655 4809 tuor
706 4766 941 4823 menses.
988 4752 1088 4824 Hic
1132 4752 1359 4819 multum
1404 4749 2014 4821 diligebatmansionem
2044 4749 2109 4804 de

530 4844 743 4915 Odantu
765 4854 824 4913 et
861 4844 1240 4914 circumcinxit
1260 4842 1436 4908 locum
1481 4851 1536 4897 et
1559 4842 1776 4896 domum
1803 4838 2030 4911 pelliciis
2056 4846 2112 4892 ct

536 4938 747 5011 magnis
777 4937 1018 4995 turribus
1042 4946 1098 5007 et
1148 4936 1387 5003 construi
1414 4933 1545 4990 fecit
1569 4932 1769 4993 ibidem
1797 4918 1908 4992 tres
1933 4939 2110 4988 turres

533 5029 865 5117 quadratas;
893 5041 1001 5092 non
1028 5026 1313 5082 deﬁciebat
1352 5023 1456 5093 nisi
1503 5038 1608 5078 una
1647 5021 1779 5107 quin
1818 5019 2011 5075 fuisset
2036 5017 2112 5081 ibi

744 5121 850 5142 2--..
904 5119 1215 5142 --.-_I..-a.-_.
1259 5116 1428 5142 ..μισ-ξι.
1475 5109 2016 5142 κηκυιηονιΛηᾹΔηΙῖιιιιᾶ
2045 5107 2112 5142 (In

2174 1924 2254 1988 vit
2282 1922 2525 1978 eamdem
2557 1919 2611 1974 in
2645 1918 2815 1989 pratis
2841 1930 3008 1988 prope
3036 1914 3236 1969 fontem
3263 1910 3435 1969 sancti
3458 1906 3763 1970 Amatoris,

2175 2022 2230 2070 et
2258 2012 2328 2067 ibi
2356 2011 2573 2083 egregie
2597 2007 2909 2080 praedicavit
2938 2015 2994 2062 et
3017 2020 3047 2060 a
3071 2007 3219 2059 clero
3242 2009 3296 2057 et
3315 1999 3511 2071 populo
3537 1999 3769 2058 honeste

2178 2102 2387 2173 accepit
2430 2107 2809 2165 commeatum.
2859 2095 3013 2153 Sedit
3056 2108 3157 2166 per
3188 2106 3387 2149 annum
3428 2103 3597 2144 unum
3646 2103 3767 2143 cum

2179 2195 2402 2255 dimidio
2447 2193 2656 2265 fuitque
2709 2195 3018 2259 assumptus
3062 2183 3354 2245 cardinalis
3391 2183 3446 2238 in
3498 2180 3767 2251 principio

2179 2290 2305 2357 anni
2335 2284 2765 2359 quinquagesimi
2800 2281 2963 2353 primi
3018 2279 3167 2344 circa
3224 2275 3422 2343 festum
3453 2272 3773 2330 Nativitatis

2183 2378 2428 2443 Domini;
2475 2375 2612 2431 obiit
2656 2383 2837 2429 autem
2878 2366 3169 2432 cardinalis
3213 2367 3267 2421 in
3293 2364 3446 2421 curia
3500 2363 3765 2426 Romana,

2182 2472 2434 2529 videlicet
2471 2467 2765 2532 Avenione,
2812 2478 3000 2521 mense
3043 2460 3366 2532 Septembri,
3421 2472 3571 2520 anno
3594 2457 3764 2511 mille-

2184 2562 2321 2620 simo
2364 2556 2747 2625 trecentesimo
2801 2553 3139 2625 sexagesimo
3189 2551 3384 2622 primo.
3425 2549 3527 2603 llic
3574 2547 3771 2619 legavit

2185 2668 2436 2725 magnam
2485 2663 2750 2707 summam
2787 2645 3114 2711 ﬂorenorum
3149 2641 3402 2702 Ecclesia:
3424 2639 3766 2695 Autissiodu-

2186 2744 2332 2811 rensi
2361 2758 2459 2814 pro
2489 2757 2588 2807 suo
2621 2738 3026 2804 anniversario,
3085 2735 3181 2800 sed
3232 2741 3621 2793 testamentum
3671 2729 3764 2785 ab—

2187 2834 2489 2893 sconditum
2533 2840 2617 2889 est
2675 2839 2731 2886 et
2774 2844 2883 2884 non
2926 2828 3101 2894 adhuc
3148 2824 3324 2896 potuit
3367 2823 3573 2878 veritas
3620 2822 3769 2875 inve-

2188 2928 2314 2983 niri.
2345 2923 2623 2995 Sepultum
2658 2929 2742 2979 est
2767 2934 2965 2992 corpus
3011 2918 3066 2973 in
3102 2915 3332 2981 ecclesia
3355 2912 3593 2973 fratrum
3620 2910 3768 2967 Prte-

2191 3021 2517 3089 dicaturum.

2537 3106 2666 3177 Car.
2696 3102 2928 3171 LXXVI.
2953 3131 3025 3143 —
3049 3099 3127 3156 De
3147 3100 3425 3170 Audayna.
3522 3134 3525 3135 ν

2115 3165 2162 3230 C
2262 3201 2558 3273 Andoynus
2584 3165 3015 3270 septuagesimus
3041 3201 3247 3259 sextus,
3297 3165 3519 3245 natione
3567 3186 3774 3250 Gallus,

2191 3295 2366 3368 patria
2422 3291 2731 3355 Lemovica,
2786 3298 2946 3349 antea
2984 3283 3374 3347 Noviomensis,
3410 3287 3605 3353 postea
3630 3278 3779 3333 Pari-

2194 3386 2389 3443 siensis
2416 3384 2722 3455 episc0pus,
2768 3380 2982 3435 demum
3020 3374 3314 3439 translatus
3363 3372 3430 3433 ad
3452 3371 3642 3426 sedem
3665 3369 3776 3423 An-

2196 3476 2634 3532 tissiodorcnsem
2691 3471 2746 3525 in
2798 3466 3149 3523 translatione
3202 3462 3330 3527 dicti
3369 3461 3519 3525 Petri
3574 3457 3777 3528 praede-

2196 3566 2433 3633 cessoris
2456 3565 2525 3619 ad
2547 3559 2961 3624 cardinalatum,
2986 3554 3236 3611 videlicet
3276 3553 3331 3609 in
3356 3549 3632 3623 principio
3654 3546 3779 3605 anni

2197 3657 2391 3727 milies.
2435 3650 2802 3715 trecentesimi
2848 3643 3274 3717 quinquagesimi
3303 3640 3462 3712 primi
3487 3639 3540 3694 in
3574 3635 3779 3693 Νειιίςί-

2198 3722 2307 3813 tate
2332 3744 2564 3809 Domini.
2594 3740 2693 3804 Hic
2720 3740 2804 3796 vir
2829 3746 2947 3794 erat
2973 3736 3183 3805 peritus
3224 3733 3276 3787 in
3327 3740 3556 3799 utroque
3573 3727 3702 3797 jure
3725 3722 3777 3781 et

2174 3836 2667 3909 consultissimus;
2719 3829 3040 3895 arbitratum
3101 3833 3281 3897 autem
3331 3820 3538 3877 exstitit
3593 3820 3668 3874 ab
3717 3831 3780 3872 eo

2201 3942 2324 3991 cum
2372 3938 2638 3989 consrnsu
2697 3919 2886 3987 decatti
2932 3926 2987 3973 et
3023 3912 3243 3986 capituli
3287 3908 3589 3965 Antissiod.
3639 3906 3779 3978 quod

2202 4018 2408 4075 inutilis
2462 4023 2520 4081 et
2562 4016 2825 4080 damnosa
2903 4017 3024 4077 erat
3080 4008 3271 4064 domus
3343 4005 3410 4060 de
3455 4000 3782 4055 Belloreditu

2200 4117 2422 4183 propter
2469 4121 2691 4185 magnas
2754 4103 3152 4179 reparationum
3195 4098 3519 4161 missiones,
3575 4101 3783 4148 attenta

2203 4199 2512 4271 pluralitate
2562 4184 2861 4263 domorum,
2897 4190 3282 4271 episcopalium
3338 4184 3484 4251 alibi,
3524 4192 3583 4237 et
3620 4194 3783 4254 prope

2203 4268 2556 4348 existentium
2586 4304 2602 4356 ;
2633 4271 2948 4347 ordinatum
2968 4268 3144 4338 tamen
3167 4279 3268 4349 fuit
3305 4274 3527 4332 retineri
3556 4274 3613 4328 in
3640 4280 3783 4329 statu

2205 4380 2416 4439 stabula
2442 4379 2600 4449 longa
2638 4375 2893 4447 duplicia.
2927 4373 3068 4442 intra
3098 4385 3281 4439 aream
3311 4368 3471 4423 dictae
3500 4364 3698 4420 domus
3724 4376 3783 4416 ac

2208 4485 2459 4542 magnum
2499 4467 2775 4536 altumque
2822 4463 3033 4537 portale
3080 4462 3135 4529 in
3182 4457 3408 4514 introitu
3455 4456 3673 4520 domus,
3723 4467 3783 4507 ac

2210 4574 2431 4641 parvam
2462 4558 2679 4613 domum
2704 4555 2848 4612 dicto
2876 4552 3071 4633 portali
3099 4549 3403 4620 contiguam
3429 4547 3498 4601 ad
3525 4544 3783 4615 recipien-

2212 4634 2339 4721 dum
2387 4656 2574 4722 gentes
2611 4646 2849 4717 episcopi
2900 4644 3028 4711 illuc
3078 4656 3178 4713 pro
3229 4638 3476 4698 venando
3517 4634 3603 4691 vel
3632 4634 3787 4687 aliter

2212 4745 2551 4809 accedentes,
2593 4741 2721 4801 item
2774 4737 2990 4803 furnum
3029 4732 3097 4787 ab
3132 4731 3237 4786 alia
3285 4737 3435 4799 parte
3463 4724 3787 4798 portatis,et

2212 4837 2329 4903 haec
2354 4834 2470 4901 visa
2490 4842 2615 4887 sunt
2639 4828 2884 4885 suliicere
2913 4841 3012 4900 pro
3046 4822 3235 4880 colono
3254 4831 3307 4876 et
3331 4817 3531 4885 familia
3558 4816 3627 4870 ad
3655 4827 3789 4884 opus

2215 4920 2533 4992 nutrimenti
2563 4932 2842 4990 pecorum,
2867 4916 3067 4980 ibidem
3086 4909 3418 4979 collocandis
3441 4907 3494 4975 in
3524 4904 3786 4959 futurum.

2216 5012 2534 5083 Translatus
2561 4994 2663 5073 fuit
2693 5008 2763 5063 ad
2801 5006 3193 5064 cardinalatum
3240 5016 3338 5073 per
3362 5000 3506 5069 hunc
3544 4997 3786 5057 modum,

2216 5108 2339 5142 ηιιῖοι
2381 5105 2472 5142 illn
2495 5113 2739 5142 lnmnnrn
2784 5108 2943 5142 arant
2989 5099 3092 5142 dun
3136 5093 3439 5142 cardinales
3471 5091 3572 5142 80b
3614 5086 3790 5142 nomi-
