3918 6316
162 349 251 408 ns
1023 350 1112 410 ne
1144 352 1390 411 GESTIS
1418 352 1631 410 EPISC.
1671 353 2054 415 ANTISSIOD.
2074 391 2143 400 —
2164 360 2341 419 rans
2381 362 2442 418 lt.
3276 325 3382 415 sti

164 468 329 524 “emis.
354 466 467 524 Hoc
503 466 605 523 Ῑυὶι
633 475 875 539 tempore
895 470 1142 525 avunculi
1171 469 1255 525 Sili
1310 468 1512 525 domini
1544 467 1702 523 lnﬂO‘
1730 470 1781 531 Α
1808 471 1906 528 Hic
1933 472 2061 529 fecit
2085 474 2365 531 introitum
2396 491 2551 530 suum
2583 475 2817 547 primum
2850 475 2904 530 in
2937 474 3157 531 civitate
3202 472 3385 547 Antis§

165 560 508 629 centiiquinti,
542 560 594 614 in
639 560 881 617 novitate
921 561 1005 616 sui
1056 561 1421 631 pontiﬁcatus,
1449 560 1703 616 videlicet
1810 560 1945 618 siod.
1979 579 2099 618 cum
2133 575 2242 621 tota
2285 542 2630 621 solemnitate
2663 566 2865 631 debita,
2907 575 3026 621 orta
3079 574 3255 621 tamen
3287 542 3390 619 fuit

163 652 310 724 primo
333 663 474 705 anno
500 651 771 718 revoluto;
801 653 942 708 sedit
968 668 1066 724 per
1090 655 1226 710 duos
1250 668 1421 709 annos
1439 652 1706 708 Antissio—
1811 649 2080 707 dissensio
2112 654 2178 709 de
2209 654 2371 725 pallio
2399 656 2574 712 serico
2609 671 2773 726 super
2801 656 3089 721 cathedra,
3125 663 3179 710 et
3223 670 3389 725 super

165 742 259 797 dori
296 740 468 796 minus
511 741 721 797 duobus
767 742 1071 807 mensibus;
1104 743 1235 799 obiit
1286 758 1429 798 anno
1482 757 1708 813 sexage-
1812 741 1933 812 ipso
1961 747 2250 813 existente,
2283 750 2425 818 quod
2474 749 2721 819 pallium,
2773 758 3076 819 portantes,
3126 749 3252 807 dum
3301 749 3395 803 de-

165 830 277 885 sitno
293 838 480 899 quarto
504 844 689 885 mense
714 829 860 896 Maii,
883 832 970 887 die
996 832 1300 899 undecima,
1329 833 1624 896 Avenione.
1651 839 1708 887 et
1814 836 2029 891 scendit
2055 838 2121 893 de
2143 840 2383 896 humeris
2407 840 2546 909 ejus,
2578 851 2838 912 ceperunt
2864 852 2918 898 et
2939 859 3122 899 secum
3148 851 3397 912 asporta-

164 919 329 975 ibidem
372 919 669 976 tumulatus
713 930 795 976 est
826 921 881 976 in
932 925 1261 980 monasterio
1316 925 1541 978 fratrum
1579 923 1710 978 Car-
1813 936 2032 993 verunt,
2058 929 2124 983 ad
2157 930 2301 1000 ipsos
2347 941 2593 1001 spectare
2635 934 3017 990 universaliter
3042 942 3391 995 asserentes;

164 1010 510 1076 tbusiensium,
536 1010 678 1079 quod
706 1018 787 1066 est
824 1012 878 1065 in
906 1027 1072 1084 regno
1109 1013 1260 1083 juxta
1294 1013 1487 1068 Villam
1518 1028 1709 1068 novam
1815 1025 1869 1073 et
1894 1021 2020 1088 quia
2050 1020 2118 1075 de
2144 1024 2414 1079 reddendo
2439 1024 2657 1080 fuerunt
2680 1028 2779 1081 sub
2809 1026 3399 1083 excomtnunicatimtis

162 1100 282 1168 quod
313 1098 556 1153 fundavit
588 1100 836 1155 dominus
862 1100 1209 1157 Innocentius
1256 1102 1552 1157 avunculus
1581 1117 1709 1158 suus

1854 1127 1977 1167 mna
2010 1115 2220 1175 tnoniti.
2264 1126 2443 1171 ortum
2489 1118 2588 1171 fttit
2638 1120 2957 1174 scandalum
2998 1128 3219 1191 propter
3246 1121 3399 1189 quod

160 1191 441 1262 Ρτεῐεάὶειιιει
495 1192 601 1246 Pro
678 1192 954 1248 ῐιηιάειηάο
999 1194 1375 1250 anniversario
1425 1210 1523 1249 suo
1569 1195 1715 1250 dedit
1819 1203 2123 1273 ingressum
2148 1208 2314 1261 turris
2337 1208 2403 1263 de
2426 1206 2694 1265 Thociaco
2713 1219 2767 1264 et
2793 1210 2956 1265 turris
2981 1211 3046 1266 de
3071 1221 3260 1265 sancto
3284 1208 3403 1265 Sal-

160 1280 390 1337 Ecclesia:
418 1282 717 1338 Antissiod.
750 1292 1021 1341 trecentos
1040 1284 1276 1342 ﬂorenos
1306 1287 1426 1343 auri
1470 1297 1525 1344 et
1556 1288 1714 1345 soluti
1819 1305 2012 1353 vatorc
2037 1299 2211 1353 eidem
2261 1301 2604 1369 postmodum
2647 1303 3066 1374 denegaverunt,
3116 1302 3211 1357 sed
3257 1310 3404 1372 post-

160 1385 283 1431 sunt.
1821 1390 2043 1445 modum
2074 1392 2446 1448 infortnarnnt
2475 1395 2542 1449 de
2584 1412 2679 1449 sua
2716 1396 3055 1465 possessione
3092 1395 3285 1449 iterata
3311 1406 3406 1464 per

294 1469 420 1525 Car.
461 1469 719 1526 LXXVII.
761 1501 833 1513 -——
870 1471 947 1529 De
983 1472 1191 1531 Joanne
1228 1476 1293 1530 de
1322 1476 1548 1532 Auxeio.
1823 1490 1935 1537 tres
1963 1482 2107 1539 vices
2136 1483 2313 1555 quoad
2359 1485 2560 1541 dictum
2600 1486 2819 1556 pallium
2848 1504 2860 1541 :
2893 1486 3097 1543 idcirco
3129 1484 3410 1540 mandavit

216 1558 441 1615 Joannes
486 1560 554 1615 de
577 1561 788 1617 Auxeio
815 1566 1243 1638 septuagesimus
1281 1566 1567 1637 septimus,
1619 1582 1718 1622 na-
1822 1572 1904 1626 eis
1944 1572 2095 1627 reddi
2151 1573 2353 1629 dictum
2394 1575 2614 1646 pallium
2642 1575 2784 1646 quod
2827 1577 3060 1646 positum
3115 1574 3291 1630 fuerat
3342 1574 3410 1629 de

161 1651 288 1706 tione
303 1649 517 1721 Gallus,
540 1651 713 1720 patria
739 1651 1088 1725 Burgundus,
1121 1656 1316 1712 nobilis
1336 1656 1421 1711 vir
1459 1659 1722 1728 prosapiae
1824 1663 2094 1717 communi
2120 1677 2388 1720 consensu
2437 1665 2491 1720 in
2556 1680 2718 1720 manu
2749 1676 3052 1736 sequestra,
3078 1674 3133 1721 et
3174 1663 3274 1736 qui
3295 1663 3410 1718 haec

160 1744 216 1800 de
234 1742 475 1800 Turnella
500 1743 555 1799 in
582 1745 844 1801 comitatu
873 1744 1192 1805 Nivernensi
1216 1790 1229 1815 ,
1263 1748 1316 1803 in
1349 1758 1578 1821 utroque
1598 1750 1723 1820 jure
1752 1823 1789 1827 _
1826 1753 2062 1824 scripsit,
2096 1755 2199 1810 scit
2225 1756 2369 1826 quod
2388 1770 2516 1811 vera
2550 1766 2702 1823 sunt,
2729 1757 2854 1827 quia
2886 1758 2937 1812 in
2969 1755 3221 1812 omnibus
3244 1755 3415 1810 inter-

160 1838 368 1908 peritus,
396 1836 551 1906 prius
573 1836 858 1907 episcopus
889 1837 1200 1906 Trecensis,
1228 1840 1434 1897 electus
1458 1857 1554 1913 per
1581 1842 1722 1897 viam
1752 1823 1799 1882 Β
1828 1823 1947 1898 fuit.
1971 1823 2391 1902 Creterumvcum
2435 1847 2489 1902 in
2534 1847 2709 1917 primo
2740 1823 2839 1904 suo
2886 1848 3107 1905 introitu
3139 1863 3244 1903 non
3275 1846 3412 1900 fuis-

160 1928 311 1984 sancti
338 1928 729 1998 Spiritus,qute
757 1929 840 1984 via
867 1946 972 2011 non
1001 1931 1340 1988 habueratin
1374 1947 1539 2004 regno
1559 1931 1724 1989 Fran-
1827 1944 1951 1990 sent
2008 1934 2140 1990 hora
2181 1935 2362 1992 debita
2412 1945 2601 2009 gentes
2647 1937 3014 1995 archidiaconi
3059 1936 3411 1998 Senonensis.

160 2017 244 2072 cite
265 2017 317 2072 in
358 2017 540 2087 aliqua
577 2019 876 2075 cathedrali
913 2020 1137 2076 ecclesia
1166 2021 1415 2078 ell'ectum
1445 2038 1474 2077 a
1513 2023 1726 2094 longin-
1826 2020 2096 2084 venerunt
2119 2038 2317 2093 tamen,
2347 2028 2472 2085 dum
2501 2030 2601 2086 fttit
2629 2041 2756 2087 ante
2797 2032 2988 2097 altare,
3014 2030 3414 2086 inthronizave-

160 2109 268 2177 quis
294 2110 648 2181 temporibus,
677 2112 940 2169 successit
966 2114 1019 2169 in
1043 2115 1355 2186 episcopatu
1385 2117 1726 2173 Antissiodo-
1827 2125 2061 2189 runtque
2088 2132 2210 2175 eum
2241 2119 2292 2173 in
2322 2121 2601 2176 cathedra.
2638 2121 2775 2176 Male
2805 2136 2937 2177 vero
2967 2121 3207 2177 contenti
3236 2121 3301 2176 de
3327 2136 3415 2185 co,

161 2199 291 2255 rensi
320 2199 634 2271 supradicto
669 2201 920 2259 Audoino
946 2206 1170 2276 proprio
1208 2221 1361 2277 papa:
1407 2216 1575 2263 motu.
1627 2208 1726 2265 llic
1828 2205 1955 2277 quia
1978 2207 2278 2263 intraverat
2322 2217 2513 2279 portas
2541 2210 2784 2267 ecclesia:
2815 2211 2932 2268 sine
2960 2226 3146 2267 eorum
3177 2211 3415 2267 auctori-

160 2288 352 2345 exstitit
372 2290 533 2346 homo
564 2290 734 2359 mitis,
767 2292 910 2362 pius,
949 2295 1259 2351 misericors
1280 2305 1335 2353 et
1376 2297 1728 2367 bospitalitati
1829 2305 1963 2365 tate,
1993 2298 2265 2369 petierunt
2300 2310 2484 2372 postea
2510 2302 2790 2358 marcham
2823 2303 2942 2358 auri
2969 2317 3132 2358 causa
3155 2303 3311 2359 dictae
3336 2303 3422 2357 in-

160 2380 306 2451 plcne
324 2382 573 2449 deditus;
599 2391 709 2439 tam
757 2384 813 2439 in
855 2385 1111 2444 Trecensi
1139 2404 1300 2458 quam
1333 2389 1385 2445 in
1426 2390 1725 2446 Antissiod.
1831 2389 2269 2460 tltronizationis,
2295 2392 2493 2463 quibus
2540 2391 2640 2448 fttit
2697 2408 3021 2463 responsum
3053 2394 3123 2448 ab
3157 2394 3415 2465 episcopo

160 2473 544 2544 episcopalibus
573 2475 713 2531 sedit
738 2477 896 2534 annis
927 2470 1221 2547 sexdecim,
1251 2480 1499 2538 videlicet
1517 2481 1571 2537 in
1593 2482 1729 2538 'I‘re-
1832 2480 1975 2549 quod
1994 2479 2316 2537 deliberaret
2339 2497 2504 2552 super
2526 2483 2865 2554 ltoc;postea
2888 2482 3268 2539 concordando
3293 2497 3418 2538 cum

163 2568 301 2622 censi
329 2566 516 2624 decem
544 2576 598 2623 et
624 2569 678 2624 in
705 2568 1000 2627 Antissiod.
1052 2588 1148 2628 sex
1176 2573 1334 2628 annis
1354 2573 1533 2630 minus
1558 2574 1732 2631 tribus
1833 2572 1914 2641 eis
1941 2572 2031 2628 diu
2064 2584 2251 2644 postea
2304 2575 2451 2631 misit
2487 2574 2641 2646 quasi
2694 2574 2927 2631 mediam
2950 2574 3173 2647 partem
3217 2573 3420 2630 valoris

160 2659 507 2726 septimanis:
536 2663 972 2731 promotusenim
998 2664 1175 2721 fuerat
1196 2665 1557 2723 Antissiodori
1590 2681 1734 2722 anno
1835 2661 1995 2717 dicta:
2037 2666 2291 2727 marchte.
2327 2674 2382 2720 et
2436 2665 2656 2720 luerunt
2696 2674 2966 2721 contenta:
3013 2665 3174 2723 dicta:
3209 2674 3419 2736 gentes.

160 2753 599 2825 quinquagesimo
641 2757 804 2813 tertio
842 2758 895 2815 in
938 2757 1080 2816 resto
1111 2759 1514 2818 puriﬁcationis
1539 2760 1599 2815 Β,
1625 2760 1737 2816 Μει-
1838 2751 2065 2823 Insuper
2092 2752 2194 2809 fuit
2219 2752 2569 2810 Senonisiste
2593 2753 2850 2821 Joannes,
2884 2766 2939 2811 et
2969 2755 3094 2813 fecit
3122 2755 3418 2827 professio-

90 2926 95 2929 _
158 2843 250 2900 rite
296 2846 518 2918 virginis
559 2850 854 2906 secundum
907 2868 1113 2909 morem
1163 2854 1328 2911 curiae
1376 2854 1636 2911 Romanae

1879 2856 1964 2898 cm
1991 2843 2203 2899 solitam
2235 2859 2397 2915 super
2424 2845 2599 2902 altare
2625 2855 2681 2902 et
2726 2846 2886 2901 solvit
2922 2856 3126 2902 certam
3158 2862 3424 2901 summam

159 2933 289 2990 obiit
313 2939 619 2994 octavadie
665 2941 868 2998 mensis
889 2940 1132 2999 Januarii
1180 2959 1325 3001 anno
1354 2946 1706 3017 quinquagesi

1876 2934 2087 2990 ecunia:
2108 2936 2329 2993 circiter
2357 2952 2450 2993 sex
2496 2937 2683 3004 libras,
2714 2946 2769 2994 et
2795 2946 2985 3009 postea
3021 2938 3154 2993 satis
3178 2938 3287 2994 cito
3319 2936 3423 2990 mi-

160 3041 246 3082 mo
269 3029 595 3100 nono,juxta
622 3033 828 3090 dictum
870 3050 1076 3092 morem
1110 3039 1491 3108 computando,
1530 3039 1629 3095 me
1654 3039 1739 3094 νει-
1840 3026 1914 3081 sit
1951 3024 2058 3083 illis
2109 3042 2334 3098 cappam
2388 3027 2617 3085 sericam
2647 3028 2944 3085 secundum
2992 3028 3270 3098 antiquam
3299 3041 3429 3082 con-

161 3118 376 3192 singulis
425 3125 604 3192 annis,
631 3126 868 3195 quandiu
897 3128 1110 3198 praefuit
1156 3128 1412 3187 Trecensi
1442 3131 1577 3199 sedi,
1611 3131 1708 3187 visi

1882 3118 2185 3175 uetudinem
2213 3135 2376 3190 quam
2400 3134 2459 3176 se
2484 3119 2625 3175 scire
2653 3119 2885 3186 dicebat,
2912 3120 3037 3191 quia
3068 3119 3203 3174 alias
3227 3117 3429 3188 ibi.sol-

169 3171 374 3192 ν--σ---ς-
427 3171 604 3192 -------,
634 3171 867 3195 ..-ν-...η-
1165 3171 1411 3187 “ww...
1442 3171 1553 3187 υνυ.
1620 3171 1735 3187 ..ον
1848 3171 1864 3173 -
2402 3171 2455 3176 η
2485 3171 2622 3175 πη-
2658 3171 2885 3186 ν-ηηπ
2918 3171 3033 3191 πι--γ
3229 3171 3318 3188 ν-κ.
3360 3171 3370 3173 ψ

162 3210 373 3270 tationis
393 3212 625 3270 ofﬁcium
647 3171 1158 3285 permagnum
1182 3228 1237 3276 ει
1262 3220 1493 3278 οωεῖωη
1521 3174 1735 3291 egisse-
1766 3171 1812 3234 Ο
1848 3217 2002 3264 verat
2040 3225 2266 3281 cappam
2298 3211 2388 3265 tali
2423 3227 2608 3267 causa.
2652 3210 2749 3267 IIic
2793 3211 3063 3267 ordinavit
3091 3212 3285 3283 duplex
3313 3209 3431 3266 olli-

162 3303 298 3369 pale,
331 3314 438 3360 tam
462 3306 515 3361 in
543 3307 793 3364 ordinum
836 3310 1201 3369 celebratione
1235 3330 1398 3385 quam
1430 3314 1553 3371 aliis
1585 3316 1739 3372 inde-
1844 3304 1990 3359 cium
2020 3304 2072 3359 in
2113 3304 2349 3360 Ecclesia
2392 3305 2689 3361 Antissiod.
2738 3305 2826 3359 die
2878 3304 3017 3360 festo
3049 3303 3430 3360 Dccollationis

163 3395 397 3453 sinenter
423 3406 477 3454 et
502 3397 554 3453 in
598 3400 815 3470 propria
845 3416 1077 3472 persona
1104 3405 1315 3461 εχειῑιίι
1343 3417 1656 3473 exsecutus,
1686 3418 1743 3466 ει
1846 3395 2018 3450 sancti
2049 3395 2275 3452 Joannis
2298 3396 2579 3467 Baptistae.
2630 3395 2744 3464 Qua
2773 3396 2860 3452 die
2894 3413 3049 3453 suum
3095 3397 3327 3467 primum
3354 3394 3432 3450 τως

163 3485 351 3544 ibidem
373 3490 733 3558 cummagnis
759 3493 1062 3562 sumptibus
1099 3511 1295 3565 corpus
1324 3506 1532 3553 sancta:
1572 3498 1743 3571 Syria}
1846 3489 1924 3544 cit
1951 3489 2229 3544 introitum
2273 3491 2633 3549 Antissiodori
2685 3509 2696 3543 :
2759 3491 2813 3546 in
2864 3506 3067 3561 suoque
3104 3494 3431 3544 testamento
3524 3500 3535 3517 ι

167 3579 432 3634 transtulit
477 3588 532 3635 et
576 3580 630 3634 in
677 3580 843 3635 altum
893 3582 1181 3640 collocavit
1243 3585 1641 3644 honorabiliter
1689 3590 1741 3645 in
1845 3579 2043 3651 legavit
2073 3580 2325 3637 Ecclesia:
2378 3570 2835 3636 Autissiodm‘ensi
2877 3590 3095 3635 centum
3140 3579 3307 3634 libras
3337 3593 3435 3648 per

168 3663 318 3723 theca
362 3670 703 3726 condeCenti.
742 3669 799 3725 ln
848 3670 975 3728 sede
1029 3673 1491 3734 Antissiodorensi
1521 3679 1744 3737 ordines
1846 3689 2046 3729 annum
2074 3689 2170 3745 pro
2195 3674 2568 3730 anniversario
2623 3689 2724 3729 suo
2774 3669 3071 3741 fundanda,
3101 3682 3154 3728 Ill
3186 3682 3331 3743 patet
3368 3685 3435 3727 ex

165 3758 532 3818 indelicienter
558 3761 854 3818 celebravit
895 3763 949 3819 in
995 3766 1212 3837 propria
1245 3782 1499 3836 persona,
1534 3769 1742 3826 ultimis
1850 3773 2037 3820 tenore
2072 3764 2231 3833 hujus
2264 3764 2591 3820 testamenti.
2638 3763 2769 3819 Item
2805 3765 2856 3818 in
2884 3764 2990 3817 vita
3018 3778 3112 3818 sua
3162 3762 3309 3816 dedit
3338 3761 3437 3816 Ec-

168 3854 400 3924 exceptis
438 3853 696 3911 videlicet
742 3864 868 3912 ante
909 3856 1104 3914 festum
1160 3858 1475 3916 Nativitatis
1529 3862 1741 3918 Domini
1848 3858 2025 3916 clcsize
2055 3859 2345 3914 Autissiod.
2372 3857 2566 3913 librum
2615 3858 2707 3929 qui
2741 3866 2964 3911 vocatur
2998 3853 3281 3910 Rationale
3323 3852 3440 3908 olli-

171 3953 288 4001 ante
313 3946 428 4018 ejus
466 3947 698 4013 obitum,
721 3947 845 4020 quia
873 3959 992 4006 erat
1036 3953 1184 4023 gravi
1215 3952 1532 4012 inﬁrmitate
1560 3956 1746 4012 deten-
1849 3953 2058 4008 ciorum
2089 3951 2414 4016 divinorum,
2445 3951 2540 4007 sed
2600 3961 2823 4022 propter
2852 3949 3272 4004 destructionem
3304 3945 3438 3999 civi-

174 4043 274 4100 tus,
305 4049 363 4095 ιιι
391 4040 639 4112 apparuit
660 4056 724 4095 ex
753 4040 923 4096 obitu.
1852 4043 1979 4098 tatis
2012 4043 2101 4098 diu
2142 4041 2386 4112 nequivit
2415 4040 2789 4106 inveniri,'sed
2815 4048 3000 4112 postea
3036 4053 3131 4108 per
3155 4035 3434 4092 dominum

234 4130 311 4186 Eo
334 4134 480 4187 enim
507 4143 748 4203 tempore
771 4132 823 4187 iu
848 4133 934 4188 die
964 4133 1102 4189 festo
1144 4135 1527 4209 Conceptionis
1575 4139 1748 4195 beata;
1848 4133 2070 4188 Petrum
2102 4132 2168 4187 de
2194 4130 2372 4186 Anxia
2398 4130 2513 4200 ejus
2544 4130 2796 4200 nepotem
2845 4139 2900 4184 et
2928 4127 3195 4184 lttct'edem
3227 4125 3325 4180 fuit
3358 4124 3438 4180 itt-

173 4220 345 4281 Ἄιδι-ἰαὶ
367 4225 613 4296 virginis,
647 4226 851 4281 inimici
883 4226 1039 4297 Angli
1075 4229 1293 4285 nomine
1318 4218 1460 4301 regis
1482 4230 1745 4291 Navarrte
1850 4233 2066 4290 ventus,
2092 4232 2147 4281 cl
2167 4223 2345 4295 ipsum
2373 4222 2581 4278 detinet
2615 4221 2669 4277 in
2697 4221 2972 4291 ρι’ωεοηῑί.

176 4330 422 4388 ceperunt
448 4318 713 4375 violenter
737 4317 938 4375 fortem
980 4318 1199 4376 domum
1229 4321 1296 4376 de
1325 4316 1624 4394 Regennis,
1677 4340 1746 4381 ex
2038 4317 2169 4377 Car.
2211 4315 2495 4374 LXXVIII.
2526 4348 2595 4362 -—-
2622 4315 2701 4372 De
2728 4316 2893 4372 Ilerio
2922 4318 2986 4371 de
3005 4314 3246 4370 lat-ossa.

178 4424 275 4479 quo
297 4426 391 4467 cor
412 4409 582 4482 ipsius
604 4407 704 4463 fuit
732 4409 1085 4465 vehementer
1107 4420 1477 4479 aggravatum.
1505 4411 1750 4484 Cumque
1921 4410 2118 4466 lterius
2164 4408 2232 4465 de
2267 4408 2486 4465 Jarossa
2511 4406 2941 4478 septuagesimus
2954 4416 3199 4473 octavus,
3224 4405 3441 4460 natione

179 4501 238 4553 de
259 4501 340 4557 die
367 4501 418 4556 in
448 4501 591 4557 diem
623 4499 690 4556 ad
730 4499 985 4557 insultum
1016 4502 1378 4570 procederent
1399 4513 1586 4559 contra
1612 4506 1748 4561 civi-
1778 4513 1827 4575 ι)
1853 4501 2058 4569 Gallus,
2088 4502 2262 4573 patria
2311 4498 2735 4565 Lemovicensis,
2770 4495 2964 4553 nobilis
3011 4512 3231 4567 genere,
3275 4495 3358 4550 vir
3385 4496 3441 4550 in

178 4600 329 4649 tatem
354 4591 902 4657 Antissiodorensem,
931 4592 1147 4647 tandem
1177 4591 1264 4647 die
1291 4590 1440 4649 Jovis
1480 4602 1601 4665 post
1624 4594 1752 4666 Epi-
1854 4606 2086 4665 utroque
2109 4592 2232 4664 jure
2258 4592 2484 4663 peritus,
2516 4598 2770 4645 strenuus
2801 4588 2855 4643 in
2887 4586 3029 4643 facto
3057 4594 3121 4640 et
3144 4585 3358 4653 injttre,
3384 4586 3445 4640 in

176 4688 417 4758 pbaniam
446 4687 684 4752 Domini,
709 4686 844 4743 hora
870 4702 1011 4742 nona
1035 4686 1242 4743 clamor
1258 4687 1467 4744 insiluit
1485 4689 1552 4744 ad
1574 4704 1749 4758 arma,
1856 4685 2224 4757 spiritualibus
2250 4692 2304 4740 et
2334 4681 2742 4754 temporalibus,
2769 4681 3040 4751 homoque
3069 4677 3443 4751 magnanimus

180 4781 293 4851 quia
318 4781 521 4845 inimici
557 4779 759 4836 dabant
803 4778 1011 4836 civitati
1062 4778 1342 4835 insultum.
1369 4779 1571 4835 Eadem
1617 4781 1750 4837 hora
1856 4786 1979 4847 post
2012 4775 2138 4831 dicti
2162 4773 2389 4829 Joannis
2416 4772 2482 4827 de
2519 4770 2694 4827 Anxio
2720 4771 2925 4827 obitum
2961 4785 3187 4824 manens
3216 4767 3444 4823 incuria

180 4871 580 4945 ingravescente
611 4870 928 4926 inﬁrmitate
949 4884 1043 4925 sua
1068 4880 1466 4925 sacramentum
1497 4878 1754 4926 extrema:
1854 4866 2106 4923 Romana
2132 4864 2360 4920 multum
2390 4860 2677 4918 familiaris
2709 4876 2857 4933 papae
2882 4875 2980 4932 per
3018 4861 3201 4916 sedem
3226 4867 3444 4931 aposto-

180 4963 440 5020 nnctionis
466 4961 693 5033 recepit,
722 4963 788 5017 ad
819 4962 960 5032 quod
1001 4977 1122 5016 cum
1168 4977 1361 5032 magna
1394 4961 1752 5031 perplexitate
1856 4958 2018 5015 licam
2042 4964 2325 5028 promotus
2354 4963 2435 5010 est
2466 4954 2531 5008 ad
2557 4953 2738 5009 sedem
2772 4951 3065 5006 Antissiod.
3108 4961 3162 5005 ct
3181 4965 3279 5021 per
3319 4964 3443 5020 pro-

179 5066 412 5127 persona:
430 5053 812 5111 ecclesiasticae
835 5063 1059 5111 armata:
1080 5054 1146 5109 de
1177 5068 1452 5109 murorum
1504 5055 1749 5110 custodia
1859 5059 2166 5105 curatorem
2197 5055 2449 5119 receptus
2472 5046 2557 5101 die
2586 5054 2780 5100 octava
2813 5045 3015 5101 mensis
3054 5043 3253 5108 Martii,
3289 5042 3441 5098 vide-

181 5154 387 5218 propter
412 5145 518 5201 hoc
551 5142 836 5199 redeuntes
864 5141 1245 5197 interfuerunt.
1274 5142 1391 5209 Quo
1419 5142 1565 5198 facto
1597 5159 1750 5201 more
1859 5142 1986 5197 licet
2009 5140 2165 5198 Jovis,
2182 5146 2298 5209 post
2330 5153 2517 5194 sacros
2556 5135 2803 5202 cineres,
2836 5152 2981 5191 anno
3008 5134 3271 5207 prmdicto
3314 5132 3442 5186 mil-

179 5235 309 5297 beati
335 5233 621 5306 Augustini
651 5234 743 5306 qui
770 5236 821 5293 in
851 5234 1023 5290 forma
1051 5235 1212 5291 simili
1249 5240 1416 5290 vitam
1449 5236 1644 5302 ﬁnivit,
1675 5236 1751 5289 la-
1858 5233 2051 5289 Icsimo
2106 5231 2487 5287 trecentesimo
2553 5226 3005 5298 quinquagesimo
3050 5233 3241 5280 octavo
3288 5236 3442 5301 more

181 5330 368 5404 crymis
398 5337 559 5385 utens
593 5342 694 5398 pro
715 5342 873 5396 pane,
900 5342 1022 5382 cum
1052 5341 1308 5382 sensuum
1346 5326 1664 5396 integritate
1694 5334 1749 5380 et
1857 5325 2157 5390 Gallicana,
2190 5337 2339 5378 more
2367 5336 2494 5376 vero
2514 5320 2758 5376 Romano
2796 5317 3248 5390 quinquagesimo
3273 5330 3437 5371 nono.

170 5422 502 5499 perfectione
552 5418 779 5490 loquelae
820 5419 1058 5473 animam
1105 5433 1257 5473 suam
1309 5416 1416 5472 Deo
1466 5431 1744 5471 commen-
1856 5410 2141 5472 Dominica
2171 5428 2300 5467 vero
2327 5412 2571 5483 sequenti
2617 5410 2669 5465 in
2700 5424 2895 5465 aurora
2940 5408 3043 5461 fuit
3087 5407 3156 5461 ab
3182 5406 3443 5499 inimicis,

172 5495 325 5585 llans,
348 5530 474 5571 cum
502 5511 755 5583 lacrymis
804 5511 914 5566 Deo
974 5511 1207 5566 reddidit
1258 5511 1519 5574 animam,
1548 5507 1757 5578 fuitque
1861 5506 2114 5562 videlicet
2143 5503 2343 5576 Anglis,
2386 5499 2602 5556 nomine
2628 5499 2768 5569 regis
2791 5497 3042 5551 Navarrac
3072 5505 3225 5566 capta
3253 5495 3448 5551 civitas

172 5584 557 5667 venerabiliter
581 5604 900 5661 tumnlatum
934 5602 1051 5671 cjtts
1078 5619 1276 5673 corpus
1303 5604 1354 5658 in
1388 5603 1555 5657 choro
1582 5600 1756 5657 cccle-
1864 5613 1987 5652 eum
2018 5596 2181 5653 scalis
2206 5611 2301 5665 per
2326 5590 2703 5663 negligentiam
2732 5588 3013 5643 custodum
3044 5589 3096 5643 in
3145 5598 3298 5659 parte
3327 5603 3450 5658 per-

176 5702 264 5757 sia:
292 5697 589 5754 Antissiod.
623 5713 651 5749 a
702 5704 858 5765 parte
911 5695 1131 5749 sinistra
1173 5695 1316 5749 inter
1347 5692 1609 5748 tumulum
1663 5707 1757 5746 no-
1867 5688 2071 5743 tinente
2101 5686 2167 5741 ad
2192 5683 2493 5741 custodiam
2527 5679 2904 5751 Iinrgensittnt,
2936 5680 3025 5733 ani
3057 5680 3258 5734 inimici
3295 5690 3368 5734 tot
3394 5690 3449 5734 et

173 5792 297 5851 bilis
321 5788 524 5848 domini
550 5788 807 5847 Guidonis
832 5788 895 5846 de
931 5786 1128 5845 Melcte
1148 5796 1202 5844 et
1229 5785 1451 5843 scallam
1476 5785 1537 5840 dc
1565 5785 1756 5841 choro.
1868 5793 2020 5842 tanta
2049 5781 2189 5839 mala
2218 5779 2461 5836 fecerunt
2493 5785 2622 5850 tam_
2648 5774 2703 5830 in
2735 5776 2983 5846 personis
3016 5790 3177 5847 quam
3214 5774 3269 5830 in
3293 5771 3449 5830 benis
