3918 6316
551 314 686 390 ’5τέ

575 456 718 514 quoa
741 440 988 509 enauari
1036 457 1143 513 non
1175 443 1369 516 possit,
1392 444 1591 511 nedum
1630 446 1684 519 in
1717 448 2042 505 destruendo
2070 449 2151 504 ci-

570 532 798 589 vitatem
824 531 1023 607 solum,
1052 535 1147 605 sed
1179 524 1347 599 totam
1377 536 1611 605 patriam
1657 538 2050 609 subsequenter
2092 546 2149 594 et

571 632 743 688 totum
784 639 1031 695 regnum,
1087 634 1483 700 tenueruntque
1525 627 1798 684 civitatem
1853 630 1920 685 ab
1959 629 2148 686 ultima

570 715 658 777 die
690 713 887 783 Martii,
917 730 1059 772 anno
1085 718 1364 794 praedicto,
1390 735 1559 790 usque
1583 722 1649 775 ad
1670 722 1810 777 diem
1838 720 1964 777 festi
2001 720 2150 777 Nati-

569 805 755 867 vitatis
782 807 954 862 beata:
980 806 1161 876 Maria:
1204 809 1427 881 virginis
1453 813 1699 882 proxime
1727 822 2066 885 sequentem,
2091 814 2146 878 in

571 896 726 965 cujus
778 895 900 952 festi
977 900 1151 963 media
1203 911 1360 956 nocte
1423 903 1571 958 venit
1641 904 2148 973 connestabularius

567 983 812 1048 Francia:
832 1003 953 1041 cum
975 989 1363 1063 quinquaginta
1388 993 1623 1059 millibus
1637 1005 1988 1063 armatorum,
2007 998 2148 1065 inter

568 1092 706 1146 quos
722 1079 943 1134 eratvir
971 1090 1225 1149 strenuus
1273 1096 1669 1156 provectusque
1703 1088 1752 1140 in
1786 1087 1929 1143 facto
1968 1105 2148 1147 armo?

569 1185 690 1232 rum
714 1170 966 1241 dominus
1007 1160 1283 1239 lienricus'
1314 1175 1381 1229 de
1421 1175 1658 1231 Pictavia
1703 1178 1987 1249 episcopus
2014 1179 2149 1235 Tre-

567 1259 787 1326 censis,
829 1270 886 1316 et
930 1261 1274 1334 intraverunt
1322 1265 1596 1331 civitatem
1648 1268 2148 1341 obturavernntque

561 1361 750 1433 portas
778 1361 990 1419 etcum
1036 1354 1385 1412 inenarrabili
1426 1358 1903 1431 diligentia'super
1961 1376 2147 1423 muros

562 1461 722 1502 rasos
758 1457 1055 1521 posuerunt
1098 1450 1263 1505 cados
1296 1465 1495 1516 vacuos
1518 1466 1658 1529 quos
1689 1452 2047 1522 impleverunt
2070 1453 2147 1509 la-

558 1537 802 1621 pidibus,
828 1547 883 1595 et
902 1539 988 1594 his
1011 1540 1063 1594 in
1088 1539 1262 1609 forma
1284 1543 1812 1623 propugnaculorum
1841 1553 1897 1598 et
1917 1543 2146 1603 moenia.—

562 1642 687 1695 rum
708 1628 1185 1699 circumdederunt
1212 1637 1267 1685 et
1328 1633 1637 1699 munierunt
1673 1649 1863 1698 omnes
1885 1650 2070 1690 muros
2091 1634 2144 1699 in

563 1716 650 1785 die
668 1723 724 1773 et
752 1727 911 1774 nocte
938 1733 1060 1789 cum
1090 1720 1329 1789 dimidio.
1378 1721 1602 1787 Demum
1638 1723 1690 1778 in
1749 1723 1882 1779 locis
1927 1739 2145 1794 compe-

561 1808 801 1872 tentibus
825 1816 1134 1877 statuerunt
1162 1811 1578 1883 munieruntque
1603 1815 1878 1870 civitatem
1898 1814 2150 1884 quadrin-

565 1897 745 1977 gentis
775 1897 1085 1971 hominibus
1121 1917 1422 1968 armorum,
1455 1913 1507 1958 et
1540 1921 1735 1976 magno
1761 1906 2143 1976 brigandorum

566 2003 796 2054 numero
820 1991 888 2046 ad
913 1992 1213 2048 custodiam
1238 1995 1496 2061 civitatis,
1524 1997 1614 2067 qui
1663 2006 1984 2053 manserunt
2025 1998 2141 2053 100-.

563 2097 632 2165 go
660 2090 920 2159 tempore,
942 2086 1039 2140 sed
1066 2101 1161 2153 rei;
1202 2086 1408 2163 Anglia:
1432 2104 1555 2153 cum
1592 2105 1690 2146 suo
1716 2091 1959 2146 exercitu
1984 2089 2145 2146 (2am.-

561 2174 802 2245 paniam,
835 2174 1200 2250 Burgundiam
1225 2186 1278 2232 et
1311 2191 1494 2248 partes
1516 2181 1879 2236 Antissiodor.
1907 2195 2142 2251 occupa-

554 2250 719 2321 .vitct
746 2268 1000 2322 vastavit.
1051 2267 1277 2340 Treugis
1300 2285 1431 2333 vero
1461 2271 1601 2329 inter
1646 2273 1822 2342 ipsum
1869 2250 2057 2345 regem,
2088 2281 2144 2335 et

566 2354 757 2415 (lucem
807 2355 1130 2428 Burgundiac
1158 2360 1523 2427 concordatis,
1569 2363 1795 2418 recessit
1840 2363 1907 2417 de
1945 2364 2144 2433 ducatu

567 2444 891 2519 Burgundim
916 2458 969 2518 et
1004 2448 1161 2503 rediit
1193 2464 1287 2520 per
1326 2460 1511 2521 partes
1550 2452 1985 2519 Aurelianenses.
2016 2453 2146 2516 Post

565 2547 786 2609 treugas
834 2539 976 2607 inter
1003 2525 1279 2603 dominum
1328 2557 1505 2613 regem
1556 2551 1611 2599 et
1662 2544 1835 2614 ipsum
1869 2552 2060 2619 captas
2087 2550 2143 2605 et

568 2627 925 2698 concordatas
971 2639 1027 2685 et
1077 2629 1246 2700 ipsius
1276 2633 1421 2702 regis
1446 2632 1651 2704 Anglia?
1680 2648 1978 2702 recessum,
2010 2650 2143 2706 prte-

568 2720 696 2783 dicti
730 2720 978 2777 homines
1014 2736 1289 2778 armorum
1328 2732 1383 2779 et
1426 2723 1671 2793 brigandi
1699 2726 1790 2796 qui
1819 2725 1931 2793 jam
1962 2733 2142 2781 custo-

558 2813 758 2877 diendo
785 2813 1058 2869 civitatem
1091 2814 1259 2884 ipsam
1315 2825 1370 2870 et
1406 2817 1640 2886 patriam
1681 2817 2047 2888 spoliaverant
2074 2817 2141 2872 de

558 2903 718 2975 bonis
743 2904 1015 2975 omnibus,
1047 2905 1268 2976 dimissa
1299 2906 1517 2967 civitate
1561 2908 1666 2962 buc
1704 2916 1866 2978 atque
1906 2907 2033 2962 illuc
2060 2907 2139 2961 di-

458 3052 459 3057 η
555 2997 661 3066 visi
696 3012 793 3067 per
822 2997 1063 3069 singulas
1109 2997 1177 3053 de
1211 2998 1406 3069 seipsis
1454 3000 1740 3074 comitivas
1797 2998 1958 3067 fortia
2018 2999 2138 3068 loca

560 3086 748 3157 furtim
779 3088 1138 3157 intraverunt,
1169 3098 1224 3144 et
1253 3104 1357 3155 non
1392 3089 1568 3159 minus
1614 3104 1775 3159 quam
1822 3091 2009 3146 hostes
2045 3104 2140 3161 pa-

1388 328 1680 401 APPEND,
1718 333 1810 389 AD
1845 331 2016 413 salit}.
2042 332 2112 391 Χ.
2152 364 2221 375 -
2244 334 2469 403 OPEttA
2505 342 2895 403 mseras.

3673 347 3754 406 ὅτε

2176 456 2225 516 Α
2251 449 2623 511 oardinalibua
2650 450 2745 521 qui
2772 450 2947 521 ipsum
2964 450 3287 521 reputabant
3311 467 3491 511 verum
3509 463 3561 513 et
3587 460 3758 531 sapien-

2252 539 2542 606 tissimum,
2564 548 2620 599 et
2647 541 2729 598 sic
2751 549 2890 600 erat.
2931 541 3030 601 Hic
3052 541 3194 601 sedit
3216 558 3311 612 per
3337 544 3465 601 duos
3491 561 3641 605 annos
3658 567 3754 609 cum

2247 628 2488 684 dimidio.
2515 630 2614 686 [lic
2645 647 2743 701 pro
2777 633 3151 695 anniversario
3178 649 3278 690 suo
3321 634 3576 694 fundendo
3601 640 3758 712 legavit

2246 717 2501 775 Ecclesiae
2548 720 2907 781 Antisliodor.
2939 731 3157 787 centum
3197 724 3411 787 francos
3435 728 3544 787 auri
3570 730 3630 787 ad
3666 746 3759 791 βων

2247 816 2383 877 tum,
2406 819 2463 865 et
2495 812 2655 868 soluti
2678 822 2824 869 sunt.
3546 846 3557 851 -

2471 902 2596 957 Cap.
2620 902 2855 958 LXXIX.
2882 935 2954 944 —
2980 904 3059 959 De
3085 905 3292 962 Joanne
3317 906 3570 968 Germani.

2314 988 2549 1051 Joannes
2591 992 2843 1052 Germani
2890 997 3316 1066 septuagesimus
3362 1015 3543 1067 nonus,
3587 1003 3762 1061 natione

2246 1079 2449 1147 Gallus,
2495 1085 2672 1154 patria
2716 1085 3034 1158 Burgundus
3071 1089 3417 1157 Senonensis,
3446 1103 3587 1151 ortus
3604 1096 3661 1153 de
3695 1098 3762 1155 Di-

2245 1181 2446 1229 monte.
2469 1173 2651 1231 Primo
2691 1176 2791 1232 fuit
2827 1178 3064 1237 decanus
3078 1180 3332 1237 Ecclesiae
3375 1184 3763 1259 Antissiod.;po.

2245 1269 2359 1350 διεδ
2383 1272 2599 1327 creatus
2621 1266 2904 1338 episcopus
2923 1269 3294 1329 Cabilonensis
3314 1274 3379 1327 ad
3415 1290 3590 1345 preces
3607 1280 3763 1350 regina

2243 1348 2488 1407 Franciae
2513 1352 2667 1421 cujus
2712 1365 2831 1410 erat
2875 1358 3126 1428 specialis
3171 1361 3543 1419 consiliarius:
3590 1348 3763 1423 demum

2243 1442 2463 1512 proprio
2506 1453 2653 1509 motu
2701 1461 2852 1518 papae
2882 1456 3009 1504 tunc
3048 1449 3345 1507 Innocentii
3377 1451 3439 1520 V,
3480 1455 3586 1525 ipso
3609 1456 3759 1523 inscio,

2245 1532 2538 1599 translatus
2558 1536 2740 1592 sedem
2762 1536 3123 1594 Antissiodnr.
3165 1556 3264 1612 per
3285 1542 3482 1598 obitum
3506 1560 3649 1617 supra
3665 1547 3765 1608 dicti

2242 1622 2387 1687 lterii
2436 1627 2886 1699 praede-cesseris;
2930 1630 2984 1685 in
3036 1641 3266 1703 utroque
3312 1631 3433 1702 jure
3477 1633 3764 1702 licentiatus,

2242 1716 2480 1786 prudens
2520 1716 2571 1771 in
2613 1718 2873 1785 consiliis,
2897 1732 3248 1787 conversatus
3274 1724 3328 1787 in
3372 1725 3590 1795 hospitio
3611 1727 3767 1799 regina:

2176 1810 2224 1871 Β
2248 1805 2536 1886 prmdictae,
2566 1805 2712 1869 inter
2739 1809 3076 1873 consiliarios
3105 1811 3278 1881 major
3325 1822 3380 1871 et
3418 1815 3702 1886 praecipuus,
3726 1826 3767 1876 et

2248 1884 2440 1948 deinde
2488 1894 2554 1949 de
2605 1906 2815 1953 secreto
2852 1900 2994 1969 regis
3023 1898 3247 1957 Joannis
3290 1903 3526 1968 consilio,
3551 1884 3644 1973 quo
3667 1919 3767 1975 rege

2248 1981 2423 2036 redito
2450 1982 2517 2051 de
2543 1986 2855 2056 captivitate
2898 1986 3104 2060 Anglia:
3149 1991 3470 2048 adveniente
3495 1992 3544 2047 in
3574 1992 3766 2062 Burgune

2245 2077 2407 2135 diam.
2439 2081 2833 2149 possessionem
2861 2083 3087 2140 ducatus
3109 2083 3403 2155 adepturus
3425 2101 3489 2142 ex
3512 2087 3766 2143 sucessione

2246 2169 2420 2232 ultimi
2477 2172 2695 2239 directa:
2733 2175 2889 2241 lineae
2936 2178 3315 2234 descendentis
3358 2180 3523 2247 ducis,
3567 2180 3767 2237 videlicet

2244 2256 2478 2330 Philippi
2529 2264 2712 2333 generi
2773 2266 2988 2326 comitis
3031 2268 3401 2337 Flandrensis,
3438 2272 3583 2329 duxit
3624 2286 3766 2327 secum

2245 2348 2445 2404 dictum
2467 2352 2773 2422 episcopum
2801 2355 3149 2427 principalem
3173 2361 3537 2423 consiliarium
3558 2370 3608 2417 et
3623 2370 3766 2416 aucto-

2244 2436 2405 2493 ritate
2432 2442 2575 2514 regia
2608 2443 2905 2511 introduxit
2929 2449 3175 2507 eumdem
3198 2449 3252 2504 in
3297 2451 3561 2508 civitatem
3580 2451 3766 2515 Antiss,

2244 2548 2350 2596 non
2378 2535 2628 2595 obstante
2672 2539 2888 2605 deiectu
2924 2542 3287 2605 solemnitatis
3333 2546 3559 2616 antiqua:
3579 2560 3681 2615 quae
3695 2545 3767 2599 de-

2241 2621 2406 2678 bebat
2455 2624 2507 2679 in
2546 2626 2721 2697 primo
2747 2627 2863 2698 ejus
2897 2629 3117 2689 introitu
3169 2633 3452 2700 custodiri,
3488 2635 3708 2700 videlicet
3727 2634 3767 2691 in

2242 2713 2421 2784 vigilia
2441 2715 2621 2782 jacere
2661 2719 2714 2773 in
2768 2723 3099 2778 monasterio
3156 2725 3330 2781 saneti
3378 2726 3619 2781 Germani
3647 2734 3692 2781 et
3726 2724 3767 2778 in

2244 2807 2485 2861 crastino
2518 2807 2568 2862 in
2598 2810 2854 2865 cathedra
2909 2813 3110 2882 pertari
3161 2828 3259 2883 per
3311 2815 3669 2872 Nivernensem
3692 2826 3767 2884 pro

2242 2895 2464 2953 baronia
2493 2898 2558 2954 de
2587 2901 2874 2970 Donziaco,
2915 2920 3012 2975 per
3034 2904 3558 2963 Antissiodorensem
3598 2918 3767 2976 proco-

2242 2989 2456 3061 mitatu,
2484 3006 2579 3062 per
2607 2992 2898 3050 Barenscm
2925 3011 3023 3066 pro
3050 3004 3190 3052 terra
3232 2998 3302 3054 de
3341 2996 3547 3053 Puisaia
3568 2996 3768 3060 comites,

2245 3094 2344 3145 nec
2379 3098 2483 3153 non
2514 3092 2567 3137 et
2602 3100 2697 3155 per
2737 3085 3012 3158 dominum
3043 3087 3111 3141 de
3162 3097 3356 3147 sancto
3380 3088 3585 3144 Verane
3613 3088 3766 3156 depor-

559 3178 722 3249 triam
749 3189 1133 3251 oppresserunt
1166 3192 1262 3257 per
1287 3194 1487 3244 annum
1516 3189 1571 3234 ct
1600 3180 1739 3246 ultra
1771 3190 2010 3236 castrum
2039 3196 2135 3237 seu
2165 3162 2209 3225 C
2243 3169 2342 3223 tari
2366 3172 2431 3224 ad
2450 3182 2633 3241 portas
2648 3174 3010 3237 Antissiodor.
3032 3177 3277 3233 ecclesiae
3296 3179 3559 3249 prmdictze
3579 3173 3769 3248 prepriis

561 3266 878 3338 tortaliliam
913 3269 979 3340 de
1008 3265 1279 3338 [tegenuis
1304 3270 1446 3338 quod
1473 3269 1538 3324 de
1568 3270 1816 3337 manibus
1847 3269 2141 3341 Anglorum

563 3374 659 3430 rex
689 3370 983 3439 receperat,
1008 3368 1062 3414 et
1092 3360 1260 3427 teneri
1291 3359 1524 3427 faciebat
1572 3362 1838 3428 munitum
1890 3364 2142 3439 gentibus

561 3438 838 3520 prmorum
870 3466 966 3521 per
990 3450 1223 3519 Ballivos
1250 3450 1574 3516 Trecensem
1601 3462 1656 3509 et
1680 3451 1827 3520 Calvi
1866 3438 2064 3515 montis
2088 3453 2142 3524 in

560 3543 793 3620 propriis
836 3543 1104 3613 personis,
1156 3542 1354 3599 ibidem
1388 3543 1706 3599 residentes.
1746 3542 1865 3615 Ipse
1897 3560 1991 3600 rex
2019 3544 2144 3603 red:-

559 3635 695 3705 didit
722 3636 866 3691 dicto
891 3636 1143 3706 episcopo
1179 3635 1339 3691 Iterio
1367 3635 1435 3690 ad
1470 3643 1716 3706 rogatum
1756 3636 1960 3692 domini
1990 3649 2142 3711 papae

552 3724 857 3796 Innocentii
903 3725 1099 3795 quinti,
1146 3725 1246 3781 sub
1277 3725 1528 3788 cautione
1575 3734 1754 3791 tamen
1784 3727 1929 3809 quod
1963 3726 2143 3791 taliter

557 3817 942 3898 custodiretur,
968 3818 1109 3888 quod
1141 3817 1209 3872 de
1256 3831 1323 3886 eo
1370 3831 1476 3872 non
1525 3825 1711 3887 posset
1760 3819 2014 3887 damnum
2048 3816 2138 3882 vel

566 3907 867 3989 periculum
895 3922 1061 3981 regno
1085 3908 1139 3967 in
1160 3915 1433 3978 posterum
1461 3909 1695 3978 evenire,
1727 3909 1869 3979 quod
1900 3917 2138 3965 castrum

559 4012 615 4070 et
643 4009 770 4056 tunc
798 4017 921 4056 cum
949 3998 1160 4071 magnis
1200 3999 1549 4070 missimiibus
1580 4011 1686 4064 tam
1735 4001 2135 4069 reparationum

561 4104 616 4163 _ct
653 4093 1095 4165 fortificationum
1147 4106 1311 4161 quam
1358 4091 1748 4161 munitionibus
1799 4101 2135 4160 armatorum

559 4200 657 4254 pro
682 4184 925 4239 custodia
948 4181 1159 4238 exstitit
1178 4197 1277 4237 suo
1306 4189 1546 4251 tempore
1569 4183 1915 4250 custoditum,
1943 4199 2137 4257 magna

564 4276 814 4346 similiter
843 4274 1087 4349 pecunia:
1115 4288 1331 4342 summa
1362 4273 1521 4332 dictis
1561 4273 1784 4343 Ballivis
1830 4274 2003 4347 soluta
2035 4291 2137 4347 pro

561 4366 913 4438 missionibus
935 4365 1196 4436 custodia!
1218 4364 1285 4420 de
1311 4380 1408 4431 suo
1449 4373 1706 4436 tempore.

632 4454 898 4533 Tempore
924 4454 1085 4517 etiam
1119 4452 1279 4522 hujus
1298 4455 1534 4524 episc0pi
1558 4454 1890 4523 habitatores
1915 4455 2137 4513 Varzia-

558 4561 749 4617 censes
781 4545 1187 4617 considerantes
1209 4546 1352 4627 quod
1403 4544 1606 4615 inimici
1638 4545 2032 4617 insidiabantur
2056 4546 2137 4603 eis

558 4642 643 4705 die
673 4656 737 4696 ac
766 4648 949 4715 nocte,
976 4647 1032 4694 et
1059 4640 1202 4718 quod
1232 4640 1605 4710 proponebant
1632 4638 1929 4711 fortiﬁcare
1956 4638 2134 4708 locum

560 4734 626 4801 de
676 4731 888 4801 Odanto
934 4731 985 4786 in
1011 4729 1382 4811 prmjudicium
1428 4738 1482 4793 et
1523 4729 1819 4801 periculum
1892 4728 2032 4795 villa:
2068 4730 2136 4799 de

561 4821 847 4889 Varziaco,
875 4821 1075 4893 destrui
1104 4820 1350 4877 fecerunt
1374 4820 1550 4885 locum
1576 4820 1776 4886 dictum
1804 4819 1870 4875 de
1899 4817 2131 4886 Odanto.

563 4910 663 4983 llic
690 4926 813 4982 cum
843 4919 1166 4992 proponeret
1186 4911 1371 4982 venire
1393 4910 1459 4965 ad
1486 4925 1637 4964 suam
1662 4909 1958 4973 dimcesim,
1982 4920 2135 4981 peste

559 5001 863 5079 inguinaria
887 5016 1007 5071 qua:
1046 5000 1263 5069 vigebat
1293 5000 1347 5054 in
1375 4999 1619 5071 Romana
1670 5000 1818 5054 curia
1849 4998 2140 5070 suﬁbcatus

558 5098 614 5165 in
641 5092 815 5166 brevi,
840 5091 1013 5148 ﬁnivit
1038 5092 1153 5148 dies
1181 5106 1328 5163 suos,
1355 5099 1546 5149 octavo
1583 5091 1672 5146 die
1715 5092 1919 5159 mensis
1967 5089 2137 5160 Junii,

559 5201 702 5255 anno
713 5184 927 5255 Domini
958 5181 1244 5255 millesimo
1267 5181 1645 5251 trecentesimo
1666 5181 2003 5251 sexagesimo
2028 5181 2140 5251 pri-

563 5293 674 5344 mo,
703 5284 758 5331 et
783 5275 836 5331 in
885 5273 1126 5346 crastino
1150 5271 1238 5328 die
1266 5286 1462 5343 corpus
1492 5271 1610 5342 ejus
1638 5272 1892 5330 traditum
1924 5279 2007 5336 est
2053 5286 2138 5337 se,

555 5369 788 5445 pultura‘.
806 5364 1102 5435 honorifice
1118 5365 1171 5437 in
1195 5363 1421 5422 ecclesia
1446 5362 1672 5433 fratrum
1697 5363 2133 5431 Pra-dicatorum,

564 5458 914 5530 Disposucrat
942 5465 1145 5521 autem,
1173 5462 1234 5525 ut
1287 5453 1475 5529 fertur,
1540 5453 1697 5509 sedes
1730 5454 2024 5524 apostolica
2053 5455 2137 5538 ip-

563 5566 683 5622 sum
716 5548 1007 5605 transferre
1040 5548 1106 5603 ad
1155 5546 1337 5603 sedem
1386 5545 1778 5611 Arelatensem,
1809 5555 1871 5607 ut
1899 5554 2141 5628 postmo-

566 5642 692 5695 dum
725 5640 790 5694 ad
831 5639 1222 5695 cardinalatum
1275 5639 1683 5709 proveberetur.
1742 5637 1965 5707 Multum
1994 5638 2137 5707 enim

566 5738 687 5795 erat
715 5730 894 5784 clarus
917 5736 973 5784 et
1016 5736 1178 5784 notus
1205 5744 1416 5783 summo
1446 5727 1685 5798 pontiﬁci
1741 5736 1796 5782 et
1835 5727 2063 5782 dilectus
2107 5741 2138 5782 a

2245 3258 2503 3325 humeris,
2530 3273 2585 3318 et
2615 3267 2955 3334 postmodum
3001 3266 3190 3337 jurare
3218 3268 3274 3323 in
3303 3269 3419 3339 ejus
3468 3266 3697 3335 ﬁdelitate
3716 3263 3769 3329 de

2244 3352 2404 3406 tonis
2434 3355 2790 3423 supradictis;
2818 3357 3091 3428 voluitque
3118 3366 3172 3412 et
3197 3358 3471 3414 concessit
3498 3372 3586 3416 rex
3616 3351 3771 3427 limi“?

2242 3449 2363 3497 etus
2386 3444 2510 3501 nulli
2537 3444 2719 3517 inferri
2750 3447 2801 3500 in
2826 3446 3065 3517 futurum
3088 3448 3532 3519 prmjudiciumex
3554 3446 3770 3501 dictzsoe

2243 3533 2536 3591 lemnilalis
2565 3537 2796 3608 defectu,
2821 3539 2914 3605 seti
2937 3537 3026 3607 jus
3056 3539 3430 3611 cujuscunque
3459 3539 3510 3594 in
3540 3544 3770 3610 posterum

2240 3623 2562 3692 auctoritate
2586 3625 2888 3696 majestatis
2930 3628 3095 3705 regite
3140 3630 3460 3697 reservavit.
3493 3625 3683 3683 Modum
3705 3623 3769 3677 in-

2241 3729 2459 3785 gressus
2499 3716 2742 3790 praedicti
2786 3718 2960 3783 visum
3014 3727 3099 3775 est
3149 3720 3447 3790 expediens
3475 3719 3556 3774 his
3595 3711 3771 3784 scriptis

2241 3808 2518 3878 assignare
2558 3824 2805 3879 :pranso
2862 3826 2988 3883 rege
3032 3811 3298 3882 praedicta
3338 3811 3617 3889 Regennis,
3658 3804 3773 3863 venit

2238 3913 2335 3954 rex
2362 3901 2413 3964 in
2444 3901 2686 3971 vesperis
2733 3901 3169 3969 Autissiodorum
3211 3910 3268 3957 et
3316 3903 3370 3957 in
3403 3902 3614 3970 introitu
3638 3903 3771 3968 pom:

2237 3991 2472 4047 civitatis
2498 3974 2782 4063 cpiscopus
2796 3992 2949 4062 juxta
2978 3992 3152 4064 ipsum
3179 4002 3235 4047 et
3262 3992 3429 4064 paulo
3465 3999 3581 4063 post
3616 3984 3771 4044 antici-

2239 4080 2385 4164 pavit
2408 4083 2770 4154 equitaturam
2812 4083 2976 4160 regis,
3003 4082 3257 4153 venitque
3289 4092 3418 4138 ante
3437 4091 3611 4153 portas
3635 4074 3773 4134 eccle-

2238 4171 2334 4226 sia:
2357 4173 2409 4226 in
2438 4173 2676 4238 vestibus
2701 4174 2995 4245 consuetis,
3021 4172 3464 4244 descendensque
3479 4187 3610 4242 eque
3630 4180 3774 4224 acces-

2242 4264 2314 4318 sit
2359 4279 2519 4331 orare
2548 4274 2674 4331 ante
2705 4265 2997 4342 imaginem
3035 4265 3209 4336 beatae
3255 4265 3441 4321 Maria:
3489 4261 3692 4336 virginis
3734 4256 3773 4310 in

2237 4352 2453 4426 port'ali,
2482 4362 2537 4408 et
2556 4354 2738 4408 statim
2770 4354 3009 4435 perfecta
3040 4354 3285 4413 oratione
3319 4369 3593 4426 regressus
3608 4346 3777 4421 exstitit

2241 4432 2296 4499 in
2329 4444 2512 4514 habitu
2543 4432 2909 4500 ecclesiastico
2929 4452 3055 4500 ante
3084 4444 3224 4505 fores
3250 4444 3516 4511 ecclesiae,
3533 4443 3776 4507 oblatoun

2171 4510 2218 4569 θ
2243 4539 2345 4603 sibi
2362 4510 2499 4608 libro
2522 4536 2835 4599 continente
2851 4534 3387 4605 formamjuramenti
3420 4510 3541 4591 novi
3562 4525 3775 4611 episcopi,

2243 4628 2439 4684 dictam
2484 4625 2712 4681 formam
2763 4626 2829 4680 ad
2890 4633 3135 4696 rogatum
3179 4624 3371 4691 decani
3401 4623 3528 4694 legit
3557 4631 3609 4676 et
3625 4621 3778 4675 devote

2242 4716 2444 4773 dictum
2495 4718 2746 4788 praestitit
2774 4714 3182 4791 juramentum:
3213 4715 3431 4771 demum
3455 4714 3620 4780 dictus
3650 4708 3777 4775 decr

2240 4826 2345 4875 nus
2367 4810 2587 4866 tradidit
2605 4810 2783 4865 eidem
2796 4795 3196 4894 possessionem
3220 4807 3502 4872 Ecclesiae,
3530 4818 3622 4876 per
3646 4799 3775 4894 eho!“

2243 4906 2324 4973 dte
2381 4903 2685 4976 tympanilis
2748 4887 2845 4974 per
2873 4900 3204 4972 superiorem
3250 4899 3544 4955 fenestram
3588 4900 3699 4949 ante
3717 4887 3780 4942 foe

2240 5011 2332 5052 res
2376 4986 2660 5066 praedictas
2700 4978 2957 5073 projectai
3002 4990 3508 5075 apprehensionem,
3564 4994 3617 5041 et
3677 4989 3779 5035 tunc

2241 5087 2370 5157 ipsae
2398 5087 2541 5142 fores
2571 5070 2789 5149 fuerunt
2808 5092 3026 5155 apertae.
3056 5070 3221 5148 Illico.
3240 5080 3463 5136 advenit
3494 5075 3676 5133 ibidem
3701 5080 3778 5123 rex

2238 5179 2528 5250 praedictus
2556 5184 2611 5232 et
2646 5176 2925 5242 descendit
2945 5176 3013 5230 de
3035 5189 3175 5250 equo
3198 5182 3252 5240 et
3288 5172 3439 5237 venit
3467 5169 3534 5225 ad
3553 5163 3776 5229 orandum

2240 5286 2420 5328 coram
2472 5269 2706 5338 imagine
2746 5267 3075 5338 supradicta,
3140 5281 3247 5335 quo
3294 5266 3442 5322 facto
3483 5260 3634 5317 rediit
3679 5259 3778 5339 ante

2240 5362 2413 5416 dictas
2459 5339 2625 5421 fores,
2656 5366 2712 5413 et
2756 5345 2973 5413 insimul
3021 5356 3304 5427 ecclesiam
3352 5341 3776 5427 intraveruntepio

2239 5467 2432 5523 scapus
2455 5466 2486 5505 a
2513 5451 2702 5506 dextra
2729 5458 2786 5519 ct
2831 5463 2925 5504 rex
2956 5464 2984 5503 a
3012 5449 3230 5523 sinistra
3258 5455 3437 5511 parte.
3465 5454 3519 5498 et
3538 5435 3777 5496 chorode-

2240 5553 2496 5611 cantante
2551 5543 2813 5615 hymnum
2862 5541 2933 5596 Te
2975 5542 3142 5597 Deum
3190 5540 3488 5609 laudamus.
3532 5536 3585 5590 In
3621 5526 3777 5586 ordine

2239 5633 2500 5704 praedicto
2535 5643 2800 5697 venerunt
2821 5643 2947 5689 ante
2967 5633 3160 5699 altare,
3190 5643 3244 5688 et
3265 5630 3512 5701 oratione
3539 5626 3602 5683 ab
3620 5630 3774 5677 eorum

2232 5735 2472 5797 utroque
2517 5726 2760 5798 perfecta
2807 5726 3061 5813 dictaque
3120 5724 3415 5811 antipbona
3462 5734 3578 5778 cum
3625 5722 3772 5773 vers":
