3918 6316
146 359 235 414 577

1078 347 1166 406 DE
1204 347 1450 406 GESTlS
1490 347 1702 406 EPISC.
1740 347 2193 406 ANTISSIOD.—
2221 349 2399 406 PARS
2437 352 2498 407 ll.

3285 357 3390 416 578

146 470 304 525 dictus
329 462 612 535 episcopus
664 461 966 517 orationem
1013 461 1122 516 alta
1176 476 1311 516 voce
1337 460 1580 531 protulit.
1609 459 1702 515 Sic
1731 445 1778 502 Α
1806 462 1863 517 in
1898 471 2079 516 castro
2127 476 2228 517 suo
2268 462 2420 518 Villae
2440 461 2638 530 Catuli,
2671 472 2726 520 et
2750 463 2852 520 fuit
2872 466 3162 521 adductum
3195 481 3392 538 corpus

142 556 519 635 possessionem
545 570 639 626 per
658 555 922 610 decanum
945 562 1246 620 assecutus,
1263 555 1342 610 sic
1359 563 1709 610 recesserunt

141 652 304 715 ambo,
335 659 388 703 et
414 648 699 703 comitatus
723 662 901 718 regem
931 647 999 701 ad
1047 645 1225 701 locum
1277 661 1382 715 quo
1410 646 1709 716 hospitatu-

143 758 224 797 rus
251 749 389 805 erat,
417 740 650 794 accessit
669 739 953 808 episcopus
983 739 1048 791 ad
1079 736 1296 792 domum
1344 738 1706 808 episcOpalem

143 833 187 887 in
203 830 470 900 proposito
493 827 792 882 celebrandi
826 828 1048 882 ordines
1079 827 1131 880 in
1161 827 1416 880 crastino.
1446 827 1707 882 Priedicta

141 921 266 973 enim
290 916 434 971 facta
473 917 689 970 fuerunt
739 917 822 971 die
884 916 1108 971 Veneris
1130 923 1252 984 post
1301 915 1496 970 festum
1536 917 1707 971 beatae

139 1008 328 1073 Luciaa;
360 1006 459 1061 sed
513 1007 566 1060 in
598 1007 834 1060 crastino
859 1021 985 1075 rege
1032 1004 1368 1059 accelerantc
1407 1020 1703 1070 recessum,

139 1115 245 1153 cum
284 1098 462 1167 patria
492 1105 548 1151 et
591 1097 870 1166 potissime
913 1097 1106 1151 civitas
1141 1096 1302 1151 multa
1333 1095 1499 1150 ardua
1543 1096 1708 1150 babe-

140 1198 246 1249 rent
270 1204 430 1260 agere
461 1204 591 1260 erga
638 1204 838 1258 regem,
874 1189 1048 1244 dictus
1077 1189 1360 1258 episcopus
1404 1188 1454 1240 in
1487 1187 1589 1242 hoc
1617 1203 1710 1242 va-

138 1280 264 1334 cavit
291 1288 346 1334 et
374 1279 443 1334 ob
487 1279 539 1334 id
571 1279 857 1349 impeditura
877 1279 1094 1334 ordines
1125 1279 1348 1332 minime
1394 1277 1704 1343 celebravit,

137 1369 220 1425 sed
245 1368 506 1424 comitato
531 1384 657 1439 rege
686 1383 856 1438 usque
884 1369 949 1423 ad
974 1377 1218 1424 sanctum
1244 1369 1508 1432 Priscum,
1547 1367 1709 1423 rediit

140 1462 273 1515 tarde
301 1461 352 1514 in
382 1461 635 1530 prandio,
674 1471 727 1515 et
763 1470 886 1531 post
915 1462 1058 1516 misit
1091 1462 1158 1516 ad
1199 1471 1444 1515 sanctum
1476 1460 1705 1515 Germa-

139 1566 248 1605 num
274 1566 370 1620 pro
401 1550 664 1606 habendis
683 1551 926 1621 pastibus
946 1553 1238 1617 consuetis,
1269 1552 1362 1606 sed
1391 1551 1704 1622 adreligio-

139 1657 300 1696 soi-um
323 1653 659 1712 requestam,
689 1645 869 1713 posuit
888 1659 979 1698 eos
1001 1644 1054 1698 in
1078 1642 1385 1698 suﬂ‘erentia
1414 1652 1466 1697 et
1490 1643 1705 1698 demum

139 1735 480 1803 compositum
517 1735 725 1788 exstitit
774 1735 914 1788 inter
964 1735 1126 1805 ipsos.
1155 1734 1210 1789 In
1260 1735 1496 1789 crastino
1523 1742 1701 1788 autem

139 1826 429 1894 hujusmodi
452 1827 542 1882 die
568 1827 820 1883 introitus
848 1828 931 1882 sui
954 1828 1202 1897 prmdicti
1223 1827 1373 1882 venit
1409 1826 1703 1881 oﬂiciarius

139 1916 487 1972 arc'iiliaccni
532 1933 655 1973 cum
711 1933 819 1972 uno
873 1919 1132 1982 canonico
1161 1916 1458 1972 Senonensi
1485 1927 1539 1972 et
1579 1917 1706 1971 fecit

139 2007 518 2074 querimoniam
564 2007 629 2061 de
678 2007 1132 2072 inthronizatione
1178 2008 1418 2080 praedicti
1467 2006 1702 2084 episcopi

139 2111 275 2166 quam
298 2098 586 2152 asserebat
630 2109 878 2167 spectare
934 2099 1104 2153 solum
1147 2099 1213 2152 ad
1244 2098 1518 2158 dominum
1546 2112 1701 2151 suum

141 2189 584 2243 archid'aconum.
611 2189 728 2255 Quo
753 2190 959 2256 audito,
997 2188 1392 2244 consultatione
1447 2187 1588 2241 facta
1613 2203 1702 2250 su-

140 2278 372 2345 perime,
407 2279 638 2332 accessit
687 2279 843 2334 tertia
893 2279 977 2334 die
1028 2294 1186 2333 mane
1225 2279 1291 2332 ad
1321 2278 1621 2342 ecclesiam,
1648 2286 1702 2332 et

139 2382 219 2436 pro
236 2368 355 2436 jure
396 2369 758 2422 archidiaconi
789 2369 1159 2424 conservando
1206 2369 1381 2422 dictus
1411 2367 1698 2422 otliciarius

140 2471 182 2513 et
205 2460 438 2514 vicarius
459 2459 823 2514 archidiaconi
865 2462 1044 2530 posuit
1091 2461 1261 2530 ipsum
1301 2459 1608 2529 episcopum
1643 2459 1699 2514 in

140 2551 380 2605 cathedra
434 2550 662 2618 lapidea,
695 2567 813 2620 quae
867 2559 952 2606 est
1005 2567 1032 2604 a
1069 2562 1222 2622 parte
1269 2552 1459 2605 dextra
1491 2551 1694 2616 altaris,

138 2643 458 2709 j:o~tmodum
488 2643 644 2714 petiit
667 2658 828 2709 unam
854 2644 1129 2709 marcham
1158 2643 1273 2697 auri
1319 2659 1416 2713 pro
1441 2644 1696 2712 prmdicto

140 2735 498 2788 archidiacono
552 2749 617 2788 ex
668 2750 829 2789 causa
884 2734 1357 2790 inthronizationis
1400 2736 1691 2804 praedictae.

140 2820 250 2875 Item
268 2837 369 2891 pro
401 2823 515 2892 ipso
545 2821 716 2880 olIieio
743 2825 1016 2877 marcham
1051 2823 1278 2892 argenti,
1322 2835 1374 2877 ct
1404 2825 1577 2878 dictus
1607 2840 1699 2879 ca-

140 2913 343 2967 nonicus
377 2896 596 2966 totidem
627 2928 693 2967 ex
741 2913 1126 2970 consuetudine
1167 2913 1386 2983 antiqua
1414 2929 1427 2977 ;
1461 2928 1579 2982 quae
1609 2929 1700 2983 pe-

143 3003 240 3057 titio
263 3004 367 3057 fuit
396 3004 570 3072 posita
627 3004 680 3057 in
723 3005 1106 3058 deliberatione
1143 3013 1197 3056 et
1239 3004 1487 3073 promisit
1519 3003 1698 3058 facere

140 3095 258 3160 quod
278 3104 424 3148 esset
452 3094 690 3148 rationis.
717 3094 993 3151 Dominica
1037 3112 1161 3154 vero
1187 3098 1432 3166 sequenti
1468 3112 1565 3152 suo
1589 3095 1694 3152 col-

1807 553 1923 622 ejus
1942 553 2375 609 Antissiodorum
2396 562 2451 610 et
2479 555 2777 612 honorifice
2819 557 3087 626 sepultum
3130 558 3182 613 in
3217 560 3389 616 choro

1807 657 1839 696 a
1869 651 2026 710 parte
2046 642 2232 697 dextra
2261 659 2429 714 prope
2459 645 2615 701 sedes
2643 647 2817 702 chori.
2848 646 3026 702 Prima
3056 657 3139 703 est
3183 665 3282 704 sua
3308 664 3392 704 se-

1805 735 2020 805 pultura
2043 750 2072 788 a
2096 744 2250 804 parte
2273 738 2630 806 superiori,et
2652 755 2774 794 cum
2791 749 3071 810 promotus
3094 741 3160 795 ad
3190 741 3389 796 dictam

1807 827 1992 881 sedem
2041 825 2254 892 fuisset,
2296 843 2436 884 anno
2460 818 2783 898 praecedenti
2832 833 2978 888 circa
3025 833 3217 888 festum
3242 834 3390 889 beati

1805 916 2026 972 Joannis
2077 917 2348 987 Baptistie,
2399 921 2646 989 sequitur
2691 924 2834 992 quod
2890 925 3029 980 sedit
3082 924 3253 978 solum
3287 939 3383 990 per

1807 1021 1974 1060 unum
2023 1021 2224 1059 annum
2271 1015 2326 1061 et
2352 1003 2572 1064 circiter
2603 1011 2737 1066 duos
2770 1027 3001 1067 menses.
3045 1012 3142 1066 llic
3174 1012 3391 1082 reliquit

1806 1113 1907 1168 pro
1945 1114 2041 1154 suo
2080 1099 2453 1157 anniversario
2478 1103 2732 1159 Ecclesia:
2762 1105 3059 1162 Antissiod.
3103 1107 3290 1165 decem
3318 1106 3386 1162 li-

1807 1189 1936 1245 bras
1957 1191 2120 1245 annui
2160 1192 2421 1246 redditus.

2058 1279 2185 1336 CAP.
2212 1280 2426 1336 LXXX.
2458 1313 2530 1323 —
2556 1283 2634 1338 De
2666 1282 2824 1340 Petro
2856 1289 3125 1356 Aymom‘s.

1879 1373 2072 1426 Petrus
2115 1371 2378 1442 Aymonis
2421 1375 2820 1442 octuagesimus
2840 1391 3144 1446 episcopus,
3172 1377 3390 1435 natione

1807 1461 2014 1525 Gallus,
2041 1461 2106 1516 de
2141 1462 2406 1516 Alvernite
2436 1461 2676 1532 partibus
2724 1464 3004 1530 oriundus,
3036 1464 3174 1532 juris
3214 1466 3388 1522 civilis

1808 1551 1999 1606 doctor
2019 1560 2072 1606 et
2099 1551 2168 1606 de
2196 1551 2370 1608 olIieio
2399 1552 2820 1609 subdiaconalus
2869 1556 3068 1610 domini
3097 1572 3247 1626 papae
3285 1556 3389 1612 Ur-

1807 1641 1934 1695 bani
1963 1641 2137 1711 quinti
2162 1650 2429 1711 sumptus,
2454 1651 2732 1710 promotus
2777 1643 2877 1697 fuit
2903 1645 2970 1697 ad
3019 1646 3388 1714 episcopatum

1809 1733 2111 1802 hujusmodi
2143 1749 2239 1802 per
2260 1733 2572 1802 praedictum
2619 1737 3017 1790 sanctissimum
3051 1737 3270 1792 Patrem
3293 1738 3389 1792 do-

1808 1825 2009 1878 minum
2059 1824 2330 1880 Urbanum
2378 1827 2623 1893 quintum
2677 1829 2730 1879 in
2761 1842 2859 1882 sua
2909 1843 3045 1882 nova
3090 1829 3382 1893 creatione,

1807 1931 1950 1970 anno
1994 1916 2206 1970 Domini
2260 1915 2544 1970 millesimo
2591 1917 2985 1972 trecentissimo
3046 1919 3385 1989 sexagesimo

1809 2008 2068 2072 secundo,
2125 2007 2342 2062 circiter
2391 2007 2584 2062 festum
2624 2007 2874 2063 Omnium
2921 2009 3276 2076 Sanctorum,
3329 2019 3386 2066 et

1808 2096 1910 2151 fuit
1954 2097 2043 2151 hic
2086 2095 2278 2151 Petrus
2314 2097 2488 2166 prima
2517 2113 2744 2165 persona
2790 2114 2947 2166 quem
2979 2101 3246 2168 promovit
3271 2100 3387 2169 ipse

1805 2203 1939 2257 papa
1972 2187 2024 2242 in
2044 2187 2431 2257 episcopatum.
2462 2187 2558 2242 Hic
2580 2186 2678 2240 fuit
2701 2187 3048 2254 honorabilis,
3069 2199 3122 2242 et
3149 2189 3381 2244 cerimo-

1803 2279 1960 2334 nialis
2011 2279 2063 2332 in
2099 2278 2210 2334 suis
2256 2276 2416 2332 factis
2443 2288 2549 2330 tam
2593 2278 2976 2332 ecclesiasticis
3022 2294 3183 2348 quam
3225 2294 3377 2334 mun-
3466 2341 3468 2346 ν

1803 2370 1980 2434 danis,
2012 2385 2220 2423 morum
2273 2369 2620 2423 honestorum
2661 2377 2715 2422 et
2747 2369 2986 2438 dapsilis,
3019 2370 3378 2440 all'abilisque.

1805 2461 2011 2531 Quippe
2034 2461 2268 2516 nutritus
2286 2460 2474 2516 eratin
2507 2461 2656 2515 curia
2687 2461 2924 2517 Romana
2956 2472 3061 2514 tam
3087 2463 3233 2520 circa
3259 2477 3381 2516 car-

1801 2555 2009 2608 dinales
2037 2569 2197 2623 quam
2223 2553 2366 2608 circa
2395 2567 2632 2606 summos
2662 2552 2962 2621 pontiﬁces,
2987 2553 3180 2622 quibus
3205 2554 3382 2606 virtu-

1801 2642 1948 2697 tibus
2015 2642 2290 2711 praadictis
2347 2642 2702 2696 invitantibus
2760 2643 2962 2698 eiectus
3016 2642 3380 2712 quampluries

1798 2732 2005 2786 exstitit
2043 2733 2096 2786 in
2123 2730 2282 2789 factis
2311 2733 2562 2785 maximis
2592 2734 2739 2802 regni
2767 2734 3118 2797 ambasiator,
3141 2748 3232 2786 seu
3285 2747 3379 2786 so-

1800 2825 1993 2880 lemnis
2019 2825 2258 2888 nuntius,
2289 2835 2344 2878 et
2374 2839 2514 2893 saepe
2533 2824 2679 2879 solus
2699 2826 2814 2879 sine
2842 2826 2988 2879 socio
3009 2840 3137 2893 erga
3161 2838 3378 2893 papam,

1798 2913 2214 2983 imperatorem,
2255 2929 2431 2983 regem
2471 2914 2680 2981 Anglia:
2735 2929 3024 2984 regemque
3076 2915 3377 2985 llungarite,

1801 3008 1852 3059 in
1881 3006 2074 3075 quibus
2109 3007 2317 3061 actibus
2363 3007 2563 3075 pluries
2604 3017 2658 3061 et
2697 3007 3062 3076 multipliciter
3108 3016 3376 3071 versatus,

1799 3097 1850 3149 in
1878 3106 2087 3151 secreto
2115 3097 2318 3150 domini
2373 3097 2544 3151 nostri
2593 3099 2737 3169 regis
2774 3099 2998 3153 consilio
3044 3099 3252 3152 exstitit
3283 3099 3378 3152 ho-

140 3181 256 3253 legio
278 3184 407 3237 fecit
429 3185 753 3250 convivium,
791 3194 845 3239 et
875 3187 961 3242 die
987 3186 1125 3241 lunae
1145 3164 1362 3242 secutus
1385 3187 1484 3242 fuit
1509 3202 1689 3255 regem
1720 3164 1765 3227 (ἶ
1797 3192 2022 3253 noritice
2047 3192 2359 3247 collocatus.

140 3279 181 3332 in
215 3280 571 3351 Burgundiam
599 3287 652 3334 et
704 3281 776 3346 ibi
828 3297 925 3348 pro
968 3297 1096 3353 rege
1119 3283 1257 3344 rexit
1283 3298 1404 3336 cum
1426 3281 1546 3336 aliis
1579 3297 1693 3334 ma-

140 3372 433 3446 gistratibus
485 3373 735 3436 ducatum
779 3388 950 3447 usque
997 3375 1063 3428 ad
1112 3389 1344 3444 sequens
1384 3374 1691 3434 immediate

140 3461 314 3517 festum
369 3463 805 3519 Resurrectionis
849 3466 1160 3535 Dominicis,
1219 3467 1503 3536 incipiente
1549 3481 1692 3522 anno

139 3552 328 3616 Domini
352 3555 635 3611 millesimo
657 3559 1036 3618 trecentesimo
1061 3559 1395 3628 sexagesimo
1418 3559 1687 3630 secundo;

138 3658 363 3700 reversus
409 3646 584 3702 dictus
627 3649 910 3718 episcopus
958 3650 1025 3703 de
1068 3649 1371 3719 Burgundia
1412 3649 1608 3702 mansit
1637 3649 1690 3713 in

138 3735 425 3804 episcopatu
455 3735 659 3803 faciens
683 3739 899 3795 ordines
941 3747 996 3800 et
1021 3738 1122 3798 alia
1159 3738 1455 3801 ministeria
1485 3738 1692 3809 episco-

137 3826 280 3892 palia,
304 3829 544 3883 culturas
566 3829 814 3891 reficiens
843 3831 895 3884 in
923 3830 1081 3885 terris
1108 3837 1162 3883 et
1211 3829 1402 3894 vineis,
1431 3827 1690 3884 fortalitia

136 3925 180 3968 et
198 3916 294 3969 alia
321 3917 545 3972 aedilicia
575 3918 982 3989 diligentissime
1012 3920 1269 3988 reparans
1312 3932 1376 3971 ac
1407 3917 1688 3981 muniens;

139 4015 182 4059 et
212 4007 342 4060 inter
365 4018 558 4062 caetera
584 4008 852 4064 redimens
893 4017 1130 4063 castrum
1157 4023 1312 4061 suum
1342 4005 1492 4060 Villae
1519 4005 1693 4061 Catuli

141 4095 195 4148 de
224 4099 461 4153 manibus
488 4097 698 4152 illorum
739 4099 830 4168 qui
872 4097 1002 4152 illud
1052 4097 1306 4151 tenebant
1332 4096 1400 4150 de
1449 4103 1693 4165 tempore

140 4187 571 4252 praedecessorum
604 4195 659 4242 et
703 4187 924 4241 reddere
953 4186 1272 4248 renuebaut,
1321 4185 1399 4238 eis
1425 4183 1585 4237 solvit
1605 4197 1694 4237 oc-

141 4276 353 4347 tingenta
381 4287 531 4332 scuta
553 4278 692 4342 auri,
717 4291 943 4332 necnon
969 4291 1068 4345 pro
1095 4285 1236 4331 terra
1253 4289 1346 4326 sua
1372 4273 1436 4328 de
1460 4272 1692 4327 Tociaco

139 4369 279 4422 solvit
303 4371 604 4425 tenentibus
636 4370 825 4425 turrim
857 4370 985 4425 dicti
1029 4368 1132 4424 loci
1179 4382 1426 4440 magnam
1465 4365 1692 4421 tlorcno-

139 4473 242 4513 rum
267 4476 548 4514 summam.

201 4551 389 4618 Quibus
428 4552 562 4607 actis
596 4553 836 4608 existens
866 4551 920 4606 in
951 4561 1130 4608 castro
1156 4565 1252 4605 suo
1292 4550 1546 4620 praedicto
1576 4548 1689 4605 Vil-

140 4639 196 4692 lte
220 4625 403 4706 Catuli,
425 4659 547 4696 cum
570 4643 772 4714 vigeret
793 4642 1044 4718 epidimia
1075 4642 1126 4695 in
1157 4627 1400 4713 partibus
1424 4639 1690 4693 Αηῑίεείὼ

140 4731 458 4799 dorensibus,
485 4743 665 4788 tumor
693 4735 793 4790 sub
823 4733 1036 4789 ascellis
1063 4733 1234 4801 ipsum
1273 4731 1497 4800 arripuit
1517 4731 1606 4800 qui
1635 4730 1687 4784 in

140 4821 266 4878 brevi
297 4827 472 4896 coegit
523 4827 755 4879 animam
787 4825 901 4895 ejus
952 4840 981 4878 a
1019 4839 1242 4893 corpore
1271 4823 1532 4892 separari,
1568 4837 1689 4876 cum

139 4927 308 4984 magna
351 4915 632 4969 devotione
677 4923 732 4969 et
786 4914 1139 4968 sacramentis
1172 4912 1444 4976 Ecclesiae,
1489 4912 1690 4966 eucha-

141 5006 282 5070 ristize
300 5007 504 5063 scilicet
532 5017 584 5061 et
608 5005 876 5065 unctionis
907 5015 1166 5062 extrema:
1191 5005 1479 5075 perceptis,
1503 5012 1558 5058 et
1615 5011 1692 5058 te-

141 5108 383 5155 stamento
409 5099 670 5169 perfecto,
699 5107 755 5153 et
781 5099 1031 5153 omnibus
1079 5107 1225 5153 recte
1267 5096 1558 5170 dispositis.
1590 5095 1690 5150 llic

141 5188 208 5241 sui
235 5190 503 5260 regiminis
533 5198 795 5264 tempore,
823 5187 933 5250 imo
961 5187 1129 5242 solius
1156 5187 1280 5246 anni
1331 5187 1508 5257 spatio
1553 5200 1689 5240 con-

143 5280 244 5334 tulit
271 5282 452 5342 decem
503 5280 854 5344 canonicatus
903 5288 972 5333 et-
1003 5279 1318 5350 praebendas
1359 5277 1689 5333 Antissiodo-

130 5380 322 5444 .renses,
349 5371 490 5442 quod
513 5372 578 5426 de
605 5369 750 5425 nullo
767 5384 864 5426 suo
891 5369 1284 5440 praedecessore
1304 5369 1543 5423 auditum
1564 5376 1646 5422 est
1671 5385 1686 5422 :

141 5457 228 5514 illis
251 5469 421 5516 tamen
453 5476 714 5532 personas
742 5461 915 5516 bonas
937 5460 1252 5530 assignavit,
1285 5474 1474 5515 omnes
1499 5461 1564 5514 de
1591 5474 1687 5528 pa-

140 5548 222 5602 tria
245 5551 531 5606 Antissiod.
571 5549 656 5606 vel
683 5549 979 5606 Senoneusi
1007 5551 1282 5606 oriundas.
1311 5549 1456 5605 Obiit
1501 5557 1682 5604 autem

139 5639 184 5692 in
215 5642 386 5713 vigilia
419 5633 540 5698 [ἐεῑί
569 5641 874 5699 Nativitatis
899 5645 1068 5699 beata:
1092 5642 1271 5697 Mariae
1295 5642 1519 5713 virginis
1539 5656 1681 5698 anno

138 5729 324 5810 Domini
371 5735 655 5793 millesimo
670 5736 1047 5806 trecentesimo
1061 5734 1396 5806 sexagesimo
1421 5735 1677 5802 secundo,

1656 4478 1659 4566 ζ
1717 4504 1768 4566 ι)

1869 3282 2040 3351 Hujus
2073 3292 2558 3351 tempore'semper
2585 3281 2803 3338 fuerunt
2848 3299 3054 3353 gucrrze
3079 3323 3093 3346 ,
3121 3281 3379 3338 viriliter-

1793 3390 1897 3444 que
1919 3384 1974 3428 et
2000 3390 2122 3430 cum
2157 3374 2368 3444 magnis
2414 3375 2764 3430 missionibus
2799 3375 3060 3429 custodiri
3108 3373 3239 3428 fecit
3278 3388 3377 3428 sua

1791 3464 2094 3530 fortalitia,
2149 3465 2432 3534 potissime
2489 3480 2616 3520 vero
2665 3466 3050 3536 Regennarum
3108 3473 3163 3518 et
3219 3463 3375 3520 Villa:

1790 3557 1990 3624 Catuli,
2021 3566 2078 3612 et
2106 3557 2350 3626 reparari
2375 3559 2667 3627 hospitium
2696 3559 3003 3628 episcOpale
3027 3558 3366 3618 Antissiodo-

1791 3662 1951 3702 rense
1975 3656 2030 3702 et
2053 3647 2306 3704 similiter
2355 3649 2574 3704 domum
2623 3664 2776 3703 suam
2822 3649 3182 3718 episc0palem
3219 3648 3371 3703 Pari-

1793 3735 2044 3799 siensem,
2065 3734 2290 3788 multum
2319 3736 2569 3790 amabilis
2591 3744 2754 3806 atque
2780 3737 2952 3791 dulcis
2977 3737 3150 3806 ipsum
3171 3737 3376 3791 adeun-

1795 3826 1954 3889 tibus,
1972 3825 2102 3879 nihil
2117 3834 2293 3886 tamen
2310 3827 2374 3879 de
2387 3827 2614 3898 negotiis
2629 3827 2799 3896 ipsum
2818 3827 3161 3896 tangentibus
3175 3827 3379 3881 baben-

1792 3915 1933 3981 tibus
1950 3929 2108 3985 agere
2133 3931 2256 3969 cum
2285 3916 2493 3970 eodem.
2513 3915 2734 3976 Multum
2751 3916 3178 3985 praesumebatur
3199 3916 3374 3986 ipsum

1791 4005 2112 4063 cardinalari
2145 4006 2259 4061 suis
2286 4005 2494 4061 meritis
2528 4014 2584 4061 et
2615 4005 3095 4062 intercessionibus
3142 4007 3379 4080 impera-

1794 4098 1924 4152 toris
1951 4106 2005 4153 et
2033 4112 2218 4169 regum
2265 4098 2757 4175 suprascriptorum
2807 4108 2863 4152 et
2906 4098 3091 4153 favore
3140 4097 3374 4168 plurium

1791 4188 2141 4242 cardinalium
2173 4203 2400 4260 quorum
2453 4189 2506 4248 in
2563 4188 2763 4244 scholis
2818 4189 2998 4244 socius
3045 4189 3372 4252 exstiterat;

1791 4281 1886 4336 sed
1917 4281 2130 4335 hectico
2156 4282 2347 4335 morbo
2381 4279 2653 4352 disjuncta
2682 4280 2782 4341 fult
2827 4281 2880 4335 in
2923 4295 2988 4334 eo
3031 4279 3274 4350 corporis
3319 4287 3376 4332 et

1791 4369 1985 4424 anima:
2011 4370 2278 4434 societas,
2317 4385 2458 4424 anno
2509 4369 2720 4424 Domini
2767 4370 3052 4424 millesimo
3102 4354 3371 4428 trecente-

1792 4460 1930 4514 simo
1979 4461 2376 4530 septuagesimo
2425 4460 2625 4524 tertio,
2672 4474 2859 4514 mense
2893 4459 3236 4534 Septembri,
3286 4459 3374 4513 die

1793 4549 2028 4605 secunda
2063 4551 2116 4604 in
2134 4550 2294 4604 domo
2325 4548 2618 4621 episcopali
2646 4549 2966 4613 Antissiod.,
2995 4549 3218 4618 ejusque
3247 4563 3372 4603 cor-

1790 4658 1892 4724 pus
1955 4644 2164 4700 decenti
2229 4643 2487 4698 traditum
2557 4641 2849 4718 sepultum
2907 4641 2960 4693 in
3015 4641 3182 4695 choro
3245 4648 3374 4693 ante

1793 4735 1993 4791 scalam
2025 4735 2195 4805 partis
2221 4734 2457 4794 sinistrae
2500 4731 2654 4802 juxta
2703 4733 3034 4802 sepulturam
3067 4733 3221 4786 bona:
3254 4745 3370 4784 me-

1793 4828 1979 4882 moria:
2031 4826 2232 4881 domini
2283 4823 2506 4879 Joannis
2560 4824 2626 4877 de
2675 4822 2916 4884 Auxeio,
2967 4837 3086 4891 qua:
3124 4817 3372 4889 jungitur

1793 4915 2083 4984 sepultura:
2113 4917 2266 4970 bona:
2295 4914 2571 4970 memoriae
2598 4912 2801 4968 domini
2835 4911 3100 4970 Guidonis
3128 4911 3194 4966 de
3235 4909 3368 4964 Mel-

1791 5007 1903 5063 ioto
1935 5008 2206 5078 quondam
2257 5006 2495 5078 episcopi
2533 5004 3022 5060 Antissiodorensis
3051 5010 3107 5058 et
3129 5000 3244 5069 ejus
3277 5015 3370 5055 ne-

1791 5098 1932 5166 potis
1978 5095 2178 5151 domini
2207 5079 2385 5149 Eraldi
2425 5096 2492 5150 de
2523 5095 2774 5166 Lisigniis
2812 5093 3064 5149 similiter
3091 5089 3366 5160 episcopi,

1791 5187 1883 5262 qui
1933 5186 2093 5242 ambo
2148 5186 2434 5256 quiescunt
2477 5186 2530 5240 in
2579 5187 2768 5240 eodem
2807 5183 3141 5253 sarcOphago
3189 5193 3254 5234 ac
3293 5186 3369 5232 tu-

1790 5277 1953 5341 mulo,
1981 5277 2072 5347 qui
2097 5277 2327 5332 Eraldus
2349 5275 2450 5331 fuit
2476 5276 2683 5347 primus
2707 5275 2994 5346 episcopus
3015 5271 3080 5325 de
3100 5266 3369 5322 Antissio-

1793 5369 1924 5425 doro
1953 5365 2126 5421 factus
2152 5367 2464 5422 cardinalis.
2497 5365 2574 5420 De
2610 5365 2760 5420 obitu
2797 5364 2914 5433 ejus
2944 5361 3147 5422 Romae,
3163 5364 3218 5412 et
3233 5369 3367 5425 quo-

1791 5457 1951 5513 modo
1981 5458 2100 5528 ejus
2121 5473 2245 5514 ossa
2276 5466 2549 5528 reportata
2577 5456 2796 5512 {uerunt
2825 5454 2879 5508 in
2916 5453 3054 5506 hanc
3075 5447 3365 5503 ecclesiam

1787 5555 1939 5603 Suam
1970 5549 2181 5619 plenius
2209 5551 2515 5604 continetur
2543 5546 2793 5616 superius
2822 5545 2875 5597 in
2903 5540 3068 5612 gestis
3091 5537 3359 5607 ejusdem,

1784 5643 2034 5699 videlicet
2059 5643 2111 5696 in
2133 5641 2269 5696 libro
2287 5642 2459 5711 primo
2473 5639 2758 5694 Gestorum
2778 5633 3088 5706 pontiﬁcum
3109 5627 3366 5686 Ecclesia:

1783 5734 2283 5806 Antissiodoreusis.
2333 5731 2448 5803 Ipse
2487 5729 2678 5785 Petrus
2715 5728 2985 5798 ingressus
3029 5721 3132 5780 fuit
3176 5719 3365 5778 civita-
