3918 6316
604 350 711 412 579

1491 348 1782 407 APPEND.
1817 348 1913 406 AD
1947 346 2121 406 850.
2158 346 2228 403 Χ.
2266 375 2341 393 -ι
2367 342 2592 402 OPERA
2629 352 3029 403 ΔΔΕΣΠΟΤΙΚΔ.

3710 350 3786 410 386

605 476 735 533 tem,
782 482 1016 538 primum
1040 466 1318 523 introitum
1369 462 1634 530 faciendo,
1684 465 1804 520 sine
1846 464 2176 521 solemnitate

2261 515 2263 524 λ
2292 472 2436 515 anno
2467 457 2642 514 artatis
2663 457 3221 530 suasquadragesimo
3264 474 3418 525 nono,
3467 459 3549 517 die
3571 462 3602 519 5
3634 462 3784 523 Martii.

605 559 827 629 antiqua
856 569 911 615 et
950 567 1229 624 consueta,
1260 559 1377 615 sine
1411 558 1781 628 deportatione
1807 559 1875 613 ad
1901 557 2190 614 ecclesiam

603 650 849 706 facienda
878 666 975 723 per
1001 652 1210 707 nobiles
1240 650 1571 707 feodatarios
1595 650 1859 714 ecclesia,
1889 651 1958 705 de
1993 650 2189 719 quibus

604 744 753 799 solus
781 758 962 799 comes
1005 743 1293 799 associavit
1319 758 1444 799 eum
1474 743 1537 816 in
1559 742 1704 798 dicto
1750 742 1997 811 ingressu
2025 756 2186 798 novo.

607 835 742 890 Cum
764 850 826 889 ex
861 835 1030 891 r‘elatu
1064 837 1404 906 antiquorum
1419 845 1473 890 et
1496 834 1636 889 fama
1654 834 2014 890 vetustissima
2045 844 2191 889 tene-

601 932 752 978 retur
775 926 916 995 quod
946 940 1044 994 per
1066 925 1252 990 libros,
1270 925 1478 980 litteras
1504 925 1586 980 vel
1608 924 1712 980 alia
1736 924 2055 979 documenta
2076 924 2191 979 sive

601 1023 816 1069 narrata
830 1029 1275 1085 quorumcunque
1288 1029 1395 1070 non
1410 1001 1699 1086 apparebat
1714 1014 1938 1086 litigium
1951 1013 2189 1069 informa

598 1101 807 1175 litigiali
846 1105 1013 1161 fuisse
1053 1106 1195 1161 inter
1238 1106 1471 1175 aliquem
1500 1106 1810 1175 episcopum
1847 1104 2188 1161 Antissiodo-

597 1209 834 1260 rensem,
850 1196 1083 1252 decanos
1105 1206 1161 1252 et
1183 1197 1475 1267 capitulum
1492 1197 1747 1253 Ecclesiae
1758 1196 2190 1252 Antissiodoren-

595 1286 697 1353 sis,
719 1287 820 1343 iste
841 1287 1049 1358 primus
1072 1288 1300 1360 litigium
1324 1289 1513 1344 habuit
1531 1304 1652 1343 cum
1675 1289 1754 1343 eis
1774 1287 2189 1359 superpluribus

598 1379 829 1433 summis
847 1381 1197 1449 pecuniarum
1225 1389 1280 1436 et
1306 1396 1484 1435 rerum
1517 1381 1746 1436 aliarum
1792 1380 2072 1436 annuatim
2117 1380 2186 1436 ab

593 1471 862 1542 episcOpis
889 1473 1104 1537 debitis,
1144 1489 1279 1544 quas
1305 1473 1515 1529 solvere
1541 1474 1803 1529 cessabat.
1831 1473 2185 1528 Mediantibus

598 1566 782 1614 tamen
813 1561 945 1617 viris
985 1563 1317 1632 sapientibus
1363 1564 1570 1619 destitit
1611 1578 1643 1617 a
1692 1563 1887 1634 litigio,
1912 1570 1969 1617 et
1999 1562 2187 1618 dilexit

595 1647 773 1704 dictos
802 1651 1064 1707 decanum
1090 1653 1382 1722 capitulum
1403 1661 1459 1708 et
1482 1667 1745 1724 personas
1765 1652 2082 1724 singulares,
2107 1660 2181 1718 et,

595 1744 657 1792 ut
682 1740 877 1809 saepius
905 1734 1265 1812 exprimebat,
1307 1758 1560 1813 magnam
1599 1742 1940 1798 devotionem
1962 1743 2185 1814 gerebat

2291 548 2434 605 l’uer
2466 549 2863 613 humanoribus
2911 549 3106 606 litteris
3149 551 3354 608 Divioni
3375 550 3609 623 primum,
3648 568 3789 626 postea

2294 638 2497 694 lledum
2539 652 2761 707 operam
2815 638 2982 704 dedit,
3023 638 3113 694 ubi
3161 639 3303 694 inter
3355 649 3564 696 cancros
3602 644 3789 704 omnium

2283 724 2487 795 judicio
2516 724 2860 786 doctissimus
2904 724 3146 789 habitus,
3192 741 3304 782 non
3341 728 3637 784 mediocrem
3677 731 3790 790 dese

2291 814 2746 883 exspectationem
2793 813 3041 883 praebuit.
3088 813 3561 886 Postremoj’apim
3589 817 3790 876 Caesareis

2290 903 2497 974 legibus
2544 903 2944 974 pontificiisque
3008 904 3372 960 sanctionibus
3419 905 3564 961 annis
3611 907 3795 979 quinque

2289 994 2524 1065 graviter
2552 994 2891 1062 incumbens,
2913 995 3114 1052 sedatis
3139 994 3315 1063 bellis,
3343 997 3715 1068 compositisque
3733 1015 3793 1056 re

2287 1082 2389 1139 bus
2415 1083 2555 1138 inter
2581 1084 3106 1140 Christianissimum
3136 1085 3381 1142 Francia:
3420 1103 3586 1158 regem
3613 1086 3791 1146 Ludovi-

2288 1189 2410 1229 cum
2461 1174 2529 1230 Xl
2576 1183 2632 1230 et
2670 1175 3098 1245 Burgundiones,
3142 1177 3283 1246 juris
3328 1180 3588 1250 utriusque
3637 1182 3790 1246 doctor,

2287 1265 2504 1321 domum
2531 1280 2889 1336 parentesque
2929 1270 3242 1325 revertitur.
3277 1268 3467 1325 Paucis
3500 1270 3612 1326 inde
3641 1274 3792 1327 mensi-

2285 1355 2387 1409 bus
2411 1354 2467 1408 in
2508 1353 2961 1409 reverendissimo
3002 1356 3208 1412 domini
3252 1356 3464 1427 Georgii
3506 1360 3571 1414 ab
3598 1358 3792 1415 Ambasia

2286 1441 2738 1514 Rethnmagensis
2774 1443 3186 1516 archiepiscopi,
3246 1455 3429 1516 postea
3476 1448 3724 1504 cardinalis
3757 1461 3795 1505 et

2284 1531 2445 1602 legati
2481 1531 2763 1610 familiam,
2822 1534 2891 1588 ob
2936 1536 3102 1590 animi
3152 1544 3209 1591 et
3265 1537 3500 1607 corporis
3541 1547 3794 1608 praestantes

2283 1623 2636 1694 egregiasque
2686 1624 2839 1680 dotes
2905 1625 3133 1690 ascitus,
3181 1623 3406 1681 fratrum
3474 1636 3795 1698 parentumque

2283 1711 2469 1769 favore
2514 1712 2750 1781 adjutus,
2781 1731 3003 1787 magnas
3026 1717 3077 1770 in
3108 1714 3368 1772 Ludovici
3395 1716 3666 1772 duodecimi
3692 1716 3795 1789 regis

591 1827 661 1881 ad
685 1802 994 1896 ecclesiam,
1017 1802 1298 1901 potissime
1325 1802 1694 1888 advfabricam
1723 1832 1891 1904 ipsius
1930 1802 2175 1888 ecclesia:
2203 1814 2250 1875 Β
2278 1802 2429 1858 cum
2468 1804 2737 1904 imjfi'jias
2777 1805 3130 1904 “Tpamin'
3172 1805 3546 1904 Era“l_ame“,‘
3572 1816 3679 1862 “mc
3698 1818 3794 1904 ιθἮῖ

591 1911 900 1984 iuvandam,
932 1920 1036 1974 nisi
1062 1935 1180 1975 sors
1200 1921 1527 1977 conditionis
1548 1923 1798 1977 humanae
1817 1921 1978 1976 citius
1999 1921 2172 1991 impe-

592 2005 888 2061 dimentum
910 2008 1165 2065 dedisset.
1196 2011 1350 2066 Dedit
1378 2010 1481 2081 ipsi
1504 2012 1744 2067 ecclesiae
1774 2026 1872 2080 pro
1896 2010 2171 2066 fundando

592 2096 964 2153 anniversario
1007 2114 1106 2154 suo
1159 2110 1428 2157 trecentos
1453 2103 1704 2158 denarios
1745 2102 1864 2157 auri
1909 2102 2167 2167 Francos,

588 2183 719 2240 fecit
756 2185 1143 2256 professionem
1172 2189 1405 2248 Senonis
1432 2200 1770 2259 consuetam,
1799 2202 1857 2249 et
1880 2193 2000 2250 loco
2036 2209 2168 2265 cap-

589 2290 675 2346 p:e
717 2278 905 2334 sericae
940 2280 1088 2335 dedit
1130 2281 1203 2337 ibi
1234 2296 1470 2352 pannum
1509 2285 1761 2353 sericum,
1797 2302 1893 2343 seu
1921 2303 2164 2357 aureum,

587 2379 749 2435 quem
776 2369 927 2437 prius
969 2379 1258 2428 renuentes
1283 2387 1478 2444 capere
1516 2374 1752 2433 decanus
1778 2388 1835 2434 et
1874 2381 2167 2451 capitulum

587 2453 900 2514 Senonense
932 2459 1165 2516 finaliter
1196 2462 1472 2532 ceperunt.
1498 2463 1606 2522 Sed
1631 2466 1699 2524 de
1717 2468 2168 2530 intbronizatione

584 2556 685 2599 sua
707 2546 844 2602 nihil
871 2547 974 2605 fuit
1015 2550 1215 2608 factum
1260 2568 1358 2624 pro
1398 2564 1553 2625 parte
1581 2559 1947 2617 archidiaconi
1996 2563 2167 2621 Seno-

584 2635 792 2702 nensis,
835 2646 911 2703 et,
954 2638 1000 2694 si
1044 2642 1172 2711 quid
1222 2643 1454 2700 solutum
1480 2644 1583 2703 fuit
1630 2649 1733 2720 ipsi
1762 2653 2164 2723 archidiacono,

584 2723 883 2794 ignoratur.
937 2729 1088 2786 Sedit
1134 2748 1232 2803 per
1274 2736 1462 2793 decem
1503 2752 1676 2795 annos
1717 2741 1898 2799 minus
1947 2745 2168 2803 circiter

584 2813 792 2872 duobus
819 2822 1125 2888 mensibus;
1153 2824 1376 2886 dederat
1413 2829 1465 2884 in
1503 2831 1609 2885 vita
1634 2847 1732 2888 sua
1775 2832 1902 2890 huic
1924 2837 2166 2894 ecclesia:

582 2916 821 2974 pannum
871 2912 1105 2967 sericum
1134 2915 1472 2984 deauratum,
1510 2920 1601 2990 qui
1642 2922 1698 2975 in
1727 2926 1938 2994 magnis
1967 2927 2166 2983 solem-

581 2994 842 3052 nitatibus
879 2999 933 3054 in
957 3005 1266 3061 summitate
1288 3007 1508 3076 majoris
1530 3010 1742 3078 altaris,
1766 3014 2016 3072 videlicet
2041 3026 2165 3075 ante

582 3097 771 3142 cereos
797 3091 1036 3156 ponitur.

584 3214 711 3300 (ΣΑΞ.
1000 3225 1343 3300 Διὴε-Νἱωιιιθ
1368 3232 1432 3286 de
1455 3233 1652 3290 Arceir.
1689 3267 1759 3279 --
1780 3237 2038 3300 LXXXII.
2082 3242 2160 3299 De

654 3287 933 3372 guilfelmp
976 3295 1041 3349 de
1059 3296 1355 3372 χρεμεξιέρ.
1388 3333 1456 3343 -
1483 3287 2158 3368 ιΧὶΧιιιΪίῑῖἧὲτῆὂ

651 3357 1028 3441 ϐαεξίεείξεῗ
1055 3365 1336 3441 [έχων.
1389 3372 1463 3426 De
1487 3357 1773 3432 "ME/iiii;
1812 3357 1889 3432 de.
1921 3357 2158 3437 {iam};

650 3456 716 3508 :-
749 3428 1008 3508 πίῃ-Π.
1042 3434 1365 3508 Dejoanne
1410 3443 1474 3496 de
1514 3428 2157 3508 ΤιιοίξῇΪ-Σιλὲξίῐὺἱξ

650 3464 713 3467 —
749 3464 1008 3487 unAAV-
1042 3464 1119 3490 uc
1159 3464 1365 3495 Juaﬂne
1410 3464 1474 3496 ac
1514 3464 1671 3499 urat:
1713 3487 1726 3499 .
1764 3479 1835 3490 ——-
1870 3464 2157 3508 ωίωυίι.

649 3496 727 3576 l_)e
749 3499 994 3576 fliifippo
1023 3507 1087 3558 dc
1126 3506 1376 3576 Essartis.
1405 3542 1477 3552 —
1502 3464 1807 3572 LXXlE-{VlL
1845 3518 1923 3574 De
1951 3519 2159 3576 Joanne

650 3566 716 3620 de
734 3566 994 3645 βων-ῥέξλῇ
1034 3605 1104 3645 έ-
1132 3575 1460 3635 LXXXVIII.
1512 3566 1591 3637 Diei
1610 3566 1919 3641 'iézir‘c'hﬁo'

650 3589 716 3620 ae
741 3589 993 3695 υονυῖια.
1034 3605 1104 3614 —
1132 3589 1460 3635 LXXXVIII.
1512 3589 1587 3637 De
1616 3589 1900 3641 Laurentio
1947 3589 2154 3661 Pynon.

648 3638 875 3693 —-LXX
900 3712 910 3722 ι
931 3643 1018 3722 IX.
1041 3644 1120 3722 D_e
1159 3646 1318 3703 Petro
1349 3650 1707 3722 devLongolio.
1729 3686 1786 3696 ——
1810 3657 1920 3714 XC.
1952 3661 2030 3714 De
2049 3660 2158 3716 An-

647 3712 942 3777 guerrando
973 3714 1037 3769 de
1065 3714 1283 3786 Synart.
1309 3749 1375 3764 -
1404 3712 1652 3779 XCl.'De
1677 3712 1885 3785 Joanne
1903 3712 2137 3786 Βᾶἱὶιὲῖξ.

787 3839 915 3897 Car.
956 3843 1113 3901 XCII.
1155 3847 1227 3902 De
1257 3847 1544 3909 Franciaca
1567 3871 1599 3909 a
1637 3855 1943 3914 Dintavilla.

647 3947 966 4010 Franciscus
1016 3957 1081 4013 de
1143 3960 1423 4018 Dintcville
1488 3981 1556 4019 ex
1608 3969 1944 4026 nobilissimo
1999 3984 2153 4043 patre

575 4039 797 4099 Claudio
838 4046 904 4101 de
950 4047 1252 4117 Dinteville,
1309 4058 1662 4113 commarieni
1711 4061 1764 4114 in
1820 4039 2150 4135 Burgundia,

574 4131 985 4204 Ecgenetorum,
1013 4138 1231 4210 Polizei,
1255 4145 1646 4218 multorumque
1659 4151 1882 4208 aliorum
1912 4131 2149 4214 locorum

574 4222 820 4292 domino;
852 4239 1025 4284 matre
1050 4246 1176 4286 vero
1196 4220 1399 4289 Joanna
1423 4237 1489 4292 de
1522 4237 1570 4291 la
1598 4238 1818 4299 Baulme
1846 4260 1909 4299 ex
1942 4249 2153 4302 comiti-

573 4316 676 4372 bus
702 4322 900 4377 montis
928 4322 1152 4379 Revelli.
1186 4326 1286 4394 Qui
1316 4329 1530 4398 quidem
1562 4330 1819 4391 Claudius
1860 4338 1925 4393 de
1965 4339 2150 4395 Dinte-

571 4406 718 4475 ville,
762 4411 900 4467 sicut
944 4414 997 4468 in
1049 4416 1205 4471 domo
1245 4427 1300 4473 et
1341 4418 1545 4476 familia
1591 4424 1782 4482 ducum
1830 4429 2147 4500 Bnrguudim

2276 1906 2409 1962 pore
2463 1892 2784 1949 Guillelmus
2840 1894 2963 1960 Pot,
3028 1892 3390 1951 Tornacensis
3452 1893 3704 1967 episcopus
3740 1897 3792 1952 illi

2273 1982 2609 2049 auunculus,
2674 1976 2909 2042 Jacobus
2968 1985 3324 2042 commarieni
3383 1984 3615 2042 dominus
3669 2002 3793 2056 eques

2271 2081 2512 2139 auratus,
2556 2073 2791 2131 Jacobus
2833 2091 3062 2148 magnus
3100 2075 3347 2131 Francia:
3374 2085 3603 2143 venator,
3629 2085 3675 2131 et
3697 2078 3789 2164 Gal:

2272 2171 2419 2219 terus
2459 2164 2638 2235 regius
2664 2179 3003 2233 oeconomus,
3046 2181 3140 2221 seu
3171 2167 3305 2238 regii
3335 2165 3545 2237 hospitii
3572 2167 3793 2238 magister.

2270 2251 2467 2308 Polizei
2497 2254 2769 2323 dominus,
2809 2255 3031 2324 fratres,
3058 2256 3232 2312 eidem
3260 2255 3691 2313 Cbristianissimo
3711 2274 3792 2329 regi

2269 2341 2538 2399 Ludovico
2558 2345 2877 2403 duodecimo
2891 2348 3220 2414 cbarissimi,
3233 2357 3293 2403 et
3312 2365 3340 2402 a
3357 2348 3602 2413 consiliis,
3617 2363 3791 2418 quorum

2267 2446 2429 2501 opera
2445 2444 2500 2488 et
2520 2434 2719 2491 auxilio
2746 2435 3049 2491 sacerdotia
3078 2450 3171 2491 seu
3195 2435 3457 2492 beneficia
3483 2436 3649 2502 multa,
3667 2450 3794 2506 eaque

2268 2523 2567 2592 peropima,
2590 2540 2782 2595 nempe
2798 2523 3105 2582 (Iastilionis
3126 2526 3193 2582 ad
3216 2526 3518 2598 Sequanam
3533 2527 3790 2595 cmuobium,

2269 2613 2542 2670 Dervense
2586 2618 2992 2681 monasterium,
3025 2619 3449 2689 prmdictumque
3498 2617 3792 2675 Cistareuseut

2265 2707 2633 2778 episcopatum
2681 2710 2929 2766 obtinuit.
2971 2710 3212 2781 Cumque
3241 2727 3389 2766 anno
3429 2711 3622 2767 Domini
3668 2709 3792 2764 mille-

2267 2799 2406 2855 simo
2432 2800 2863 2871 quingentesimo
2892 2803 3122 2872 decimo,
3152 2810 3383 2857 vacante
3409 2802 3531 2858 sede
3552 2798 3791 2857 Heduensis

2268 2890 2547 2957 Ecclesiae,
2573 2891 2724 2961 cujus
2764 2893 3085 2965 jampridem
3129 2894 3428 2961 canonicus
3460 2901 3591 2960 erat,
3632 2907 3659 2947 a
3702 2907 3767 2946 tua

2264 2978 2374 3049 jori
2406 2981 2719 3052 saniorique
2746 2992 2898 3054 parte
2930 2983 3157 3052 capituli
3184 2983 3236 3038 in
3279 2983 3578 3054 episcopum
3599 2980 3789 3053 postula-

2272 3079 2358 3125 tus
2394 3080 2559 3136 esset,
2592 3080 2819 3142 rogante
2866 3073 3187 3143 volenteque
3228 3072 3457 3144 praefato
3502 3086 3615 3143 rege
3651 3069 3785 3126 Ludo-

2187 3181 2233 3243 ρ
2264 3161 2405 3227 vico,
2425 3162 2536 3231 juri
2578 3178 2675 3218 suo
2699 3164 2865 3220 Cessit
2913 3164 2966 3220 in
3000 3164 3240 3220 favorem
3282 3164 3483 3221 domini
3514 3161 3676 3220 Jacobi
3700 3160 3785 3215 llu-

2263 3252 2438 3319 rault;
2469 3254 2779 3308 obtinuerat
2821 3265 3001 3309 autem
3044 3255 3262 3325 juvenis
3298 3255 3596 3326 parochiam
3634 3253 3688 3308 de
3723 3251 3790 3304 lli-

2263 3357 2418 3413 ceyo,
2458 3343 2773 3413 praebendas
2819 3345 2874 3399 in
2927 3344 3185 3401 Ecclesiis
3230 3344 3522 3412 Heduensi,
3570 3340 3786 3406 Balnensi,

2259 3441 2315 3488 et
2342 3434 2674 3505 Divionensi,
2704 3434 3110 3505 prioratumque
3154 3436 3223 3493 de
3267 3437 3562 3509 Choysiaco
3598 3436 3645 3490 in
3686 3432 3781 3486 Mel-

2259 3522 2414 3577 densi
2468 3523 2715 3589 dimcesi,
2771 3524 2971 3594 quibus
3018 3526 3273 3581 onmibus
3318 3526 3783 3581 Antissiodorenseut

2257 3611 2627 3682 cpiscOpatum
2678 3614 2978 3684 suscipiens
3024 3615 3210 3681 cessit,
3267 3615 3386 3672 solo
3440 3615 3538 3672 sibi
3576 3614 3783 3669 DerveuSt

2258 3703 2593 3758 monasterio
2633 3714 2908 3759 reservato
3055 3770 3068 3784 ι

2325 3794 2674 3851 Posscssione
2698 3796 3041 3869 episcopatus
3076 3798 3271 3868 adepta
3315 3799 3402 3854 vir
3433 3795 3723 3869 splendidus,
3741 3798 3784 3846 ut

2253 3896 2372 3942 erat
2402 3889 2642 3943 moribus
2673 3889 2941 3959 ingenuis,
2985 3890 3226 3944 liberalis
3267 3898 3323 3945 et
3368 3888 3681 3960 magnificus,
3705 3884 3777 3938 do-

2253 3994 2370 4033 mos
2412 3980 2743 4050 episc0pales
2773 3979 3019 4037 Varziaci
3075 3991 3131 4036 et
3186 3982 3563 4054 Regennarum
3609 3991 3781 4049 repara-

2250 4070 2348 4135 vit,
2380 4071 2810 4141 restauravitque
2838 4070 3108 4143 chennis
3142 4075 3336 4128 turrim
3365 4072 3638 4145 egregiam.
3664 4067 3778 4138 9³³³⁸

2254 4161 2383 4213 tium
2411 4160 3004 4233 deambulatoriumque
3030 4162 3614 4236 magnificentissimum
3643 4176 3668 4216 a
3692 4157 3779 4213 fun-

2251 4247 2519 4303 damentis
2575 4253 2865 4305 exstruxit.
2932 4252 2989 4307 lu
3061 4254 3410 4309 monasteriis
3466 4249 3697 4307 Dervensi
3741 4252 3780 4299 ει

2248 4338 2625 4396 Castillonensi
2647 4343 2667 4413 (
2687 4359 2806 4412 quas
2827 4343 2981 4399 bellis
3010 4344 3083 4398 ita
3107 4346 3282 4400 diruta
3309 4352 3594 4419 repereral,
3620 4348 3670 4395 ut
3704 4350 3777 4392 nec

2247 4429 2428 4484 abbati
2466 4432 2675 4496 domus,
2710 4449 2810 4491 nec
2858 4435 3137 4489 monachis
3189 4434 3321 4503 ipsis
3373 4432 3627 4505 regularia
3667 4429 3776 4488 loca.

574 4496 740 4597 alitus
763 4510 817 4554 et
843 4503 1099 4558 educatus
1144 4506 1361 4579 (quippe
1409 4513 1499 4583 qui
1550 4513 1653 4569 illis
1698 4531 1728 4570 a
1778 4496 2046 4575 thesauris
2092 4530 2149 4575 et
2177 4519 2489 4597 Dclaustra
2528 4521 2798 4591 videlicet,
2846 4496 3285 4592 dormitoriafet
3316 4496 3592 4582 refectoria
3632 4530 3777 4590 super-

571 4586 809 4645 consiliis
836 4594 1021 4665 esset),
1053 4596 1125 4650 ita
1151 4598 1202 4651 in
1226 4601 1371 4655 omni
1401 4605 1619 4674 negotio
1651 4622 1837 4663 eorum
1871 4608 2142 4665 fortunam

569 4688 787 4735 secutus
815 4691 912 4743 est,
940 4692 1099 4753 atque
1127 4687 1339 4743 demutn
1370 4691 1424 4746 in
1462 4693 1647 4762 prmlio
1694 4698 1762 4751 ad
1813 4695 2142 4757 Nanciacum

570 4784 693 4825 cum
721 4771 913 4830 Carolo
939 4775 1073 4832 duce
1108 4777 1321 4835 fortiter
1349 4783 1562 4838 cecidit.
1606 4784 1870 4842 Cmterum
1897 4805 2018 4844 cum
2049 4790 2143 4847 ad-

568 4860 673 4918 huc
722 4878 909 4920 eorum
957 4867 1154 4924 ducum
1200 4887 1470 4942 prosperae
1515 4878 1871 4948 secundaeque
1922 4897 2008 4937 res
2056 4898 2145 4939 es-

566 4961 706 5018 sent,
737 4950 999 5013 Joannam
1030 4959 1190 5014 'claro
1221 4960 1338 5017 loco
1376 4963 1544 5021 divite
1578 4981 1644 5021 ac
1686 4971 1886 5037 potenti
1937 4970 2137 5028 familia

564 5057 790 5099 uxorem
835 5045 1004 5114 duxit,
1031 5064 1099 5103 ex
1128 5065 1233 5120 qua
1272 5051 1470 5109 liberos
1494 5058 1919 5125 quatuordecim,
1960 5075 2139 5117 mares

563 5135 770 5192 scilicet
810 5139 1017 5207 decem,
1071 5141 1298 5200 feminas
1341 5155 1573 5217 quatuor
1608 5153 1858 5222 suscepit,
1909 5168 2135 5223 quorum

564 5224 657 5283 hic
707 5228 1030 5287 novissimus
1085 5232 1407 5292 Franciscus
1474 5237 1707 5307 primum
1760 5240 2137 5299 Cistarciensis

563 5318 846 5392 episcopus
871 5337 885 5387 ;
920 5322 1045 5379 dein
1075 5338 1217 5381 anno
1244 5323 1457 5381 Domini
1502 5327 1787 5386 millesimo
1814 5332 2136 5413 quingenteg

561 5410 700 5467 simo
720 5422 933 5482 quarto,
975 5424 1201 5472 vacante
1236 5417 1363 5473 sede
1405 5419 1873 5479 Antissiodorense
1899 5439 1998 5493 per
2042 5410 2136 5481 de?

561 5512 775 5555 cessum
822 5502 974 5556 bonae
1021 5504 1293 5561 memoria:
1343 5510 1622 5565 reverendi
1673 5510 1895 5567 Joannis
1921 5512 2131 5579 Baillet,

560 5592 833 5646 communi
872 5595 1112 5650 onmium
1147 5597 1530 5655 canonicorum
1570 5611 1698 5658 voto
1738 5604 1791 5658 in
1818 5604 2131 5675 episcopum

558 5681 881 5749 postulatus,
913 5700 942 5739 a
971 5686 1151 5743 Leone
1193 5687 1242 5742 Χ
1284 5690 1537 5760 pontiﬁce
1562 5696 1797 5750 maximo
1838 5711 1866 5750 a
1908 5695 2133 5750 Cistari-

561 5770 708 5829 censi
748 5771 986 5836 Ecclesia
1016 5779 1084 5835 ad
1130 5778 1657 5842 Autissiodorenscm
1703 5786 1992 5845 translatus
2022 5794 2129 5857 est,

2248 4617 2497 4683 essent),
2548 4629 2667 4683 qua:
2725 4632 2869 4672 nunc
2943 4617 3513 4690 illic,conspiciuntur
3575 4612 3775 4674 aedilicia.

2245 4711 2461 4770 quantm
2509 4704 2818 4770 industria),
2884 4718 3097 4778 quanta:
3143 4698 3456 4780 diligentias,
3505 4714 3775 4780 quanlieilue

2245 4793 2661 4864 magniﬁcentiae
2707 4797 2792 4851 vir
2839 4796 3003 4854 fuerit
3049 4800 3183 4856 satis
3225 4801 3532 4856 ostendunt.
3578 4798 3629 4853 In
3669 4794 3775 4848 Del“

2242 4883 2393 4937 vensi
2422 4889 2655 4954 namque
2681 4888 3008 4943 monasterio
3038 4890 3262 4945 chorum
3307 4889 3565 4954 ecclesiae,
3600 4894 3777 4953 campa-

2244 4969 2376 5036 nile,
2428 4972 2798 5041 pinnaculum,
2848 4978 3003 5033 navis
3050 4977 3249 5044 valvas,
3303 4978 3613 5041 claustrum,
3637 4983 3682 5029 et
3706 4969 3775 5024 do-

2244 5078 2391 5116 mum
2443 5064 2785 5134 abbatialem,
2839 5085 2959 5138 qua:
3013 5070 3173 5136 bella,
3232 5071 3500 5135 incendia,
3551 5069 3773 5136 longaque

2244 5151 2499 5207 abbatum
2544 5163 2599 5208 et
2643 5159 3033 5214 monachorum
3084 5170 3374 5233 paupertas
3401 5171 3457 5216 et
3504 5159 3687 5215 incuria
3715 5154 3775 5206 la-

2241 5239 2599 5310 bcfactarant,
2628 5245 2704 5298 ita
2736 5249 3030 5316 reparavit,
3061 5259 3120 5304 ut
3161 5265 3296 5304 nova
3331 5249 3512 5305 omnia
3548 5246 3771 5315 longeque

2236 5332 2508 5403 prioribus
2532 5334 2776 5392 aediliciis
2808 5340 3202 5408 sumptuosiora
3238 5339 3426 5410 paucis
3456 5337 3604 5394 annis
3626 5328 3763 5389 videri

2234 5424 2529 5494 potuerint.
2559 5426 2811 5483 Castrum
2839 5439 3099 5499 praeterea
3132 5431 3467 5487 Summeura:
3505 5429 3657 5485 totius
3689 5438 3764 5496 pa-

2233 5514 2350 5569 tria:
2380 5518 2854 5587 prapugnaculum,
2890 5527 3131 5576 tutamen
3172 5530 3226 5577 et
3264 5521 3588 5591 praesidium,
3632 5513 3765 5570 turri-

2232 5600 2333 5657 bus
2372 5614 2601 5673 quatuor
2652 5606 3072 5665 munitissimum
3118 5610 3318 5667 fossato
3363 5609 3573 5681 duplici,
3619 5601 3763 5676 ponti-

2231 5689 2351 5761 bus,
2388 5697 2917 5766 aquarumductibus,
2952 5700 3142 5767 hortis,
3193 5702 3437 5767 stabulis,
3482 5696 3761 5767 reliquisque

2233 5785 2301 5840 ad
2332 5787 2615 5845 utilitatem
2653 5799 2707 5846 et
2736 5800 2985 5848 ornatum
3032 5795 3166 5851 tanti
3195 5802 3378 5863 castri,
3424 5800 3476 5849 et
3519 5790 3740 5848 rebus-ue
