3918 6316
180 369 251 432 381
1080 372 1170 430 DE
1203 371 1696 430 GESTIS'EPISC.
1735 372 2190 430 ANTISSlOD.~-—
2221 375 2398 431 PARS
2436 375 2498 434 ll.

3267 350 3384 433 332

179 488 380 544 cessariis
409 485 684 559 splendide
709 485 1013 553 decoravit;
1055 487 1318 557 siquidem
1345 488 1488 540 ineo
1529 493 1707 541 castro
1736 470 1784 527 Α
1813 503 2022 542 morum
2068 488 2357 558 elegantia,
2407 497 2552 543 tanta
2604 488 2768 544 animi
2817 488 3097 555 facilitate,
3142 497 3292 543 tanta
3332 490 3386 542 in

177 581 388 651 palatium
437 579 803 650 magnificum,
849 578 938 634 cui
989 579 1244 635 sacellum
1296 579 1704 634 ornatissimum

176 670 417 739 ippendet,
461 670 708 741 granaria
750 669 988 739 ingentia
1025 684 1195 740 eaque
1243 669 1498 739 duplicia,
1547 682 1706 736 penu,

175 759 410 814 cellarium
437 761 752 824 maximum,
779 759 964 828 paucis
1001 761 1177 825 annis,
1210 769 1494 830 postquam
1524 773 1710 821 cmm-

172 851 240 907 bio
269 851 338 908 illi
381 860 464 906 est
491 850 793 920 przefectus,
849 852 1058 906 eductis
1091 853 1382 923 ejectisque
1429 851 1713 904 ruderibus

171 949 210 994 et
234 941 412 1004 ruinis,
442 955 581 1010 qum,
622 949 681 994 ut
711 941 764 994 in
796 941 915 996 aliis
949 941 1210 996 bellorum
1257 941 1518 996 incendiis
1562 949 1713 994 ante-

171 1045 522 1100 cessorumque
536 1031 1033 1085 eaanobiareharum
1050 1031 1369 1103 negligentia
1383 1029 1710 1098 obtigerant,

169 1120 436 1176 incredibili
488 1121 728 1190 impensa
757 1120 1066 1191 majoreque
1110 1121 1384 1191 diligentia
1423 1119 1711 1176 exstruxit.

165 1212 210 1266 lu
249 1211 637 1268 Castillionensi
678 1227 807 1267 vero
835 1214 1183 1276 monasterio,
1218 1213 1534 1275 clauStrum,
1563 1211 1715 1280 capi-

163 1304 332 1369 tulum,
381 1305 755 1365 dormitorium
822 1321 960 1360 nova
1009 1321 1038 1359 a
1095 1305 1458 1361 fundamentis
1520 1292 1715 1359 erexit.

160 1393 434 1450 Ecclesiam
478 1403 682 1460 autem,
725 1395 1070 1451 refectorium
1115 1397 1440 1467 domumque
1476 1397 1717 1451 abbatia-

159 1485 271 1550 lem,
297 1487 488 1557 quibus
513 1488 712 1547 nullam
745 1490 1056 1546 monasterii
1089 1489 1276 1546 faciem
1305 1491 1530 1546 Martius
1570 1491 1720 1545 furor

155 1576 455 1646 reliquerat,
487 1577 561 1631 ita
588 1579 874 1648 reparavit,
903 1588 962 1633 ut
987 1596 1124 1635 nova
1147 1581 1347 1645 omnia,
1380 1580 1718 1651 hospitiaque

157 1667 439 1722 arridentia
463 1668 779 1738 videantur;
805 1685 991 1724 eorum
1017 1673 1466 1727 monasteriorum
1491 1670 1717 1738 fructus,

155 1772 358 1822 census,
397 1765 453 1812 ct
482 1759 722 1813 redditus
751 1761 937 1815 solerti
968 1762 1102 1817 adeo
1129 1762 1463 1832 providentia
1496 1762 1720 1832 amplia-

1813 581 1974 634 rebus
2007 580 2227 651 agendis
2251 583 2501 637 cautione
2527 591 2579 637 et
2607 581 2940 651 providentia
2986 580 3106 646 fuit,
3156 593 3214 636 ut
3256 579 3390 634 nihil

1814 669 1862 725 ei
1891 670 2120 736 dissidii,
2149 671 2531 726 controversia:
2558 671 2709 737 nihil,
2736 671 2844 724 odii
2873 681 2928 725 et
2954 671 3167 727 invidiae
3206 671 3386 723 minus

1813 775 1936 815 cum
1965 761 2198 831 capitulo
2223 771 2315 815 aut
2342 762 2722 817 canonicorum
2753 762 2932 830 aliquo
2959 777 3193 830 unquam
3223 761 3393 814 inter-

1815 851 2056 912 cesserit,
2103 859 2416 920 tantumque
2463 851 2634 906 abfuit
2679 860 2736 904 ut
2779 868 2846 905 ex
2892 851 3134 904 ecclesire
3169 849 3385 918 jurihus

1815 943 2182 997 redditibusve
2246 943 2446 1013 aliquid
2511 952 2794 1012 propterea
2857 944 3276 1013 deperderetur,
3333 951 3395 996 ut

1817 1035 1978 1089 etiam
2011 1033 2172 1104 (quod
2197 1043 2252 1088 et
2275 1035 2327 1088 in
2360 1035 2618 1089 Dervcnsi
2660 1045 2713 1088 et
2751 1033 3152 1088 Castillionensi
3201 1047 3391 1087 mona-

1817 1127 2000 1182 steriis
2029 1126 2318 1195 contigisse
2350 1141 2514 1194 supra
2543 1125 2744 1178 dictum
2790 1125 2893 1194 est)
2945 1139 3005 1178 ea
3051 1139 3155 1176 non
3195 1121 3396 1176 medio-

1819 1216 1986 1270 criter
2035 1215 2335 1268 adauxerit.
2389 1213 2624 1268 Tandem
2673 1228 2793 1266 cum
2840 1212 2892 1264 in
2937 1209 3395 1266 Antissiodorensi

1819 1306 2128 1375 episcopatu
2170 1319 2341 1358 annos
2382 1303 2568 1357 decem
2600 1310 2653 1357 et
2677 1311 2901 1371 septem,
2935 1315 3172 1355 mensem
3204 1315 3394 1364 unum,

1820 1397 1935 1452 dies
1979 1394 2166 1466 viginti
2214 1410 2307 1449 sex
2351 1393 2604 1457 sedisset,
2649 1391 2985 1459 sexagesimo
3024 1397 3176 1444 sexto
3222 1388 3398 1443 aetatis

1820 1502 1932 1541 suae
1979 1500 2140 1550 anno,
2185 1483 2271 1539 die
2295 1484 2522 1540 Veneris
2564 1498 2684 1552 qua:
2719 1481 2818 1536 fuit
2853 1481 3149 1550 penultima
3198 1477 3397 1547 Aprilis

1821 1577 2110 1632 millesimo
2142 1574 2575 1644 quingentesimo
2615 1572 2918 1641 trigesimo,
2951 1571 3106 1639 longo
3139 1567 3398 1639 profluvio

1824 1667 2030 1723 ventris
2061 1666 2329 1722 universae
2355 1666 2534 1718 carnis
2560 1663 2702 1716 viam
2737 1671 2822 1716 est
2851 1661 3150 1730 ingressus.

1896 1757 2149 1813 Sentiens
2180 1758 2364 1825 itaque
2393 1756 2517 1808 vitae
2544 1769 2654 1808 suae
2688 1752 2847 1806 finem
2879 1752 3194 1818 dierumque
3218 1748 3401 1803 termi-

153 1852 244 1912 vit,
298 1849 572 1918 auxitque.
629 1857 689 1905 ut
739 1867 845 1906 non
897 1830 1166 1909 immerito
1215 1852 1468 1909 fundator
1541 1830 1719 1922 potius
1748 1830 1794 1890 Β
1828 1866 1953 1904 unm
1982 1866 2010 1903 a
2040 1849 2266 1904 Domino
2295 1847 2395 1902 sibi
2426 1845 2778 1900 constitutum
2812 1842 3151 1906 adventasse,
3182 1839 3267 1893 die
3298 1839 3404 1892 Do-

155 1955 307 2010 quam
339 1940 749 1996 administrator
776 1951 829 1996 et
861 1943 963 1998 dici
993 1953 1048 2000 et
1079 1945 1266 2000 haberi
1297 1945 1508 1999 debeat.
1553 1944 1722 2000 Porro

157 2040 411 2100 quantum
470 2033 538 2087 ad
597 2033 1124 2089 Antissiodorensem
1158 2036 1453 2090 Eeclesiam
1497 2035 1722 2100 attinet,

158 2120 404 2193 templum
435 2121 609 2192 ipsum
653 2137 750 2177 seu
799 2124 966 2179 {edem
1008 2126 1132 2180 divo
1178 2125 1562 2197 protomartyri
1606 2125 1728 2179 Ste-

156 2210 330 2280 phano
359 2211 410 2265 in
448 2225 510 2264 ea
549 2213 684 2267 urbe
712 2227 920 2269 sacram
965 2214 1192 2270 mirifice
1221 2215 1522 2280 adornavit,
1549 2207 1724 2284 pulpi-

160 2306 264 2353 tum
296 2300 362 2354 ad
391 2300 654 2369 Epistolas
685 2311 740 2358 et
771 2302 1055 2371 Evangelia
1085 2303 1307 2374 legenda
1340 2305 1502 2362 t0tius
1543 2303 1729 2359 Galliae

161 2388 589 2458 pulcherrimum,
620 2393 760 2446 miro
801 2392 1038 2462 lapidum
1079 2394 1338 2460 tabulatu,
1391 2409 1516 2448 raro
1561 2394 1730 2447 artill-

163 2480 242 2534 cio
283 2481 649 2552 elegantique,
701 2490 763 2537 ut
805 2483 1065 2548 cernitur,
1125 2492 1429 2548 structura,
1478 2499 1578 2539 suo
1624 2499 1731 2538 aere

164 2572 394 2635 donavit,
424 2585 624 2642 organa
669 2587 730 2627 ea
781 2581 1099 2642 tempestate
1126 2583 1180 2628 et
1207 2573 1502 2628 bellissima
1549 2581 1604 2628 et
1644 2588 1732 2626 ar-

164 2662 438 2730 gutissima
493 2661 622 2716 nulli
677 2663 911 2732 sumptui
957 2678 1185 2733 parcens
1233 2663 1426 2719 instrui
1475 2663 1727 2728 curavit;

160 2752 322 2822 pallia
346 2754 447 2809 duo
473 2769 637 2809 aurea
667 2755 1058 2825 pretiosissima
1101 2753 1295 2824 majori
1326 2754 1484 2809 altari
1513 2770 1731 2809 accom-

161 2846 338 2908 moda,
382 2846 644 2916 planetas,
688 2845 964 2915 pluvialia,
1015 2845 1226 2914 aliaque
1257 2845 1615 2901 sacerdotalia
1645 2859 1736 2899 ve-

164 2934 404 2989 stimenta
427 2935 820 3006 quamplurima
850 2951 1004 3002 auro,
1030 2935 1340 3004 margaritis
1373 2943 1428 2990 et
1469 2934 1734 3005 lapidibus

163 3025 408 3091 pretiosis
459 3026 689 3090 intexta,
745 3031 944 3094 quanta
993 3023 1137 3083 nulla
1169 3024 1274 3080 alia
1305 3023 1600 3079 Galliarum
1647 3037 1735 3077 ec-

163 3112 323 3168 elesia
345 3114 705 3184 splendidiora
744 3114 958 3178 habeat,
984 3113 1240 3184 elargitus
1278 3121 1381 3178 est,
1413 3121 1468 3167 et
1495 3112 1610 3183 ejus
1633 3125 1736 3180 ope

162 3205 391 3264 maxima
433 3221 464 3260 a
520 3203 792 3274 frequenti
847 3203 1225 3275 suffragatione
1251 3221 1314 3261 ea
1353 3221 1482 3276 pars
1521 3209 1736 3276 provin-

162 3294 255 3349 ciae
287 3295 769 3351 Antissiodorensis
796 3310 917 3370 quia:
940 3304 1025 3350 est
1052 3303 1199 3350 trans
1229 3296 1445 3361 Jonam,
1487 3295 1737 3352 videlicet

164 3385 511 3452 Donziacum,
559 3384 975 3450 Clameciacum,
1006 3394 1061 3440 et
1105 3386 1546 3457 circumjecentia
1595 3386 1735 3453 loca,

160 3491 277 3544 qua:
306 3478 454 3544 olim,
487 3479 740 3532 saeviente
767 3477 967 3545 passim
1008 3478 1147 3531 inter
1190 3476 1521 3532 Francorum
1556 3493 1736 3544 regem

159 3577 212 3621 et
267 3570 674 3641 Burgundiones
752 3568 922 3632 bello,
1007 3568 1304 3623 Senonensi
1373 3567 1736 3638 jurisdictioni

158 3659 392 3729 ascripta
441 3659 637 3724 fuerat,
689 3657 1175 3712 Antissiodorensis
1228 3657 1472 3727 praetoris
1514 3656 1738 3726 jurisdi-

156 3749 318 3801 ctioni
351 3765 448 3817 per
475 3763 742 3817 suprema:
771 3747 935 3804 curiae
973 3746 1319 3817 parlamenti,
1363 3747 1476 3802 sive
1519 3754 1739 3800 senatus

158 3835 483 3895 Parisiensis
525 3849 816 3904 arrestum,
854 3840 1107 3894 restituta
1135 3849 1236 3893 est.

223 3932 451 4002 lrrepsit
491 3933 649 4004 (proh
698 3932 850 3988 dolor
875 3932 915 3994 l)
962 3947 1028 3986 eo
1091 3941 1332 4000 tempore
1393 3929 1738 3985 Lutherianm

154 4023 427 4080 lizereseos
474 4040 613 4079 nova
661 4023 1014 4093 impudentia,
1064 4025 1128 4077 ad
1171 4038 1330 4092 quam
1365 4021 1621 4075 radicitus
1648 4036 1742 4074 cx-

157 4114 516 4183 stirpandam,
541 4124 596 4167 et
625 4128 656 4165 a
685 4111 921 4166 fidelium
958 4113 1172 4166 theatro
1199 4111 1413 4180 penitus
1455 4111 1741 4180 exploden-

157 4205 280 4259 dam
325 4203 678 4275 provincialia
727 4203 956 4257 concilia
1001 4218 1098 4274 per
1167 4203 1509 4256 Senonenses
1556 4199 1737 4256 archi-

156 4299 418 4364 przesules
459 4295 821 4352 Poncherium
860 4302 915 4350 et
941 4296 1008 4350 de
1051 4295 1213 4348 Prato
1244 4310 1350 4349 non
1398 4294 1564 4348 semel
1612 4309 1741 4348 eon-

160 4399 381 4459 gregata
434 4396 582 4444 sunt.
660 4386 866 4454 Quibus
925 4387 1175 4442 omnibus
1229 4401 1352 4441 cum
1415 4385 1739 4456 sulfraganei

161 4478 400 4548 epise0pi
450 4476 848 4546 orthodoxique
887 4474 1076 4530 Patres
1125 4475 1278 4530 turriti
1341 4475 1736 4538 convenissent,
1768 4507 1816 4565 Β

166 4572 276 4618 tum
303 4567 393 4621 hic
415 4565 753 4636 potissimum
792 4580 989 4635 magno
1018 4565 1139 4620 fidei
1169 4565 1285 4619 zelo
1324 4564 1558 4630 fervens,
1603 4579 1740 4618 nun-

165 4670 326 4722 quam
365 4672 471 4713 non
499 4657 692 4723 astitit,
724 4664 1073 4727 proserpente
1115 4656 1314 4712 sensim
1344 4662 1401 4711 et
1439 4653 1740 4709 clanculum

168 4748 548 4816 suppullulanti
577 4763 678 4818 per
717 4747 982 4802 viciniora
1021 4747 1136 4803 loca
1181 4747 1486 4817 perniciosa
1511 4745 1599 4799 illa
1629 4745 1738 4811 lue,

171 4837 446 4898 dioecesim
493 4855 647 4896 suam
692 4838 936 4910 diligenti
981 4853 1111 4893 cura
1161 4846 1217 4893 et
1254 4838 1478 4907 provida
1507 4837 1742 4893 circum-

173 4932 445 4998 spectione
483 4945 653 5002 usque
693 4931 830 4985 adeo
861 4938 1068 4985 tutatus
1107 4938 1212 4994 est,
1243 4938 1302 4983 ut
1329 4944 1392 4984 ex
1436 4942 1596 4999 grege
1635 4927 1740 4982 sibi

175 5022 378 5085 credito
404 5023 555 5077 virus
598 5021 652 5076 id
689 5020 908 5076 exitiale
948 5020 1041 5090 qui
1087 5020 1359 5075 hausisset
1388 5027 1633 5088 repertus
1674 5017 1745 5072 sit

177 5123 349 5166 nemo.
418 5110 625 5180 Regum
685 5109 941 5171 Ludovici
997 5108 1302 5166 duodecimi
1363 5116 1418 5163 et
1465 5106 1744 5176 Francisei

180 5201 331 5268 primi
370 5202 565 5273 quibus
616 5210 676 5255 ut
724 5200 1096 5265 charissimus,
1155 5200 1228 5254 ita
1267 5213 1453 5257 eorum
1488 5198 1743 5253 consilia-

180 5290 286 5345 rius
343 5301 401 5347 et
461 5291 916 5360 eleemosynarius
981 5289 1286 5346 ordinarius
1339 5296 1474 5343 erat.
1523 5286 1744 5347 Curiam

181 5383 506 5450 quotannis,
588 5380 763 5435 tribus
841 5387 1139 5450 quatuorve
1221 5378 1498 5433 mensibus
1573 5375 1748 5429 conti-

183 5475 300 5530 nuis
344 5488 540 5546 magno
587 5473 860 5538 satellitio,
920 5479 1180 5542 apparatu
1236 5471 1510 5540 eleganti,
1603 5482 1748 5522 sum-

184 5569 380 5636 ptuque
459 5565 695 5620 maximo
764 5562 1160 5632 frequentabat.
1236 5561 1429 5623 Unde,
1506 5565 1568 5613 ut
1623 5565 1750 5612 sunt

183 5659 454 5716 hominum
521 5671 733 5721 mores,
795 5653 1150 5726 principibus,
1213 5651 1480 5710 nobilibus
1538 5660 1593 5705 et
1659 5665 1752 5702 au-

180 5749 296 5806 licis
349 5747 600 5804 omnibus
648 5746 1054 5817 acceptissimus
1111 5754 1246 5800 erat.
1309 5743 1479 5799 Tanta
1523 5741 1753 5810 denique

1761 3164 1807 3226 C

1825 1945 2023 1998 minieo
2061 1951 2287 1996 mortem
2313 1939 2429 2007 ejus
2458 1937 2816 2008 praecedente,
2849 1935 3030 1988 audito
3056 1947 3228 1996 sacro,
3261 1945 3402 2000 prae-

1827 2032 2020 2099 viaque
2075 2038 2418 2100 peccatorum
2473 2042 2694 2082 suorum
2749 2024 2991 2093 diligenti
3043 2036 3106 2076 ac
3165 2018 3404 2091 generali

1828 2121 2191 2182 confessione,
2236 2117 2574 2173 salutiferum
2602 2113 2943 2171 eucharistiac
2993 2111 3248 2165 viaticum
3307 2124 3405 2179 pro

1828 2210 2136 2266 Christiano
2173 2223 2322 2264 more
2350 2209 2508 2278 digne
2549 2215 2964 2272 reverenterque
3002 2201 3278 2271 suscepit;
3317 2198 3404 2254 die

1828 2318 1961 2360 vero
1987 2302 2176 2358 Martis
2200 2299 2572 2368 subsequenti,
2604 2297 2788 2351 audito
2810 2297 2937 2350 item
2961 2309 3139 2359 sacro,
3173 2306 3272 2348 nec
3299 2305 3408 2345 non

1832 2395 2030 2452 iterata
2061 2391 2424 2457 confessione,
2470 2403 2687 2442 rursum
2723 2387 2917 2442 devote
2955 2398 3257 2456 magnaque
3282 2397 3407 2436 cor-

1831 2485 1914 2540 dis
1951 2484 2276 2540 contritione
2309 2479 2750 2537 communieavit.
2784 2479 2919 2533 Tum
2951 2476 3226 2532 advocatis
3252 2482 3408 2528 nota-

1834 2578 1929 2632 riis
1979 2583 2362 2630 testamentum
2409 2569 2651 2627 condidit
2693 2571 2746 2624 in
2792 2569 3139 2623 Franciseum
3169 2581 3200 2620 a
3231 2564 3412 2618 Dinta-
3467 2573 3480 2584 ‘

1831 2667 1957 2722 villa
2007 2665 2081 2719 illi
2123 2680 2188 2720 ex
2227 2664 2394 2718 fratre
2425 2669 2672 2732 nepotem
2709 2673 3077 2714 successorem
3110 2670 3281 2725 nuper
3305 2654 3411 2708 Re-

1833 2760 2070 2830 giensem
2118 2757 2457 2830 episcOpum,
2497 2751 2984 2808 Antissiodorensis
3029 2748 3284 2804 Ecclesiae
3320 2747 3413 2800 de-

1834 2864 2028 2902 canum
2061 2855 2116 2901 et
2142 2846 2486 2908 canonicum,
2535 2843 2588 2901 in
2635 2840 2788 2909 cujus
2819 2838 3060 2894 favorem
3086 2835 3409 2907 jampridem

1835 2955 1990 2995 suum
2034 2936 2556 2994 Antissiodorensem
2599 2931 2967 3000 episcopatum
3018 2928 3405 2998 resignaverat.

1836 3035 2210 3084 exsecutorem
2242 3021 2592 3092 nuncupavit.
2632 3020 2861 3077 Testaus
2895 3027 3074 3072 autem
3105 3014 3408 3078 duodecim,

1837 3119 1980 3187 quod
2018 3116 2199 3178 aiunt,
2253 3114 2432 3168 obitus
2480 3125 2691 3166 annuos
2733 3119 2788 3165 et
2840 3118 3126 3184 perpetuos
3175 3105 3416 3175 quolibet

1841 3208 2026 3261 ultimo
2052 3207 2138 3261 die
2170 3203 2422 3269 Veneris,
2463 3202 2724 3275 cujusque
2762 3201 2964 3259 mensis
2993 3201 3044 3254 in
3073 3196 3412 3253 Antissiodo-

1841 3297 1986 3351 rcnsi
2009 3295 2236 3350 ecclesia
2263 3292 2616 3348 celebrandos
2639 3291 2729 3362 pie
2751 3275 3014 3354 fundavit,
3040 3298 3094 3343 et
3119 3302 3216 3358 pro
3238 3286 3416 3355 cujus-

1837 3389 1970 3450 libet
2013 3387 2377 3442 celebratione
2424 3384 2706 3440 duodecim
2747 3381 2912 3437 libras
2956 3381 3300 3439 Turonenses
3325 3393 3416 3432 ca-

1838 3481 2048 3536 nonicis
2093 3478 2342 3533 distribui
2389 3476 2585 3543 voluit;
2637 3474 2779 3544 quod
2803 3482 2858 3528 et
2882 3472 3122 3529 hwredes
3157 3470 3416 3525 continuo

1841 3568 2174 3636 fideliterque
2201 3567 2588 3636 prmstiterunt.
2623 3562 2726 3618 Ubi
2756 3575 2883 3616 vero
2910 3559 3060 3616 Jovis
3085 3560 3202 3614 dies
3231 3559 3416 3612 subse-

1839 3675 2010 3730 quens
2058 3659 2368 3713 illuccscere
2410 3656 2600 3725 cmpit,
2657 3670 2813 3709 sacro
2839 3669 2896 3708 se
2925 3655 3147 3724 perungi
3181 3652 3299 3707 oleo
3323 3665 3418 3721 po-

1839 3751 2078 3815 stulavit,
2109 3749 2416 3803 unctionem
2444 3749 2583 3803 hanc
2614 3755 2918 3803 extremam
2951 3759 3055 3798 non
3081 3745 3290 3808 eadem,
3321 3741 3416 3797 sed

1839 3843 2068 3898 Veneris
2112 3855 2291 3901 mane,
2335 3845 2658 3907 congregato
2704 3833 3088 3890 canonicorum
3124 3833 3291 3886 choro
3321 3845 3418 3898 per

1840 3947 2031 3986 manus
2070 3929 2395 3986 venerabilis
2439 3925 2713 3990 cantoris,
2777 3933 2957 3978 mente
3005 3937 3190 3986 sanus,
3236 3921 3417 3974 animo

1841 4030 2116 4085 constans,
2167 4019 2444 4073 intellectu
2475 4016 2683 4084 vigens,
2723 4020 2782 4071 ut
2812 4013 2975 4067 etiam
3007 4011 3074 4065 ad
3098 4008 3334 4079 psalmos
3361 4014 3418 4062 et

1839 4112 2135 4168 versiculos
2162 4125 2350 4164 omnes
2379 4109 2480 4161 rite
2506 4105 2867 4172 distincteque
2894 4100 3267 4172 responderet,
3293 4112 3417 4151 cum

1839 4217 1901 4258 ea
1933 4217 2035 4273 qua
2061 4201 2253 4270 potuit,
2283 4196 2582 4253 humilitate
2608 4203 2661 4248 et
2689 4191 2988 4246 reverentia
3017 4187 3270 4257 suscepit;
3295 4201 3420 4256 per-

1840 4301 1961 4348 acta
1983 4291 2238 4346 unctione
2262 4297 2555 4358 rogataque
2579 4285 2646 4339 ab
2669 4284 2786 4351 ipso
2811 4288 3033 4336 cantore
3053 4288 3109 4333 et
3136 4275 3414 4334 canonicis

1840 4382 2126 4443 universis,
2173 4379 2262 4448 qui
2296 4377 2538 4431 dolentes
2573 4371 3090 4442 lacrymabundique
3144 4367 3414 4429 astabant,

1841 4473 2165 4527 offensarum
2187 4469 2364 4533 venia,
2392 4480 2576 4521 eorum
2601 4478 2718 4517 sese
2743 4462 2991 4531 precibus
3012 4455 3417 4517 commendans,

1843 4564 2095 4618 ultimum
2143 4561 2248 4615 illis
2299 4556 2676 4630 recedentibus
2705 4553 2824 4606 vale
2865 4550 3018 4604 dixit.
3053 4547 3254 4602 Aderat
3283 4558 3420 4614 prte-

1847 4653 1988 4706 fatus
2009 4650 2332 4706 Franciscus
2346 4662 2529 4716 nepos,
2546 4646 2636 4714 qui
2659 4643 2761 4699 etsi
2777 4657 2876 4712 pro
2889 4639 3147 4710 dignitate
3163 4637 3420 4708 (decanus

1845 4745 1986 4800 enim
2019 4743 2154 4812 erat)
2185 4756 2377 4795 munus
2421 4748 2477 4793 et
2520 4737 2836 4804 obsequium
2879 4734 2982 4788 hoc
3012 4729 3279 4785 unctionis
3319 4742 3420 4781 ex-
3459 4805 3462 4808 ἢ

1846 4843 2032 4888 tremze
2075 4842 2269 4903 patruo
2325 4827 2696 4882 amantissimo
2742 4824 2980 4883 deberet,
3035 4830 3212 4875 tamen
3241 4819 3310 4872 ob
3341 4819 3421 4870 in-

1849 4933 2102 4998 gruentes
2134 4924 2406 4993 lacrymas
2435 4920 2744 4987 luctumque
2775 4912 3173 4984 inexplebilem,
3199 4909 3420 4964 omnino

1850 5015 2070 5084 exsequi
2116 5028 2223 5068 non
2267 5011 2458 5082 potuit.
2498 5009 2663 5076 Igitur
2696 5007 2764 5060 ab
2790 5005 2877 5060 illa
2907 5006 3059 5066 hora,
3087 5015 3194 5070 qua
3224 5005 3421 5084 unctus

1850 5113 1952 5166 est,
1984 5079 2152 5170 usque
2187 5079 2496 5154 aditertiam
2530 5093 2648 5161 ejus
2677 5094 2780 5148 diei
2814 5088 3235 5162 pomeridianam
3288 5079 3423 5136 nihil

1850 5192 2202 5256 mundanum,
2247 5186 2381 5242 nihil
2410 5193 2682 5242 terrenum
2713 5182 2960 5242 volvens,
2991 5179 3085 5232 sed
3115 5187 3327 5242 semper
3355 5170 3422 5224 de

1851 5297 2017 5353 regno
2047 5281 2140 5336 Dei
2165 5281 2412 5348 loquens,
2462 5291 2558 5346 spe
2601 5275 2859 5339 maxima,
2902 5271 3006 5326 fide
3042 5267 3263 5334 majore,
3295 5276 3424 5316 con-

1853 5374 2018 5432 stanti
2046 5383 2102 5429 et
2127 5372 2356 5427 infracto
2385 5371 2566 5424 animo
2595 5368 2763 5422 Deum
2806 5380 2865 5420 se
2905 5369 3185 5417 vocantem
3234 5367 3424 5424 exspe-

1853 5468 2054 5532 ctabat,
2102 5474 2264 5535 atque
2301 5465 2354 5519 in
2389 5465 2492 5518 hoc
2520 5472 2895 5532 perseverans,
2926 5452 3086 5523 paulo
3114 5457 3240 5503 ante
3263 5461 3427 5516 quar-

1857 5570 1966 5614 tam
2008 5573 2204 5628 corpus
2242 5558 2406 5611 humo
2433 5553 2764 5622 relinquens,
2789 5550 3003 5604 beatam
3029 5541 3165 5597 caelo
3187 5539 3423 5593 animam

1858 5625 2119 5706 reddidit.
2154 5649 2337 5702 Funus
2381 5643 2848 5701 ducendum-tum
2909 5632 3180 5688 funalibus
3229 5625 3422 5688 cereis,

1861 5751 1972 5796 tum
2017 5740 2228 5812 pompis
2284 5739 2350 5792 ab
2386 5734 2596 5799 ordine,
2651 5744 2848 5801 genere
2903 5737 2956 5780 et
3014 5721 3272 5796 dignitate
3317 5730 3424 5773 non
