3860 5382
540 278 645 336 583

1423 278 1714 336 nemo.
1745 278 1837 335 AD
1871 277 2041 336 saec.
2087 276 2152 333 x.
2189 306 2260 320 --
2298 277 2525 337 orsus
2560 280 2968 341 umnam;
3542 246 3547 253 ’
3658 286 3745 343 sat

539 391 757 457 alienis,
801 397 914 451 tum
951 388 1112 444 etiam
1159 386 1513 459 precibusque
1542 398 1597 443 et
1631 388 1984 461 eleemosynis
2010 403 2110 458 pu-
2140 370 2188 430 Ᾱ
2214 392 2283 448 ab
2331 395 2479 450 omni
2519 396 2814 453 ambitione
2854 396 3087 461 alienus,
3127 393 3409 467 respondit
3434 366 3609 463 :Buc,
3641 397 3745 453 hea-

538 479 716 546 blicis,
768 479 1095 549 privatisque
1124 479 1188 533 ad
1215 478 1539 549 implendutn
1564 494 1777 549 quoque
1817 487 2112 534 testamen-

540 579 676 636 tttm,
726 570 811 625 cui
864 580 983 626 erat
1028 585 1056 623 a
1104 578 1297 639 patruo
1328 570 1485 625 datus
1524 581 1813 628 exsecutor
1857 571 2115 642 przefatus

537 661 864 719 Franciscus
914 678 1099 731 nepos,
1144 672 1344 732 quanta
1397 664 1599 735 potuit,
1633 664 1909 737 diligentia
1958 679 2115 720 cura-

545 753 645 811 vit.
703 753 1058 809 Snccessione
1111 753 1327 808 demum
1385 755 1644 824 temporis
1696 755 1876 810 nobile
1920 763 2115 824 patruo

545 843 885 902 mausoleum
950 857 1249 901 marmorea
1316 843 1433 915 ejus
1493 843 1666 914 effigie
1732 854 2113 909 venustatum,

544 948 738 1011 magna
797 933 1034 987 omnium
1091 933 1447 991 admiratione
1501 934 1706 1006 scalpi,
1757 934 1913 1006 ﬁngi,
1969 934 2115 1006 pingi

536 1021 700 1091 jussit
723 1041 738 1077 :

664 1131 922 1197 ﬁobilitas,
948 1134 1165 1197 virtus‘et
1189 1134 1543 1195 magniﬁcentia
1566 1143 1746 1195 tecum,

668 1195 777 1256 Hic,
803 1194 1078 1255 Francisce,
1099 1194 1293 1259 jaceat,
1312 1198 1412 1246 haec
1433 1199 1555 1246 cmlo
1576 1200 1733 1247 munia
1757 1197 1959 1260 digna...
1980 1198 2097 1250 13l8

614 1295 743 1353 CAP.
772 1295 949 1355 XCIII.
991 1295 1068 1349 De
1098 1292 1384 1351 Francisco
1416 1314 1448 1350 α
1481 1297 1767 1354 Dinlavilla
1794 1299 2043 1353 secundo.

614 1383 671 1441 In
714 1384 949 1439 defuncti
994 1386 1170 1454 patrui
1194 1383 1369 1439 locum
1406 1386 1662 1442 sull‘ectus
1686 1398 1767 1444 est
1795 1388 2118 1446 Franciscus

546 1490 741 1546 nepos,
782 1474 985 1530 Galteri
1032 1490 1062 1529 a
1101 1476 1382 1532 Dintavilla
1414 1477 1774 1533 Tricatiorum
1797 1481 2043 1549 praesidis
2065 1490 2120 1536 et

543 1565 713 1619 Anna:
736 1580 764 1619 a
786 1564 1001 1620 Placida
1027 1564 1163 1620 Sede
1192 1567 1347 1622 dictae
1376 1568 1535 1622 ﬁlius.
1561 1567 1661 1635 Qui
1689 1568 1917 1624 tenellus
1945 1571 2121 1627 adhuc

545 1673 715 1729 puer,
774 1659 948 1728 prima
993 1661 1361 1728 grammaticae
1407 1661 1708 1715 rudimenta
1755 1662 1942 1716 Trecis
1987 1662 2120 1720 hau-

545 1750 712 1816 riens,
760 1750 865 1806 huc
911 1750 1179 1806 Lutetiam
1214 1767 1244 1805 a
1275 1753 1591 1821 parentibus
1628 1754 1825 1808 missus
1852 1755 1994 1824 apud
2038 1770 2120 1811 re-

544 1842 686 1911 giam
736 1842 880 1897 illam
929 1842 1293 1898 Navarrorum
1340 1844 1616 1910 scholam,
1660 1847 2123 1903 mansuetioribus

546 1934 717 1989 musis
770 1934 1189 2003 liberalibusque
1236 1933 1537 2001 disciplinis
1587 1935 1885 2001 institutus,
1943 1937 2124 1995 Picta-

547 2040 674 2082 vum
708 2026 827 2080 dein
860 2026 1254 2095 Pataviumque
1288 2026 1733 2097 jurisprudentite
1765 2029 1943 2084 dicata
1974 2045 2124 2100 gym-

549 2117 704 2171 nasia
754 2118 1123 2188 adiens,juris
1163 2118 1445 2187 utriusque
1483 2128 1538 2174 et
1578 2120 1752 2175 civilis
1778 2129 1833 2176 et
1858 2123 2123 2191 pontiﬁcii

548 2223 747 2263 arcana
793 2208 1003 2274 didicit,
1057 2217 1206 2264 tanta
1252 2225 1461 2265 morum
1513 2224 1577 2264 ac
1621 2212 1746 2266 vitae
1794 2211 2121 2283 integritate,

548 2308 609 2354 ut
655 2299 777 2354 inde
830 2315 1079 2355 reversus
1128 2301 1180 2354 in
1234 2301 1376 2371 regis
1423 2301 1698 2357 Francisci
1746 2305 1903 2372 primi
1945 2304 2120 2359 aulam

556 2390 857 2446 accersitus
896 2390 1092 2456 fuerit',
1137 2392 1473 2447 thesauraria
1503 2392 1832 2458 Pictavensi,
1879 2396 2124 2464 prioratu

550 2479 837 2535 Cltoisiaco
867 2480 920 2536 in
949 2496 1077 2551 agro
1108 2480 1380 2547 Meldensi,
1411 2483 1821 2553 sacerdotioque
1852 2485 2125 2556 liyceiauo

548 2569 847 2646 Lingonum
894 2567 1092 2627 ﬁnibus
1136 2572 1423 2641 insignitus
1451 2573 1787 2643 donatusque
1817 2575 1919 2631 hoc
1948 2575 2123 2645 ipsum

547 2671 871 2731 procurante
909 2662 1058 2731 regia
1103 2670 1327 2729 parente
1368 2662 1666 2726 Ludovica,
1710 2664 1797 2719 cui
1830 2673 1942 2719 tum
1975 2680 2004 2718 a
2036 2681 2125 2721 sa-

550 2751 658 2805 Cris
698 2761 752 2803 et
791 2750 1149 2822 eleemosynis
1177 2750 1500 2807 Franciscus
1533 2754 1621 2807 hic
1650 2769 1817 2823 nepos
1838 2765 1976 2809 erat.
2005 2757 2123 2822 Quo

551 2835 604 2892 in
635 2854 878 2904 munere,
906 2840 1031 2893 dum
1057 2840 1190 2894 citra
1221 2840 1381 2897 ullam
1410 2840 1568 2894 fama:
1593 2857 1656 2896 ac
1680 2844 1911 2899 nominis
1941 2852 2123 2901 notam

549 2939 769 2983 strenue
793 2940 1057 2993 versatur,
1078 2939 1305 2984 vacante
1322 2930 1574 3001 Regiensi
1598 2932 1857 2998 Ecclesia,
1884 2935 1950 2988 ad
1975 2935 2123 2989 illam

548 3021 859 3072 uominaute
891 3034 1019 3087 rege
1060 3029 1246 3088 pastor
1270 3021 1639 3074 constituitur.
1665 3022 1794 3074 Eam
1821 3022 2119 3079 Ecclesiam

551 3128 671 3167 cum
714 3112 920 3180 aliquot
941 3127 1035 3179 per
1064 3125 1234 3165 annos
1264 3110 1610 3165 laudabiliter
1641 3112 1891 3178 rexisset,
1925 3128 2121 3184 propa-

551 3210 673 3254 truo
695 3201 808 3269 jam
838 3203 904 3254 ad
936 3200 1146 3253 senium
1184 3207 1462 3270 vergente,
1513 3210 1568 3254 et
1613 3203 1977 3273 episcopatum
2006 3203 2121 3257 Au—

548 3293 989 3353 tissiolorensem
1030 3306 1151 3345 cum
1193 3291 1451 3345 Dervensi
1502 3293 1870 3358 monasterio,
1926 3293 2123 3364 quibus

550 3391 782 3456 prwcrat
812 3381 998 3437 volens
1028 3397 1091 3436 ac
1121 3390 1417 3452 spontanee
1442 3382 1708 3451 ejurante,
1744 3384 1970 3440 dimisso
1993 3402 2127 3456 pon-

552 3472 753 3527 tilicatu
802 3473 1057 3543 Regiensi
1102 3473 1592 3529 Autissiodorensis
1637 3474 1897 3530 Ecclesiae
1938 3491 2125 3532 coeno-

554 3562 740 3631 biique
802 3566 1092 3621 Dervensis
1158 3566 1408 3636 regimini
1460 3566 1837 3625 communibus
1882 3568 2123 3626 omnium

551 3660 692 3715 votis
720 3660 1036 3730 praeﬁcitur.
1075 3661 1215 3717 Ante
1243 3677 1374 3718 vero
1395 3677 1557 3732 quam
1587 3662 1801 3733 publice
1836 3678 1900 3718 ac
1931 3662 2125 3718 solem-

552 3750 693 3809 niter
727 3767 825 3823 pro
865 3767 1014 3807 more
1040 3767 1071 3807 a
1114 3752 1312 3824 populo
1350 3757 1704 3827 reciperetur,
1745 3765 1797 3810 et
1844 3754 1898 3809 in
1941 3754 2126 3809 Eccle-

550 3842 688 3901 siam
724 3859 876 3899 suam
905 3844 1264 3915 plausibiliter
1300 3846 1698 3910 admitteretur,
1745 3846 1860 3903 Rex
1894 3844 2127 3903 hominis

550 3935 787 3991 animum
821 3938 971 3992 vario
992 3953 1057 3992 ac
1085 3938 1367 4006 multiplici
1401 3948 1515 3993 tum
1548 3940 1831 4003 doctrinm,
1872 3947 1983 3993 tum
2010 3937 2123 3994 vir-

549 4024 681 4079 tutis
709 4040 907 4095 genere
939 4035 1212 4093 ornatum,
1263 4042 1368 4082 non
1411 4029 1653 4099 ignarus,
1700 4043 1823 4083 eum
1865 4029 1933 4083 ad
1974 4041 2123 4083 sum-

556 4131 704 4169 ntnm
750 4116 1059 4184 pontiﬁcem
1116 4117 1451 4173 Clementem
1510 4120 1798 4189 septimum
1851 4128 2123 4174 oratorem

550 4203 808 4259 destinat.
844 4205 944 4260 Ubi
975 4221 1135 4275 quam
1166 4208 1480 4277 prudenter,
1508 4224 1671 4278 quam
1713 4219 1897 4265 sancte
1933 4224 2128 4278 quam-

551 4309 656 4361 que
702 4293 933 4351 feliciter
978 4311 1094 4355 rem
1144 4298 1391 4367 gesserit,
1433 4300 1726 4365 neminem,
1765 4301 1857 4371 qui
1894 4300 1978 4355 vel
2010 4316 2125 4357 me-

553 4382 810 4441 diocriter
836 4382 1048 4453 publica
1093 4387 1306 4456 negotia
1355 4386 1702 4455 intellexerit,
1751 4389 1964 4446 nescire
2004 4406 2125 4447 cer-

549 4479 665 4526 tum
713 4482 829 4541 est;
882 4491 1008 4531 nam
1055 4487 1251 4547 praeter
1293 4495 1508 4536 sacrum
1552 4481 1685 4537 illud
1723 4497 1787 4539 ac
1825 4482 1951 4539 felix
1982 4484 2125 4540 inter

553 4560 844 4619 Henricum
874 4568 1167 4622 secundum
1210 4568 1378 4624 ﬁlium
1421 4569 1696 4628 Fraucisci
1731 4574 1895 4644 regis,
1933 4582 1990 4629 et
2014 4573 2121 4629 Ca-

552 4650 824 4707 tharinam
857 4655 1149 4712 Clementis
1184 4667 1422 4728 neptem,
1457 4670 1747 4723 tractatum
1777 4673 1904 4719 tunc
1933 4662 2120 4730 conju-

556 4743 725 4813 gium,
755 4746 1035 4802 innumera
1079 4748 1202 4814 alia,
1251 4765 1420 4820 eaque
1458 4753 1626 4809 ardua
1670 4753 1798 4811 huic
1833 4754 2122 4810 commissa

552 4838 768 4909 negotia
795 4839 979 4895 multis
1006 4856 1072 4895 ex
1103 4851 1229 4897 voto
1255 4859 1586 4901 successere.

626 4927 808 4997 Neque
844 4944 972 4985 vero
1012 4931 1225 4988 silentio
1270 4938 1743 5005 praetereundum,
1791 4953 1913 4995 eum
1960 4939 2013 4994 in
2058 4954 2122 4996 ea

554 5018 842 5092 locatione.
875 5022 1003 5078 dum
1030 5039 1130 5094 pro
1159 5027 1427 5083 nonnullis
1458 5038 1739 5058 ωηεν-νιν
1843 5048 1868 5058 η
1901 5030 2060 5056 ’κειρο-
2086 5047 2112 5052 --

2214 482 2418 540 tissime
2464 486 2653 555 'pater,
2703 487 2829 552 huc,
2879 501 2984 540 non
3039 500 3178 550 mea,
3226 485 3326 542 sed
3372 485 3622 557 principis
3659 488 3745 543 mel

2213 588 2379 629 causa
2429 577 2650 639 accessi,
2700 576 2818 645 ejus
2860 576 3155 642 negotium,
3199 591 3310 631 non
3352 591 3531 631 meum
3563 591 3743 647 gerere,

2214 667 2356 724 sicut
2402 675 2586 721 teneor
2611 676 2665 724 et
2694 667 2884 732 debeo,
2926 667 3002 722 ita
3027 676 3084 721 et
3106 666 3225 722 volo
3267 666 3569 736 cupioque;
3605 666 3749 737 publi-

2215 776 2336 818 cam
2374 777 2479 837 non
2507 762 2769 832 privatam
2798 775 3083 831 personam
3113 768 3239 830 agat
3262 759 3513 830 quisquis
3535 759 3629 814 hoc
3652 774 3748 814 mu-

2215 866 2346 907 nere
2372 850 2613 923 fungitur
2633 860 2688 906 et
2714 851 2997 906 honestum
3021 858 3077 903 et
3102 862 3388 903 necessum
3416 856 3527 912 est;
3551 846 3749 904 honores

2217 951 2398 998 autem
2443 944 2608 1012 ipsos,
2650 942 2759 1000 imo
2793 956 2919 996 vero
2954 956 3120 995 onera
3160 941 3284 1003 ista,
3318 949 3380 994 ut
3418 939 3553 994 nihil
3582 955 3749 1008 moror,

2218 1036 2299 1091 sic
2328 1050 2426 1091 nec
2448 1050 2634 1099 venor,
2665 1049 2765 1089 nec
2790 1034 2987 1088 ambio.
3017 1032 3314 1104 Legatione
3360 1031 3588 1088 ﬁdeliter
3615 1034 3750 1099 obita,

2219 1125 2274 1181 in
2316 1125 2544 1181 Galliam
2588 1140 2886 1196 regressus,
2927 1124 3189 1179 creditum
3229 1124 3337 1179 sibi
3381 1138 3592 1194 gregem
3623 1126 3754 1195 coepit

2219 1226 2405 1288 pastor
2443 1216 2888 1287 vigilantissimus
2927 1216 3111 1271 sedulo
3156 1229 3371 1287 regere,
3418 1216 3753 1285 moderarique

2220 1307 2379 1362 editis
2406 1314 2690 1376 propterea
2722 1305 3216 1370 constitutionibus,
3249 1320 3376 1374 qua:
3418 1304 3486 1358 ad
3527 1318 3686 1359 mores
3712 1314 3753 1359 et

2221 1394 2584 1451 Christianam
2632 1396 2887 1464 pietatem
2941 1392 3199 1448 facerent.
3239 1392 3537 1447 Moliuntur
3574 1393 3752 1447 interim

2222 1487 2426 1541 homini
2457 1487 2590 1541 nihil
2623 1486 2727 1542 tale
2761 1486 3018 1541 metuenti
3054 1485 3286 1549 insidiae,
3327 1494 3491 1553 atque
3514 1484 3579 1539 ab
3602 1483 3754 1540 aulicis

2221 1586 2276 1632 et
2306 1577 2644 1648 magnatibus
2691 1577 3034 1649 quibusdam,
3082 1590 3314 1646 quorum
3356 1576 3637 1631 malevolos
3661 1576 3752 1630 ani-

2223 1679 2343 1721 mos
2371 1666 2440 1721 ob
2467 1666 2738 1722 feliciores
2767 1667 2867 1720 viri
2904 1681 3186 1721 successus
3215 1665 3438 1745 invidi-ae
3464 1665 3605 1721 labes
3627 1665 3753 1721 altius

2227 1756 2519 1822 insederat,
2570 1756 2624 1810 in
2670 1756 2812 1827 regis
2854 1756 3035 1811 odium
3085 1756 3292 1812 sensim
3338 1756 3631 1811 adducitur.
3664 1755 3753 1822 Quo

2225 1846 2425 1905 factum
2461 1855 2559 1909 est,
2591 1853 2651 1900 ut
2679 1855 2891 1901 mature
2916 1847 2983 1900 ab
3008 1846 3197 1900 amicis
3218 1859 3533 1915 persuasus,
3562 1858 3623 1900 ne
3641 1855 3752 1899 atro-

2226 1936 2343 1991 cius
2369 1953 2399 1990 a
2430 1935 2730 1993 furentibus
2776 1936 2985 1992 aemulis
3030 1936 3408 2005 impeteretur,
3448 1935 3663 2004 patrium
3691 1950 3754 1990 so-

2225 2024 2333 2080 lum
2375 2034 2629 2091 verteret,
2680 2041 2746 2081 ac
2796 2033 2910 2081 toto
2951 2025 3122 2081 ferme
3150 2024 3390 2081 triennio
3423 2026 3557 2093 apud
3583 2033 3752 2080 exteros

2224 2118 2492 2189 primatus
2533 2127 2735 2190 ageret.
2784 2118 2840 2173 ln
2873 2134 2935 2174 ea
2959 2118 3405 2187 peregrinatione
3449 2104 3655 2172 Romani
3687 2132 3753 2171 ve-

2225 2206 2401 2271 niens,
2440 2223 2470 2261 a
2506 2206 2672 2261 Paulo
2703 2206 2764 2263 Ill
2786 2207 3039 2276 pontiﬁce
3063 2207 3304 2261 maximo
3333 2214 3611 2276 susceptus
3627 2213 3753 2260 estet

2226 2295 2421 2350 blande
2443 2296 2770 2362 consolatus,
2800 2311 2974 2366 neque
2996 2296 3071 2349 illi
3102 2294 3278 2351 deluit
3305 2295 3645 2365 complurium
3663 2309 3754 2349 car»

2225 2384 2480 2439 diualium
2511 2387 2683 2451 favor,
2715 2386 2845 2456 qttin
2876 2395 2931 2440 et
2968 2386 3229 2440 nobilium
3275 2385 3612 2441 Venetorum.
3648 2385 3749 2437 Dum

2226 2476 2366 2546 apud
2405 2492 2500 2531 eos
2538 2492 2636 2547 per
2663 2478 2714 2532 id
2749 2486 2956 2547 tempus
3003 2486 3271 2542 moratur,
3304 2475 3531 2547 gratiam
3560 2474 3648 2530 sibi
3668 2489 3748 2528 non

2227 2567 2491 2621 modicam
2515 2567 2839 2623 conciliavit.

2299 2657 2520 2712 Detecta
2568 2658 2782 2713 tandem
2824 2659 3180 2727 impostorum
3211 2657 3404 2713 fraude
3429 2658 3665 2713 insontem
3690 2654 3748 2709 in-

2226 2748 2555 2817 noxiumque
2595 2750 2836 2803 revocari
2882 2750 3034 2819 jubet
3092 2765 3207 2813 rex,
3267 2763 3529 2804 concessa
3573 2746 3639 2802 illi
3681 2744 3750 2798 ad-

2225 2850 2413 2891 versus
2463 2853 2556 2891 eos
2593 2838 2681 2906 qui
2723 2837 2963 2893 absentis
2992 2837 3173 2892 sedem
3204 2848 3258 2893 et
3285 2839 3428 2894 bona
3455 2845 3746 2905 occuparant,

2224 2927 2451 2997 legitimi
2496 2928 2813 2995 experiundi
2844 2927 3122 2994 facultate,
3152 2944 3291 2998 quos
3322 2937 3506 2999 postea
3532 2927 3638 2999 jure
3655 2940 3747 2996 per-

2226 3031 2458 3086 sequens
2488 3017 2557 3071 ab
2588 3018 2733 3072 illata
2769 3017 3040 3074 calumnia
3073 3034 3194 3075 sese
3220 3022 3464 3093 graviter
3490 3018 3749 3076 vindicavit.

2226 3111 2566 3168 Postliminio
2610 3128 2896 3180 reversus,
2955 3113 3084 3169 dum
3136 3116 3396 3185 pastorali
3452 3112 3750 3172 sollicitudine

2226 3203 2500 3259 dioecesim
2533 3219 2688 3259 suam
2733 3205 2985 3261 circumit
3006 3214 3064 3261 et
3090 3206 3296 3272 visitat,
3325 3221 3393 3262 ex
3418 3205 3595 3262 ovibus
3618 3200 3751 3259 credi-

2227 3296 2297 3352 tis
2321 3312 2426 3350 uon
2459 3312 2660 3367 paucas
2690 3299 2913 3368 reperit,
2941 3312 3063 3367 quae
3091 3311 3121 3351 a
3148 3297 3499 3353 clanculariis
3530 3297 3749 3352 haereseos

2225 3385 2546 3442 Lutheranae
2580 3388 3088 3443 disseminatoribus
3116 3386 3455 3443 labefactata:
3475 3388 3527 3441 in
3551 3392 3748 3439 errorum

2227 3475 2383 3531 devia
2436 3477 2849 3533 conniventibus
2902 3478 3254 3533 mercenariis
3306 3476 3600 3549 praecipites
3638 3468 3748 3525 abib-

2226 3575 2374 3623 runt.
2415 3566 2525 3621 llas
2564 3567 2866 3639 diligenter,
2913 3577 2971 3625 et
2999 3577 3059 3623 ut
3082 3576 3360 3638 pastorem
3399 3568 3587 3625 bonum
3625 3560 3752 3616 adde-

2226 3666 2334 3722 cet,
2373 3659 2439 3712 ad
2481 3657 2604 3713 ﬁdei
2653 3659 2858 3727 caulas,
2901 3660 2970 3714 ad
3015 3661 3160 3719 ovile
3196 3660 3424 3725 Christi,
3459 3660 3523 3715 ad
3546 3653 3749 3713 Ecclesia:

2226 3750 2493 3820 gremium
2517 3751 2778 3806 reducere
2820 3761 3095 3825 satagens,
3123 3767 3223 3813 nec
3250 3752 3499 3825 tempori,
3527 3762 3617 3805 nec
3640 3743 3751 3799 valo-

2227 3840 2419 3906 tudini,
2467 3849 2561 3894 aut
2602 3842 2904 3912 sumptibus
2949 3842 3073 3898 ullis
3121 3844 3386 3914 pepercit.
3437 3840 3654 3908 Cumque
3690 3832 3750 3886 sic

2227 3944 2418 4000 agrum
2468 3931 2681 3986 Domini
2714 3946 2743 3986 a
2777 3931 2955 3987 noxiis
3001 3930 3246 3987 sentibus
3290 3941 3578 4001 repurgare
3613 3920 3748 3979 modis

2226 4022 2480 4089 omnibus
2520 4022 2818 4087 contendit,
2866 4020 3190 4091 deprehensi
3233 4019 3477 4075 nonnulli
3505 4031 3568 4072 ex
3598 4019 3747 4068 eorum

2227 4110 2420 4176 classe,
2462 4114 2657 4183 quibus
2695 4111 3047 4168 concionandi
3085 4111 3227 4167 facta
3271 4117 3511 4183 potestas
3535 4113 3638 4163 erat
3661 4112 3748 4171 pm-

2225 4211 2350 4274 pter
2399 4214 2636 4261 assertas
2678 4205 2823 4260 inter
2863 4202 3292 4260 concionandum
3327 4203 3523 4263 dudum
3557 4192 3747 4265 sepulti

2229 4308 2294 4349 ac
2322 4294 2606 4350 damnatas
2655 4295 2908 4359 haereses,
2957 4293 3250 4349 recantatis
3291 4293 3443 4363 prius
3474 4298 3668 4345 'temere
3704 4286 3744 4332 ei

2229 4381 2391 4451 impie
2420 4381 2596 4449 dictis,
2640 4380 2844 4438 honore
2885 4389 2942 4438 et
2984 4382 3151 4453 gradu
3197 4379 3557 4438 ecclesiastico
3591 4366 3745 4443 primi

2154 4450 2203 4511 D
2229 4450 2481 4528 exSilium
2531 4471 2716 4527 subire
2756 4450 3021 4543 compulsi
3056 4479 3202 4527 sunt.
3231 4471 3596 4541 Deprehensus
3619 4467 3687 4515 est
3704 4462 3745 4510 ει

2227 4571 2425 4634 praeter
2452 4577 2602 4633 spem
2633 4562 2886 4619 sacerdos
2909 4577 2975 4617 ex
2999 4560 3196 4632 oppido
3219 4558 3441 4619 Cenabo
3464 4572 3551 4613 seu
3577 4552 3740 4608 Giemo.
3794 4630 3795 4633 η

2227 4654 2321 4725 qui
2355 4669 2542 4710 sacros
2566 4654 2784 4709 ordines
2825 4661 3107 4724 susceptos
3144 4652 3293 4723 parvi
3336 4658 3429 4708 aut
3463 4644 3601 4704 nihili
3639 4650 3740 4710 pell-

2228 4748 2379 4812 dens,
2416 4747 2651 4818 junioris
2688 4746 2967 4817 cujusdam
2988 4744 3162 4801 vidua:
3188 4743 3368 4815 specie
3394 4740 3606 4801 illectus,
3631 4728 3740 4785 illam

2230 4839 2395 4912 (quod
2416 4849 2562 4895 esset
2587 4838 2704 4908 ejus
2723 4838 2932 4911 farinae)
2957 4836 3175 4896 Conada
3200 4837 3509 4897 abduxerat,
3533 4844 3592 4886 ex
3609 4829 3741 4889 οεφιε

2229 4933 2482 4989 simulato
2510 4933 2857 4989 matrimonio
2889 4930 3248 4988 adulterinam
3283 4928 3512 4987 sobolem
3539 4922 3736 5007 suscepef
3792 4960 3793 5007 ᾗ

2230 5032 2333 5072 rat-
2388 5023 2791 5090 Deprehensum
2817 5063 2833 5089 ,
2878 5022 3225 5089 convictum,
3278 5019 3657 5077 condemnatum
3697 5004 3737 5054 ei

2820 5130 2857 5131 η
2902 5113 2955 5132 ιιΔ
2990 5128 3073 5132 ἀμ,
3090 5127 3121 5132 --
3170 5128 3186 5132 -
3224 5127 3304 5132 Α--
3329 5112 3393 5132 υ-
3443 5096 3730 5132 -.ασκεω-ιιι.
