3898 6320
149 361 226 418 385
994 359 1083 415 DE
1115 355 1358 415 GESTIS
1395 355 1610 413 EPISC.
1649 355 2110 414 ANTISSIOD.—
2145 357 2324 412 PARS
2363 356 2429 412 ll.

3243 361 3346 416 586

199 475 347 528 Porro
397 468 783 527 monasterium
831 471 1102 526 Dervense
1138 470 1522 525 moderandum
1554 485 1678 524 cum
1709 459 1755 516 A
1783 466 1938 521 blicis
1963 465 2188 520 Lutetiae
2219 466 2552 536 iuventutem
2587 473 2797 531 terunt;
2831 466 2923 522 sed
2961 467 3012 522 in
3052 467 3254 524 Gr:ecis
3283 470 3354 524 ad

145 561 431 630 suscepisset
471 560 579 614 illic
618 561 903 629 plerosque
941 559 1241 614 ctenobitas
1283 573 1380 627 per
1425 559 1681 612 vitiorum

143 654 333 720 abrupta
375 660 684 721 grassantes
729 649 992 713 oﬂ‘endit,
1045 663 1181 718 quos
1224 647 1412 702 accitis
1465 647 1680 703 aliunde

142 744 294 816 probis
337 741 621 813 religiosis,
647 743 714 796 ad
750 741 988 796 melioris
1015 741 1138 795 vitae
1165 738 1376 808 frugem
1405 753 1524 794 sese
1549 753 1680 793 con-

144 842 321 887 vertere
346 833 539 902 coegit;
570 831 638 885 ad
664 831 1020 900 quorumdam
1060 837 1240 884 autem
1277 829 1678 898 improbitatem

140 922 212 992 qui
251 920 440 990 pingue
486 927 542 973 et
571 918 832 986 optimum
855 916 1172 971 beneficium
1194 929 1522 984 magnOpere
1553 929 1679 969 ave-

140 1013 245 1064 bant
268 1008 408 1081 pllud
452 1008 667 1062 tandem
695 1007 765 1062 ad
815 1004 1189 1060 Aremarensis
1214 1013 1267 1057 et
1297 1003 1448 1057 cella:
1469 1005 1522 1056 in
1551 1018 1680 1074 agro

139 1100 424 1156 Trecassino
438 1098 760 1154 monasteria
775 1106 1083 1168 permutare
1101 1093 1409 1163 compulsus
1423 1102 1527 1156 est,
1541 1101 1681 1161 post-

136 1207 332 1262 eaquam
355 1190 402 1244 ei
429 1205 528 1259 per
553 1189 868 1244 decennium
908 1196 964 1241 et
1009 1201 1076 1241 eo
1102 1185 1332 1254 amplius
1354 1183 1677 1252 praefuisset,

135 1284 368 1338 ambobus
387 1290 569 1335 autem
596 1287 650 1333 et
673 1277 1018 1333 Aremarensi
1043 1286 1097 1330 et
1125 1275 1282 1331 Cellae
1313 1274 1674 1329 monasteriis,

132 1375 259 1444 prius
276 1376 338 1427 ad
359 1373 649 1427 charorum
673 1385 808 1439 opus
831 1369 1008 1429 cessit,
1031 1383 1190 1436 quam
1215 1381 1244 1421 e
1265 1367 1374 1420 vita
1397 1367 1674 1436 migraret.

132 1468 402 1522 lnstaurata
435 1478 585 1528 sane,
619 1469 1037 1529 constructaque
1065 1460 1132 1514 ah
1153 1474 1217 1512 eo
1239 1458 1465 1513 aedificia
1497 1458 1678 1511 Antis-

133 1557 322 1618 siodori,
340 1552 902 1623 Regennis,\’ar-ziaci,
919 1561 973 1605 et
989 1551 1315 1604 monasterio
1328 1550 1676 1603 Aremarensi

132 1647 334 1702 hominis
382 1660 568 1700 curam
617 1651 671 1698 et
725 1641 1054 1712 diligentiam
1087 1641 1392 1708 mirumque
1418 1655 1481 1693 ac
1512 1652 1677 1708 prope

129 1736 414 1806 stupendum
484 1734 754 1803 ingenium
814 1740 1100 1786 testantur.
1166 1729 1408 1798 lugentia
1462 1727 1674 1796 templis

129 1826 340 1888 donaria,
380 1825 451 1895 pii
490 1825 720 1892 bonique
749 1821 980 1892 pastoris
1009 1819 1387 1874 liberalitatem
1419 1816 1670 1883 ell‘anlnr,

127 1920 169 1972 in
194 1919 297 1972 dies
321 1925 552 1985 erogata:
583 1913 952 1976 xenodochiis,
985 1911 1342 1966 conventibus
1369 1950 1384 1973 ,
1431 1909 1671 1978 collegiis

125 2020 169 2064 et
188 2007 523 2078 llOSpllalibllS
557 2005 911 2074 eleemosyua:
939 2011 1126 2073 pectus
1159 2017 1284 2056 vere
1305 1999 1670 2055 Christianum

125 2101 168 2154 in
210 2114 267 2152 eo
317 2099 477 2153 fuisse
521 2104 985 2158 commonstrant;
1037 2095 1190 2148 cibus
1227 2108 1421 2162 parcus
1449 2132 1464 2157 ,
1513 2101 1672 2161 potus

124 2206 276 2254 rarus,
306 2189 542 2242 modicus
591 2201 832 2251 somnus,
863 2185 1148 2239 continuus
1188 2184 1338 2238 labor
1363 2222 1379 2248 ,
1423 2185 1671 2252 pertinax

122 2291 167 2334 et
193 2282 502 2334 indefessum
554 2277 787 2332 studium
815 2315 831 2340 ,
878 2276 1042 2330 vitam
1093 2274 1409 2343 philosopho
1455 2275 1668 2342 dignam

123 2371 391 2424 declarant.
445 2367 578 2421 Nam
618 2377 814 2436 praeter
854 2365 1153 2420 liberalium
1193 2365 1387 2418 artium
1436 2364 1670 2433 discipli-

125 2476 227 2512 nam
245 2457 578 2513 mechanicas
604 2456 1072 2525 etiamnumiquas
1085 2455 1299 2523 vocant)
1317 2461 1458 2506 artes
1474 2454 1667 2506 mirum

123 2551 164 2602 in
192 2549 394 2603 modum
422 2546 666 2602 callebat.
707 2546 939 2601 Pictoria
973 2561 1099 2600 vero
1145 2559 1486 2612 summopere
1521 2544 1666 2597 dele-

119 2641 362 2704 ctabatur,
391 2637 505 2706 ejus
532 2639 665 2692 artis
691 2639 892 2706 peritos
915 2637 1056 2690 domi
1086 2651 1297 2705 semper
1322 2637 1470 2689 alens
1494 2651 1508 2699 ;
1537 2643 1670 2689 tem-

117 2731 248 2796 poris
271 2727 646 2797 parcissimus,
675 2735 824 2780 vetus
865 2725 992 2780 illud
1035 2725 1313 2794 Apelleum
1351 2723 1668 2792 sazpiuscule

118 2819 416 2883 adducebat,
446 2827 505 2872 ut
531 2817 674 2870 nulla
720 2817 832 2870 dies
862 2817 977 2870 sine
1021 2815 1163 2868 linea
1193 2815 1383 2868 abiret.
1415 2815 1479 2868 Ut
1522 2815 1666 2868 enim

115 2909 305 2973 doctos,
333 2910 595 2971 eruditos,
630 2907 917 2970 studiosos,
966 2920 1182 2975 gnaros,
1234 2905 1480 2967 solertes,
1522 2904 1670 2974 inge-

116 3001 279 3054 niosos
325 3010 377 3054 et
427 2999 707 3069 vigilantes
762 2997 1128 3066 suscipiebat,
1186 2997 1548 3051 venerabatur
1602 3012 1667 3052 ac

116 3087 332 3154 fovebat,
363 3091 434 3143 ita
471 3088 774 3152 desidiosis,
797 3088 1135 3151 socordibus,
1165 3087 1392 3157 ignavis,
1424 3088 1663 3142 oscitan-

121 3180 249 3235 tibus
287 3190 342 3234 et
383 3179 666 3242 inertibus,
698 3180 895 3248 oppido
941 3176 1168 3231 infestus
1207 3187 1347 3232 erat.
1395 3179 1660 3233 Cancrum
1691 3160 1735 3222 Ο

114 3283 220 3320 cum
250 3269 375 3321 nihil
406 3269 478 3322 sit
505 3269 571 3321 ab
595 3268 738 3320 omni
773 3276 924 3336 parte
974 3268 1189 3321 beatum
1214 3307 1228 3331 ,
1257 3271 1340 3322 vir
1388 3277 1569 3322 tantus
1599 3283 1663 3322 ac

116 3356 244 3420 talis,
270 3354 443 3418 febre,
488 3355 711 3418 calculo,
738 3356 1064 3426 dysenteria,
1090 3355 1344 3425 podagra,
1392 3358 1663 3425 variisque

112 3447 403 3499 morborum
436 3445 742 3514 generibus,
772 3454 830 3498 ut
853 3445 1138 3513 plurimum
1169 3444 1472 3510 laborabat,
1491 3463 1662 3516 neque

109 3536 178 3588 sic
197 3534 436 3600 allectus,
485 3534 568 3588 sui
595 3549 830 3602 unquam
879 3533 1336 3598 obliviscebatur;
1377 3535 1470 3587 sed
1511 3551 1663 3590 suam

109 3636 217 3691 post
245 3626 514 3679 Christum
547 3639 761 3678 crucem
790 3624 1035 3694 bajulans
1061 3639 1182 3676 cum
1213 3624 1469 3692 Apostolo
1494 3624 1662 3680 Deum

109 3716 156 3768 in
192 3717 586 3771 inﬁrmitatibus
610 3715 937 3785 glorificans,
977 3714 1128 3769 laetus
1148 3723 1204 3766 et
1227 3719 1465 3784 gaudens
1496 3718 1660 3771 cmlo-

110 3821 217 3859 rum
244 3822 466 3876 regnum
500 3821 561 3860 ea
583 3820 643 3859 se
673 3805 756 3858 via
781 3805 1100 3858 intraturum
1124 3805 1398 3873 sperabat.
1423 3806 1662 3860 Circum-

108 3904 233 3954 actis
269 3901 434 3969 igitur
475 3899 529 3952 in
551 3898 861 3966 episcopatu
909 3907 1141 3966 quatuor
1185 3907 1238 3952 et
1273 3898 1454 3967 viginti
1485 3900 1658 3962 annis,

107 4001 443 4061 posteaquam
487 3997 693 4042 mature
733 3989 800 4040 de
837 3989 950 4041 suis
996 3989 1157 4042 rebus
1204 3989 1546 4055 ordinasset,
1597 3990 1662 4044 ad

107 4085 283 4138 mortis
323 4081 604 4151 imperium
658 4081 766 4150 (cui
808 4095 997 4149 parere
1047 4097 1266 4137 necesse
1303 4084 1407 4153 est)
1460 4092 1665 4138 natura;

107 4176 353 4229 tributum
378 4174 614 4227 nondum
643 4173 1024 4239 sexagenarius
1045 4173 1294 4239 exsolvit,
1319 4189 1460 4229 anno
1485 4173 1662 4228 incar-

105 4271 209 4322 nati
261 4268 423 4323 Verbi
472 4267 916 4336 quinquagesimo
970 4278 1208 4334 quarto,
1267 4286 1428 4339 supra
1480 4272 1664 4343 sesqui

104 4361 465 4423 millesimum,
491 4359 679 4428 quinto
713 4357 981 4414 Kalendas
1007 4357 1277 4415 Octobris.

1783 557 1956 628 prima
1993 558 2108 628 ejus
2153 558 2347 628 lingua:
2389 559 2655 614 elementa
2696 574 2815 628 qua:
2862 560 3018 613 valde
3061 561 3246 629 paucis
3289 577 3356 616 ea
3405 593 3408 596 ~

1784 655 2100 717 tempestate
2140 656 2294 702 erant
2335 647 2640 712 familiaria,
2681 650 2914 719 primum
2964 649 3171 706 Joanne
3211 651 3350 705 Eva-

1774 737 1902 807 grio
1936 737 2212 802 Remensi,
2250 738 2341 807 qui
2371 739 2425 792 in
2454 739 2678 808 collegio
2707 741 3051 797 cardinalitio
3095 758 3234 797 novo
3253 783 3268 809 ,
3295 751 3353 798 et

1781 828 1902 883 aliis
1933 829 2190 883 inusitato
2216 844 2367 884 more
2395 829 2625 885 classem
2666 832 2888 902 regebat
2919 835 2986 887 ab
3017 834 3140 889 aliis
3167 850 3354 904 segre-

1779 929 1982 990 gatam,
2023 934 2143 988 quae
2185 919 2493 975 Graecorum
2540 922 2853 986 dicebatur,
2904 925 3156 993 quoniam
3201 925 3252 979 in
3289 941 3355 982 ea

1781 1010 1910 1063 nihil
1943 1010 2047 1063 nisi
2097 1009 2343 1065 Graecum
2389 1011 2668 1082 legebatur
2692 1023 2747 1068 et
2775 1017 3086 1070 docebatur.
3119 1017 3226 1071 Sed
3259 1018 3352 1072 ubi

1779 1099 1912 1169 regii
1940 1100 2172 1155 lectores
2202 1101 2270 1154 ab
2300 1112 2537 1172 augusta:
2565 1106 2843 1159 memoria:
2882 1105 3176 1162 Francisco
3227 1121 3353 1177 rege

1777 1195 1952 1262 primo
1975 1194 2204 1248 instituti
2233 1204 2373 1258 sunt,
2401 1195 2583 1250 Jacobi
2615 1197 2814 1252 Tusani
2857 1199 2912 1252 in
2956 1199 3129 1266 poetis
3159 1238 3173 1264 ,
3201 1197 3352 1253 Petri

1779 1284 1996 1342 Danesii
2024 1285 2076 1338 in
2100 1285 2407 1338 oratoribus
2435 1295 2490 1340 et
2513 1285 2816 1357 pbil050phi
2848 1290 3095 1346 assiduus
3138 1291 3354 1345 auditor

1776 1389 1874 1444 per
1903 1375 2108 1444 aliquot
2135 1391 2307 1430 annos
2351 1376 2492 1440 fuit,
2539 1385 2594 1432 et
2633 1377 2910 1434 Ciceronis
2953 1381 3226 1436 orationes
3254 1381 3354 1434 ali-

1776 1475 1905 1532 quot
1954 1467 2174 1521 Latinas
2231 1483 2296 1520 eo
2337 1468 2641 1522 disserente
2691 1486 2882 1540 magna
2931 1487 3054 1526 cum
3109 1473 3349 1528 omnium

1775 1556 2057 1609 doctorum
2113 1556 2470 1610 admiratione
2516 1557 2732 1628 didicit.
2776 1559 3169 1616 Mathematicis
3223 1563 3351 1617 item

1775 1645 2073 1715 disciplinis
2096 1645 2194 1700 sub
2223 1646 2446 1702 Orontio
2473 1647 2653 1702 Finano
2676 1647 2982 1718 professore
3014 1651 3160 1720 regio
3184 1653 3348 1706 seduv

1777 1736 1879 1790 lam
1932 1739 2148 1792 navavit
2191 1754 2430 1808 Operam.
2485 1740 2574 1793 Sic
2605 1740 2904 1809 linguarum
2955 1750 3010 1796 ct
3049 1742 3350 1800 liberalium

1704 1814 1749 1874 Β
1778 1827 1974 1881 artium
2005 1828 2313 1898 cognitione
2343 1829 2637 1884 instructus
2673 1829 2968 1884 Bituricum
2995 1842 3178 1902 postea
3221 1848 3347 1902 per-

1775 1919 1915 1972 rexit
1943 1933 2064 1972 cum
2114 1917 2175 1971 ν.
2228 1917 2289 1972 C.
2336 1918 2596 1988 Cauayo,
2647 1920 2736 1988 qui
2788 1921 3018 1975 celebris
3060 1937 3350 1977 causarum

1772 2018 2035 2078 patronus
2061 2007 2114 2060 in
2143 2016 2335 2063 senatu
2366 2007 2655 2063 Parisiensi
2677 2008 2799 2076 fuit,
2828 2020 2884 2066 ut
2907 2010 3017 2081 juri
3047 2013 3190 2067 civili
3216 2030 3348 2084 ope-

1774 2112 1888 2150 ram
1918 2097 2091 2151 daret.

1840 2189 1914 2243 lbi
1948 2189 2275 2244 reverendus
2305 2189 2470 2244 abbas
2491 2190 2721 2245 coeuobii
2755 2192 2861 2246 divi
2901 2192 3170 2248 Ambrosii
3198 2193 3349 2250 Bitu-

1773 2280 2002 2334 ricensis
2033 2279 2094 2333 D.
2126 2280 2365 2345 Colinus,
2394 2281 2484 2348 qui
2528 2290 2653 2335 tunc
2703 2281 2871 2337 lector
2901 2296 3226 2354 anagnostes
3256 2301 3353 2340 or-

1772 2371 2014 2425 dinarius
2037 2382 2092 2426 et
2119 2373 2482 2428 cubicularius
2505 2385 2622 2430 erat
2645 2378 2821 2448 magni
2853 2377 3129 2434 Francisci
3157 2383 3297 2450 regis
3325 2421 3342 2446 ,

1770 2462 1917 2517 illius
1944 2463 2244 2531 disciplina:
2277 2474 2500 2534 nepotes
2526 2481 2652 2520 suos
2679 2469 2970 2534 commisit,
2995 2468 3347 2539 ejusdemque

1769 2551 2052 2616 beneficio,
2078 2561 2132 2604 et
2159 2553 2376 2606 hortatu
2402 2554 2644 2624 Augusta
2667 2556 2992 2626 alarguarita
3020 2561 3161 2628 regis
3190 2575 3350 2615 soror

1771 2646 1948 2708 unica,
1980 2644 2376 2700 Navarreorum
2408 2649 2594 2715 regina
2625 2687 2640 2712 ,
2683 2658 2738 2702 et
2784 2649 3080 2719 Biturigum
3129 2652 3346 2707 ductrix

1769 2743 1818 2787 et
1844 2735 2191 2798 moderatrix,
2226 2736 2346 2790 avia
2395 2746 2637 2791 materna
2677 2737 2852 2806 Magni
2899 2739 3112 2796 lleurici
3160 2744 3340 2810 quarti

1769 2825 1938 2880 felicis
1991 2827 2303 2890 meruerim,
2361 2828 2648 2898 Amyotum
2695 2829 3056 2898 professorem
3113 2833 3349 2888 instituit

1769 2914 2069 2969 litterarum
2099 2916 2408 2970 Graecarum
2436 2927 2488 2971 et
2514 2917 2828 2972 Latinarum
2874 2922 2928 2974 in
2975 2922 3116 2990 regia
3148 2923 3347 2977 Bituri-

1769 3023 1914 3077 gum,
1947 3009 2188 3063 honestis
2214 3011 2278 3062 ad
2331 3009 2384 3062 id
2431 3010 2712 3078 stipendiis
2771 3015 2963 3066 annuis
3011 3017 3342 3072 constitutis.

1770 3095 1886 3163 Quo
1915 3113 2137 3153 munere
2163 3109 2217 3154 et
2239 3098 2573 3168 professione
2603 3117 2699 3170 per
2731 3103 3010 3160 duodecim
3034 3104 3146 3161 fere
3173 3124 3346 3164 anuos

1770 3197 1914 3243 tanta
1965 3204 2116 3254 cura,
2146 3200 2200 3244 et
2226 3190 2536 3257 sedulitate,
2584 3202 2639 3247 et
2683 3194 2926 3248 doctrina
2975 3195 3190 3251 functus
3233 3209 3337 3262 est,

1765 3289 1824 3332 ut
1868 3295 2122 3349 magnam
2174 3279 2299 3334 inde
2351 3282 2671 3336 eruditionis
2703 3299 2767 3337 ac
2802 3285 3086 3352 probitatis
3135 3286 3336 3342 famam

1765 3374 2114 3444 compararit.
2143 3373 2258 3440 Quo
2284 3390 2496 3429 rumore
2537 3377 3027 3445 percrebrescentc,
3075 3381 3342 3450 amplissi-

1765 3478 1887 3516 mus
1917 3465 1999 3516 vir
2045 3463 2105 3517 D.
2153 3464 2548 3530 Morvillerius,
2611 3474 2740 3520 tunc
2791 3469 3174 3537 proprtefectus
3220 3472 3341 3526 urbi

1763 3556 2088 3625 Biturigum,
2113 3558 2417 3612 eruditione
2435 3573 2500 3612 ac
2517 3559 2788 3627 probitate
2815 3561 3032 3630 Amyoti
3061 3563 3341 3632 impulsus,

1765 3656 1987 3714 nepotes
2008 3661 2075 3699 ex
2104 3661 2288 3700 sorore
2312 3655 2367 3700 et
2398 3648 2730 3701 oruatissimi
2755 3648 2856 3700 viri
2897 3649 3152 3704 Bueetelli
3181 3691 3194 3715 ,
3231 3651 3338 3708 To-

1765 3737 1977 3804 parchze
2005 3737 2070 3790 de
2101 3738 2256 3806 Sacy,
2283 3738 2601 3803 consiliarii,
2633 3746 2687 3792 et
2717 3754 2746 3792 a
2774 3741 2995 3794 secretis
3017 3750 3071 3795 et
3097 3742 3342 3810 epistolis

1767 3828 1928 3896 regis,
1985 3843 2130 3881 curae
2183 3842 2246 3889 ac
2280 3828 2630 3884 moderationi
2682 3829 2904 3884 tradidit
2960 3832 3339 3886 instituendos.

1766 3918 1882 3983 Quo
1912 3917 2260 3972 institutionis
2290 3929 2528 3986 tempore
2551 3918 2698 3973 horis
2724 3919 3041 3973 successivis
3065 3920 3343 3989 tragtediis

1766 4011 2084 4080 quibusdam
2129 4009 2332 4064 Graecis
2367 4009 2572 4064 Gallico
2619 4009 2869 4079 rhythmo
2927 4011 3288 4079 exprimendis
3320 4052 3335 4074 ,

1767 4101 1991 4170 aliisque
2022 4100 2222 4155 Graecis
2247 4100 2519 4170 opusculis
2542 4100 2744 4154 Gallice
2765 4101 3038 4154 vertendis
3059 4101 3334 4156 lleliodori

1769 4195 1992 4252 historia
2022 4195 2088 4250 de
2117 4193 2403 4265 Theagcne
2446 4200 2499 4248 et
2539 4192 2850 4258 Chariclea,
2897 4193 3130 4262 itemque
3170 4193 3340 4264 Longi

1769 4286 1941 4341 Graeci
1995 4285 2238 4339 bucolico
2301 4283 2547 4336 dramate
2602 4282 2850 4350 prosaico
2898 4283 2965 4336 de
3013 4282 3235 4351 Daphne
3283 4290 3342 4336 et

1769 4377 1934 4432 Chloe
1959 4392 2178 4445 operam
2207 4376 2375 4439 dedit,
2401 4383 2456 4429 et
2483 4375 2759 4430 versiones
2788 4388 2913 4428 suas
2937 4373 3077 4443 typis
3106 4372 3336 4426 manda-

102 4487 222 4566 οἱ,
245 4487 428 4544 Χειγ,
457 4487 546 4566 ⁸υς
573 4487 795 4540 ηοω-ιο
824 4487 886 4540 de
912 4487 1256 4566 Legatum“?
1290 4519 1358 4566 τ,
1390 4487 1549 4547 xcv.
1584 4493 1661 4548 De
1691 4507 1738 4566 υ
1769 4469 1868 4532 vit,
1905 4468 2116 4523 tametsi
2146 4469 2197 4522 in
2220 4467 2405 4566 codice
2429 4468 2618 4523 Graeco
2641 4469 2705 4566 de
2741 4467 3050 4566 Theagene,
3079 4481 3186 4566 quo
3213 4467 3336 4535 qui-

171 4558 411 4629 Philippo
435 4558 497 4610 de
518 4556 864 4629 Lenoncourt.
890 4587 961 4629 -έ
984 4557 1161 4629 Χβνι.
1189 4559 1264 4613 De
1293 4559 1578 4617 Philiberlo
1599 4565 1661 4618 de

166 4630 218 4683 la
255 4627 646 4683 Beardaisiére.
681 4656 745 4667 --
777 4627 976 4682 XCVII.
1008 4627 1085 4682 De
1109 4627 1307 4683 Jacobo
1333 4631 1544 4701 Amyot.

166 4738 396 4796 Iacobus
434 4739 692 4805 Amyotus
737 4737 1001 4792 Meloduni
1030 4777 1045 4803 ,
1093 4739 1236 4808 quod
1285 4741 1538 4810 Oppidum
1583 4750 1667 4798 est

109 4830 335 4885 millibus
363 4829 551 4900 viginti
587 4842 747 4896 supra
786 4827 1054 4881 Lutetiam
1091 4829 1156 4882 ad
1179 4828 1485 4900 Sequanam
1515 4833 1666 4902 posi-

113 4927 235 4986 tum,
263 4931 418 4975 natus
440 4929 524 4974 est
557 4933 619 4972 ιιι
672 4918 896 4973 Kalend.
943 4918 1276 4983 Novembris,
1317 4925 1443 4976 anni
1490 4923 1664 4978 mille-

113 5011 221 5065 simi
243 5009 653 5082 quingeutesimi
679 5009 871 5063 decimi
896 5010 1059 5073 tertii,
1086 5012 1398 5078 parentibus
1425 5013 1665 5068 honestis

116 5105 282 5170 potius
305 5118 467 5173 quam
495 5101 727 5169 copiosis
748 5099 968 5154 Nicolao
987 5101 1217 5170 Amyoto
1253 5110 1305 5157 et
1326 5101 1662 5172 Marguareta

115 5196 172 5250 de
201 5197 503 5250 Amoribus.
541 5193 776 5260 Quorum
817 5193 1010 5261 opibus
1047 5194 1292 5249 tenuiter
1331 5205 1667 5251 sustentatus

115 5303 141 5340 a
172 5303 350 5358 puero,
374 5287 608 5356 primum
638 5283 928 5349 Meloduni,
949 5285 1140 5339 deinde
1162 5284 1387 5340 Lutetiae
1409 5288 1461 5340 in
1485 5288 1665 5342 studio

115 5378 359 5436 bonorum
403 5381 706 5434 litterarum
752 5386 807 5432 et
842 5377 1192 5447 philosophia:
1230 5378 1547 5432 rudimentis
1587 5380 1664 5434 ita

116 5471 346 5539 profecit,
391 5478 450 5524 ut
472 5469 616 5524 circa
641 5483 840 5522 annum
867 5467 1325 5522 undevicesimum
1357 5468 1667 5538 magisterio

119 5561 392 5617 Facultatis
419 5561 665 5622 Artium,
709 5567 770 5612 ut
807 5566 1042 5624 vocant,
1089 5558 1558 5623 cohonostaretur,
1612 5567 1669 5614 et

115 5652 392 5722 aqualibus
421 5651 534 5705 suis
552 5648 708 5703 facile
735 5647 1070 5717 praeluceret.
1099 5646 1237 5702 Usus
1263 5654 1347 5702 est
1372 5647 1427 5700 in
1457 5647 1666 5704 Latinis

113 5745 405 5818 vulgaribus
443 5742 718 5814 magistris
765 5741 950 5812 quales
985 5741 1094 5798 fere
1141 5742 1194 5796 in
1231 5742 1528 5812 gymnasiis
1568 5757 1666 5812 pu-

1765 4562 1885 4614 dem
1920 4573 2047 4612 usus
2075 4567 2184 4611 tum
2232 4557 2439 4620 fuerat,
2489 4556 2726 4611 auctoris
2766 4572 2962 4610 nomen
3020 4556 3338 4624 inscriptum

1768 4665 2031 4720 nusquam
2058 4660 2220 4713 esset,
2253 4657 2309 4702 ut
2337 4657 2616 4718 parentem
2657 4648 2844 4715 scripti
2891 4647 3036 4700 illius
3069 4646 3364 4714 interpres

1769 4742 2058 4811 ignoraret,
2086 4741 2255 4794 donec
2305 4738 2532 4792 Romam
2568 4736 2843 4807 profectus
2888 4737 2942 4791 in
2970 4735 3228 4791 Vaticana
3259 4735 3343 4790 bi-

1769 4833 2037 4888 bliotheca
2062 4830 2362 4899 exemplum
2414 4843 2577 4883 manu
2621 4839 2898 4883 exaratum
2929 4827 3071 4883 illius
3101 4827 3342 4883 historia)

1771 4926 1990 4989 invenit,
2020 4925 2072 4979 in
2105 4939 2212 4993 quo
2245 4922 2514 4978 lleliodori
2541 4936 2735 4976 nomen
2764 4921 3057 4991 ascriptum
3086 4929 3205 4976 erat
3230 4959 3246 4986 ,
3278 4927 3342 4974 ut

1771 5015 1909 5070 idem
1949 5015 2001 5068 in
2034 5013 2190 5068 tertia
2219 5012 2454 5067 editione
2475 5011 2675 5067 Gallica
2707 5010 3023 5066 declaravit.

1838 5103 2004 5158 Paulo
2029 5110 2148 5172 post
2177 5101 2480 5155 versionem
2511 5100 2772 5156 Gallicam
2798 5099 3176 5156 nonnulla-rum
3207 5097 3338 5151 Plu-

1771 5195 1941 5249 tarchi
1970 5193 2248 5248 Chaeronei
2281 5192 2522 5247 Vitarum
2548 5191 2837 5246 illustrium
2860 5191 3100 5245 virorum
3122 5201 3341 5256 aggres-

1770 5302 1862 5342 sus
1883 5294 1984 5348 est,
2014 5300 2173 5354 quam
2204 5283 2491 5338 Francisco
2519 5283 2715 5352 primo,
2739 5283 2850 5353 regi
2902 5296 3119 5352 magno,
3144 5277 3343 5334 obtulit

1771 5388 1828 5434 et
1876 5377 2257 5441 consecravit,
2312 5391 2343 5429 a
2399 5391 2508 5446 quo
2561 5384 2670 5430 tam
2721 5373 2997 5444 splendida
3057 5367 3341 5424 translatio

1774 5477 2052 5538 tantopere
2077 5468 2305 5537 probata
2329 5475 2433 5531 est,
2464 5475 2524 5519 ut
2537 5464 2761 5533 jusserit
2777 5465 3008 5532 Amyoto
3034 5460 3340 5514 inchoatam

1775 5558 2180 5614 translationem
2225 5555 2508 5627 prosequi,
2555 5562 2608 5608 et
2655 5553 2721 5607 ad
2766 5551 3078 5605 umbilicum
3123 5549 3340 5612 ducere,

1771 5650 1931 5718 eique
1974 5648 2107 5702 tanti
2156 5645 2358 5701 laboris
2416 5659 2481 5699 ac
2527 5643 2710 5713 operis
2756 5641 2968 5695 ratione
3015 5638 3198 5694 habita
3243 5651 3344 5705 pro

1775 5739 2219 5797 remuneratione
2245 5735 2516 5793 abbatiam
2545 5733 3030 5799 Bellozaniensem,
3058 5747 3176 5804 quae
3200 5730 3343 5786 forte
