3898 6320
597 331 700 387 387

1417 316 1706 385 APPEND.
1747 321 1838 381 AD
1878 323 2049 380 snas.
2089 323 2155 380 x.
2198 310 2521 384 —JOI’£RA
2559 333 2952 385 manorm.
3678 347 3754 406 εδδ

595 455 708 500 tum
741 447 1047 509 vacaverat,
1097 444 1248 514 regia
1273 442 1601 499 liberalitate
1645 439 1952 507 concessitf,
2005 438 2168 507 idque
2197 426 2247 481 Α
2274 441 2396 500 ideo
2427 442 2742 512 magistrum
2782 458 2938 498 suum
2972 457 3185 514 semper
3226 447 3526 522 nominavit)
3553 469 3644 511 non
3681 461 3755 516 im.

595 545 925 608 postremum
957 535 1314 590 sacerdotium
1345 534 1463 598 fuit,
1495 533 1638 602 quod
1678 547 1775 586 rex
1805 531 1894 585 ille
1918 529 2165 595 contulit,

595 627 721 695 quia
748 641 852 679 non
879 624 1047 680 multo
1074 633 1193 694 post
1228 623 1395 676 vitam
1422 635 1545 676 cum
1577 629 1750 676 merte
1790 620 2163 676 commutavit.

595 717 935 785 Quapropter
954 714 1218 786 Amyotus
1245 713 1517 767 fortunam
1541 711 1801 782 majorem
1829 712 1920 766 vix
1949 726 2161 780 responc

597 820 780 858 suram
812 803 981 858 labori
1006 805 1147 873 apud
1169 802 1349 858 Gallos
1375 811 1556 865 ratus,
1603 817 1706 857 nec
1737 802 1804 856 ad
1837 801 1972 856 alios
2002 801 2174 856 hono-

595 910 714 948 rum
746 894 944 964 gradus
970 902 1286 964 provectum
1319 895 1406 959 irl,
1442 895 1674 949 instituit
1699 895 1751 948 in
1783 893 1992 948 Italiam
2037 907 2168 964 pro-

595 982 786 1048 ficisci,
819 994 878 1037 ut
922 983 1033 1038 illic
1069 983 1234 1036 vitam
1284 984 1388 1037 hoc
1435 984 1693 1039 mediocri
1723 999 1886 1039 censu
1917 983 2169 1052 agitaret,

593 1072 946 1127 bibliothecas
973 1072 1188 1128 Italicas
1215 1071 1528 1126 consulendi
1558 1074 1740 1127 animo
1764 1113 1779 1138 ,
1829 1080 1885 1127 et
1929 1073 2171 1127 codicem

591 1166 866 1222 Plutarchi
898 1168 1151 1223 mendose
1193 1183 1450 1222 excusum
1479 1183 1600 1222 cum
1630 1169 2012 1238 manuscriptis
2039 1184 2173 1224 con-

593 1255 818 1320 ferendi,
843 1269 1038 1313 etcum
1061 1259 1288 1313 eruditis
1309 1258 1459 1322 viris,
1485 1258 1706 1328 quosibi
1735 1259 2166 1324 nancisceretur,

593 1360 871 1402 sermones
902 1363 964 1401 ea
988 1349 1059 1402 de
1083 1363 1140 1402 re
1167 1348 1304 1404 ultro
1330 1350 1570 1417 citroque
1607 1349 1856 1405 habendi.
1883 1350 2019 1404 Dum
2059 1351 2174 1406 hac

592 1452 716 1491 cum
755 1439 933 1491 animo
967 1439 1248 1508 cogitaret,
1290 1439 1482 1492 obtulit
1505 1439 1551 1492 ei
1589 1455 1646 1492 se
1678 1441 1957 1495 commoda
1982 1443 2170 1495 admo-

594 1529 720 1582 dum
743 1529 956 1582 occasio
981 1529 1243 1598 ejusmodi
1268 1544 1410 1582 auno
1437 1528 1717 1584 millesimo
1741 1530 2175 1598 quingentesimo

594 1623 1009 1693 quadragesimo
1044 1632 1218 1678 sexto.
1264 1622 1407 1676 Idem
1442 1622 1795 1676 Morvillerius
1825 1623 1892 1676 ab
1940 1621 2174 1677 Henrico

593 1712 636 1766 Il
693 1728 818 1784 rege
862 1714 1060 1768 missus
1087 1714 1155 1768 ad
1184 1713 1414 1768 Venetos
1450 1715 1657 1784 legatus
1683 1747 1704 1779 ς’
1738 1716 2027 1785 Amyotum
2071 1717 2175 1770 sibi

2274 545 2504 596 memor,
2548 546 2799 601 magnum
2835 530 3081 588 Francia
3130 533 3579 607 eleemosynarium
3609 551 3761 606 consti-

2274 621 2395 682 tuit,
2431 631 2485 675 et
2510 636 2541 675 a
2568 622 2828 678 sanctiori
2874 632 2931 678 et
2972 625 3270 694 augustiori
3311 629 3518 686 consilio
3557 633 3644 690 sibi
3674 653 3763 696 esse

2273 710 2460 774 voluit,
2488 725 2552 765 ac
2588 710 2749 782 paulo
2777 719 2901 781 post
2931 712 3150 767 abbatia
3185 713 3408 782 Rupium
3451 707 3706 788 decoravit,
3726 739 3764 782 et

2273 817 2398 857 mox
2425 802 2550 864 alia.
2581 817 2775 872 nempe
2814 805 2989 858 sancti
3018 802 3255 859 Cornelii
3283 803 3679 876 Compendiensis
3701 833 3766 870 va-

2273 894 2439 958 canti,
2469 894 2613 949 ultro
2649 909 2715 950 ac
2752 905 2945 963 sponte
2971 910 3068 950 sua
3102 911 3226 952 cum
3271 899 3478 955 minime
3508 904 3767 962 ambientem

2280 985 2589 1040 exornavit.
2643 983 2700 1039 S.
2732 983 2802 1039 R.
2853 985 2916 1039 E.
2963 986 3220 1041 cardinali
3269 988 3333 1042 de
3376 987 3423 1041 la
3464 989 3770 1051 Bourdaisiéte

2275 1073 2462 1130 Roma
2488 1073 2742 1130 defuncto
2770 1115 2784 1141 ,
2838 1074 2966 1131 Pius
2989 1074 3030 1129 ν
3058 1077 3274 1147 Amyoti
3322 1079 3604 1146 virtutum,
3641 1085 3773 1138 erudi-

2276 1165 2458 1228 tionis,
2508 1165 2726 1233 pietatis
2768 1179 2832 1220 ac
2878 1165 3069 1222 fervidi
3108 1166 3330 1222 allectus
3376 1183 3500 1238 erga
3536 1169 3771 1225 Ecelesiam

2274 1254 2599 1310 catholicam
2625 1255 2974 1324 apostolicam
2998 1257 3372 1312 eLIlomanam
3395 1258 3528 1312 fama
3551 1258 3774 1328 impulsus,

2275 1347 2523 1400 eumdem
2564 1346 2896 1416 episcopatui
2944 1347 3237 1403 Antissiod.
3283 1347 3551 1418 praefecit,
3584 1351 3701 1420 quod
3734 1351 3776 1405 lio

2277 1436 2465 1491 benter
2490 1450 2522 1488 a
2560 1451 2684 1505 rege
2707 1450 3025 1491 concessum
3052 1446 3156 1502 est,
3187 1439 3280 1507 qui
3310 1439 3438 1492 nihil
3467 1440 3622 1510 magis
3659 1456 3779 1509 expe-

2279 1529 2426 1582 tebat
2453 1543 2615 1596 quam
2657 1540 2716 1582 ut
2746 1543 2870 1584 eum
2894 1532 2964 1584 ad
2990 1545 3232 1585 summos
3260 1530 3486 1586 honores
3527 1542 3576 1586 et
3601 1534 3779 1602 dignita-

2281 1629 2362 1673 tes
2393 1619 2730 1687 proveheret,
2769 1627 2828 1672 ut
2857 1620 3033 1688 reipsa
3059 1621 3397 1684 ostenderat,
3418 1635 3479 1675 ac
3525 1621 3780 1689 primoribus

2279 1709 2466 1763 aulicis
2492 1724 2556 1762 ac
2579 1710 2916 1778 principibus
2937 1709 3314 1778 patefaciehat.
3340 1710 3502 1780 Hujus
3527 1727 3638 1766 vero
3663 1713 3779 1781 regis

594 1800 840 1868 adjunxit
867 1802 1076 1858 itineris
1115 1803 1404 1868 comitem,
1435 1783 1524 1873 qui
1565 1814 1675 1858 tum
1709 1783 2042 1858 tricesimum
2081 1820 2168 1860 se-

2282 1801 2336 1853 in
2392 1815 2450 1854 se
2493 1800 2916 1866 benevolentia,
2966 1803 3318 1872 benignitatis
3367 1817 3430 1856 ac
3465 1801 3781 1858 beneﬁcientitr

595 1893 827 1946 cundum
856 1894 1029 1948 atatis
1060 1909 1260 1948 annum
1311 1895 1600 1964 attigerat,
1639 1909 1760 1950 cum
1807 1894 1965 1965 paulo
2006 1897 2177 1967 major

594 1991 725 2034 natu
771 1980 1125 2037 Morvillerius
1167 1993 1332 2038 esset.
1381 1983 1485 2038 Per
1533 1983 1585 2038 id
1636 1984 1917 2054 legationis
1967 1992 2176 2053 tempus

596 2072 802 2143 legatus
829 2074 1006 2144 regius
1030 2083 1180 2130 tanto
1204 2092 1324 2130 cum
1348 2092 1412 2130 eo
1435 2077 1687 2131 amicitia
1708 2086 1758 2130 et
1790 2077 2178 2132 familiaritatis

597 2162 810 2217 vinculo
834 2164 1086 2220 astrictus
1116 2176 1218 2232 est,
1252 2175 1312 2219 ut
1359 2168 1469 2236 pati
1503 2181 1608 2221 non
1651 2169 1889 2237 potuerit
1929 2169 2100 2237 ipsum
2145 2183 2178 2222 a

598 2266 656 2306 se
695 2252 969 2309 discedere
994 2294 1010 2319 ,
1069 2256 1280 2310 etiamsi
1331 2256 1632 2312 incredibili
1670 2258 1939 2314 desiderio
1985 2259 2178 2314 biblio-

599 2343 785 2397 thecas
849 2344 1076 2399 aliarum
1127 2346 1408 2400 civitatum
1459 2347 1624 2400 Italia
1681 2348 1890 2403 visendi
1947 2347 2178 2418 ﬂagrare

598 2435 783 2488 sciret.
814 2432 933 2489 Jam
964 2439 1316 2505 perscrutatis
1346 2438 1596 2492 omnibus
1625 2438 1814 2492 sedulo
1855 2438 2045 2494 loculis
2073 2440 2179 2494 Ven

597 2533 734 2580 neta
769 2526 1107 2583 bibliotheca
1137 2527 1571 2598 locupletissima
1607 2530 1674 2584 ad
1699 2530 2003 2586 institutum
2042 2547 2178 2601 opus

596 2610 869 2670 Plutarchi
915 2617 1116 2686 scripta
1144 2617 1480 2684 conferendi,
1514 2619 1853 2685 emendandi,
1882 2628 1936 2675 et
1960 2620 2177 2691 elegan-

597 2708 705 2762 tius
750 2708 956 2764 Gallice
1006 2709 1285 2776 vertendi,
1316 2707 1539 2765 Venetis
1567 2709 1793 2764 Romam
1836 2726 1896 2766 se
1923 2713 2171 2767 contulit.

597 2800 698 2856 Ubi
737 2805 1141 2874 perhumaniter
1169 2813 1422 2874 acceptus
1443 2813 1527 2859 est
1569 2805 1636 2859 ab
1666 2805 1920 2874 episcopo
1953 2804 2174 2874 Mirapi-

598 2895 774 2959 censi,
807 2897 897 2964 qui
924 2897 1067 2951 domi
1097 2912 1207 2951 sua
1230 2912 1352 2951 eum
1382 2896 1639 2961 retinuit,
1669 2905 1727 2951 et
1758 2911 1854 2964 per
1895 2897 2175 2952 biennium

596 2983 766 3040 ferme
813 2987 1175 3042 convictorem
1215 2988 1438 3053 habuit,
1470 3003 1593 3042 cum
1624 3001 1730 3056 quo
1755 2987 1898 3043 ultro
1928 2989 2176 3058 citroque

597 3089 875 3132 sermones
912 3077 1173 3144 haberet,
1219 3077 1285 3133 de
1327 3077 1520 3134 litteris
1566 3093 1630 3133 ac
1659 3077 1959 3151 disciplinis
2011 3081 2172 3136 verba

596 3163 826 3218 faceret.

665 3251 865 3308 Eodem
896 3253 1065 3309 ferme
1111 3261 1354 3325 tempore
1395 3255 1450 3309 in
1495 3255 1842 3311 illustrissimi
1889 3256 2173 3313 cardinalis

595 3339 858 3398 Turnonii
907 3346 1201 3400 amicitiam
1249 3361 1307 3400 se
1351 3347 1684 3413 insinuavit,
1739 3348 1830 3416 qui
1871 3363 1900 3401 a
1948 3363 2073 3420 rege
2103 3349 2172 3404 ad

595 3433 772 3487 aulam
804 3444 1106 3499 revocatus,
1138 3451 1258 3490 cum
1293 3436 1363 3491 ob
1399 3438 1644 3508 egregias
1691 3439 1854 3492 animi
1899 3439 2050 3493 dotes
2073 3481 2086 3503 ,
2117 3448 2173 3494 et

592 3522 854 3576 virtutum
885 3524 1289 3591 ornamentum,
1330 3533 1440 3580 tum
1471 3526 1540 3581 ob
1585 3529 1764 3580 rerum
1803 3526 2044 3582 civilium
2071 3568 2085 3591 ,
2115 3536 2172 3582 et

596 3614 743 3683 regni
776 3615 1112 3685 negotiorum
1161 3625 1464 3672 accuratam
1505 3617 1865 3687 cognitionem
1908 3627 1962 3672 et
2011 3629 2171 3688 expe-

593 3702 866 3768 rientiam,
913 3705 1160 3759 eumdem
1205 3705 1498 3775 Amyotum
1531 3706 1746 3761 itineris
1791 3708 2041 3761 comitem
2077 3723 2170 3762 as—

593 3795 822 3864 sumpsit
847 3810 966 3849 eum
1000 3795 1258 3867 Dionysio
1286 3797 1552 3853 Lambino
1577 3839 1590 3862 ,
1639 3799 1756 3853 viro
1787 3798 2092 3854 clarissimo
2114 3808 2170 3854 et

592 3883 872 3953 utriusque
927 3883 1120 3956 lingua
1170 3886 1545 3955 peritissimo,
1599 3888 1690 3956 qui
1753 3895 1937 3956 postea
1990 3888 2168 3958 regius

590 3973 900 4028 Cracarum
951 3974 1256 4030 litterarum
1292 3977 1564 4046 professor
1593 3977 1820 4032 Lutetia
1874 3976 1998 4033 fuit.
2029 3977 2166 4033 Cum

593 4061 638 4114 is
687 4062 979 4116 cardinalis
1026 4064 1093 4118 ad
1142 4064 1318 4118 aulam
1362 4081 1420 4120 se
1467 4066 1784 4120 contulisset
1833 4076 1887 4121 et
1930 4067 2168 4124 audisset

593 4163 772 4222 regem
832 4154 1154 4222 quibusdam
1206 4156 1542 4212 antistitibus
1584 4172 1648 4211 ac
1701 4158 2018 4227 proceribus
2063 4159 2165 4214 sibi

592 4243 916 4313 gratissimis
963 4246 1100 4299 hanc
1126 4246 1456 4315 proVineiam
1489 4247 1699 4301 dedisse
1724 4287 1738 4311 ,
1771 4257 1829 4302 ut
1871 4249 2165 4304 accuratis-

595 4332 730 4386 sime
759 4340 1014 4402 tanquam
1044 4334 1108 4388 de
1137 4349 1194 4388 re
1213 4336 1431 4389 maximi
1464 4337 1718 4391 momenti
1758 4338 2164 4394 sciscitarentur

593 4435 658 4474 ac
685 4431 1131 4489 percontarentur
1157 4423 1221 4478 de
1241 4425 1432 4492 probo,
1457 4427 1668 4480 erudito
1693 4443 1755 4482 ac
1777 4428 2001 4483 cordato
2022 4430 2157 4494 viro,

591 4523 620 4560 a
657 4523 762 4578 quo
809 4509 962 4563 liberi
1018 4509 1150 4578 regii
1199 4510 1600 4568 Aurelianensis
1653 4524 1708 4570 et
1753 4515 2160 4586 Andcgavensis

591 4596 770 4659 duces,
793 4597 904 4665 jam
935 4606 1046 4652 tum
1069 4599 1297 4668 imperio
1331 4598 1610 4668 destinati,
1645 4603 1832 4658 sedulo
1862 4604 2072 4659 institui
2106 4615 2162 4662 et

589 4685 768 4741 doceri
805 4698 1044 4757 possent,
1077 4690 1189 4758 regi
1211 4688 1498 4760 Amyotum
1523 4731 1538 4756 ,
1575 4692 1729 4762 cujus
1758 4708 1934 4748 mores
1955 4735 1970 4759 ,
2007 4695 2158 4766 inge-

591 4783 758 4848 nium,
792 4784 1092 4840 doctrinam
1114 4824 1128 4851 ,
1162 4786 1402 4855 aliasque
1439 4788 1606 4842 animi
1647 4789 1800 4844 dotes
1846 4799 2160 4859 perspectas

587 4884 644 4929 et
667 4876 970 4946 exploratas
999 4880 1250 4943 habebat,
1275 4881 1487 4934 obtulit.
1512 4881 1743 4936 Proinde
1772 4898 1802 4937 e
1831 4884 2061 4953 vestigio
2089 4885 2157 4940 ad

587 4966 690 5021 hoc
718 4967 1186 5036 praclarissimum
1217 4977 1271 5023 et
1298 4973 1677 5040 gravissimum
1725 4988 1920 5028 munus
1957 4977 2159 5046 Amyc-

585 5065 674 5110 tns
701 5072 838 5111 unus
865 5072 930 5111 ex
963 5065 1041 5112 tot
1081 5059 1352 5127 tantisque
1377 5059 1510 5114 viris
1535 5061 1730 5130 quibus
1755 5063 1858 5116 hoc
1889 5064 2160 5118 eruditum

586 5144 838 5199 saeulum
887 5144 1144 5211 florebat,
1185 5148 1386 5201 ascitus
1431 5158 1554 5214 est;
1591 5150 1642 5202 in
1677 5163 1784 5220 quo
1827 5151 1899 5204 ita
1945 5161 2164 5207 strenue

586 5248 649 5289 ae
676 5232 904 5289 ﬁdeliter
953 5237 1119 5305 gessit
1152 5238 1219 5292 ad
1252 5239 1403 5307 regni
1449 5238 1785 5294 Francorum
1823 5243 2165 5297 commodum

585 5331 641 5378 et
677 5333 1092 5392 ornamentum,
1123 5335 1182 5382 ut
1219 5329 1331 5398 regi
1383 5329 1688 5399 reginaque
1728 5340 1915 5399 gratus
1971 5343 2026 5386 et
2069 5349 2164 5389 aea

587 5425 776 5486 ceptus
802 5417 990 5485 fuerit,
1015 5421 1176 5489 idque
1203 5419 1363 5493 longo
1389 5437 1656 5478 annorum
1678 5425 1966 5480 intervallo
1991 5441 2163 5498 usque

587 5508 654 5561 ad
683 5508 957 5566 Francisci
981 5511 1023 5565 ll
1051 5513 1279 5566 obitum.

657 5596 774 5662 Quo
807 5608 1048 5670 tempore
1076 5600 1303 5657 Carolus
1329 5599 1399 5656 IX
1429 5605 1763 5659 Francorum
1813 5620 1980 5676 regno
2023 5607 2164 5676 poti-8

588 5695 674 5741 tus
695 5727 708 5754 ,
745 5689 1040 5747 ofﬁciorum
1063 5700 1117 5747 et
1143 5693 1461 5750 meritorum
1492 5696 1840 5766 praceptoris
1870 5697 1952 5752 sui
1975 5697 2158 5770 (quem

2277 1905 2492 1960 semper
2517 1901 2728 1961 gratum
2750 1899 2806 1945 et
2825 1905 3118 1947 memorem
3138 1907 3198 1946 se
3225 1892 3487 1963 praestitit,
3509 1907 3603 1947 non
3629 1901 3780 1946 tantum

2278 1985 2566 2052 superstite
2590 1983 2851 2053 principe,
2881 1984 2978 2037 sed
3015 1985 3180 2038 etiam
3205 1993 3329 2054 post
3363 1985 3559 2040 obitum
3580 1983 3780 2053 ejusdem,

2276 2073 2437 2142 quein
2468 2087 2680 2142 semper
2701 2073 2948 2129 laudibus
2973 2074 3027 2128 in
3051 2075 3252 2129 calum
3281 2075 3580 2140 extollebat,
3605 2089 3780 2143 quarum

2277 2179 2468 2220 revera
2515 2165 2708 2235 dignus
2759 2175 2916 2232 erat,
2986 2164 3308 2236 felicemque
3371 2167 3484 2236 ejus
3533 2165 3784 2220 memoriam

2277 2257 2491 2312 colebat
2515 2265 2571 2310 et
2591 2257 2694 2325 piis
2727 2258 2976 2312 manibus
2997 2271 3210 2326 semper
3232 2258 3625 2328 apprecabatur.

2348 2348 2516 2402 Porro
2541 2362 2662 2401 cum
2695 2361 2785 2402 rex
2825 2347 3088 2403 Ileuricus
3121 2347 3209 2415 III,
3256 2362 3500 2402 reversus
3542 2361 3572 2400 a
3599 2345 3784 2406 Polonia.

2275 2454 2374 2508 per
2395 2437 2718 2493 Sabaudiam
2754 2436 3100 2508 Allobrogum
3125 2438 3406 2502 transiret,
3435 2436 3631 2491 ductrix
3667 2434 3786 2488 alnill

2277 2529 2420 2599 regis
2445 2528 2494 2583 ei
2522 2529 2812 2598 Amyotum
2837 2535 3122 2597 tantopere
3144 2526 3555 2591 commendavit,
3583 2534 3635 2580 ut
3662 2524 3701 2578 ei
3721 2537 3786 2575 rex

2276 2617 2544 2688 pollicitus
2573 2615 2737 2672 fuerit
2762 2618 3009 2672 eumdem
3030 2617 3323 2689 Amyotum
3351 2618 3405 2672 in
3441 2631 3536 2671 suo
3571 2615 3710 2686 gradu
3731 2613 3788 2667 di-

2277 2707 2498 2779 gnitatis
2519 2715 2572 2761 et
2584 2705 2741 2762 officii
2763 2706 3172 2778 eleemosynarii
3195 2708 3372 2778 magni
3389 2705 3613 2762 Francia
3630 2703 3789 2774 apudse

2276 2813 2710 2869 permansurum,
2767 2802 2956 2868 utpote
2999 2813 3160 2868 quem
3186 2799 3425 2868 primum
3472 2801 3790 2866 praeceptore-

2275 2887 2558 2953 habuerat,
2583 2887 2810 2956 ideoque
2837 2901 2960 2941 eum
2985 2897 3174 2958 seper
3221 2895 3390 2942 totam
3436 2886 3593 2940 vitam
3633 2893 3792 2948 semper

2274 2979 2590 3048 magistrum
2619 2993 2774 3032 suum
2801 2977 3196 3048 appellaturum
3236 2991 3358 3033 esse
3384 2993 3400 3043 ;
3430 2974 3580 3045 hujus
3602 2967 3794 3043 pI‘OIIIlSal

2274 3071 2495 3127 nuntius
2547 3086 2644 3125 rex
2691 3072 2805 3140 ipse
2853 3070 2954 3124 fuit
3000 3071 3170 3126 redux
3198 3071 3435 3142 Amyoto
3475 3078 3528 3123 et
3570 3067 3628 3121 ab
3653 3063 3795 3118 eodem

2275 3164 2511 3219 vicissim
2549 3163 2708 3233 petiit
2736 3171 2794 3217 ut
2847 3175 3172 3232 propensam
3200 3178 3332 3233 erga
3362 3177 3422 3217 se
3453 3159 3739 3217 voluntatem
3760 3160 3798 3207 et

2273 3253 2438 3309 fidum
2455 3253 2791 3323 obsequium,
2807 3269 2914 3323 quo
2927 3254 3188 3308 hactenus
3204 3266 3336 3308 usus
3353 3251 3540 3316 fuerat,
3561 3249 3610 3303 in
3631 3255 3797 3300 munere

2275 3345 2422 3415 regio
2474 3344 2730 3398 exhibere
2774 3352 3066 3415 pergeret:
3099 3343 3370 3413 singulari
3421 3350 3562 3397 certe
3604 3353 3658 3391 ae
3698 3345 3798 3388 noro

2272 3436 2518 3506 exemplo
2547 3437 2650 3491 hoc
2669 3436 2992 3490 beneficium
3019 3436 3071 3489 in
3095 3435 3395 3505 Amyotum
3416 3433 3483 3487 ab
3507 3430 3685 3501 optimo
3711 3435 3800 3490 rege

2271 3528 2594 3584 collocatum
2625 3527 2792 3582 videri
2823 3535 3018 3598 potest,
3069 3537 3128 3580 ut
3172 3527 3412 3581 duorum
3463 3517 3797 3578 succedentium

2271 3636 2412 3675 unus
2434 3620 2682 3689 idemque
2725 3633 2952 3688 magnus
2996 3616 3464 3687 eleemosyuarius
3505 3611 3671 3671 fuerit,
3711 3617 3797 3658 cum

2268 3709 2562 3765 obtinuerit
2585 3710 2723 3778 apud
2750 3708 3017 3778 principes
3033 3709 3100 3761 ad
3123 3721 3354 3778 regnum
3381 3699 3698 3760 hareditario
3712 3695 3797 3762 jure

2269 3800 2590 3854 accedentes
2628 3797 2800 3853 officia
2833 3812 3044 3852 summa
3095 3797 3417 3865 primasque
3459 3791 3718 3862 dignitates
3753 3779 3797 3834 ad

2267 3904 2361 3944 eos
2383 3887 2613 3953 deferre,
2641 3903 2778 3957 quos
2809 3887 2860 3940 in
2897 3887 3155 3941 comitatu
3185 3895 3244 3940 et
3274 3883 3535 3952 obsequio
3579 3893 3665 3934 suo
3689 3879 3798 3926 ante-

2266 3994 2424 4049 quam
2452 3993 2633 4032 rerum
2663 3977 2962 4047 potirentur
2973 3975 3251 4030 uberiores
3273 3983 3329 4029 et
3351 3973 3610 4045 gratiores
3635 3963 3800 4049 apudée

2265 4048 2556 4124 habebant.
2581 4065 2698 4120 Jam
2729 4081 2857 4120 vero
2885 4065 3023 4119 idem
3048 4077 3140 4117 rex
3163 4060 3652 4117 Christianissimus
3676 4048 3795 4121 paulo

2265 4169 2388 4231 post
2425 4159 2658 4214 reditum
2679 4172 2710 4211 a
2738 4155 2983 4220 Polonia,
3020 4170 3141 4211 cum
3171 4155 3422 4224 equitum
3466 4150 3800 4216 Torquatorum

2263 4265 2330 4304 ac
2357 4248 2758 4304 moderatorum
2783 4261 2876 4301 seu
2905 4245 3408 4300 commendatorum
3437 4240 3603 4298 sancti
3620 4234 3800 4305 Spiritus

2262 4340 2504 4394 ordinem
2543 4335 2874 4399 institueret,
2899 4333 3114 4404 Amyoti
3143 4333 3225 4386 sui
3260 4333 3488 4386 minime
3526 4339 3606 4384 est
3630 4324 3800 4380 oblitus.

2265 4428 2374 4484 imo
2424 4428 2656 4498 primum
2709 4423 2824 4492 ejus
2870 4423 3076 4478 ordinis
3128 4421 3420 4492 Equestris
3469 4420 3803 4487 moderatorem

2266 4520 2537 4594 praefecit;
2579 4518 2706 4587 quin
2743 4517 2907 4572 etiam
2934 4515 2986 4570 in
3009 4513 3250 4584 ejusdem
3281 4513 3516 4585 gratiam
3539 4520 3591 4566 et
3614 4506 3802 4598 favorem

2267 4593 2470 4668 ordinis
2490 4608 2958 4668 constitutionibus
2977 4621 3042 4661 ac
3069 4606 3262 4677 typicis
3282 4607 3488 4661 litteris
3506 4601 3658 4658 inseri
3682 4593 3806 4649 voluit

2268 4705 2411 4760 hunc
2438 4702 2632 4772 capitis
2669 4699 2983 4755 articulum:
3020 4698 3277 4766 Quisquis
3306 4710 3539 4769 magnus
3562 4692 3808 4750 elaemosl‘

2267 4797 2452 4850 uarius
2472 4792 2657 4858 fuerit,
2688 4791 2829 4847 idem
2857 4791 3018 4845 etiam
3043 4790 3170 4844 dicti
3193 4788 3409 4844 ordinis
3434 4786 3720 4841 moderator
3740 4784 3810 4869 set!

2267 4885 2674 4942 commendator
2693 4883 2798 4938 erit
2821 4896 2992 4950 eaque
3015 4880 3150 4950 lege,
3200 4886 3264 4933 ut
3294 4875 3597 4933 nobilitatis
3645 4873 3812 4961 generis

2267 4976 2351 5032 sui
2376 4975 2569 5030 indicia
2598 4989 2663 5030 ac
2687 4971 2992 5029 testimonia
3019 4969 3146 5026 dare
3166 4982 3277 5023 non
3299 4969 3572 5040 adigatur,
3597 4972 3650 5016 ut
3671 4966 3813 5014 catcrl

2267 5079 2456 5120 omnes
2487 5063 2794 5132 adiguntur.
2826 5059 2932 5115 Sed
2976 5058 3315 5128 quapietate
3360 5057 3715 5126 episcopatum
3740 5057 3812 5139 au.-

2276 5155 2516 5224 spicatus
2537 5151 2701 5207 fuerit
2726 5166 2793 5204 ex
2813 5166 2878 5205 eo
2899 5157 3113 5206 constat
3134 5149 3279 5218 quod
3303 5147 3475 5204 simul
3503 5155 3657 5212 atque
3679 5141 3816 5230 ponll'

2274 5243 2425 5297 Iicias
2474 5241 2648 5295 bullas
2681 5239 2997 5308 accepisset,
3025 5253 3122 5307 per
3154 5246 3570 5308 procuratorem
3597 5233 3815 5300 posscsw'

2275 5347 2398 5386 nem
2433 5331 2585 5396 adiit,
2611 5329 2738 5384 dum
2766 5327 2993 5384 Lutetia
3031 5327 3466 5382 consecrationis
3497 5334 3680 5378 munus
3719 5325 3816 5367 con‘

2272 5428 2589 5489 sequeretur
2617 5427 2675 5474 ut
2699 5418 3034 5475 commodius
3061 5425 3270 5488 postea,
3303 5417 3465 5470 venia
3489 5429 3518 5468 a
3543 5423 3662 5479 rege
3687 5407 3816 5469 imf'e‘

2271 5520 2436 5577 trata,
2473 5511 2699 5581 ipsemet
2734 5510 2908 5578 rcipsa
2941 5508 3007 5564 ad
3033 5496 3438 5578 possessionem
3465 5493 3817 5590 adipiscendae!

2270 5605 2549 5660 accederet
2572 5614 2626 5660 et
2646 5617 2870 5658 munere
2891 5603 3175 5674 episcopali
3203 5601 3567 5672 fungeretur;
3592 5607 3702 5651 cum
3728 5583 3820 5640 reh'

2269 5695 2414 5772 gioni
2459 5695 2682 5752 haberet
2732 5694 3019 5752 sacerdotii
3059 5693 3220 5766 opimi
3273 5693 3460 5749 reditu
3508 5687 3638 5755 frui,
3667 5683 3716 5738 in
3740 5683 3820 5749 ειυθ
