3898 6320
1119 289 1134 314 ι

123 379 204 436 389

1000 372 1091 430 DE
1125 363 1368 431 CESTIS
1411 370 1626 429 EPISC.
1666 371 2125 460 ΑΝἸΊδδΙΟΒμτ
2157 371 2339 430 PARS
2375 367 2441 428 Π.

3259 377 3402 437 390‘

120 491 292 548 nullum
324 481 502 544 adhuc
532 487 769 544 ofﬁcium
800 485 1162 556 praestitisset.
1191 486 1362 542 Porro
1415 502 1536 542 cum
1568 486 1676 556 pri-
1703 473 1752 532 Α
1781 489 1964 545 schola
1996 488 2217 543 virtutis
2241 487 2438 554 omnis,
2463 485 2722 542 doctrina:
2763 499 2828 543 ac
2856 485 3096 559 pietatis,
3123 492 3265 548 unde
3286 493 3378 548 vel

117 597 238 639 mum
266 597 327 636 ac
356 581 687 652 praecipuum
712 579 966 634 antistitis
996 595 1191 634 munus
1218 580 1271 633 in
1295 579 1675 647 praedicatione

117 672 237 727 verbi
263 672 354 728 Dei
377 687 498 727 esse
547 679 888 742 perspectum
941 671 1183 734 haberet,
1207 685 1326 739 qua:
1350 670 1453 724 rite
1487 683 1550 723 ac
1579 682 1678 739 pro

117 765 346 836 dignitate
370 763 614 819 exerceri
643 763 845 831 absque
867 761 1147 831 theologia:
1173 761 1403 815 scientia
1451 760 1676 814 minime

116 865 290 928 posset,
308 856 360 911 in
389 871 494 924 qua
520 854 868 909 mediocriter
890 861 1094 907 tantum
1117 861 1362 906 versatus
1385 860 1523 916 erat,
1549 851 1677 919 quia

117 967 206 1004 non
227 959 426 1004 tantum
449 947 610 1002 studii
634 956 685 1000 et
712 960 890 1016 operae
918 945 972 998 in
1010 943 1179 998 sacris
1199 943 1395 998 litteris
1425 958 1587 1011 quam
1622 941 1674 994 in

116 1039 213 1093 aliis
243 1036 538 1107 disciplinis
565 1044 622 1091 et
659 1033 900 1089 scientiis
947 1033 1330 1102 insumpserat,
1365 1041 1490 1086 tunc
1515 1029 1678 1100 cmpit

114 1129 229 1184 serio
253 1143 564 1197 summaque
595 1121 940 1181 contentione
975 1125 1306 1194 theosophiae
1339 1123 1675 1188 incumbere,

113 1218 372 1286 statimque
396 1231 686 1286 aggressus
715 1224 821 1280 est,
843 1224 1040 1284 prarter
1068 1230 1344 1270 sacrorum
1375 1213 1674 1269 Bibliorum

111 1308 443 1377 quotidianam
475 1307 786 1370 lectionem,
820 1313 1128 1360 sanctorum
1154 1305 1374 1359 Patrum
1407 1313 1462 1359 et
1490 1305 1679 1359 docto-

113 1413 209 1450 rum
239 1397 486 1452 Ecclesiae
511 1397 822 1452 Graecorum
845 1406 900 1450 et
933 1396 1250 1452 Latinorum
1290 1396 1561 1451 volumina
1587 1395 1673 1450 die

111 1497 351 1558 noctuque
379 1489 650 1544 evolvere.

164 1578 368 1632 Interim
391 1578 708 1647 magistrum
735 1577 954 1631 Petrum
985 1575 1102 1632 Viel
1122 1577 1402 1638 doctorem
1461 1576 1675 1630 theolo-

46 1671 50 1683 ‘
111 1686 209 1742 gum
235 1667 538 1732 accersivit,
563 1681 793 1735 eumque
823 1666 1031 1737 rogavit
1060 1675 1119 1720 ut
1141 1667 1243 1720 sibi
1273 1665 1671 1735 possessionem

108 1761 282 1816 realem
319 1758 536 1814 adeunti
565 1766 729 1827 atque
754 1757 995 1827 auspicia
1021 1757 1305 1828 ingressus
1348 1755 1672 1825 episcopalis

1783 581 2125 649 pereruditus
2152 580 2328 649 quivis
2349 593 2408 635 se
2429 578 2726 635 doctiorem
2741 587 2797 634 et
2819 580 3096 636 meliorem
3121 582 3378 638 recedere

1781 669 2013 740 ingenue
2041 668 2333 736 fateretur;
2371 684 2402 724 a
2442 669 2667 740 prandio
2708 686 2830 725 cum
2869 681 3014 726 cmtu
3054 674 3243 728 eodem
3277 688 3376 743 per

1779 761 1929 816 horae
1957 762 2189 830 spatium
2234 761 2641 831 colloquebatur
2671 778 2686 829 ;
2721 771 2836 817 tum
2892 765 3082 820 amicis
3119 767 3376 821 receden-

1781 852 1924 906 tibus
1954 868 2020 907 ac
2049 852 2164 907 vale
2189 853 2510 917 dicentibus,
2555 853 2622 908 ad
2688 853 3068 910 bibliothecam
3115 865 3170 910 et
3193 867 3374 926 empta

1782 943 1959 998 studia
1988 944 2216 1010 redibat,
2272 959 2412 1014 saepe
2444 945 2547 1000 sibi
2588 945 2640 998 in
2687 946 2825 1000 votis
2867 961 2988 1001 esse
3026 948 3371 1018 signiﬁcabat

1777 1035 2070 1089 secretario
2093 1034 2323 1090 Martino
2353 1035 2479 1106 (quo
2504 1035 2842 1091 familiariter
2865 1040 3117 1094 utebatur
3143 1049 3372 1110 etquem

1781 1123 2101 1178 canenicatu
2133 1133 2188 1178 et
2213 1125 2499 1193 praebenda
2531 1141 2630 1181 nec
2661 1127 2830 1182 multo
2860 1139 2982 1197 post
3031 1130 3373 1186 archidiaco-

1781 1223 1910 1266 natu
1941 1213 2162 1282 pietatis
2216 1224 2272 1270 et
2317 1216 2634 1270 meritorum
2687 1233 2815 1287 ergo
2872 1221 2926 1273 in
2977 1219 3219 1275 Ecclesia
3273 1235 3372 1278 sua

1776 1305 2147 1358 exornandam
2180 1306 2412 1377 curavit)
2440 1308 2508 1362 ab
2554 1307 2672 1362 aula
2716 1325 2962 1378 magnam
2994 1312 3119 1365 anni
3157 1322 3370 1381 partem

1775 1395 2032 1450 recedere
2055 1396 2189 1451 velle
2211 1413 2320 1466 quo
2347 1396 2684 1467 frequentius
2717 1407 2770 1453 et
2799 1399 3021 1455 liberius
3073 1401 3372 1472 episcopali

1777 1486 1987 1540 muneri
2017 1487 2370 1542 incumberet.
2405 1488 2704 1558 Eapropter
2727 1489 2908 1542 statim
2931 1497 3049 1559 post
3072 1502 3370 1546 conventus

1766 1573 2031 1642 jnridicos
2063 1576 2247 1631 Blaesis
2274 1577 2505 1640 habitos,
2536 1578 2970 1634 Antissiodorum
3006 1581 3241 1650 repetiit,
3273 1581 3371 1636 sed

1775 1663 1848 1716 ita
1886 1664 2022 1718 male
2053 1679 2148 1734 per
2176 1664 2485 1720 difﬁcillima
2513 1676 2754 1737 tempora
2788 1678 3044 1738 acceptus
3072 1679 3158 1726 est
3183 1687 3212 1724 a
3237 1671 3366 1740 qui-

1776 1743 2002 1810 busdam
2035 1771 2170 1824 quos
2197 1754 2460 1812 factiones
2501 1773 2565 1813 ac
2589 1760 2925 1828 suSpiciones
2976 1760 3368 1831 calumniaeque

106 1850 718 1922 suscipientiassisteret.
760 1848 913 1915 Quod
942 1849 1060 1918 pius
1089 1864 1152 1904 ac
1185 1849 1430 1904 eruditus
1479 1849 1668 1902 doctor
1702 1833 1745 1891 Β
1773 1853 2108 1900 transversos
2171 1848 2407 1917 agebant
2457 1855 2515 1901 ut
2565 1848 2654 1916 pio
2703 1849 2979 1918 proposito
3031 1849 3367 1920 consilioque

105 1943 328 2011 episcopo
377 1939 611 1995 libenter
674 1938 998 2005 concedens,
1049 1953 1232 1994 coram
1272 1953 1336 1992 eo
1374 1937 1660 2007 plerasque

104 2041 294 2086 sanctas
327 2029 615 2085 conciones
641 2028 694 2082 in
739 2028 968 2082 ecclesia
1015 2026 1311 2082 cathedrali
1347 2025 1554 2090 habuit,
1601 2025 1668 2078 ad

101 2124 186 2176 hoc
205 2121 509 2190 frequentes
529 2135 808 2175 sermones
835 2118 903 2173 de
934 2120 1096 2174 rebus
1119 2117 1315 2173 divinis
1340 2118 1480 2172 etde
1503 2131 1667 2186 expo-

101 2213 276 2268 sitione
305 2213 543 2267 locorum
573 2211 862 2279 insignium
892 2225 1060 2264 sacrae
1093 2209 1406 2278 Scripturae,
1441 2209 1506 2262 de
1532 2223 1663 2262 con-

103 2301 356 2356 troversiis
413 2299 732 2370 theologicis
780 2305 835 2352 et
889 2297 1276 2367 quaestionibus
1325 2295 1664 2352 scholasticis

101 2390 222 2444 inter
251 2403 341 2444 eos
389 2387 746 2444 habebantur.
792 2387 1092 2457 Episcopus
1139 2394 1286 2441 certe
1320 2386 1383 2441 Ι).
1437 2386 1662 2441 Thomzn

98 2478 362 2547 Aquinatis
389 2477 591 2545 scripta
620 2475 755 2530 tanti
775 2475 1008 2547 faciebat
1027 2484 1087 2529 ut
1111 2491 1174 2529 ea
1202 2475 1314 2530 fere
1336 2475 1402 2529 ad
1431 2489 1662 2546 unguem

96 2545 330 2632 referret,
371 2566 712 2622 altitudinem
763 2545 819 2621 et
873 2565 1226 2622 subtilitatem
1271 2567 1406 2621 tanti
1460 2566 1660 2637 ingenii

93 2658 387 2720 admiratus,
418 2672 586 2728 quare
611 2657 823 2712 tandem
849 2656 977 2712 dicti
1009 2657 1109 2713 viri
1139 2658 1353 2712 hortatu
1396 2667 1452 2712 et
1492 2659 1659 2712 ratioo.

92 2749 232 2804 nibus
261 2749 522 2820 impulsus
543 2750 610 2803 ad
640 2750 1070 2805 concionandum
1091 2751 1332 2805 animum
1360 2751 1564 2820 appulit
1595 2765 1660 2807 ac

92 2841 295 2896 solemni
316 2842 402 2896 die
421 2857 530 2912 quo
555 2855 710 2896 sacra
722 2839 995 2896 celebrare
1010 2841 1334 2906 instituerat,
1364 2857 1469 2896 non
1489 2843 1660 2912 impa-

90 2941 222 2985 ratus
259 2931 494 3002 quidem,
536 2931 630 2987 sed
660 2930 868 2985 viribus
897 2931 1086 3000 utique
1119 2929 1382 2996 difﬁdens,
1440 2933 1658 2989 timidus

89 3025 302 3079 accessit
329 3039 393 3078 ac
422 3025 634 3078 tametsi
659 3037 790 3078 voce
823 3023 1114 3077 admodum
1144 3023 1269 3078 exili
1299 3039 1361 3078 ac
1380 3024 1652 3078 submissa

89 3117 468 3185 pronuntiaret,
501 3116 581 3169 sic
607 3124 784 3169 tamen
815 3123 1002 3184 aperte
1028 3129 1268 3184 pureque
1311 3131 1374 3170 ac
1424 3115 1654 3172 dilucide

1769 1938 2069 1994 frustratus
2089 1939 2320 2008 tempori
2347 1940 2466 1994 etvi
2490 1941 2680 2010 majori
2707 1942 2898 1996 cedere
2926 1950 3154 1997 coactus
3175 1941 3364 2008 fuerit,

1768 2045 1891 2084 cum
1925 2030 2064 2084 malo
2093 2031 2363 2100 exemplo,
2417 2047 2521 2085 non
2572 2032 2642 2085 ab
2673 2031 2848 2102 adytis
2900 2040 3131 2099 tantum,
3166 2033 3262 2088 sed
3296 2033 3367 2088 ab

1768 2121 1917 2175 aditu
1967 2123 2214 2176 ecclesiae
2252 2123 2371 2178 sine
2424 2137 2584 2178 causa
2619 2131 2899 2179 arceretur
2949 2131 3004 2180 et
3039 2123 3365 2195 episcopalis

1766 2213 1959 2268 domus
1983 2224 2135 2284 septo
2165 2215 2647 2286 constringeretur,
2673 2217 2808 2271 adeo
2844 2227 2902 2271 nt
2931 2217 3093 2272 nullis
3121 2218 3364 2289 episcopi

1763 2301 1953 2358 ofﬁciis
1981 2303 2126 2374 fungi
2159 2315 2358 2374 posset.
2391 2305 2632 2361 Tandem
2654 2323 2722 2361 ne
2746 2308 2874 2376 quid
2914 2309 3189 2364 omitteret
3218 2311 3364 2380 quod

1763 2391 2185 2462 simplicioribus
2215 2403 2269 2448 et.
2293 2395 2784 2464 scrupulosioribus
2807 2397 3004 2454 animis
3041 2398 3360 2456 Satisfacere

1762 2482 2033 2549 crederet,
2061 2485 2279 2538 tametsi
2313 2485 2553 2550 minime,
2580 2488 2721 2556 quod
2752 2488 2818 2542 ad
2851 2488 3029 2558 ipsum
3073 2490 3356 2559 spectabat

1764 2571 2048 2641 indigeret,
2078 2587 2142 2628 eo
2161 2587 2220 2628 se
2258 2573 2460 2628 dimisit
2489 2573 2790 2645 abjecitque
2843 2585 2903 2631 ut
2932 2578 3166 2647 primum
3197 2579 3360 2634 abso-

1760 2661 2020 2717 lutionem
2044 2663 2110 2717 ad
2128 2663 2417 2727 cautelam,
2440 2671 2498 2718 ut
2522 2672 2740 2729 vocant,
2762 2673 2998 2732 peteret;
3030 2665 3359 2736 demumqne

1760 2751 1972 2820 plenam
2003 2759 2060 2805 et
2085 2751 2385 2807 absolutam
2409 2767 2436 2805 a
2453 2767 2664 2807 summo
2684 2752 2937 2822 pontifice
2970 2755 3239 2810 obtineret
3261 2771 3360 2826 per

1758 2837 2189 2895 illustrissimum
2218 2841 2452 2912 legatum
2475 2841 2563 2896 cui
2608 2842 2959 2912 peculiariter
2987 2845 3041 2899 in
3079 2847 3349 2903 mandatis

1756 2938 1959 2984 eratut
1987 2947 2374 3003 usquequaque
2405 2933 2532 2988 dicti
2559 2934 2794 3004 episcopi
2828 2935 3097 2992 desiderio
3125 2936 3352 3004 faceret,

1757 3020 1910 3084 satis,
1950 3021 2104 3091 cujus
2133 3021 2233 3092 ipsi
2260 3031 2459 3093 legato,
2481 3035 2541 3077 ut
2587 3031 2643 3079 et
2684 3025 2927 3094 pontifici
2960 3029 3198 3084 maximo
3224 3031 3351 3086 vita:

1759 3108 2043 3178 integritas
2074 3111 2459 3166 honestissima
2482 3122 2536 3168 et
2563 3113 2965 3185 religiosissima
3005 3119 3348 3176 conversatio

91 3178 235 3260 animi
262 3220 417 3260 sensa
439 3178 702 3275 expressit
725 3212 982 3272 tantoque
1005 3203 1289 3259 verborum
1337 3203 1544 3260 delectu
1588 3220 1653 3261 ac
1682 3178 1726 3239 (ἶ
1758 3201 1971 3272 aliaque
1993 3203 2185 3258 merita
2210 3203 2486 3272 patebant.

89 3299 246 3366 capia,
296 3306 448 3351 tanto
495 3295 886 3351 sententiarum
934 3295 1190 3365 pondere,
1242 3303 1349 3350 tam
1393 3297 1654 3366 praeclaro

89 3392 298 3462 denique
318 3391 507 3447 ordine
535 3391 687 3454 dixit,
721 3399 779 3444 ut
805 3388 1004 3443 eruditi
1048 3389 1318 3444 doctiores
1340 3391 1651 3456 evaderent,

89 3480 303 3549 imperiti
330 3487 386 3534 et
413 3478 608 3549 plebeii
649 3478 900 3532 meliores
922 3486 977 3532 et
998 3477 1064 3532 ad
1087 3477 1303 3546 pietatis
1328 3477 1499 3532 ofﬁcia
1527 3496 1656 3535 con.

89 3573 344 3627 citatiores
373 3573 605 3626 abirent.
627 3571 760 3626 Cum
812 3571 928 3628 bmc
958 3573 1278 3627 concionum
1324 3564 1653 3645 progyinna-

91 3673 248 3718 smata
272 3674 380 3718 tam
417 3663 629 3718 felicem
679 3677 989 3718 successum
1037 3663 1372 3731 habuissent,
1425 3666 1655 3721 alacrius

89 3756 239 3810 multo
289 3771 499 3811 summa
540 3771 661 3810 cum
714 3755 1035 3810 assiduitate
1092 3757 1194 3811 hoc
1230 3757 1652 3812 ecclesiasticum

89 3861 264 3901 munus
289 3837 509 3916 exsequi
535 3847 774 3916 perrexit
793 3861 855 3900 ac
881 3845 1024 3899 nullo
1045 3847 1296 3915 deinceps
1319 3847 1544 3902 solemni
1569 3848 1654 3902 die

90 3945 135 3989 et
163 3937 294 3992 festo
348 3937 720 3992 anniversario
765 3938 934 3991 sacris
980 3938 1194 4006 operari
1244 3953 1307 3992 ac
1345 3939 1653 3995 concionari

99 4025 390 4093 intermisit,
437 4043 558 4082 cum
588 4028 726 4096 apud
759 4042 972 4098 gregem
1004 4027 1242 4083 residere
1270 4028 1476 4095 liceret,
1527 4044 1653 4084 con-

91 4117 282 4172 cionum
331 4117 815 4193 γετοζπροθεωρίας
849 4133 1057 4172 summa
1104 4120 1279 4189 capita
1323 4129 1377 4174 et
1419 4122 1654 4176 auctori-

92 4213 208 4262 tates
229 4207 439 4263 Latinis
465 4207 644 4263 verbis
687 4209 752 4262 ad
795 4206 1022 4262 formam
1062 4210 1404 4265 homiliarum
1436 4219 1654 4266 contex-

91 4304 159 4350 tas
186 4309 412 4353 etmanu
436 4314 529 4354 sua
555 4307 806 4354 exaratas
835 4299 1068 4368 reliquit.
1097 4299 1303 4356 Exinde
1322 4311 1462 4356 totus
1493 4303 1656 4372 cmpit

93 4386 300 4458 eloquiis
324 4390 514 4456 sacris,
535 4398 593 4464 et
617 4389 927 4446 Graecorum
959 4391 1382 4464 Latinorumque
1435 4393 1653 4449 Patrum

92 4481 283 4550 scriptis
313 4481 629 4538 incumbere
658 4493 818 4553 atque
853 4485 920 4538 ad
948 4485 1088 4540 hanc
1125 4487 1653 4543 vehementissimam

93 4573 215 4628 sitim
242 4576 558 4633 eorumdem
605 4575 772 4632 libros
803 4577 1112 4648 perlegendi
1165 4579 1483 4650 explendam
1532 4589 1660 4636 ante

91 4667 255 4724 horam
278 4670 523 4740 quintam
539 4670 852 4723 matutinam
875 4679 996 4739 post
1020 4669 1167 4724 fusas
1188 4669 1252 4724 ad
1279 4669 1445 4725 Deum
1473 4685 1661 4740 preces

90 4772 253 4816 musco
277 4777 335 4816 se
356 4761 608 4825 abdebat,
634 4759 806 4815 donec
821 4761 1039 4829 quidam
1061 4760 1305 4816 canonici
1325 4777 1446 4816 cum
1477 4761 1660 4838 dome-

90 4851 222 4907 sticis
273 4853 598 4908 accederent
653 4852 719 4907 ad
769 4851 1136 4906 comitandum
1191 4866 1313 4907 eum
1365 4851 1430 4905 ad
1483 4852 1652 4906 :edem

91 4956 279 4998 sacram
311 4953 366 5000 et
392 4944 685 4999 solemnem
708 4943 889 4998 missa:
915 4943 1211 5014 liturgiam,
1240 4943 1393 5011 cujus
1413 4943 1651 5000 celebra-

93 5034 205 5089 tioni
233 5049 448 5108 semper
472 5035 734 5089 intererat
771 5034 822 5088 in
845 5035 1012 5090 choro
1043 5050 1163 5090 cum
1203 5035 1390 5090 habitu
1439 5035 1651 5092 decenti

93 5135 136 5179 et
158 5129 534 5183 canonicorum
561 5127 800 5197 proprio,
822 5126 911 5181 ubi
930 5125 1284 5182 confessionis
1306 5129 1538 5183 formula
1557 5145 1652 5200 pro

94 5229 223 5271 more
251 5217 508 5272 Ecclesia:
564 5217 616 5270 in
651 5217 828 5271 missa:
881 5217 1104 5271 introitu
1136 5219 1366 5273 recitata
1407 5218 1459 5272 in
1501 5221 1651 5274 exitu

93 5300 502 5362 benedictionem
551 5321 702 5360 suam
733 5306 1053 5371 exhibebat;
1097 5305 1219 5362 inde
1247 5307 1313 5361 ad
1365 5308 1649 5377 prandium

96 5404 200 5446 cum
228 5394 469 5448 convivis
514 5393 821 5455 accedebat,
879 5393 1021 5448 inter
1049 5408 1182 5464 quos
1228 5395 1414 5449 aderat
1441 5410 1655 5465 semper

96 5480 266 5551 aliquis
301 5501 370 5540 ex
430 5483 692 5552 dignitate
744 5484 952 5537 ornatis
992 5483 1079 5537 vel
1134 5484 1410 5540 canonicis
1458 5493 1655 5554 prmter

99 5568 550 5628 hebdomadarium
581 5587 612 5624 a
658 5587 763 5641 quo
811 5587 1025 5626 sacrum
1081 5573 1406 5628 celebratum
1455 5575 1650 5629 fuerat.

97 5656 217 5715 Inter
259 5661 454 5732 pocula
505 5662 667 5716 etiam
719 5674 995 5718 sermones
1039 5662 1106 5718 de
1137 5663 1332 5718 litteris
1384 5671 1439 5718 et
1489 5664 1652 5720 rebus

93 5749 313 5810 honestis
338 5753 698 5820 habebantur,
715 5760 770 5806 ut
798 5751 912 5823 ejus
931 5767 1116 5809 mensa
1139 5752 1259 5824 jure
1292 5753 1396 5810 dici
1414 5754 1652 5826 potuerit

1825 3292 1938 3349 Hoc
1966 3309 2094 3364 ergo
2125 3295 2418 3352 incredibili
2444 3296 2635 3352 solatio
2658 3297 2758 3352 fuit
2795 3300 3069 3372 episcopo,
3101 3317 3224 3358 cum
3255 3305 3352 3361 had

1755 3387 1926 3451 heret,
1951 3387 2092 3456 quod
2120 3387 2312 3442 avebat
2335 3389 2592 3454 maxime,
2619 3399 2673 3444 et
2693 3389 2921 3445 liberum
2943 3393 3055 3463 jam
3103 3403 3158 3449 et
3206 3405 3354 3452 esset

1755 3478 1952 3532 muniis
1973 3475 2267 3547 officiisque
2295 3479 2676 3534 ecclesiasticis
2717 3480 2956 3550 defungi,
2980 3497 3100 3551 quae
3144 3484 3212 3540 ab
3264 3487 3348 3540 in-

1755 3575 1908 3637 tegro
1929 3575 2320 3636 aggressus'est
2342 3569 2516 3637 primo
2542 3583 2753 3637 quoque
2783 3576 3024 3640 tempore
3047 3573 3352 3630 aconcione

1755 3671 1930 3719 sacra,
1966 3666 2148 3726 utpote
2175 3659 2350 3727 primo
2377 3659 2754 3728 prtecipuoque
2773 3659 2947 3716 officio
2976 3678 3139 3732 quam
3162 3665 3352 3721 habuit

1755 3749 1842 3803 die
1888 3749 2154 3813 cinerum,
2201 3750 2376 3817 primo
2409 3749 2865 3818 Quadragesimm,
2899 3753 3085 3806 eodem
3129 3753 3347 3819 affectu,

1755 3842 1870 3910 pari
1900 3842 2159 3895 modestia
2182 3842 2477 3910 eodemque
2502 3840 2614 3894 fere
2640 3850 2794 3910 gestu
2825 3857 2932 3910 quo
2953 3857 3339 3910 consueverat,

1755 3932 1898 3986 nulla
1925 3931 2082 4001 plane
2110 3931 2514 4001 perturbatione
2547 3941 2849 3987 commotus
2874 3933 2942 3987 ab
2988 3934 3133 3987 omni
3175 3935 3351 3990 viridi-

1755 4034 1855 4078 etas
1881 4023 2171 4092 cupiditate
2194 4023 2348 4088 liber,
2398 4022 2557 4077 nullis
2578 4037 2706 4077 usus
2732 4024 3086 4092 querimoniis
3115 4035 3170 4080 et
3199 4027 3351 4081 inve-

1755 4113 1910 4169 clivis
1940 4114 1991 4166 in
2014 4113 2239 4182 injurias
2268 4111 2369 4166 sibi
2387 4111 2562 4165 illatas
2587 4121 2641 4166 et
2664 4111 2920 4178 offensas,
2952 4129 3017 4168 ac
3041 4118 3345 4184 protervias

1755 4221 1972 4260 suorum
1995 4223 2008 4258 :
2038 4204 2181 4274 quod
2203 4203 2397 4257 mirum
2421 4203 2696 4273 plerisque
2709 4203 2882 4258 visum
2904 4212 3006 4271 est,
3034 4207 3124 4276 qui
3147 4221 3350 4276 prmsu-

1758 4296 1860 4350 lem
1891 4297 2039 4350 intus
2063 4304 2118 4350 et
2143 4292 2310 4363 probe
2333 4309 2439 4347 non
2462 4301 2752 4348 noverant:
2780 4302 2836 4348 at
2862 4293 3005 4350 enim
3048 4296 3346 4352 ulciscendi

1757 4387 1979 4441 minime
2013 4386 2237 4454 cupidus
2301 4383 2422 4448 fuit,
2455 4392 2510 4438 et
2542 4384 2608 4438 ad
2658 4383 2976 4452 injuriarum
3032 4388 3349 4443 memoriam

1759 4476 2027 4531 oblivione
2055 4475 2337 4530 delendam
2393 4474 2798 4542 paratissimus;
2859 4475 3016 4543 paulo
3061 4486 3236 4531 tamen
3280 4480 3349 4534 ad

1767 4567 1904 4620 iram
1931 4563 2223 4634 proclivior
2249 4571 2365 4618 erat
2389 4577 2551 4630 quam
2585 4562 2740 4618 facile
2778 4565 2995 4634 citoque
3041 4568 3347 4634 coercebat,

1767 4671 1865 4711 nec
1887 4670 2122 4725 unquam
2151 4653 2312 4708 alicui
2355 4653 2549 4708 delicta
2578 4654 2850 4724 praeterita
2895 4655 3155 4725 probrose
3202 4657 3350 4725 obje-

1765 4744 1946 4800 ctabat
1969 4760 1984 4808 ;
2010 4743 2254 4808 tetricus,
2287 4758 2532 4808 severus,
2563 4759 2711 4808 acer,
2735 4742 2966 4798 difficilis
3007 4760 3258 4802 accessus
3282 4763 3349 4802 ac

1762 4848 2009 4888 morosus
2033 4833 2188 4904 vulgo
2218 4833 2526 4898 ferebatur;
2551 4831 2813 4910 ejusmodi
2857 4843 3033 4889 tamen
3063 4834 3130 4890 ab
3161 4835 3227 4890 iis
3255 4837 3350 4908 qui

1762 4926 2072 4996 aliquandiu
2103 4926 2272 4996 ipsius
2295 4925 2701 4981 consuetudinis
2724 4927 3004 4982 consortio
3026 4927 3108 4982 usi
3134 4927 3350 4983 fuerant

1758 5034 1863 5073 non
1888 5019 2207 5073 habebatur.
2235 5017 2428 5072 Verum
2451 5018 2724 5082 cordatus,
2753 5018 3350 5086 quadratus,candidus

1759 5107 2181 5179 agnoscebatur:
2230 5108 2427 5178 quippe
2475 5124 2598 5164 cum
2653 5108 2897 5164 Romano
2928 5125 3097 5175 more,
3148 5125 3245 5165 ore
3285 5109 3349 5163 li-

1756 5201 1888 5256 bero
1909 5199 2241 5268 loqueretur,
2265 5213 2368 5254 non
2393 5199 2640 5254 simulate
2659 5241 2673 5265 ,
2702 5215 2825 5254 cum
2871 5199 3214 5254 dissimulare
3256 5213 3348 5252 ne-

1758 5293 2026 5358 sciret,ne
2044 5292 2182 5361 apud
2211 5305 2465 5362 proceres
2494 5291 2711 5361 quidem
2739 5307 2803 5347 ac
2825 5292 3096 5362 principes
3117 5296 3350 5360 quoruni

1758 5384 1982 5438 auribus
2008 5383 2141 5438 nihil
2163 5382 2325 5437 dabat
2351 5397 2452 5438 nec
2493 5383 2705 5452 palpum
2750 5383 3041 5438 obtrudere
3096 5397 3345 5450 noverat,

1760 5483 1969 5529 tantum
1999 5475 2151 5529 abest
2172 5482 2230 5529 ut
2252 5475 2305 5528 iu
2337 5488 2523 5528 eorum
2554 5473 2782 5545 gratiam
2810 5473 3102 5542 quidquam
3141 5472 3351 5531 faceret

1756 5566 1898 5634 quod
1927 5565 2198 5620 honestati
2221 5574 2273 5618 et
2296 5564 2536 5634 aequitati
2591 5562 2766 5616 minus
2793 5572 3218 5620 consentaneum
3262 5565 3348 5635 ju-

1755 5657 1984 5719 dicaret,
2012 5655 2138 5723 quin
2181 5663 2365 5725 aperte
2416 5669 2473 5711 se
2506 5669 2780 5724 nunquam
2838 5653 2892 5708 id
2927 5657 3347 5712 commissurum

1753 5750 2130 5824 proﬁtebatur.
