3898 6320
552 363 566 373 ’
584 347 684 405 591

1407 339 1694 398 APPEND.
1730 339 1822 394 AD
1859 335 2034 392 ΜΟ.
2056 332 2125 388 Χ.
2167 361 2234 372 -
2269 329 2496 386 OPERA
2530 339 2914 389 anemonas.
3694 332 3774 392 592

545 510 554 520 .
585 467 614 494 "
659 459 1021 529 Quamobrem
1064 454 1358 510 familiares
1385 469 1450 508 ac
1469 453 1750 510 domestici
1789 448 2171 523 prudentiores
2196 445 2246 507 Α
2273 443 2452 512 optimi
2479 442 2696 496 maximi
2723 440 2978 512 gloriam,
3011 437 3293 529 domusque
3336 437 3446 506 ejus
3473 437 3704 507 decorem,
3728 445 3774 497 de

587 553 855 610 cavebant
877 547 1140 618 imprimis
1169 561 1236 601 ne
1259 544 1387 614 quid
1417 545 1519 614 ipsi
1555 550 1935 616 proponerent,
1981 537 2064 593 vel
2104 537 2174 592 ab

588 648 980 712 eoposcerent,
1009 638 1151 707 quod
1196 635 1443 700 dubium,
1497 649 1716 704 anceps,
1767 641 2174 688 controversum

587 733 675 790 vel
698 733 888 788 leviter
910 739 1217 800 suspectum
1240 737 1417 792 esset;
1441 729 1524 782 sin
1550 741 1726 792 secus,
1754 723 2024 794 repulsam
2050 734 2174 775 cum

590 825 910 897 gravissima
939 820 1307 891 increpatione
1338 817 1606 872 interdum
1649 823 1981 887 paterentur.
2005 811 2175 866 Caete-

588 932 707 971 rum
723 915 868 985 pacis
889 913 1290 967 amantissimus
1317 910 1437 964 lites
1458 917 1513 963 et
1539 907 1762 964 dissidia
1787 920 1920 960 cane
1949 903 2104 974 pejus
2117 909 2174 957 et

589 1019 763 1074 angue
777 1002 1029 1072 fugiebat,
1047 1001 1278 1055 maxime
1293 1014 1415 1054 cum
1426 997 1537 1052 suis
1554 994 1828 1052 canonicis
1841 1002 1896 1048 et
1913 991 2170 1062 capitulo.

591 1097 794 1152 Musico
830 1097 1016 1166 utique
1066 1103 1332 1151 concentu
1365 1093 1769 1155 oblectabatur,
1822 1089 2177 1158 atqueinter

588 1189 828 1259 privatos
848 1187 1083 1255 parietes
1106 1186 1246 1239 inter
1273 1195 1524 1238 cantores
1547 1191 1736 1251 partes
1779 1195 1907 1235 suas
1958 1177 2172 1248 agebat.

592 1277 710 1346 Qua
733 1279 800 1333 de
823 1293 984 1332 causa
1010 1276 1165 1332 chari
1214 1276 1482 1345 praecipue
1506 1273 1820 1344 acceptique
1867 1271 1973 1340 ipsi
2020 1277 2178 1324 erant

590 1367 836 1423 canonici
867 1383 1004 1436 quos
1026 1365 1167 1420 ultro
1200 1365 1461 1435 pulpitum
1495 1365 1646 1418 adire
1693 1361 1949 1418 cantandi
1995 1360 2178 1415 animo

589 1457 940 1520 observabat,
971 1465 1030 1508 ut
1048 1452 1232 1509 caeteri
1256 1454 1530 1517 choristee,
1545 1459 1925 1522 przecentores,
1953 1463 2178 1504 succen-

593 1556 764 1611 tores,
792 1544 1108 1608 subsidiani,
1135 1543 1530 1613 symphoniaci,
1573 1541 1664 1610 qui
1714 1540 2012 1610 praesertim
2053 1552 2177 1593 cum

594 1645 788 1691 cantus
820 1635 1013 1705 peritia
1060 1634 1314 1701 vocisque
1339 1632 1654 1686 amoenitate
1684 1633 1880 1702 probos
1920 1640 1975 1685 et
2002 1630 2178 1686 eccle-

593 1728 841 1782 siasticos
864 1741 1040 1781 mores
1060 1740 1170 1794 prae
1194 1741 1251 1780 se
1269 1724 1536 1790 ferebant,
1558 1727 1777 1795 organis
1806 1726 1969 1782 etiam
1987 1721 1996 1730 ’
2016 1724 2180 1778 musi-

2275 532 2475 602 integro
2502 530 2902 584 instaurandum
2933 527 3130 582 curavit
3161 525 3311 580 1575.

2344 619 2554 690 Organa
2569 634 2706 674 nova
2736 619 2800 672 de
2823 618 3053 688 integro,
3080 616 3131 670 in
3161 614 3352 686 angulo
3377 615 3516 670 chori
3542 626 3770 672 exstruere

2274 720 2330 766 et
2359 711 2626 766 collocare
2675 708 2824 774 fecit,
2871 709 3012 764 idem
3043 709 3270 762 duorum
3320 706 3616 760 sacellorum
3658 724 3778 762 orna-

2275 809 2458 856 menta
2487 800 2634 855 dedit
2654 840 2670 864 ,
2701 815 2866 853 unum
2916 813 2946 852 e
2998 813 3175 868 panno
3206 811 3336 850 auro
3363 804 3500 850 texto
3523 837 3536 860 ,
3583 795 3701 850 aliud
3729 814 3777 852 ex

2276 891 2584 947 holuserico
2614 889 2865 959 ﬁgurato,
2900 888 3135 957 itemque
3165 887 3267 940 duo
3293 886 3598 940 candelabra
3623 901 3773 956 argen-

2277 996 2364 1043 tea
2400 986 2658 1049 donavit,
2689 993 2744 1039 et
2771 983 2838 1038 ad
2874 997 3070 1052 aquam
3125 973 3454 1035 benedictam
3500 979 3779 1034 deferendam

2276 1099 2530 1155 maguum
2555 1096 2651 1136 vas
2677 1096 2798 1136 cum
2826 1075 3164 1148 aspersorio,
3197 1075 3432 1145 duasque
3465 1090 3658 1130 acerras
3693 1076 3779 1130 sive

2278 1173 2555 1232 tburibula
2582 1213 2598 1238 ,
2639 1178 2834 1227 cuncta
2865 1185 2934 1223 ex
2979 1177 3220 1239 argento.
3265 1157 3530 1222 Postremo
3559 1166 3782 1220 ecclesiam

2278 1280 2430 1320 suam
2459 1263 2707 1317 omnibus
2735 1257 3073 1315 ornamentis
3119 1272 3216 1327 pro
3249 1255 3580 1310 facultatibus
3604 1268 3783 1309 exorna-

2279 1353 2397 1418 vit,
2440 1353 2633 1423 quibus
2682 1349 2786 1404 alia
2832 1363 3046 1418 quaque
3098 1345 3416 1415 adjecisset,
3443 1346 3538 1400 nisi
3585 1345 3784 1400 tumultus

2277 1444 2454 1499 bellici
2485 1433 2762 1498 obstaculo
2800 1442 3050 1504 fuissent,
3075 1440 3340 1510 siquidem
3357 1453 3449 1509 per
3469 1439 3611 1493 civile
3633 1439 3784 1494 bellum

2279 1549 2344 1590 eo
2371 1533 2756 1604 propemodum
2788 1531 3038 1585 redactus
3063 1540 3170 1595 est,
3190 1538 3249 1583 ut
3275 1545 3414 1598 aegre
3443 1531 3488 1583 ei
3503 1525 3785 1599 suppetereut

2278 1625 2510 1679 fortuna:
2536 1624 2602 1677 ad
2649 1638 2707 1678 se
2754 1621 3124 1691 familiamque
3154 1619 3569 1685 sustentandam,
3595 1621 3712 1690 agris
3741 1634 3786 1673 ac

2279 1717 2576 1772 redditibus
2623 1709 2692 1769 ab
2721 1713 2986 1784 Oppositis
3026 1713 3308 1782 occupatis
3353 1725 3417 1766 ac
3460 1711 3695 1781 direptis,
3735 1711 3784 1765 ob

589 1817 672 1873 cis
692 1816 979 1886 gaudebat,
1003 1823 1058 1871 et
1085 1831 1226 1885 saepe
1253 1817 1650 1871 manuclavium
1686 1816 1868 1887 digitis
1902 1817 2179 1884 increpare
2209 1818 2254 1878 Β
2283 1807 2542 1863 factiones
2565 1815 2620 1860 et
2667 1803 3006 1859 rumusculos
3033 1801 3287 1857 sinistros
3321 1817 3351 1854 a
3381 1800 3664 1863 malevolis,
3703 1800 3784 1852 ari-

595 1913 720 1958 ante
748 1905 1029 1974 prandium
1055 1904 1298 1970 amabat,
1324 1913 1384 1958 ut
1417 1903 1642 1960 hilarior
1682 1915 1804 1976 post
1855 1904 2180 1976 gravissima

591 1995 771 2048 studia
804 2009 1003 2048 mensa:
1030 1994 1396 2048 accumberet.

677 2083 783 2138 Sed
808 2084 874 2138 ad
899 2084 1147 2153 graviora
1176 2092 1230 2137 et
1252 2084 1506 2152 episcopo
1534 2085 1704 2156 magis
1737 2085 1930 2140 decora
1955 2084 2180 2155 gradum

601 2171 886 2236 faciamus,
909 2189 1033 2228 cum
1064 2173 1117 2227 in
1141 2174 1452 2243 episcopatu
1479 2175 1742 2230 resideret
1768 2175 2060 2245 Amyotus,
2089 2188 2180 2228 so-

601 2263 886 2329 lemnibus,
920 2263 1408 2332 anniversariisque
1425 2262 1578 2319 festis
1609 2264 2070 2335 diebus,ipsemet
2097 2280 2184 2320 sa-

599 2353 708 2408 eris
737 2353 1084 2422 operabatur;
1135 2355 1384 2424 idemque
1413 2355 1724 2410 meridianis
1766 2356 1919 2410 horis
1966 2356 2183 2410 concio-

601 2445 851 2510 nabatur,
878 2445 1101 2512 ideoque
1125 2460 1218 2499 eos
1245 2446 1335 2514 qui
1365 2445 1414 2498 ei
1442 2446 1886 2501 ministraverant
1911 2448 1977 2501 ad
2010 2447 2184 2500 altare

601 2546 656 2590 et
687 2536 741 2588 in
767 2537 938 2600 choro
967 2537 1017 2588 in
1044 2552 1199 2591 sacro
1223 2536 1401 2590 missa:
1419 2536 1683 2591 sacriﬁcio
1704 2537 1790 2590 die
1812 2537 1951 2591 luna:
1972 2545 2183 2590 tantum

603 2625 927 2693 excipiebat;
962 2625 1253 2680 Dominicis
1292 2642 1420 2680 vero
1447 2626 1634 2680 diebus
1670 2634 1726 2680 et
1753 2626 1958 2680 feriatis
1994 2627 2182 2694 primis

603 2714 845 2783 vesperis
885 2715 1148 2784 privilegii
1181 2715 1462 2778 intererat,
1508 2724 1564 2770 et
1590 2713 1726 2770 festo
1775 2716 1861 2770 die
1905 2715 2184 2769 matutinis

605 2805 916 2872 psalmodiis
942 2815 998 2860 et
1039 2806 1472 2875 precationibus,
1502 2823 1532 2861 e
1577 2823 1804 2875 quarum
1847 2823 2066 2878 egressu
2115 2808 2184 2862 ad

606 2895 866 2948 sacellum
901 2895 1008 2948 ibat
1036 2897 1122 2964 pie
1145 2895 1475 2950 celebratum
1510 2897 1730 2952 missam
1773 2896 1854 2965 (ut
1875 2914 1971 2968 per
1997 2899 2183 2967 singu-

599 2979 684 3035 los
719 2982 995 3036 Adventus
1019 2993 1071 3035 et
1102 2983 1534 3053 Quadragesinue
1574 2986 1686 3038 dies
1721 2985 1946 3054 solebat)
1989 2986 2182 3040 deinde

600 3073 826 3142 majoris
855 3081 935 3144 (ut
958 3078 1177 3143 vocant)
1203 3077 1381 3128 missae
1409 3075 1754 3130 celebrationi
1777 3083 1832 3129 et
1863 3075 2184 3146 vespertinis

601 3251 790 3319 majori
823 3251 1052 3320 litnrgiae
1089 3268 1244 3306 sacro
1271 3255 1480 3318 aderat,
1524 3269 1630 3323 qua
1672 3255 1948 3310 celebrata
1979 3257 2184 3310 hebdo-

603 3343 878 3397 madarius
905 3344 972 3397 ad
997 3345 1243 3412 praesulis
1265 3346 1550 3414 prandium
1575 3347 1896 3412 accedebatl;
1925 3357 2188 3416 praeterea

604 3432 821 3486 etiamsi
847 3433 1202 3487 concionandi
1231 3450 1452 3490 munere
1477 3435 1808 3506 fungeretur,
1836 3451 1978 3491 cura:
2012 3447 2187 3492 tamen

605 3523 908 3576 habebatut
937 3524 1180 3579 eruditos
1206 3535 1262 3579 et
1291 3528 1547 3594 probatos
1573 3528 1720 3582 viros
1747 3529 2103 3598 perquireret,
2136 3541 2190 3585 et

604 3622 933 3678 accerseret,
985 3615 1162 3682 quiin
1210 3617 1437 3670 ecclesia
1486 3633 1582 3671 sua
1612 3619 2094 3686 concionarentur,
2138 3630 2194 3676 et

603 3716 701 3769 per
728 3717 941 3756 onmem
974 3703 1249 3758 dioecesim
1271 3747 1285 3772 ,
1331 3722 1394 3760 ac
1427 3709 1766 3776 potissimum
1815 3710 1867 3763 in
1895 3711 2105 3780 Oppidis
2136 3712 2188 3765 in

607 3791 806 3862 quibus
833 3794 1094 3862 quosdam
1126 3810 1275 3848 nova:
1307 3797 1582 3865 religionis
1609 3808 1907 3854 sectatores
1929 3810 1983 3854 et
2013 3801 2188 3854 luere-

606 3882 748 3936 ticos
774 3884 974 3936 versari
999 3885 1262 3950 audierat,
1281 3895 1336 3938 ut
1358 3897 1484 3955 puta
1502 3887 1698 3954 Giemi,
1725 3891 1789 3944 ad
1811 3891 1924 3944 haec
1944 3892 2194 3945 commit-

613 3975 764 4027 tebat
791 3989 851 4026 ac
875 3976 1204 4044 prailiciebat
1232 3980 1487 4032 cantoriee
1508 3981 1755 4047 dignitati
1779 3983 1997 4052 capituli
2022 3984 2193 4038 sancti

608 4062 867 4133 Stephani
893 4065 1132 4119 ecclesiae
1156 4066 1301 4132 pium
1330 4067 1545 4121 doctum
1569 4079 1624 4122 et
1655 4071 1973 4138 prudentem
1995 4073 2189 4138 virum,

617 4155 874 4223 idemque
906 4157 956 4208 in
991 4157 1112 4211 aliis
1142 4157 1384 4221 urbibus,
1417 4175 1644 4227 quarum
1690 4163 2007 4217 sacerdotiis
2032 4179 2194 4232 paro-

607 4243 876 4298 chialibus
911 4245 1009 4298 rite
1035 4245 1360 4313 providerat.
1414 4246 1584 4302 Porro
1633 4265 1755 4304 cum
1794 4251 1860 4304 ad
1907 4252 2191 4307 ecclesiam

609 4333 1136 4389 Antissiodorensem
1161 4337 1391 4405 primum
1417 4341 1648 4394 accessit
1669 4343 1874 4396 ruentis
1895 4344 2190 4399 assimilem

613 4422 760 4478 intus
786 4433 840 4478 et
882 4423 934 4477 in
960 4424 1221 4494 penetrali
1264 4427 1545 4496 comperit.
1600 4429 1782 4499 Itaque
1808 4446 1925 4485 eam
1971 4434 2194 4488 reticere

2282 1899 2366 1953 dis
2394 1906 2447 1953 et
2471 1895 2775 1951 ambitiosis
2803 1893 3137 1964 famigerulis
3163 1889 3349 1957 fictos,
3377 1901 3599 1946 castrum
3628 1890 3786 1960 Ragen-

2282 2005 2476 2046 narum
2501 1988 2770 2059 quondam
2813 1981 3232 2057 pulcherrimum
3267 1995 3322 2039 et
3357 1982 3571 2038 miriﬁce
3596 1991 3784 2037 const'u-

2282 2090 2427 2135 ctum
2453 2090 2510 2136 et
2534 2087 2854 2135 exornatum
2892 2078 3141 2133 incendio
3161 2079 3232 2132 ab
3264 2076 3526 2133 hatreticis
3549 2073 3782 2144 conﬂagra-

2284 2179 2397 2226 tum
2425 2170 2496 2224 ita
2531 2170 2825 2240 reparavit,
2859 2177 2919 2222 ut
2948 2167 3061 2238 ipse
3082 2182 3206 2223 cum
3237 2175 3347 2221 tota
3372 2165 3565 2220 familia
3599 2172 3645 2218 et
3664 2163 3784 2217 etiam

2284 2277 2406 2317 cum
2438 2261 2852 2316 adventantibus
2873 2260 3064 2315 amicis
3097 2258 3383 2314 commode
3411 2258 3463 2312 in
3501 2271 3560 2312 eo
3600 2255 3787 2309 habitare

2284 2361 2487 2420 posset.
2538 2351 2682 2405 Idem
2751 2350 3091 2421 gymnasium
3160 2348 3397 2418 amplum
3437 2355 3490 2402 et
3535 2343 3786 2416 praeclarum

2285 2451 2629 2499 exstruxerat
2667 2443 3028 2499 Antissiodori
3055 2484 3070 2507 ,
3128 2444 3181 2497 in
3215 2450 3514 2511 opportuna
3562 2438 3785 2493 admodum

2285 2533 2433 2587 urbis
2469 2533 2717 2602 regione,
2743 2542 2796 2585 et
2823 2546 2946 2586 aere
2975 2531 3176 2586 salubri
3205 2572 3219 2597 ,
3268 2545 3459 2600 nempe
3501 2529 3628 2582 inter
3663 2525 3788 2579 eccle-

2285 2623 2422 2677 siam
2458 2623 2826 2678 catliedralem
2860 2624 3030 2678 sancti
3059 2623 3322 2691 Stephani
3353 2631 3408 2677 et
3444 2621 3682 2676 abbatiam
3707 2617 3784 2670 diri

2286 2715 2565 2780 Germani,
2590 2715 2642 2768 in
2675 2730 2781 2784 quo
2807 2715 3083 2769 societatis
3111 2697 3236 2769 Jesu
3277 2713 3464 2768 Patres
3493 2713 3786 2768 destinaverat

2287 2805 2621 2858 constituere
2661 2805 2728 2858 ad
2759 2805 3095 2872 juventutem
3125 2805 3368 2859 civitatis
3396 2814 3448 2858 et
3489 2803 3787 2872 indigenarum

2287 2895 2636 2948 erudiendam
2661 2935 2675 2959 ,
2707 2904 2764 2948 et
2791 2896 2976 2965 probis
3022 2896 3268 2950 moribus
3294 2935 3308 2960 ,
3338 2895 3589 2950 catholica
3615 2892 3788 2962 pietate,

2285 2984 2549 3053 bonisque
2574 2984 2766 3039 litteris
2796 2985 3169 3050 imbuendum,
3197 2986 3363 3038 etiam
3405 2998 3564 3053 usque
3587 2982 3643 3036 ad
3682 2981 3789 3032 theo-

2288 3073 2459 3144 logica
2484 3075 2681 3139 studia,
2718 3084 2776 3129 ut
2805 3084 3016 3130 constat
3039 3091 3105 3130 ex
3143 3084 3305 3144 pacto
3338 3083 3392 3129 ct
3416 3082 3656 3129 convento
3695 3071 3790 3122 inito

597 3164 849 3232 precibus
878 3164 1152 3217 intererat.
1184 3164 1405 3221 Caeteris
1435 3166 1623 3219 diebus
1667 3174 1724 3219 et
1751 3165 1902 3220 feriis
1932 3165 2186 3235 profestis
2215 3160 2259 3221 C
2291 3182 2412 3221 cum
2447 3166 2609 3222 Patre
2637 3167 2933 3237 Pigenatio,
2967 3167 3055 3236 qui
3086 3166 3230 3220 lente
3257 3167 3418 3220 nimis
3462 3177 3512 3220 et
3540 3163 3698 3233 frigide
3727 3173 3792 3212 ne-

2288 3260 2488 3328 gotium
2517 3266 2804 3312 exsecutus
2818 3267 2922 3323 est,
2951 3258 3124 3312 donec
3139 3258 3426 3328 episcopus
3446 3256 3610 3327 egredi
3629 3260 3791 3308 coactus

2290 3347 2452 3402 fuerit
2473 3349 2538 3402 ad
2569 3363 2747 3418 regem
2771 3348 2954 3403 Blaesis
2979 3349 3435 3412 conveniendum,
3459 3347 3541 3400 ubi
3562 3349 3789 3400 conventus

2284 3435 2499 3505 juridici
2524 3437 2875 3492 habebantur
2896 3479 2912 3502 ,
2968 3436 3192 3506 proinde
3241 3437 3507 3507 negotium
3534 3433 3716 3488 dilatum
3747 3423 3791 3477 ad

2291 3525 2532 3595 ejusdem
2556 3527 2801 3595 praesulis
2825 3526 3056 3579 reditum
3083 3565 3097 3589 ,
3121 3535 3175 3578 et
3203 3527 3352 3594 pium
3385 3524 3506 3578 illud
3537 3535 3650 3591 opus
3675 3518 3791 3570 inter-

2291 3618 2516 3671 missum
2545 3617 2662 3682 fuit,
2691 3634 2796 3671 non
2827 3618 2968 3687 quod
3018 3619 3357 3687 propositum
3389 3621 3656 3674 mutasset,
3682 3604 3788 3672 cujus

2294 3718 2452 3760 tenax
2483 3715 2601 3760 erat
2629 3725 2641 3760 :
2671 3707 2887 3762 eosdem
2919 3707 3106 3761 Patres
3157 3708 3334 3761 reditu
3387 3706 3523 3760 mille
3570 3710 3787 3756 aureorum

2293 3811 2636 3849 nummorum
2664 3796 2855 3850 dotare
2881 3804 3180 3860 statuerat,
3214 3812 3338 3851 cum
3372 3795 3511 3849 mille
3533 3787 3730 3847 ducentis
3752 3779 3792 3835 Ιί-

2296 3886 2409 3940 bris
2458 3886 2897 3952 Turoneusibus,
2945 3897 3005 3940 ut
3047 3887 3170 3941 inde
3196 3885 3574 3956 supellectilem
3617 3888 3791 3934 commo-

2295 3980 2418 4032 dam
2459 3993 2524 4032 ex
2553 3979 2720 4032 animi
2748 3979 3038 4042 sententia,
3073 3987 3364 4048 antequam
3393 3975 3601 4030 Parisiis
3633 3965 3792 4040 egrede-

2296 4079 2505 4134 rentur,
2533 4070 2631 4124 sibi
2678 4080 3084 4139 compararent;
3118 4071 3212 4125 sed
3241 4069 3464 4123 dissidia
3488 4063 3710 4120 bellorum
3733 4054 3786 4107 ci-

2294 4159 2478 4213 vilium
2503 4167 2689 4212 esorta
2723 4161 2822 4213 sub
2852 4159 3010 4213 finem
3033 4166 3384 4222 conventum,
3413 4165 3464 4211 et
3495 4149 3712 4221 relegatio
3727 4142 3790 4196 le-

2295 4251 2561 4304 suitarum
2606 4265 2638 4304 e
2673 4249 2860 4304 Galliis
2906 4251 3009 4304 hoc
3064 4265 3341 4318 nunquam
3401 4247 3529 4302 satis
3579 4240 3789 4294 laudatum

2298 4339 2601 4394 institutum
2652 4340 3084 4409 prohibuerunt,
3134 4355 3244 4393 non
3312 4349 3484 4394 tamen
3524 4325 3660 4404 plane
3706 4322 3790 4378 irri-

2303 4439 2412 4483 tum
2467 4430 2782 4486 elfecerunt.
2842 4430 2978 4485 Nam
3043 4427 3238 4500 praesul
3316 4433 3400 4484 in'
3433 4445 3525 4484 sua
3581 4422 3790 4478 ιὀιυιιιειθ

613 4521 669 4567 et
707 4513 1012 4568 instaurare.
1056 4515 1224 4585 coepit
1252 4529 1283 4568 a
1331 4517 1497 4572 choro
1527 4525 1582 4572 et
1634 4496 1947 4590 augustiore
1995 4522 2194 4588 altari,
2222 4496 2274 4556 D
2303 4522 2581 4593 perstitit,
2631 4535 2692 4576 ut
2733 4524 3073 4592 gymnasium
3127 4539 3156 4577 a
3199 4536 3258 4578 se
3297 4529 3645 4578 constructum
3682 4504 3791 4563 insli-

616 4619 736 4673 qua:
767 4605 834 4657 ab
865 4605 1070 4675 integro
1103 4608 1399 4676 reparavit,
1429 4618 1483 4662 et
1510 4624 1606 4663 sex
1634 4609 1901 4666 columnis
1944 4612 2196 4668 fusilibus

618 4707 650 4747 e
676 4708 843 4762 cupro
871 4695 1123 4759 munivit,
1169 4704 1224 4750 et
1259 4696 1576 4764 exornavit,
1623 4715 1746 4754 cum
1781 4699 1918 4770 pedo
1945 4717 2038 4755 seu
2068 4703 2200 4756 lituo

619 4781 936 4836 imminente
981 4799 1089 4837 arae
1122 4787 1381 4855 apostica
1429 4797 1614 4856 parte,
1665 4789 1858 4844 deinde
1913 4791 2202 4844 cathedras

619 4871 758 4926 altas
786 4880 841 4927 et
889 4873 1120 4930 humiles
1166 4877 1232 4931 ab
1284 4887 1512 4947 utroque
1549 4878 1702 4932 chori
1747 4879 1917 4934 latere
1957 4881 2198 4935 construi

620 4961 785 5028 fecit,
820 4965 884 5018 ad
933 4966 1115 5020 sedem
1145 4967 1468 5038 dignitatum
1498 4976 1553 5022 et
1595 4971 2012 5036 canonicorum,
2043 4979 2098 5024 et
2144 4971 2199 5025 in

622 5064 864 5112 extrema
906 5072 1263 5128 supremaque
1293 5069 1448 5129 parte
1479 5059 1654 5115 dextri
1702 5059 1916 5127 lateris,
1948 5062 2200 5116 thronum

623 5149 981 5220 episcopalem
1036 5152 1090 5205 in
1136 5167 1242 5221 quo
1267 5153 1455 5208 sedere
1498 5168 1615 5208 mos
1655 5164 1740 5209 est
1782 5155 2009 5209 antistiti
2030 5154 2203 5211 ollicio

623 5239 900 5309 fungenti,
933 5248 989 5293 et
1033 5240 1086 5294 in
1117 5249 1360 5296 extremo
1387 5245 1540 5298 cbori
1590 5243 1707 5299 loco
1745 5254 1800 5300 et
1847 5245 1898 5298 in
1929 5247 2204 5314 superiore

628 5331 807 5385 tabula
842 5332 955 5386 haec
980 5331 1143 5386 verba
1166 5334 1434 5389 subscribi
1461 5336 1628 5390 voluit
1653 5355 1664 5390 :
1691 5335 1922 5391 Jacobus
1950 5342 2199 5409 Amyotus

627 5420 976 5475 Antissiodori
1002 5423 1272 5494 episcopus
1292 5463 1308 5490 ,
1351 5441 1469 5478 cum
1495 5442 1527 5479 a
1566 5428 1914 5494 perduellibus
1949 5430 2204 5484 htrreticis

629 5511 764 5580 [cede
798 5511 1118 5580 laceratum,
1168 5515 1460 5585 direptum,
1509 5521 1929 5591 ornamentisque
1969 5522 2206 5577 omnibus

631 5600 910 5669 spoliatum
941 5606 1210 5667 reperisset
1253 5608 1350 5660 hoc
1399 5607 1678 5676 templum,
1729 5609 2010 5664 exhedram
2054 5612 2207 5664 istaut

633 5684 818 5739 divinis
852 5685 1096 5746 laudibus
1137 5691 1470 5748 concinendis
1503 5695 1944 5751 accommodatam
1965 5733 1980 5761 ,
2012 5697 2078 5749 ad
2113 5695 2208 5750 Dei

2310 4612 2810 4681 tuendrejuvcntuti
2834 4611 3219 4676 destinaretur,
3263 4613 3349 4666 cui
3391 4625 3524 4664 nunc
3561 4601 3663 4659 usui
3699 4598 3795 4649 inse-

2306 4703 2434 4766 rnit,
2469 4712 2696 4757 testatur
2722 4703 2823 4756 hoc
2870 4703 3148 4772 inscriptio
3199 4703 3314 4757 haec
3347 4717 3464 4772 quas
3492 4693 3714 4763 insculpta
3741 4686 3795 4736 35‘

2307 4791 2361 4845 in
2389 4792 2569 4846 tabula
2597 4791 2992 4862 superliminari
3020 4792 3221 4862 januaea

2619 4917 2848 4958 CHRISTO
2878 4915 3172 4958 εειιιἈτοιιι
3200 4918 3322 4958 οιδτ.
3355 4910 3480 4955 11η.
3503 4914 3547 4954 S.
3604 4928 3606 4931 ·

2379 5016 2665 5088 Religionis
2695 5017 2912 5082 veritas,
2941 5033 3144 5070 morum
3168 5015 3430 5086 probitas,
3475 5021 3520 5066 et
3546 5010 3751 5063 bonarum

2382 5111 2574 5162 artium
2602 5106 2862 5178 politum,
2909 5107 2992 5160 hic
3019 5106 3362 5176 promercales
3391 5103 3651 5160 habentur,
3676 5105 3752 5144 non

2383 5216 2506 5266 aere,
2535 5199 2623 5253 sed
2636 5198 2830 5262 studio,
2847 5199 3036 5267 pietate
3063 5208 3112 5252 et
3141 5196 3349 5259 labore;
3375 5191 3578 5264 proinde
3597 5195 3736 5251 turpes

2383 5291 2530 5360 impii
2551 5301 2600 5344 et
2622 5292 2809 5360 ignava
2835 5291 3052 5361 segnitie
3085 5290 3360 5360 degeneres
3384 5287 3447 5341 ab
3472 5285 3575 5339 istis
3595 5274 3752 5350 foribus

2381 5381 2564 5452 procul
2589 5383 2851 5452 facessite.

2386 5493 2521 5549 Huic
2548 5502 2726 5548 autem
2755 5493 3111 5563 inscriptioni,
3140 5498 3200 5547 u't
3226 5490 3459 5546 auctoris
3491 5485 3596 5556 ejus
3615 5471 3799 5572 mensf

2315 5585 2598 5640 consilium
2631 5560 3002 5654 perciperetur
3026 5623 3042 5648 ,
3080 5583 3149 5638 ab
3178 5583 3364 5640 eodem
3409 5570 3673 5637 secretario
3699 5560 3798 5627 ldi“

2316 5689 2462 5737 ctum
2491 5691 2575 5739 est
2596 5680 2728 5738 illud
2754 5678 3096 5738 corollarium
3127 5693 3143 5733 ι
