3898 6320
124 392 215 450 595
1049 386 1138 446 nn
1168 384 1614 446 MONASTERIO
1653 352 2188 442 GEMMETICENSL
2784 390 2791 395 ·
3243 383 3348 446 sat

178 505 391 563 Jacobi“
453 502 700 574 Amyotus
767 502 1040 574 episcopus
1114 504 1589 560 Antissiodorensis
1691 494 1737 552 Α
1767 499 2118 571 poenitentiae,
2150 496 2512 562 eucbaristim,
2540 504 2799 554 extrema:
2829 499 3103 557 unctionis
3122 544 3136 568 ,
3168 512 3226 557 ut
3254 521 3352 573 par

176 602 285 656 huic
305 600 584 670 gymnasia,
615 597 755 669 quod
783 590 1156 652 exstruendum
1187 598 1413 663 curavit,
1444 599 1581 653 hanc
1767 588 1890 659 fuit,
1915 592 2177 656 munitus,
2203 591 2537 658 domesticis,
2566 590 2876 659 clientibus,
2904 594 3245 665 gravissimis
3274 598 3351 647 vi-

178 691 540 761 imcriptionem
565 689 758 760 apponi
784 688 970 745 voluit.
1768 686 1871 750 ris,
1923 685 2178 756 Dionysio
2198 682 2507 740 Peronneto
2537 683 2759 739 doctore
2798 683 3052 755 theologo
3095 684 3360 755 eloquew-

173 783 243 838 Ad
262 791 555 837 extremum
586 782 675 837 hic
696 782 925 837 antistes
954 791 1240 852 postquam
1268 781 1565 838 factionum
1611 792 1667 840 et
1768 779 1996 842 tissime,
2028 777 2343 833 ecelesiasta
2387 776 2791 845 pmnitentiario
2813 776 3141 833 cathedralis
3179 776 3354 833 eccle-

118 876 344 935 bellorum
374 873 609 929 civilium
639 881 884 945 tempore
913 876 1266 941 calamitose,
1297 875 1469 931 multa
1514 877 1666 932 dictu
1765 871 1880 939 aiat,
1912 871 2157 929 Gilberto
2184 870 2234 925 le
2254 870 2473 934 Comte,
2502 868 2799 939 Reginaldo
2829 868 3080 935 Martino,
3136 869 3354 935 Victore

116 965 292 1038 gravia,
322 968 604 1035 per'spectu
633 980 846 1036 aspera,
874 974 933 1020 ut
958 975 1114 1037 poeta
1150 966 1384 1038 tragicus
1410 965 1510 1032 ait,
1539 982 1662 1022 cor—
1706 958 1711 959 ί
1764 965 1964 1022 Camns
1988 961 2287 1019 cultoribus
2309 970 2365 1017 et
2390 961 2670 1017 canonicis
2690 960 3098 1026 assistentibus,
3122 975 3351 1016 monen-

114 1069 224 1125 pore
274 1054 546 1110 exantlata
584 1064 750 1126 atque
780 1057 963 1112 animo
999 1056 1348 1127 pertulisset,
1400 1068 1664 1127 quantum
1765 1058 1931 1123 tibus,
1958 1055 2389 1121 consolantibus,
2438 1069 2600 1111 omne
2629 1054 2777 1125 pium
2805 1054 3125 1125 obsequium
3156 1063 3213 1112 et
3259 1069 3345 1109 sa-

114 1158 276 1206 natura
308 1149 538 1204 humana
582 1157 900 1206 constanter
928 1150 1073 1206 ferre
1118 1157 1330 1222 potest,
1379 1151 1666 1207 succubuit
1763 1148 1942 1205 lutare
1974 1157 2030 1205 et
2057 1147 2411 1217 novissimum
2445 1145 2809 1202 ministerium
2844 1154 3164 1203 constanter
3193 1147 3349 1202 exhi-

113 1241 299 1297 tandem
336 1250 413 1296 tot
453 1241 713 1297 aerumnis
747 1257 1060 1313 Oppressus,
1100 1250 1155 1297 et
1182 1243 1482 1298 exstinctus
1509 1242 1665 1313 vigor
1763 1242 2042 1299 bentibus.

111 1331 182 1387 ille
206 1324 438 1405 corporis
468 1333 673 1404 optime
702 1333 1008 1398 constituti,
1039 1340 1095 1389 et
1133 1320 1355 1405 frigoris
1377 1342 1434 1390 et
1462 1332 1662 1391 caloris
1836 1333 1992 1405 (Hazc
2024 1330 2200 1387 subita
2233 1330 2458 1386 dictione
2482 1345 2622 1385 anno
2654 1328 2793 1386 1612
2830 1346 2863 1385 a
2893 1326 3084 1383 Ferler.
3130 1327 3352 1383 Morello

107 1423 450 1493 patientissimi
470 1464 485 1489 ,
531 1432 644 1479 tum
690 1425 835 1481 lenta
867 1424 1019 1481 febre
1047 1435 1337 1496 correptus
1376 1433 1495 1492 est,
1539 1441 1662 1498 qua:
1763 1429 2025 1499 regiorum
2050 1422 2629 1522 professorum-decano
2654 1420 2846 1522 .Latiue
2865 1430 3083 1522 saturata
3110 1428 3255 1484 sunt,
3274 1435 3352 1522 ἐκ

109 1514 312 1587 graviter
333 1529 529 1586 urgens
556 1514 870 1586 pulmonum
898 1514 1079 1572 hadsit
1109 1516 1356 1588 spiritus,
1379 1526 1434 1573 et
1458 1518 1661 1573 sensim
1762 1518 1828 1573 iis
1859 1526 2122 1587 excerpta,
2150 1513 2380 1613 quae-D1:
2404 1511 2730 1613 Iieginaldus
2755 1510 3351 1613 Mprtinuseecretariu's

109 1606 161 1660 ad
180 1610 395 1661 mortem
421 1606 716 1678 compulit,
762 1623 869 1679 qua
890 1609 1437 1681 undenonagenarius
1468 1609 1522 1664 in
1552 1609 1661 1664 Do-
1762 1607 1995 1677 eiusdem
2021 1605 2230 1676 Amyoti
2254 1600 2727 1658 Antistiodorcnsis
2746 1602 2974 1673 episcopi
2998 1599 3202 1659 Gallice
3226 1599 3354 1670 acri»

108 1695 257 1761 Iino,
300 1704 359 1751 ut
383 1695 703 1770 episc0pum
730 1708 883 1754 tanto
911 1699 1134 1756 nomine
1172 1700 1397 1768 dignum
1445 1701 1658 1768 decuit,
1760 1710 1937 1774 prerat
1962 1701 2027 1755 de
2066 1697 2185 1754 Vita
2210 1697 2391 1773 optimi
2422 1696 2506 1752 sui
2525 1695 2779 1768 patroni.)

107 1783 506 1843 obdormiitNon.
539 1787 703 1845 Febr.
734 1805 879 1847 anno
899 1788 1093 1847 salutis
1116 1789 1276 1858 1595,
1300 1790 1657 1847 sacramentis

633 2145 1037 2249 canum
1109 2094 1240 2249 DE
1313 2147 1939 2251 MONASTEBIO
1998 2148 2756 2253 GEMMETICENSI.

1178 2358 1455 2431 (Neustria
1484 2360 1598 2431 pia,
1624 2375 1777 2433 pagg.
1807 2359 1932 2424 263,
1956 2359 2085 2426 264,
2110 2360 2240 2434 etc.)

1540 2514 1865 2530 ~—-———

591 2638 1081 2700 ARGUMEATUM
1682 2637 1727 2698 Β
1756 2645 1978 2703 Cantica
2006 2661 2151 2702 nunc
2180 2655 2460 2716 resonant,
2492 2663 2636 2705 nunc
2663 2664 2817 2708 sacra
2843 2650 3101 2717 Tonanti,

153 2749 276 2809 Siste
306 2754 539 2824 gradum
564 2756 813 2811 stabilem
839 2757 1076 2828 prudens
1103 2757 1411 2829 quicunque
1434 2761 1627 2827 Vmor,
1730 2806 1733 2809 Δ
1760 2736 1989 2829 Agmina
2015 2734 2328 2806 persolvunt
2355 2739 2748 2797 monachorum
2774 2742 2959 2797 munia
2985 2742 3228 2812 laudum,

100 2840 256 2913 Aspice
286 2860 404 2916 quae
434 2846 718 2918 graphicis
754 2827 880 2902 sunt
903 2848 987 2904 his
1013 2827 1225 2920 depicta
1257 2849 1468 2905 tabellis
1498 2868 1511 2903 :

1757 2827 2046 2899 Angelicos
2071 2829 2283 2886 imitata
2304 2830 2521 2899 choros,
2554 2833 2644 2889 ubi
2682 2843 2927 2890 monstra
2959 2835 3196 2891 ferarum

102 2930 162 2985 En
183 2934 265 2989 tibi
284 2935 430 2991 clam
449 2917 673 3007 patent,
699 2937 839 2993 sic,"
868 2917 1165 3009 specuum
1186 2941 1241 2995 in
1265 2941 1431 3006 unda.
1759 2917 2069 2977 Herrisonis
2109 2937 2311 2979 vacuas
2338 2924 2681 2995 complebant
2705 2926 2929 2983 vocibus
2956 2943 3139 2985 auras.

102 3021 185 3078 Seu
203 3023 293 3081 levi
320 3027 373 3081 in
400 3027 631 3097 speculo
655 3028 792 3085 solet
812 3043 1078 3100 apparere
1108 3031 1297 3101 iigura,
1757 3099 1801 3119 η,
1828 3009 1961 3113 ῼΠΫθ
1990 3011 2139 3119 Erilis
2164 3028 2426 3119 ῗλδυθθθδ
2453 3013 2687 3119 “lies”?
2713 3016 3122 3119 gef'ﬁneifemf

102 3112 201 3180 Quae
225 3114 416 3183 fuerint
442 3118 614 3188 hujus
644 3118 819 3175 rutilae
842 3099 1406 3194 primordia‘gemmaz.
1755 3099 1952 3194 Iristis
1979 3101 2160 3194 alebat
2182 3103 2400 3169 humus,
2428 3105 2718 3162 condensis
2752 3106 2925 3162 obsita
2949 3107 3148 3175 dumis,

101 3201 474 3272 (σεωωειίωηι
502 3205 584 3282 μ]
608 3209 873 3280 siquidem
893 3226 923 3266 a
944 3190 1371 3283 gemma'dixere
1391 3215 1621 3284 priores,
1754 3190 1975 3284 fertilis
2005 3192 2316 3284 ambrosias
2342 3195 2509 3267 cmpit
2532 3198 2834 3268 producere
2858 3198 3084 3257 fructus.

102 3291 219 3359 Quod
244 3297 460 3368 reliquis
492 3280 721 3369 gemma,
747 3280 1079 3370 pmelfem
1101 3303 1275 3359 instar
1300 3280 1443 3365 E058.
1459 3313 1474 3369 )
1608 3280 1615 3281 “
1756 3280 1940 3339 Taxus
1967 3283 2139 3350 olens,
2170 3284 2297 3341 tiliae
2318 3287 2527 3354 molles,
2554 3289 2793 3356 aconita,
2834 3290 3030 3347 cicuta:

99 3380 194 3441 ιηςιε
216 3388 349 3445 scies
370 3390 601 3460 quinam
635 3390 885 3447 dederim
909 3406 1191 3465 regesque,
1229 3396 1522 3468 ducesque,
1754 3374 1965 3431 Alcinoi
2000 3376 2152 3433 silvis
2188 3378 2425 3445 cedunt;
2469 3380 2624 3452 nigra
2650 3382 2817 3438 bacca
2846 3384 3103 3451 racemis,

100 3473 175 3531 Tm
193 3480 338 3549 bona,
362 3490 443 3538 ωι
469 3490 673 3546 ωιτη,
690 3493 747 3538 el
765 3499 920 3554 opes,
943 3493 1024 3542 ιοι
1048 3487 1269 3556 praedia,
1302 3503 1499 3546 census
1529 3507 1542 3544 ε
1754 3468 2049 3540 Purpurea:
2074 3471 2311 3541 gravidis
2342 3481 2561 3545 turgent
2594 3474 2648 3529 in
2679 3474 2881 3533 ritilius
2918 3492 3059 3546 uvzc,
3086 3528 3099 3534 -

99 3564 219 3625 unde
244 3573 628 3644 monopmlemi
655 3578 945 3648 muscum
962 3579 1181 3635 οωηιηε
1204 3582 1331 3645 ac“,
1753 3557 1822 3613 Et
1850 3570 2143 3617 renovatus
2164 3577 2294 3633 ager
2326 3563 2511 3621 dulces
2536 3566 2787 3635 producit
2825 3568 3047 3627 aristas.

98 3656 314 3719 Strictius
338 3666 614 3721 inclusam
637 3676 860 3738 possent
887 3669 976 3725 bic
1004 3670 1203 3726 ducere
1227 3672 1391 3728 vitam
1417 3691 1430 3729 :

97 3742 209 3811 Quas
230 3750 403 3809 itidem
426 3753 692 3826 Lelegum
724 3765 914 3813 turma:
946 3759 1209 3829 Daciaque
1226 3762 1540 3833 phalanges,

96 3836 336 3899 intulerint
360 3845 590 3914 clades;
620 3848 713 3918 qui
743 3852 958 3906 tandem
991 3868 1020 3907 a
1052 3854 1272 3911 sedibus
1307 3856 1451 3922 imis,

98 3924 193 3986 Haec
215 3932 323 3991 loca
343 3938 638 3995 sarcierint
662 3941 858 4011 priscis
878 3945 1138 4001 convulsa
1165 3948 1356 4013 ruinis,

96 4016 293 4092 Expedio
310 4029 575 4087 brevibus
598 4032 946 4103 complexens
967 4045 1117 4108 gesta
1141 4042 1421 4098 camoenis.

221 4136 429 4197 PRIMA
459 4134 814 4202 FUNDATIO
844 4145 1020 4205 DlC'l‘l
1048 4148 1486 4210 MONASTERII.

95 4240 266 4303 Saecula
298 4264 393 4306 sex
423 4250 669 4309 Phoebus
692 4268 814 4309 cum
846 4255 1032 4312 lustris
1060 4258 1300 4315 volverat
1322 4271 1446 4318 octo

94 4329 295 4406 Virginis
314 4355 343 4394 a
370 4354 562 4411 partu,
589 4345 715 4399 dum
746 4358 964 4402 sanctus
986 4347 1072 4402 vir
1092 4348 1453 4420 Philibertus,

93 4423 260 4487 Celtica
286 4449 450 4505 quem
478 4436 665 4508 genuit
692 4437 839 4495 claro
862 4440 1172 4513 Burgundia
1201 4455 1381 4515 partu,

94 4514 181 4576 llos
202 4525 345 4594 petiit
372 4527 536 4595 lines,
569 4538 720 4585 tanta
745 4531 979 4602 stipante
1001 4514 1219 4591 caterva
1366 4514 1371 4515 ί
1406 4600 1411 4605 ,

92 4609 269 4677 Quanta
288 4617 460 4675 Jac-ob
482 4619 685 4677 Gessen
714 4622 883 4693 ipsam
911 4624 1156 4682 culturus
1182 4643 1424 4685 eremum

93 4701 198 4768 Quae
218 4708 338 4766 licet
360 4713 482 4768 haec
508 4715 778 4784 quondam
806 4716 1043 4791 spinosis
1079 4719 1297 4776 horrida
1329 4721 1498 4789 silvis,

94 4791 307 4871 Undique
334 4804 551 4858 diversa
574 4814 891 4877 restagnans
913 4807 1090 4863 cincta
1113 4809 1329 4880 palude,

90 4884 233 4946 Gente
250 4894 397 4964 prius
425 4895 591 4963 nulla,
618 4898 783 4953 nullis
806 4899 881 4954 sit
905 4899 1048 4955 culta
1076 4901 1304 4967 colonis,

91 4975 181 5068 dcc
203 4984 379 5043 Cereri
399 4990 636 5060 penitus,
665 5007 768 5048 nec
787 4992 929 5049 dulci
956 5002 1081 5049 nota
1104 4993 1285 5068 Lyaeo,

94 5065 219 5128 Nulla
241 5082 418 5133 tamen
445 5086 558 5136 toto
585 5078 863 5137 fecundior
883 5083 1091 5139 exstitit
1119 5065 1270 5149 orbe,

91 5156 165 5250 ille
188 5152 644 5242 pater-postquam
680 5173 965 5246 Dagoberti
999 5170 1222 5232 munere
1252 5177 1398 5250 regis

93 5248 244 5313 Prima
268 5259 425 5331 hujus
449 5264 588 5319 sacri
611 5250 800 5319 statuit
824 5263 1139 5320 fundamina
1170 5248 1351 5338 templi
1387 5287 1401 5323 :

92 5339 189 5400 Mox
222 5351 414 5423 quippe
431 5354 710 5425 antiquam
736 5364 1016 5413 mutarunt
1044 5360 1224 5414 omnia
1259 5360 1511 5423 formam.

146 5436 237 5496 Hic
259 5444 347 5498 ubi
376 5447 718 5518 capripedum
741 5448 1026 5507 latitabant
1053 5461 1206 5506 antra
1237 5454 1463 5510 deorum

92 5524 325 5606 Solivagis
358 5540 600 5597 habitata
632 5541 782 5610 feris,
817 5559 960 5599 nunc
986 5545 1167 5616 pervia
1195 5549 1415 5613 sanctis,

89 5619 241 5715 aurea
269 5633 460 5702 templa
483 5636 675 5701 nitent,
705 5636 878 5693 instar
903 5639 1158 5696 stillantis
1182 5639 1424 5715 Olympi;

90 5708 233 5773 Nocte
256 5720 443 5799 dieque
460 5744 648 5801 preces
675 5729 975 5799 effundunt,
1001 5732 1200 5805 inclyta
1226 5708 1409 5790 divum

150 5831 216 5906 (ί)
248 5836 531 5916 Jumiéges.

498 5940 772 6003 Ριτιιοι.
798 5938 1209 6010 CXXXVIII.

1750 3649 1854 3707 llic
1878 3651 1968 3707 ubi
1991 3654 2312 3710 crescebant
2340 3654 2533 3713 calami
2559 3656 2819 3729 juncique
2845 3659 3131 3727 lacustres,

1750 3739 2054 3795 Luxuriant
2086 3743 2241 3797 vario
2262 3743 2593 3814 gemmantia
2619 3756 2776 3820 prata
2812 3749 3032 3804 colore:

1751 3833 1937 3901 Deque
1966 3832 2301 3904 palndigenis
2330 3852 2475 3891 nunc
2504 3846 2735 3909 surgunt
2759 3840 2977 3911 pinguia
3008 3842 3198 3898 cannis

1660 3972 1661 3975 η
1749 3920 1982 3990 Pascua,
2012 3933 2067 3979 et
2100 3925 2343 3997 ingentes
2371 3926 2629 3984 labuntur
2650 3930 2719 3985 ab
2747 3945 2966 4001 aequore
2990 3932 3167 4002 pisces

1677 4020 1725 4082 ο
1756 4016 2036 4073 Fluctibus
2063 4017 2301 4089 impulsi,
2330 4021 2543 4090 quoties
2578 4022 2761 4080 Latois
2789 4025 3047 4096 utrinque

1748 4105 1934 4179 Jungit
1972 4107 2242 4165 horizonti
2271 4126 2458 4168 roseos
2493 4111 2708 4170 Titania
2736 4130 2953 4183 currus,

1749 4204 1830 4259 Ac
1859 4205 2103 4274 rapidus,
2126 4215 2374 4280 turgente
2394 4208 2528 4275 salo,
2565 4208 2865 4269 reﬂectitur
2891 4211 3107 4278 amnis;
3224 4282 3231 4291 ,

1750 4292 1822 4349 Ut
1849 4294 2075 4351 renuant
2101 4312 2200 4368 per
2227 4314 2406 4370 agros,
2431 4315 2531 4371 per
2557 4310 2715 4374 prata
2748 4303 2979 4361 virentia
3001 4303 3126 4369 rivi,

1749 4384 1850 4453 Qui
1882 4388 2113 4443 fecunda
2146 4390 2260 4445 suis
2288 4390 2528 4447 irrorent
2556 4391 2804 4462 frugibus
2829 4380 2983 4457 arva,

1751 4476 1820 4533 Ut
1844 4479 1983 4549 rigat
2011 4478 2301 4551 Egyptum
2338 4490 2563 4552 septeno
2586 4484 2797 4555 gurgite
2830 4484 3003 4541 Nilus.

1765 4571 1777 4585 '
1818 4569 1945 4625 Harc
1973 4571 2121 4626 dedit
2151 4571 2239 4627 ille
2271 4571 2431 4629 Sator
2462 4590 2678 4643 rerum,
2714 4578 2807 4647 qui
2836 4578 3094 4634 terminat
3129 4579 3344 4649 orbem,

1745 4661 1978 4717 Maxima
2007 4664 2100 4734 qui
2125 4665 2351 4720 solidam
2380 4669 2572 4722 statuit
2602 4683 2767 4739 super
2794 4684 3012 4751 aequora
3042 4682 3267 4740 terram,

1747 4754 1973 4811 Sistitet
2000 4755 2296 4813 immensos
2323 4760 2657 4830 praescriptis
2686 4761 2885 4818 finibus
2912 4779 3120 4830 amnes,

1745 4844 1824 4899 Ne
1846 4846 2042 4918 Cybelo
2073 4847 2292 4931 tumidis
2324 4849 2589 4906 obruatur
2612 4851 2835 4910 Tbetios
2856 4855 3017 4911 undis
3041 4874 3055 4910 :

1746 4940 2015 4997 imbribus
2041 4950 2097 4996 et
2126 4950 2342 4999 montes
2364 4943 2686 5018 sterilesque
2708 4946 2989 5006 bumectat
3012 4964 3227 5019 arenas,

1749 5029 1819 5087 Ut
1853 5045 1949 5086 sua
1973 5035 2357 5104 cunctiparens
2380 5038 2645 5096 concedat
2670 5054 2900 5096 munera
2929 5041 3112 5106 tellus,
3226 5110 3229 5115 _

1746 5119 1901 5178 Unde
1927 5124 2150 5180 trahant
2171 5125 2339 5181 vitam
2362 5143 2698 5201 qumcunque
2719 5130 2925 5188 cibaria
2954 5141 3204 5203 poscunt,

1751 5212 1878 5270 Sive
1902 5230 2001 5285 per
2023 5217 2256 5289 incultos
2279 5230 2465 5276 errent
2492 5222 2747 5280 animalia
2775 5240 3020 5295 campos,

1746 5304 1874 5361 Sive
1903 5315 2090 5363 secent
2125 5309 2388 5379 liquidum
2420 5314 2778 5371 stridentibus
2806 5332 2932 5371 aera
2955 5317 3167 5388 pennis.

1670 5369 1720 5430 D
1750 5398 1844 5453 Vel
1874 5415 1995 5470 qua:
2024 5369 2265 5458 monstra
2292 5413 2483 5460 natant
2508 5406 2674 5463 variis
2707 5369 3179 5480 distinctarfiguris
3208 5425 3225 5466 :

1746 5488 2015 5561 Quidquid
2039 5501 2094 5548 et
2113 5494 2346 5555 attherea
2385 5497 2642 5566 spirando
2668 5499 2904 5554 vescitur
2931 5514 3083 5565 aura,

1745 5580 2026 5647 Confovet,
2059 5593 2127 5640 ct"
2146 5586 2366 5656 propria
2400 5587 2690 5658 unicuique
2720 5588 2972 5646 alimenta
2997 5590 3293 5651 ministrat.

1817 5673 2058 5745 Denique
2079 5677 2170 5747 qui
2201 5678 2476 5747 quondam
2496 5679 2657 5735 siccis
2687 5680 2753 5736 de
2782 5681 3006 5750 rupibus
3034 5684 3209 5743 undas

1744 5765 1928 5833 Duxit,
1952 5774 2008 5822 et
2026 5782 2105 5845 ex.
2123 5767 2231 5825 alto
2257 5768 2474 5826 demisit
2492 5769 2698 5826 vertice
2726 5785 2922 5827 carnes

2790 5948 2891 6015 ~13
