3898 6320
523 338 629 394 395
1438 327 1725 386 APPEND.
1760 326 1853 381 AD
1889 324 2062 381 SEC.

2213 355 2282 366 -
2309 324 2538 384 OPERA
2574 323 2967 384 ΔΔεΣιιοτιιΔ.
3629 331 3712 387 395

520 448 825 517 Mannaque
853 458 869 499 :
906 456 1003 505 seu
1028 434 1209 514 pluvio
1237 440 1533 497 funduntur
1562 439 1630 493 ab
1650 438 1851 494 aethere
1874 435 2045 491 nimbi
2128 432 2176 481 Α
2209 436 2273 493 Ει
2299 451 2562 494 concussa
2594 437 2777 493 tremit
2805 445 2915 492 tam
2935 442 3089 492 vasto
3118 435 3351 506 pondere
3372 435 3535 495 tellus.

523 541 597 597 Ut
624 539 901 613 ponuium,
931 537 1165 592 mirante
1192 535 1333 606 polo,
1366 532 1597 588 nutriret
1620 530 1927 593 Hebraeum,
2275 529 2427 585 Tunc
2453 530 2659 585 aditum
2689 529 2922 585 subeunt
2944 526 3145 598 perfusi
3176 528 3419 592 membra
3444 530 3636 599 cruore,

521 632 629 688 Per
650 629 862 688 steriles
887 643 1106 697 campos
1126 628 1446 695 desertaque
1474 638 1600 678 rura
1626 629 1911 692 vagantem
1939 637 1953 650 '
2206 621 2516 692 Praedaque
2542 620 2777 677 accincti
2800 634 3082 676 sacrorum
3120 618 3340 685 fercula,
3366 632 3534 690 gazas,

516 721 617 778 'Sic
641 735 738 776 sua
767 718 1119 775 Gemmeticis
1147 716 1372 786 largitus
1404 715 1544 769 dona
1564 711 1771 768 colonis
2203 710 2477 782 Quotquot
2497 717 2677 777 erant,
2693 708 2965 775 adimunt;
2983 722 3084 764 nec
3098 707 3166 763 ab
3178 706 3284 763 ulla
3296 707 3442 765 clade
3458 708 3721 780 quiescunt,

522 811 696 877 Fecit,
727 818 789 866 ut
825 810 1005 864 invitis
1033 816 1240 863 natura:
1263 807 1473 878 legibus
1500 805 1631 860 olim
2006 791 2016 800 ’
2070 825 2077 830 ι
2204 800 2388 856 Donec
2417 800 2676 866 claustra,
2704 800 2918 867 domos,
2952 808 3243 869 sacrasque
3265 813 3298 854 a
3324 798 3531 856 sedibus
3548 800 3670 857 aedes

520 904 726 975 Aspera
748 918 869 973 quae
896 902 1088 967 fuerat,
1129 900 1286 956 fieret
1318 898 1615 954 cultissima
1635 910 1851 953 eremus
1876 914 1890 951 :
2204 891 2438 949 Eversas
2463 891 2683 947 videant
2718 890 2925 948 medios
2947 889 3229 946 considere
3257 887 3311 944 in
3336 888 3502 959 ignes.

522 996 694 1065 Quam
719 993 1063 1051 circumﬂexo
1098 992 1377 1063 prmcingit
1399 991 1652 1084 Sequana
1680 989 1852 1084 ﬂuxu,
2450 1025 2540 1084 DE
2579 1022 2891 1084 EJUSDEM
2932 1022 3524 1082 RESTAURAHONE.
3591 1048 3599 1070 ,

520 1087 674 1145 Haud
694 1102 851 1143 secus
871 1101 936 1142 ac
966 1087 1169 1142 Arcton
1192 1084 1395 1141 sinuosi
1417 1084 1591 1139 cauda
1616 1082 1885 1139 draconis.

683 1134 1932 1276 uagagagggagiuuagus...
2206 1134 2490 1276 ,ιιξιένεῖει

2205 1253 2455 1325 Lanigeri
2484 1263 2540 1310 et
2567 1253 2742 1315 Librae
2768 1270 2782 1306 :
2817 1252 3035 1308 tandem
3074 1249 3388 1307 cedentibus
3412 1249 3589 1318 armis,

578 1349 783 1410 fLustra
813 1362 935 1409 octo
960 1352 1181 1408 totidem
1210 1351 1448 1407 labentia
1469 1350 1665 1407 saecula
1691 1365 1853 1406 cursu
2207 1345 2364 1407 Pacis
2392 1345 2606 1401 alumna
2641 1345 2808 1401 Ceres
2832 1343 3018 1400 Martis
3051 1342 3381 1415 compescuit
3405 1341 3529 1397 iras.

518 1445 680 1500 Astra
709 1451 1068 1514 penetrarunt
1095 1450 1221 1513 post
1251 1440 1572 1497 incunabula
1602 1440 1803 1496 Christi
1832 1455 1847 1494 :
2212 1435 2466 1492 Protinus
2501 1434 2704 1507 refugis
2726 1435 2833 1492 duo
2858 1434 3049 1490 Patres
3075 1432 3312 1489 claustra
3351 1432 3641 1504 relinquunt

508 1535 737 1605 Belgica
762 1534 887 1589 dum
904 1532 1095 1589 Getico
1119 1533 1452 1589 Francorum
1493 1531 1676 1587 littora
1703 1530 1864 1596 bello,
2208 1529 2576 1601 Haspreadum
2599 1538 2956 1601 repetuntque
2975 1544 3132 1585 suum
3160 1528 3381 1600 pietatis
3408 1527 3602 1601 asylum
3626 1529 3641 1582 l

519 1624 798 1684 Barbarus
826 1626 1139 1696 Hastingus,
1167 1625 1328 1682 Dacis
1354 1639 1605 1696 egressus
1632 1624 1700 1680 ab
1723 1623 1857 1689 oris,
2208 1618 2311 1687 Qui
2341 1635 2468 1676 cum
2493 1628 2857 1691 spectassent,
2893 1620 3183 1678 horrendis
3203 1618 3383 1676 obsita
3408 1618 3593 1685 dumis,

506 1717 697 1788 (Haud
719 1731 876 1774 secus
895 1725 1057 1786 atque
1086 1716 1170 1772 leo
1199 1716 1396 1787 praedae
1421 1714 1725 1772 sitibundus
1750 1716 1818 1770 ab
1854 1715 2033 1787 antro)
2133 1768 2180 1788 ﬁ
2207 1710 2374 1782 inque
2403 1726 2597 1782 vepres
2623 1713 2813 1785 redigi,
2841 1712 3219 1785 latebrosaque
3249 1710 3419 1768 lustra
3451 1709 3684 1776 feramm,

520 1810 769 1879 lmpetiit,
794 1808 1026 1879 gelidam
1052 1824 1157 1878 qua
1183 1808 1413 1863 Francia
1442 1807 1660 1878 respicit
1682 1807 1908 1874 Arcton,
2133 1801 2181 1828 "
2208 1802 2446 1875 Quaeque
2478 1803 2833 1875 panomphaeo
2856 1803 3072 1861 fuerant
3095 1813 3311 1860 sacrata
3340 1801 3591 1869 Tonanti,

518 1900 911 1970 Finitimasque
940 1901 1102 1955 urbes
1120 1908 1175 1955 et
1211 1892 1444 1969 plurima
1467 1906 1646 1954 castra
1676 1898 1906 1968 subegit.
2212 1894 2270 1950 In
2299 1895 2530 1967 gemitus
2555 1895 2653 1950 toti
2683 1903 2740 1950 et
2760 1895 3029 1967 lacrymas
3058 1894 3344 1952 solvuntur
3363 1907 3593 1960 amaras,

519 1990 667 2048 Proh
692 1991 906 2047 scelus!
935 1990 1228 2045 Altithroni
1268 1989 1621 2045 celeberrima
1646 1988 1846 2059 templa
1872 1987 2108 2044 tonantis
2210 1984 2571 2056 Singultuque
2596 1984 2747 2057 gravi
2769 1993 2990 2041 vertunt
3017 1984 3084 2040 ad
3111 1984 3295 2040 sidera
3323 1983 3549 2041 vultus.t

520 2086 719 2151 Diruit,
757 2082 955 2140 infesto
988 2091 1301 2154 pervertens
1327 2080 1508 2136 omnia
1533 2079 1724 2135 Marte.
2214 2094 2236 2130 ι
2271 2074 2317 2133 0
2337 2075 2521 2143 Pater,
2550 2090 2585 2132 o
2607 2075 2848 2141 Bonitas,
2876 2076 3058 2142 aiunt,
3095 2083 3225 2146 spes
3247 2074 3409 2131 unica
3434 2086 3627 2137 rerum,

593 2176 869 2233 Classibus
904 2175 1182 2231 instructis
1229 2173 1466 2238 tandem,
1496 2172 1775 2244 Boreaque
1795 2170 2053 2237 secundo,
2210 2164 2313 2235 Qui
2342 2166 2439 2222 tibi
2471 2166 2706 2222 conlisos
2733 2181 3000 2237 nusquam
3031 2165 3266 2221 dimittis
3296 2165 3501 2229 inanes,

521 2265 856 2337 Sequanicos
882 2264 1049 2319 intrat
1072 2272 1257 2332 portus
1283 2276 1299 2316 :
1326 2263 1435 2318 cito
1456 2261 1595 2316 fama
1626 2278 1725 2332 per
1755 2262 1918 2318 urbes
2210 2258 2387 2313 Cerne
2409 2264 2540 2328 quot
2564 2257 2774 2313 excidia
2799 2266 2854 2312 et
2873 2257 3074 2324 clades,
3103 2265 3238 2328 quot
3257 2256 3447 2312 funera
3471 2268 3636 2319 casus,

520 2355 776 2412 Pervolat
799 2355 1072 2419 attonitas,
1099 2361 1260 2409 tantae
1288 2353 1590 2424 praenuntia
1627 2351 1818 2408 cladis.
2210 2347 2355 2416 Quot
2383 2347 2524 2403 mala
2544 2347 2897 2419 perpetimur,
2922 2347 3236 2417 nostrisque
3258 2348 3476 2402 medere
3495 2342 3683 2399 ruinis:

520 2449 772 2519 Undique
800 2456 927 2503 tunc
957 2447 1155 2502 misero
1180 2446 1441 2501 miscetur
1461 2443 1709 2500 Neustria
1742 2443 1888 2499 luctu
1916 2460 1933 2499 :
2206 2439 2327 2498 Jam
2365 2452 2631 2496 memores
2663 2439 3045 2511 proavisquod
3064 2434 3269 2495 uestris
3298 2437 3473 2493 ftedus
3497 2434 3646 2497 inisti.

522 2522 770 2610 Undique
795 2538 932 2594 bella
955 2544 1226 2608 premunt,
1260 2537 1443 2592 hostes
1470 2544 1809 2607 grassantur,
1832 2544 1889 2591 et
1921 2535 2113 2591 horror
2212 2533 2285 2589 Ut
2320 2534 2464 2589 sicut
2488 2532 2765 2605 Solymum
2794 2533 3065 2602 quondam
3090 2528 3408 2586 venerabile
3435 2524 3692 2598 templum,

520 2632 730 2702 ingruit
753 2646 1050 2695 armorum,
1092 2627 1296 2699 fulgent
1325 2628 1519 2682 vexilla
1543 2626 1780 2683 Cradivi.
2214 2624 2306 2681 Sic
2338 2641 2406 2682 ea
2432 2625 2697 2695 sacrilega
2720 2631 2995 2679 restaures
3025 2622 3207 2677 diruta
3232 2630 3430 2693 gente,

521 2721 657 2776 Hinc
681 2719 866 2791 procul
889 2717 1172 2787 aufugiunt
1196 2717 1444 2773 monachi
1471 2735 1483 2769 :
1513 2717 1701 2787 procul
1730 2716 1912 2774 abdita
1927 2715 2114 2789 Mysta:
2212 2717 2343 2784 Quae
2370 2716 2467 2772 tibi
2488 2724 2598 2770 tam
2621 2714 2820 2771 celebri
2844 2722 2971 2770 sunt
2993 2724 3202 2770 structa
3229 2713 3439 2785 palatia
3463 2708 3603 2768 cultu
3630 2724 3646 2761 :

522 2812 931 2882 llanspreadum
948 2811 1159 2866 deserta
1178 2817 1386 2880 petunt,
1418 2808 1505 2863 ubi
1531 2809 1768 2864 claustra
1791 2810 2111 2882 domusque,
2214 2808 2287 2866 Ut
2309 2809 2407 2865 tibi
2436 2818 2560 2867 vota
2589 2823 2747 2865 sacro
2773 2799 3164 2863 monachorum
3194 2807 3359 2863 turba
3391 2803 3627 2876 perenni,

522 2904 700 2957 Nostri
723 2901 863 2970 juris
899 2909 1060 2955 erant
1089 2917 1102 2952 :
1140 2913 1205 2953 ne
1228 2912 1445 2952 sacrum
1468 2898 1678 2953 solvere
1706 2906 1916 2965 votum,
2215 2900 2392 2956 Munia
2412 2900 2592 2956 laudis
2613 2907 2737 2970 agat
2764 2898 3101 2955 solemnibus
3127 2907 3290 2954 aucta
3319 2895 3623 2967 triumphis,

523 2997 629 3049 Aut
656 2992 838 3048 eiilare
864 2992 1101 3046 animam
1130 2998 1473 3061 urgerentur,
1497 3000 1554 3044 et
1582 2990 1774 3045 obruta
1801 2989 1938 3046 diris
2038 3006 2045 3015 '
2212 2991 2508 3057 Priscaque
2535 2991 2647 3061 iam
2667 2991 2847 3062 vigeat
2872 2991 3072 3062 pietas,
3101 2989 3418 3046 reverentia
3437 2988 3626 3045 cultus.

513 3084 761 3154 Corpora
793 3081 1074 3138 tormentis
1104 3080 1302 3152 Stygia:
1330 3079 1601 3135 dimittere
1624 3079 1804 3135 morti.
2140 3128 2183 3155 Γ,
2214 3085 2367 3141 Talia
2396 3086 2709 3155 perstabam
2740 3084 3026 3141 fundentes
3059 3091 3185 3139 vota
3219 3094 3545 3155 precesque,

592 3177 727 3232 Pars
755 3188 933 3231 tamen
966 3176 1055 3230 hic
1077 3174 1273 3230 sistunt
1302 3172 1489 3238 armis,
1516 3181 1573 3227 et
1600 3170 1767 3225 milite
1792 3167 2062 3239 complent
2140 3167 2183 3190 “
2221 3176 2442 3232 Thetios
2465 3177 2749 3242 uberibus,
2779 3175 2999 3245 soloque
3028 3175 3307 3247 legumine
3333 3173 3484 3232 freti.

522 3266 650 3323 Haec
678 3268 810 3331 loca,
844 3280 952 3336 quo
976 3271 1196 3334 possent
1224 3264 1408 3320 hestes
1436 3276 1624 3317 arcere
1648 3260 1888 3316 minaces
1915 3277 1930 3314 :
2283 3267 2393 3324 Nec
2412 3282 2562 3323 mora
2583 3284 2596 3320 :
2616 3268 2777 3322 minii
2794 3281 2950 3338 opem
2974 3281 3185 3323 summo
3204 3268 3301 3338 qui
3324 3258 3753 3339 spectatOIympo,

521 3360 802 3414 Duxerunt
829 3359 999 3412 satius
1023 3353 1147 3411 forti
1171 3354 1522 3411 succumbere
1551 3352 1696 3408 letho
2212 3355 2669 3428 Guillelmumque
2698 3356 2914 3422 ducem,
2942 3356 3184 3413 Rollonis
3210 3356 3479 3429 sanguine
3495 3360 3703 3415 cretum.

521 3449 693 3516 Quam
727 3464 882 3504 sacra
905 3447 1199 3502 barbaricae
1225 3447 1524 3517 spurcanda
1546 3445 1851 3516 relinquere
1875 3445 2042 3520 genti.
2211 3448 2440 3504 leitus
2475 3449 2581 3504 huc
2609 3447 2756 3503 aliiat
2778 3448 3025 3504 venando
3044 3446 3270 3504 ﬂectere
3294 3460 3538 3510 cursum,

594 3541 856 3596 Nauticus
878 3541 1086 3595 interea
1115 3538 1367 3609 expansis
1389 3538 1660 3594 exercitus
1690 3538 1791 3595 alis
2212 3540 2314 3608 Qui
2342 3541 2639 3596 monachos
2667 3549 2858 3596 nactus
2885 3539 3068 3595 scitari
3095 3540 3265 3610 erepit
3285 3539 3357 3595 ab
3384 3535 3516 3607 illis,

523 3632 864 3700 Fluctivagas
888 3629 1053 3700 refugi
1079 3628 1334 3684 sulcando
1359 3626 1595 3683 fluminis
1623 3629 1813 3693 undas,
1879 3671 1887 3685 .
2220 3632 2355 3701 Quis
2378 3641 2488 3687 tam
2521 3632 2827 3703 decrepitos
2855 3624 2975 3688 istis
3002 3645 3099 3687 vos
3125 3630 3343 3702 appulit
3365 3628 3518 3686 oris?

526 3721 569 3779 0
596 3722 806 3777 funesta
831 3721 979 3775 dies!
1016 3720 1146 3790 ipsis
1167 3719 1421 3773 allabitur
1453 3720 1584 3773 oris.
1686 3720 1691 3724 ’
2212 3725 2469 3794 Quaenam
2505 3723 2735 3795 relligio,
2766 3732 2860 3778 aut
2884 3723 3049 3779 vestri
3075 3722 3276 3779 fiducia
3304 3720 3461 3778 voti!

524 3812 596 3869 Ut
622 3811 851 3883 primum
875 3810 1067 3865 armati
1098 3808 1394 3864 funduntur
1418 3809 1642 3864 navibus
1671 3808 1876 3876 hostes,
2211 3817 2341 3885 Qum
2367 3825 2659 3873 structum
2687 3817 2902 3873 inerant
2932 3826 3043 3873 tam
3077 3816 3249 3873 vastis
3278 3816 3521 3873 condita
3542 3807 3735 3872 eremis,

524 3901 814 3958 Obsidione
842 3908 1093 3973 premunt
1118 3898 1274 3969 huius
1302 3898 1548 3955 sublimia
1586 3898 1793 3956 circum
2213 3909 2367 3967 unde
2396 3918 2585 3982 parem
2610 3910 2802 3981 prisca;
2829 3909 3054 3981 vesugia
3078 3916 3232 3965 mnia
3258 3905 3472 3964 ι-ιιίηει

525 3993 721 4049 Maenia
753 3992 1009 4057 emnobii,
1044 3991 1358 4062 glomeratis
1400 3990 1589 4045 ordine
1621 3990 1814 4044 turmis
1842 4008 1856 4044 :
2279 3998 2524 4071 cumque
2549 3999 2628 4056 rei
2651 3999 2869 4066 seriem,
2895 4013 2925 4053 ει
2952 3998 3144 4069 primis
3164 3997 3464 4055 annalibus
3499 3993 3631 4061 orsi,

524 4085 814 4155 Primoque
839 4098 1115 4155 aggressu,
1150 4090 1361 4136 tentant
1386 4095 1481 4152 per
1507 4080 1637 4146 tela,
1663 4095 1761 4150 per
1787 4083 1962 4151 ignes,

2211 4091 2414 4149 Ordine
2440 4100 2777 4158 narrassent,
2803 4106 2873 4148 ex
2903 4102 3053 4147 more
3083 4090 3295 4147 cibaria
3315 4094 3622 4161 praestant:

525 4177 769 4232 Pandere
795 4176 846 4229 vi
872 4181 1075 4245 portas,
1115 4173 1382 4243 scalisque
1409 4173 1700 4228 ascendere
1726 4189 1929 4231 muros.
1974 4171 1980 4176 ’
2210 4183 2446 4257 pou-ign
2474 4183 2737 4240 anei-uie.-
2758 4198 2974 4254 ρεηοιη,
2997 4182 3314 4240 εῖιῖεηιίδυε
3338 4180 3505 4239 om,"

450 4284 459 4293 ’
525 4269 790 4325 Custodes
823 4275 1014 4322 contra
1056 4265 1242 4335 rigidis
1270 4266 1556 4321 extrudere
1584 4267 1778 4333 contis,
2209 4273 2362 4329 Alter
2388 4289 2584 4344 aquam
2613 4290 2626 4327 :
2656 4273 2923 4344 siquidem
2950 4273 3219 4329 ducebant
3246 4272 3455 4330 talibus
3477 4283 3661 4329 aevum.

525 4357 836 4425 Crebraque
860 4369 957 4425 per
977 4353 1189 4425 patulas
1220 4352 1324 4409 tela
1350 4354 1662 4426 intorquere
1682 4355 1946 4413 fenestras
2211 4364 2330 4419 Dux
2356 4379 2489 4419 vero
2516 4364 2776 4421 adversus
2802 4372 2909 4419 tam
2938 4363 3063 4418 vilia
3086 4362 3323 4431 fercula,
3351 4363 3503 4420 cedit

601 4451 701 4504 Ast
727 4448 816 4502 ubi
840 4445 1133 4501 suﬂ'odiunt
1151 4455 1271 4502 acta
1296 4447 1567 4504 testudine
1594 4447 1748 4516 Daci,
2139 4510 2140 4513 η

2139 4508 2185 4527 ﬁ
2212 4456 2469 4513 Protinus
2498 4457 2647 4512 hisce
2676 4455 2809 4512 locis
2834 4464 2980 4513 totus
3001 4455 3258 4527 profusus
3300 4455 3361 4512 in
3387 4454 3522 4511 iras.

527 4536 803 4609 Tortaque
828 4537 1009 4608 pulsat
1030 4552 1168 4592 onus
1194 4536 1387 4593 validis
1416 4538 1610 4594 balista
1636 4508 1855 4597 lacertis
1885 4559 1899 4597 ε
2139 4508 2188 4568 θ
2213 4508 3266 4619 at;1:;“suassuasmagis
3297 4508 3472 4619 si“...

526 4628 647 4685 1am
687 4628 885 4684 vallum
910 4669 926 4695 ,
964 4641 1064 4683 nec
1094 4634 1240 4683 terra
1279 4636 1524 4696 tumens,
1563 4645 1666 4686 nec
1706 4630 1938 4687 claustra
1962 4672 1979 4698 ,
2013 4648 2109 4687 nec
2216 4641 2464 4698 Numinis
2486 4640 2720 4711 impulsu
2751 4639 2996 4712 Stygium
3024 4639 3369 4697 nancisciiur
3392 4652 3582 4711 aprum
3603 4650 3623 4690 :

1915 4723 2039 4798 [ipsi
2215 4732 2318 4800 Qui
2348 4732 2535 4803 rapido
2566 4747 2755 4797 cursu,
2788 4746 2952 4787 rauco
2981 4731 3286 4788 bacchatus
3311 4731 3503 4798 hiatu,

422 4836 425 4839 ‘
526 4813 788 4871 Custodes
816 4810 1059 4868 suiiicere
1082 4808 1280 4879 valent,
1305 4810 1381 4868 nil
1410 4815 1606 4869 mmnia
1634 4827 1861 4885 prosunt
1889 4834 1903 4870 ἒ
2217 4824 2465 4879 Vulneris
2492 4824 2789 4893 intrepidus
2813 4822 3005 4879 transit,
3032 4822 3329 4890 venabula,
3354 4835 3567 4886 casses,

525 4906 667 4961 Dant
692 4903 764 4960 ibi
790 4918 919 4958 saxa
951 4902 1150 4967 locum,
1189 4904 1465 4974 portisque
1494 4906 1796 4970 ruentibus,
1829 4906 1962 4960 imas
2218 4913 2712 4983 semianimemque
2737 4913 2928 4968 ducem
2956 4912 3153 4968 culmis
3173 4912 3480 4983 prostravit,
3502 4907 3683 4967 acutis.

527 4996 790 5052 Ιιινθάυιιῑ
818 5010 972 5050 πεῖθε
1003 5012 1015 5047 ³
1050 5009 1178 5065 Pars
1215 4993 1372 5050 οδνί³
1415 5009 1638 5065 corpora
1667 5010 1894 5067 (ιυπαιιε
2217 5008 2288 5062 At
2318 5021 2524 5061 memor
2546 5004 2764 5061 offensae
2792 5019 2917 5059 mox
2942 5003 3150 5060 viribus
3176 5004 3292 5075 ipse
3318 5002 3636 5074 resumptis,

526 5089 762 5143 infausta
789 5095 1076 5152 sternunt,
1108 5086 1255 5141 nullo
1276 5086 1609 5154 discrimine,
1638 5088 1784 5144 caede
1812 5107 1824 5141 :
2219 5096 2328 5153 Hos
2354 5096 2550 5168 repeti;
2583 5095 2795 5162 Patres,
2830 5095 3056 5152 sceleris
3070 5109 3170 5166 pro
3187 5094 3315 5151 labe
3342 5094 3546 5167 pianda
3572 5107 3590 5147 :

529 5180 816 5237 Semirutis
842 5178 933 5234 alii
957 5178 1184 5234 miscent
1206 5179 1455 5234 incendia
1482 5180 1658 5235 tectis.
2220 5185 2653 5259 sumptui-usque
2718 5186 2941 5252 cibum,
2989 5201 3151 5259 quem
3201 5193 3531 5256 spreverat,
3583 5175 3778 5237 accubat

600 5274 801 5344 Inclyta
827 5263 1176 5343 Christip’araa
1203 5282 1477 5327 camerato
1503 5271 1739 5327 culmine
1762 5272 1829 5327 ad
1852 5287 2013 5327 auras
2217 5280 2464 5337 Cmnobii
2495 5277 2650 5347 hujus
2675 5277 2946 5349 pollicitus
2972 5278 3177 5335 sarcire
3200 5276 3435 5345 ruinas,
3472 5278 3475 5279 ⁷
3568 5269 3760 5348 [iisdem

528 5371 805 5427 Etherias
846 5381 1072 5439 surgens
1100 5367 1347 5422 exstabat
1374 5366 1613 5438 Virginis
1642 5367 1801 5422 mdes.
2222 5370 2375 5425 Tunc
2403 5368 2519 5424 fieri
2547 5367 2772 5425 delubra
2794 5368 2970 5439 iubet,
3000 5369 3272 5440 cellasque
3299 5368 3633 5440 domosque;

528 5463 703 5530 Quam
729 5460 875 5515 ferro
900 5459 1131 5514 accisam
1159 5459 1428 5529 quatiunt,
1455 5466 1511 5512 et
1532 5457 1753 5514 verbere
1777 5459 1969 5514 crebro
2221 5461 2495 5530 Multaque
2522 5460 2780 5528 restituit,
2807 5461 3001 5532 priscis
3025 5461 3288 5518 subversa
3323 5461 3527 5525 ruinis,

531 5555 903 5609 Fundamenta
924 5560 1121 5629 cavant
1150 5570 1162 5605 :
1193 5561 1278 5606 ast
1296 5551 1519 5606 vulnere
1545 5550 1685 5605 victa
1716 5567 1971 5622 supremo
2217 5552 2451 5621 Praedia,
2482 5552 2699 5608 divitias
2732 5568 2839 5623 quo
2867 5563 3088 5623 possent
3109 5555 3419 5627 quaestibus
3446 5553 3665 5626 absque,

530 5644 818 5716 ingemuit,
845 5644 1118 5713 traxitque
1139 5643 1270 5713 jugo
1290 5641 1545 5698 convulsa
1577 5641 1811 5696 ruinam.
2220 5642 2432 5713 Quique
2454 5641 2837 5713 tnonOptolemi
2866 5644 3135 5701 seclusam
3160 5645 3367 5701 ducere
3398 5645 3593 5699 vitam.

536 5735 762 5790 Tollitur
787 5735 842 5788 in
869 5734 1064 5789 malum
1093 5735 1316 5790 densata
1349 5733 1568 5803 pulvere
1598 5735 1778 5789 nubes
2292 5735 2546 5791 Protinus
2569 5735 2807 5791 artiﬂcas
2837 5752 3035 5809 sponsa
3063 5738 3317 5794 mercede
3341 5736 3526 5795 labori
