3860 5382
499 205 605 262 tos
777 173 780 177 ’
1167 170 1172 176 ’
1321 202 1610 260 APPE'ND.
1653 203 1743 257 an
1773 177 1946 258 sane.
1989 204 2023 258 Χ

2239 205 2429 261 νΡΕιίΑ
2467 216 2855 280 essenon“,
3678 206 3763 270 101

577 317 702 372 169.
734 316 792 372 Si
817 315 1104 388 qui'elertct
1129 317 1196 371 ab
1218 317 1484 388 episcopis
1503 315 1614 370 suis
1636 316 1938 384 promoveri
1964 332 2094 372 con-
2120 303 2170 363 Α
2269 318 2355 386 12.
2380 320 2531 388 Quod
2558 318 3012 376 exeommunicati
3042 319 3110 376 ad
3131 319 3534 394 accusationem
3575 318 3765 374 admitti

502 409 842 478 tempserint,
861 408 1079 464 necillic
1095 407 1503 463 maneantunde
1516 419 1768 462 receaere
1781 407 2088 462 noluerunt.
2193 426 2301 466 non
2331 411 2577 484 debeant.

580 499 700 556 170.
731 499 805 552 De
835 514 1061 553 numero
1091 509 1239 553 certo
1271 498 1624 552 diaconorum
2267 503 2354 558 15.
2385 503 2539 569 Quod
2562 504 2704 559 servi
2735 513 2791 559 et
2815 502 2997 560 liberti
3051 516 3342 573 omnesque
3388 500 3624 557 infames
3663 515 3769 571 per-

576 589 699 643 171.
739 587 856 655 Quo
887 595 1126 658 tempore
1173 590 1550 658 presbyterum
1603 586 1891 643 conveniat
1941 587 2091 643 ordi-
2192 609 2340 652 some
2370 611 2476 650 non
2507 595 2738 652 debeam
2761 608 3038 650 accusare.

509 680 645 735 nari.
2268 685 2354 740 11.
2379 685 2450 740 Ut
2470 687 2560 758 qui
2592 702 2757 758 unum
2783 687 2989 741 crimen
3013 700 3118 741 non
3147 684 3482 755 probaverit,
3532 682 3600 737 ad
3654 682 3772 744 alte-

581 771 700 825 172.
739 769 984 838 Qualiter
1003 771 1287 842 presbyter
1306 770 1608 826 ordinetur.
2196 793 2315 834 rum
2342 779 2550 834 admitti
2578 794 2682 833 non
2708 778 2922 833 debeat.

576 847 699 916 175.
733 861 808 915 De
844 862 928 917 bis
955 862 1046 932 qui
1077 862 1130 916 in
1161 862 1479 933 a‘gritudine
1505 872 1631 916 sunt
1653 860 1932 934 baptizati.
2270 868 2357 922 15.
2387 867 2487 934 Qui
2511 869 2578 922 ad
2607 867 2972 923 testimonium
3008 867 3328 937 admittendi
3358 882 3468 938 non
3492 865 3623 929 sint.
3725 899 3734 905 κ

575 954 699 1007 171.
723 943 1019 1025 Presbyter
1041 953 1326 1010 diaconum
1347 961 1439 1008 aut
1466 952 1846 1024 presbyterum
1869 970 1975 1007 non
1998 968 2088 1007 or-
2269 958 2356 1014 16.
2388 958 2467 1014 De
2495 959 2582 1016 bis
2607 959 2702 1031 qui
2737 959 2792 1015 in
2823 961 3226 1017 accusationem
3253 958 3479 1030 majoris
3521 967 3651 1012 natu
3698 972 3776 1015 ve-

503 1045 733 1102 dinabit.
2196 1051 2370 1107 niunt.

575 1139 698 1193 175.
732 1137 808 1194 De
835 1139 920 1194 bis
945 1138 1038 1208 qui
1070 1138 1135 1193 ad
1158 1139 1416 1194 honorem
1446 1136 1752 1208 presbyteri
1800 1137 1918 1193 sine
1960 1151 2091 1194 exa-
2273 1144 2357 1199 17.
2391 1142 2448 1200 Si
2481 1142 2766 1215 episcopus
2794 1142 2998 1216 absque
3029 1153 3268 1214 tempore
3314 1141 3510 1214 synodi
3571 1141 3625 1196 in
3686 1140 3776 1197 cria

503 1229 653 1284 mine
680 1230 921 1299 provecti
948 1238 1090 1284 sunt.
2197 1235 2345 1290 mine
2371 1234 2620 1290 detentus
2649 1219 2834 1302 fuerit,
2861 1249 2891 1289 a
2919 1229 3196 1294 duodecim
3223 1232 3496 1305 episcopis
3527 1231 3774 1287 audiatur.

574 1321 695 1376 176.
725 1320 878 1387 Quod
895 1321 1256 1377 subdiaconus
1271 1321 1325 1376 in
1344 1321 1592 1398 conjugio
1609 1336 1725 1378 esse
1750 1336 1854 1376 non
1873 1320 2088 1377 debeat.
2270 1324 2355 1379 18.
2384 1325 2458 1379 De
2484 1310 2922 1396 presbyteris‘vel
2956 1323 3171 1380 clericis
3189 1321 3488 1399 accusatis.

577 1415 703 1469 177.
735 1414 810 1468 De
834 1413 1036 1468 inlicita
1066 1413 1425 1470 ordinatione.
2272 1415 2356 1469 19.
2394 1414 2469 1469 De
2496 1423 2753 1470 accusato
2773 1415 2858 1470 vel
2885 1423 3219 1488 accusatore.

577 1507 694 1561 178.
726 1507 800 1562 De
827 1507 1192 1563 mercantibus
1221 1507 1584 1564 sacerdotium
1629 1515 1684 1562 et
1733 1504 2093 1563 vendentibus
2267 1491 2356 1558 20.
2392 1505 2462 1559 Ut
2487 1513 2801 1562 causatores
2828 1505 2893 1561 de
2920 1504 3128 1569 levibus
3157 1503 3334 1560 causis
3350 1517 3460 1558 non
3484 1488 3799 1556 audianturf

503 1600 703 1656 donum
731 1597 846 1653 Dei.
2268 1597 2356 1652 21.
2391 1597 2468 1653 De
2492 1598 2898 1652 accusatoribus
2927 1596 3177 1651 fratrum.

576 1690 697 1746 179.
727 1689 877 1757 Quod
909 1689 1157 1761 bigamus
1181 1705 1288 1745 non
1315 1691 1386 1746 sit
1408 1689 1762 1746 ordinandus.
2126 1658 2173 1718 Β
2268 1690 2357 1744 22.
2384 1689 2459 1744 Ne
2481 1689 2598 1744 sine
2627 1697 2946 1763 accusatore
2970 1688 3210 1761 legitimo
3239 1687 3514 1759 quispiam
3544 1687 3776 1743 condem-

577 1781 699 1836 180.
731 1779 802 1836 Ut
827 1780 980 1849 pueri
1001 1781 1068 1835 ad
1091 1795 1306 1836 sacrum
1338 1781 1582 1836 ordinem
1602 1797 1706 1836 non
1723 1779 2094 1844 admittantur.
2199 1791 2416 1852 pnetur.
3374 1776 3376 1778 ’

582 1874 702 1928 181.
741 1871 908 1942 Cujus
935 1875 1112 1929 aetatis
1141 1889 1262 1930 esse
1301 1874 1533 1930 debeant
1582 1875 1672 1944 qui
1713 1882 2100 1946 promoventur
2269 1873 2361 1929 25.
2390 1874 2752 1953 Accusatores
2774 1872 3002 1928 fratrum
3050 1871 3117 1938 ad
3162 1871 3605 1934 communionem
3657 1868 3776 1934 reci:

507 1968 561 2022 in
591 1983 805 2023 sacrum
835 1967 1102 2022 ordinem.
2200 1967 2416 2037 piantur
2439 1966 2553 2022 non
2583 1966 2649 2020 ad
2679 1965 2905 2021 clerum.
3205 1959 3208 1968 ’

580 2062 704 2118 182.
722 2054 890 2129 Ὀυοᾱ
923 2063 1123 2133 bigami
1167 2061 1236 2119 ad
1281 2077 1500 2119 sacrum
1555 2063 1798 2119 ordinem
1821 2079 1926 2120 non
1970 2073 2096 2120 sunt
2270 2057 2360 2113 21.
2390 2057 2467 2113 De
2492 2055 2869 2126 episcoporum
2899 2063 2990 2112 aut
3009 2053 3328 2124 clericorum
3357 2049 3776 2128 accusatoribus.

506 2155 832 2225 applicandi.
2067 2139 2069 2141 ’
2271 2148 2362 2204 25.
2388 2147 2642 2224 [te-falsis
2666 2146 2912 2223 testibus.
3205 2220 3208 2222 γ

585 2245 704 2300 185.
737 2244 850 2300 Cur
887 2246 1206 2316 prreceperit
1235 2245 1524 2317 Apostolus
1575 2245 1736 2302 unius
1787 2247 1974 2303 uxoris
2017 2248 2102 2303 vi-
2271 2241 2361 2297 26.
2389 2239 2544 2308 Quod
2571 2241 2680 2296 duo
2705 2247 2832 2294 sunt
2861 2238 3122 2296 falsorum
3163 2237 3381 2295 testium
3407 2251 3633 2313 genera.

507 2352 624 2391 rum
649 2352 817 2391 sacrae
851 2337 1110 2407 applicari
1136 2337 1356 2392 militize.
2275 2336 2365 2391 27.
2407 2337 2485 2392 De
2533 2335 3000 2406 vituperatoribus
3056 2334 3139 2391 vel
3186 2331 3601 2390 accusatoribus
3647 2330 3780 2396 clerie

581 2427 702 2483 181.
731 2427 800 2483 Ut
853 2428 1226 2485 ordinationes
1275 2427 1720 2500 presbyterorum
1763 2429 2106 2509 certis'fiant
2203 2443 2412 2486 corum.

510 2521 866 2591 temporibus.
2272 2517 2365 2573 28.
2410 2517 2487 2571 De
2534 2513 3019 2572 excommunicatis
3065 2515 3205 2585 apud
3253 2513 3467 2581 vicinos
3525 2513 3782 2583 episcopos

583 2613 708 2668 185.
743 2612 988 2679 Qualiter
1016 2612 1211 2669 debeat
1233 2627 1354 2671 esse
1379 2614 1468 2686 qui
1495 2615 1727 2670 clericus
1759 2615 1837 2669 fit.
2205 2608 2504 2664 audiendis.

587 2705 706 2760 186.
736 2704 945 2759 Rursus
973 2703 1158 2774 quales
1190 2705 1439 2762 homines
1459 2706 1642 2764 clerici
1697 2706 1818 2762 ﬁeri
1849 2705 2100 2762 debeant.
2275 2700 2366 2756 29.
2399 2699 2553 2768 Quod
2576 2713 2682 2765 non
2713 2706 2964 2768 oporteat
3002 2697 3230 2754 clericos
3283 2697 3556 2752 habentes
3608 2694 3780 2759 δόνει-τ

583 2797 704 2851 187.
733 2794 898 2864 Cujus
923 2796 1099 2850 aetatis
1128 2795 1311 2851 clerici
1339 2795 1454 2852 fieri
1487 2797 1741 2856 debeant.
2206 2808 2324 2847 sum
2358 2791 2587 2862 invicem
2621 2792 2916 2861 negotium,
2962 2789 3238 2860 proprium
3267 2790 3585 2858 episcopum
3635 2786 3781 2840 relin-

586 2887 705 2941 188.
739 2886 924 2957 Neque
951 2887 1171 2943 curialis
1203 2902 1380 2957 neque
1420 2894 1637 2944 taxeota
1691 2889 1758 2944 ad
1790 2888 2104 2946 clericatum
2207 2899 2376 2953 quere
2405 2891 2460 2938 et
2488 2882 2557 2937 ad
2587 2881 2869 2936 saecularia
2892 2879 3097 2950 judicia
3130 2879 3442 2952 convolare.

514 2978 848 3078 admittendi.
2135 3017 2180 3078 C
2281 2975 2370 3053 50.
2406 2973 2562 3041 Quod
2586 2972 2820 3030 oﬂieium
2852 2972 3146 3078 pristinum
3181 2970 3457 3041 dampnati
3490 2985 3592 3041 pro
3622 2966 3785 3032 crimi-_

591 3069 713 3125 189.
749 3067 962 3124 Statuta
987 3070 1156 3125 sancti
1191 3069 1434 3125 Silvestri
1457 3071 1523 3125 de
1551 3071 1738 3128 ordine
1765 3071 2104 3128 clericorum.
2139 3065 2180 3078 “
2215 3071 2373 3126 nibus
2406 3082 2672 3138 usurpare
2701 3082 2808 3120 non
2835 3065 3087 3120 debeant.

594 3159 715 3214 190.
747 3159 897 3226 Quod
920 3159 1086 3217 semel
1111 3161 1411 3230 ordinatus,
1456 3163 1654 3219 iterum
1703 3163 1946 3222 ordinari
2003 3179 2111 3220 non
2284 3161 2372 3235 51.
2405 3161 2480 3216 De
2508 3158 2955 3231 praevaricatione
2990 3155 3593 3213 excommunicationis.

524 3250 738 3304 debeat.
2285 3253 2374 3308 52.
2405 3251 2461 3308 Si
2483 3252 2605 3322 quis
2633 3251 3130 3307 exeommunieatus
3159 3257 3285 3304 ante
3309 3247 3640 3302 audientiam
3658 3259 3787 3301 com-

591 3340 709 3396 191.
743 3339 896 3407 Quod
918 3340 1111 3412 deponi
1141 3342 1333 3398 debeat
1361 3343 1452 3414 qui
1474 3345 1650 3400 denuo
1694 3359 1887 3412 manus
1938 3344 2112 3417 impo-
2215 3347 2492 3404 municare
2521 3343 2946 3416 przesumpserit,
2998 3341 3114 3412 ipse
3164 3341 3220 3396 in
3260 3354 3320 3396 se
3363 3338 3785 3409 danpnationcm

517 3432 768 3488 sitionem
797 3432 1040 3502 recipiat.
2027 3437 2030 3439 λ
2216 3437 2463 3512 protulit.

594 3525 715 3581 192.
750 3524 823 3579 De
850 3539 1008 3580 servo
1036 3525 1286 3583 ordinato
1321 3526 1373 3581 in
1397 3527 1562 3583 clero.
2227 3521 2230 3524 ’
2289 3527 2378 3583 55.
2414 3528 2491 3583 De
2516 3523 2730 3581 clericis
2765 3522 3092 3595 dampnatis.

739 3615 971 3686 Explicit
993 3615 1060 3671 de
1083 3616 1424 3673 ordinatione
1451 3605 1793 3674 clericorum.
2289 3620 2379 3676 31.
2414 3620 2489 3675 De
2515 3617 2824 3687 dampnatis
2853 3623 2906 3670 et
2931 3615 3248 3670 ministrare
3289 3611 3694 3682 temptantibus.

785 3747 1102 3804 INCIPIT
1139 3749 1386 3804 “BER
1414 3749 1558 3803 SE0
1577 3747 1794 3805 UNDU
2411 3708 2564 3805 Quod
2592 3722 2715 3805 cum
2743 3704 3228 3805 excommunicatis
3256 3718 3361 3758 non
3393 3702 3466 3757 sit
3493 3701 3763 3773 orandum.

823 3787 920 3804 ην
938 3787 992 3804 ἰ
1023 3787 1044 3804 ⁸
1068 3787 1093 3804 ³
1139 3787 1181 3814 ν
1198 3787 1212 3802 '
1230 3787 1269 3802 "
1286 3787 1324 3803 υ
1343 3787 1386 3836 ’τ
1414 3787 1558 3803 νυν
1582 3787 1618 3805 ν
1638 3787 1677 3802 "
1695 3787 1734 3803 ν
1754 3787 1792 3804 ν
2291 3802 2380 3858 56.
2408 3802 2484 3856 De
2509 3799 2720 3856 clericis
2747 3799 2838 3869 qui
2865 3798 3006 3853 intra
3033 3812 3233 3852 annum
3260 3809 3481 3851 causam
3505 3807 3668 3864 agere
3694 3805 3783 3845 non

874 3881 940 3920 DE
961 3881 1360 3921 CELEBRATIONE
1388 3881 1638 3931 coscrw,
1665 3877 1770 3921 etc.
2225 3900 2537 3966 procum“,
3135 3875 3137 3877 1
3547 3881 3552 3885 ’

594 3983 648 4037 1.
675 3980 748 4037 Ut
767 3983 853 4037 bis
874 3982 928 4036 in
957 3995 1101 4035 anno
1118 3980 1345 4036 concilia
1382 3980 1739 4035 celebrentur-
2291 3985 2383 4040 57.
2418 3984 2487 4040 Ut
2510 3983 2689 4038 clerici
2726 3981 2846 4038 sine
2876 3979 3150 4050 pontificis
3188 3978 3270 4040 sui
3314 3977 3480 4032 misso
3505 3974 3705 4030 nullum
3731 3967 3787 4026 ad

592 4074 650 4129 2.
682 4073 886 4141 Quibus
910 4073 1241 4143 temporibus
1267 4071 1458 4143 synodi
1501 4072 1570 4128 ab
1594 4071 1863 4143 episcopis
1889 4071 2122 4131 debeant
2223 4079 2479 4137 smculare
2498 4077 2758 4148 judicium
2789 4081 3118 4146 praesumant
3148 4072 3443 4126 attrahere.

522 4170 576 4222 in
604 4163 882 4236 provincia
905 4163 1186 4218 celebrari.

2294 4171 2383 4226 58.
2419 4171 2494 4224 De
2513 4151 2736 4223 clericis
2763 4162 3248 4238 excommunicatis
3273 4169 3330 4216 et
3354 4159 3523 4214 laicis.

595 4261 648 4316 5.
677 4261 748 4319 Ut
774 4260 1013 4333 episcopi
1043 4261 1109 4315 ad
1141 4259 1412 4332 synodum
1454 4259 1878 4332 inprtetertnisse
1925 4275 2123 4317 occur-
2295 4261 2384 4318 59.
2413 4261 2490 4316 De
2519 4261 2786 4332 episcopis
2821 4259 2893 4314 ab
2933 4257 3176 4328 ejusdem
3216 4254 3507 4327 provinciae
3548 4249 3786 4308 sacerdo-

531 4363 668 4409 I‘ant.
2146 4373 2198 4435 ι)
2229 4356 2370 4412 tibus
2398 4361 2763 4410 consonanter
2788 4349 3044 4406 exclusis.
3226 4341 3230 4350 ⁸

603 4446 658 4500 1.
696 4448 772 4503 De
808 4446 1080 4517 episcopis
1101 4449 1191 4517 qui
1221 4447 1287 4503 ad
1326 4445 1614 4503 concilium
1644 4460 1750 4502 non
1801 4456 2115 4508 occurrunt.
2189 4436 2194 4440 ”
2294 4447 2365 4502 10
2416 4445 2491 4500 De
2523 4442 2840 4516 provinciali
2869 4441 3074 4512 synodo
3102 4437 3470 4515 retractanda.

600 4537 651 4592 5.
682 4538 752 4593 Ut
775 4538 1057 4608 episcopus
1081 4539 1418 4594 dioecesanos
1445 4539 1796 4609 presbyteros
1848 4548 1905 4595 et
1955 4553 2118 4608 quos-
2294 4540 2384 4594 11.
2428 4539 2503 4592 De
2543 4534 2812 4606 episcOpis
2849 4541 2907 4602 et
2947 4531 3160 4588 clericis
3198 4529 3519 4585 adeuntibus
3570 4527 3787 4595 impera

529 4633 652 4688 dam
689 4647 756 4686 ex
787 4632 938 4688 laicis
963 4633 1291 4688 conveniant
1314 4633 1510 4687 litteris
1549 4632 1648 4700 (8).
2227 4641 2421 4688 torem.
2584 4619 2588 4629 ’

605 4723 660 4780 6.
700 4723 1189 4796 Utmetropolitani
1217 4725 1443 4780 arbitrio
1467 4724 1707 4794 synodus
1737 4732 2114 4792 congregetur.
2299 4725 2387 4779 12.
2417 4725 2492 4779 De
2523 4722 2610 4780 his
2637 4721 2726 4792 qui
2757 4719 2824 4774 ad
2849 4717 3164 4774 comitatum
3188 4714 3269 4770 ire
3292 4712 3573 4768 voluerint.

605 4813 658 4868 7.
709 4813 912 4883 Siquis
946 4814 1227 4885 episcopus
1273 4829 1304 4869 a
1345 4813 1764 4883 metropolitano
1815 4811 2122 4877 admonitus

2300 4816 2390 4872 1'5.
2419 4815 2647 4884 Quando
2676 4822 2733 4868 et
2761 4812 2816 4866 in
2841 4810 3040 4882 quibus
3067 4807 3247 4864 causis
3277 4805 3511 4876 episcopi
3543 4803 3606 4857 ad
3635 4798 3787 4855 comi-

538 4903 604 4959 ad
649 4903 912 4975 synodum
956 4903 1044 4960 vel
1089 4904 1486 4961 ordinationem
1529 4901 1890 4976 episcOpalem
1935 4903 2124 4958 venire
2231 4906 2399 4966 mum
2429 4907 2508 4962 ire
2535 4906 2789 4968 debeant.

535 4994 822 5050 distulerit.
2302 5001 2390 5056 11.
2418 5001 2493 5055 De
2522 4996 2766 5052 diaconis
2789 4994 2852 5049 ad
2878 4992 3191 5049 comitatum
3232 4987 3543 5060 dirigendis.

609 5085 662 5140 8.
709 5085 1043 5141 ltissidentes
1067 5085 1348 5156 episcopos
1374 5086 1418 5140 si
1450 5099 1558 5140 non
1591 5083 1757 5139 timor
1783 5083 1904 5149 Dei,
1958 5097 2122 5153 syno-

2301 5089 2389 5145 15.
2419 5089 2571 5156 Quod
2600 5090 2664 5142 ad
2689 5085 3004 5142 comitatum
3040 5098 3068 5136 a
3095 5082 3313 5153 pupillis
3336 5091 3393 5138 et
3419 5078 3595 5136 viduis
3621 5089 3678 5127 ac
3705 5087 3786 5124 ne-

537 5177 636 5232 εἰυε
664 5178 996 5234 reconciliet-
2231 5182 2539 5238 cessitatem
2568 5176 2898 5249 patientibus
2929 5175 2998 5230 sit
3025 5175 3280 5229 eundum.

611 5271 663 5328 9.
697 5272 772 5326 De
800 5273 1175 5342 conjuratione
1199 5271 1286 5328 vel
1307 5270 1730 5342 conSpiratione.
2301 5269 2390 5326 16.
2423 5271 2498 5325 De
2533 5269 2736 5324 ultione
2775 5266 3020 5335 nequiter
3039 5263 3419 5335 judicantium.

620 5361 679 5382 In
732 5362 799 5382 n-
853 5363 1002 5382 1-]..-
1048 5363 1156 5382 οι...

2312 5359 2368 5382 1'!
2432 5358 2581 5382 Π.-Α.1
2613 5371 2714 5382 -ιΑι,
2759 5355 2950 5382 ..λελυῖο
2994 5354 3277 5382 Ληῖηηοιηιιη
3331 5351 3554 5382 ,διο-ζηιιὲ
3607 5354 3651 5382 nl
3681 5355 3787 5382 Μ
