3898 6320
167 393 260 451 403,
1233 387 1565 446 CANONUM
1593 387 1837 443 PRISCA
1877 389 2276 450 COLLECTIO.

222 503 299 558 48.
329 501 397 557 De
423 500 504 557 his
539 499 627 575 qui
667 499 917 573 ignorant
954 500 1085 572 quid
1127 502 1198 557 sit
1229 502 1282 558 in
1329 503 1534 575 synodo
1567 517 1701 558 eou-
1731 483 1781 543 Α

162 596 400 650 stitutum.

219 683 296 739 19.
321 680 464 749 Quod
491 681 773 753 episcOpus
804 680 888 737 vel
908 682 1194 755 presbyter
1225 684 1277 738 in
1306 681 1513 752 judicio
1538 682 1702 739 advo-

164 783 313 832 catum
339 773 530 829 habere
557 772 734 830 debet.

217 865 295 922 50.
321 866 392 920 De
421 879 484 920 eo
507 865 597 936 qui
628 865 952 921 advocatum
978 867 1182 923 habere
1207 867 1434 924 minime
1462 867 1625 922 valet.

214 959 292 1014 51.
324 957 390 1014 Ut
417 956 590 1011 nullus
627 957 912 1029 episcopus
937 958 1020 1013 vel
1065 958 1204 1015 infra
1234 961 1437 1030 positus
1476 961 1562 1017 die
1594 961 1697 1018 Do-

157 1044 329 1111 niinico
352 1060 566 1099 causam
597 1047 784 1102 audire
813 1057 1123 1116 praesumat.

214 1135 291 1190 52.
325 1133 391 1192 Ut
427 1134 604 1191 nullus
643 1137 930 1208 episcopus
968 1153 1066 1210 pro
1103 1138 1321 1209 judiciis
1354 1155 1576 1194 munera
1609 1155 1700 1194 ac-

156 1226 312 1297 cipiat.

209 1316 286 1372 55.
330 1315 396 1374 Ut
433 1316 718 1388 episcopus
767 1319 966 1375 nullius
1013 1336 1232 1378 causam
1275 1323 1458 1379 audiat
1499 1325 1699 1394 absque

151 1407 402 1480 przcsentia
431 1407 746 1484 clericorum
773 1425 1014 1467 suorum.

205 1500 282 1556 51.
305 1499 374 1557 Ut
395 1501 572 1558 nullus
593 1506 832 1560 accusati
863 1506 1045 1561 sedem
1077 1517 1298 1580 usurpet
1328 1509 1585 1580 episcopi.

209 1590 288 1647 55.
315 1591 760 1650 Neinterventor
798 1597 1084 1668 epiSCOpus
1119 1599 1455 1665 cathedram,
1488 1600 1576 1656 ubi
1614 1601 1696 1666 in-

149 1690 390 1739 terventor
411 1692 516 1752 est,
550 1685 801 1744 insideat.

203 1776 281 1834 56.
316 1778 386 1835 De
412 1781 741 1837 vacantibus
777 1783 1068 1853 episcopis.

3287 386 3392 445 606

1878 500 1968 556 84.
2003 503 2078 557 De
2106 503 2343 572 primatu
2371 504 2766 574 episcoporum.

1823 661 1828 664 ~
1877 594 1966 649 85.
2001 595 2069 651 Ut
2096 612 2281 652 curam
2311 611 2488 652 rerum
2513 593 3004 651 ecclesiasticarum
3035 600 3242 645 tantum
3271 589 3388 670 θρι-

1805 701 2000 756 scapus
2030 689 2246 745 habeat.

1874 777 1964 833 86.
2013 777 2166 845 Quod
2212 777 2455 850 pontifex
2501 792 2681 833 rerum
2729 791 2946 832 suarum
3001 775 3197 831 habeat
3239 779 3393 845 potu-

1803 875 2020 924 statem.

1874 958 1963 1013 87.
1989 959 2066 1012 De
2089 974 2147 1016 re
2172 960 2433 1031 episcopi,
2457 973 2618 1029 quam
2648 967 2772 1014 ante
2794 958 3136 1029 episcooatus
3158 956 3388 1027 gradum

1801 1047 2074 1103 habuerit.

1873 1143 1962 1199 88.
1995 1143 2069 1198 De
2101 1145 2260 1199 rebus
2284 1143 2350 1198 ad
2372 1143 2653 1198 ecclesiam
2678 1141 3095 1211 pertinentibus,
3124 1151 3178 1195 et
3219 1141 3285 1196 de
3309 1141 3391 1195 his

1803 1247 1922 1302 quae
1953 1233 2166 1303 propria
2195 1233 2431 1304 episcopi
2463 1248 2584 1288 esse
2616 1239 2931 1287 noscuntur.

1872 1322 1960 1377 89.
1993 1322 2146 1389 Quod
2170 1324 2456 1394 episcopus
2483 1322 2971 1378 ecclesiasticarum
2991 1304 3171 1376 rerum
3195 1321 3264 1376 ob
3281 1322 3391 1374 dis-

1801 1414 2169 1483 pensationem
2197 1416 2248 1468 in
2273 1428 2537 1485 pauperes
2565 1413 2757 1468 habeat.
2788 1420 3129 1482 potestatem.
3327 1483 3333 1488 _

1875 1505 1965 1561 90.
1990 1505 2142 1572 Quod
2166 1506 2217 1559 in
2240 1520 2563 1574 unaquaque
2585 1505 2810 1559 ecclesia
2841 1504 2926 1558 cui
2953 1503 3236 1573 episcopus
3258 1517 3392 1572 prae-

1804 1600 1964 1664 sidet,
1997 1608 2254 1669 quattuor
2281 1607 2387 1652 tam
2415 1599 2478 1653 de
2504 1597 2800 1652 redditibus
2820 1612 2979 1668 quam
3011 1597 3076 1650 de
3105 1596 3390 1650 oblationi-

1799 1693 1900 1748 bus
1926 1691 2164 1747 ﬁdelium
2191 1691 2306 1746 ﬁeri
2334 1689 2565 1746 debeant
2598 1690 2892 1759 portiones.

1871 1785 1960 1840 91.
2001 1784 2078 1839 De
2104 1781 2373 1853 episc0pis
2401 1779 2636 1851 qualiter
2664 1795 2785 1833 cum
2817 1779 2930 1834 suis
2961 1778 3174 1833 clericis
3201 1787 3386 1848 agant.

201 1869 278 1925 57.
308 1871 379 1927 De
407 1872 663 1943 episcopo
699 1849 1268 1944 qui—excommunieat
1305 1891 1430 1934 eum
1469 1876 1561 1947 qui
1592 1877 1693 1933 sibi
1728 1849 1772 1908 Β
1873 1873 1958 1929 92.
1979 1873 2048 1928 Ut
2069 1849 2307 1942 episcopi
2325 1849 2478 1940 juxta
2501 1869 2788 1926 ecclesiam
2815 1868 3048 1924 habeant
3072 1868 3384 1938 hospitium.

147 1959 224 2018 soli
246 1962 434 2018 crimen
465 1963 778 2020 conﬁtetur.

201 2049 276 2106 58.
307 2051 370 2108 Ut
396 2068 502 2110 non
527 2063 735 2115 temere
761 2071 1087 2128 quemquam
1117 2061 1498 2118 communione
1523 2062 1697 2131 privet

149 2143 429 2218 episcopus.

200 2235 274 2293 59.
306 2238 377 2294 De
403 2239 489 2295 his
515 2240 611 2313 qui
643 2240 761 2296 sine
792 2258 952 2300 causa
985 2246 1479 2305 exeommunicant.

200 2327 272 2384 60.
299 2330 370 2387 De
387 2333 578 2389 ordine
605 2349 712 2404 quo
738 2335 1012 2404 depositus
1043 2336 1237 2391 iterum
1270 2338 1573 2392 ordinetur.

200 2420 274 2476 61.
302 2422 372 2480 De
393 2426 776 2487 communione
804 2427 1029 2496 privatis
1059 2439 1115 2482 et
1151 2429 1224 2482 ita
1253 2427 1546 2484 defunctis.

203 2513 278 2570 62.
315 2516 388 2574 De
430 2518 809 2575 defensoribus
855 2521 1212 2578 ecclesiarum
1256 2523 1326 2578 ab
1369 2522 1694 2592 imperatore

148 2608 412 2674 poscendis.

200 2699 275 2756 65.
305 2701 366 2758 Ut
389 2703 456 2758 ab
487 2704 912 2773 imperatoribus
953 2705 1257 2776 postuletur
1301 2707 1692 2763 advocatorum

148 2787 347 2846 defensio
379 2809 476 2863 pro
507 2793 693 2858 causis
715 2794 975 2850 ecclesiae.

201 2880 275 2937 61.
302 2883 374 2938 De
407 2885 490 2941 bis
519 2885 619 2956 qui
643 2885 1014 2943 ecclesiastica
1045 2886 1344 2943 ministeria
1375 2897 1574 2959 praeter
1597 2905 1690 2946 ec-

148 2969 328 3030 clesiam
357 2975 584 3031 faciunt.

201 3063 275 3119 65.
303 3067 374 3123 De
399 3068 678 3126 fructuum
717 3069 1112 3138 oblationibus,
1145 3087 1265 3146 quae
1299 3072 1566 3129 ministris
1595 3087 1690 3130 ec-

148 3158 289 3220 clesia:
309 3161 577 3220 feruntur.

199 3250 271 3306 66.
294 3253 364 3308 De
383 3255 592 3326 bisqui
613 3271 863 3328 agapam,
890 3257 942 3312 id
966 3267 1051 3314 est
1071 3257 1351 3329 pastiones
1369 3271 1690 3330 pauperum,
1720 3241 1764 3303 (ἶ

145 3339 251 3395 risui
277 3343 552 3416 deputant.

198 3433 271 3490 67.
300 3438 353 3493 Si
388 3439 510 3510 quis
552 3440 857 3512 potentium
895 3441 1193 3512 quemlibet
1219 3443 1596 3514 expoliaverit,
1636 3453 1692 3501 et

145 3522 426 3596 admonente
455 3531 714 3601 episcOpo
740 3548 843 3586 non
874 3533 1191 3591 reddiderit.

199 3612 272 3670 68.
299 3617 370 3673 De
392 3621 478 3676 his
499 3621 598 3691 qui
628 3620 814 3691 plebes
833 3623 901 3678 ad
929 3636 989 3677 se
1019 3623 1355 3692 pertinentes
1381 3624 1692 3694 neglegunt.

198 3705 271 3762 69.
298 3709 366 3766 Ut
391 3713 681 3783 episcopus
718 3712 1010 3785 neglegens
1039 3727 1192 3769 suam
1229 3713 1514 3770 dioecesim
1545 3730 1693 3771 com-

143 3799 361 3858 munione
381 3804 631 3874 privetur
652 3801 913 3872 ejusdem.

198 3890 271 3946 70.
303 3893 368 3949 Ut
393 3895 637 3952 basilica:
679 3896 731 3949 in
763 3894 917 3964 cujus
953 3895 1229 3960 territorio
1271 3905 1447 3967 sunt,
1475 3898 1531 3953 in
1578 3896 1694 3968 ejus

142 3977 342 4052 episcopi
373 3993 632 4049 maneant
656 3993 942 4057 potestate.

194 4072 270 4165 71.
300 4077 354 4134 Si
380 4081 809 4165 qui‘oratorium
845 4084 984 4140 intra
1007 4085 1228 4144 domum
1252 4087 1560 4153 aediﬁcant.

198 4163 270 4220 72.
301 4169 373 4226 De
402 4163 669 4242 reliquiis.

223 4258 271 4313 5.
300 4263 450 4330 Quod
480 4265 889 4323 ordinationum
912 4270 1155 4327 omnium
1184 4271 1337 4328 dotes
1363 4274 1429 4328 ad
1452 4275 1694 4347 episcOpi

143 4349 504 4412 ordinationem
538 4357 770 4414 debeant
803 4360 1096 4430 pertinere.

198 4440 272 4496 71.
301 4443 374 4501 De
395 4448 680 4504 tricennali
713 4451 1148 4521 praescriptione.»

196 4530 272 4589 75.
300 4533 366 4591 Ut
393 4539 682 4609 episcopus
711 4541 948 4596 ambulet
972 4558 1070 4611 per
1097 4543 1374 4600 diteccsim
1403 4562 1579 4602 suam.

195 4624 271 4681 76.
297 4629 366 4685 Ut
387 4632 674 4702 episcopus
695 4633 828 4689 duos
855 4633 1055 4690 solidos
1080 4643 1285 4691 tantum
1313 4638 1564 4710 accipiat,
1592 4657 1690 4697 ne-

141 4729 226 4783 que
261 4723 462 4779 tertiam
502 4732 710 4796 partem
761 4725 828 4780 de
870 4725 1234 4789 oblationibus
1270 4739 1495 4800 quaerat.
1536 4731 1604 4787 Et
1635 4743 1693 4788 ut

142 4805 294 4866 clerici
323 4830 428 4870 non
455 4825 721 4887 cogantur
749 4831 900 4874 more
928 4817 1130 4873 servili.

199 4903 275 4959 77.
304 4906 451 4974 Quod
491 4909 776 4980 episcopus
815 4925 921 4966 non
964 4911 1162 4968 debeat
1200 4913 1518 4971 donationes
1545 4915 1687 4972 ultra

141 5005 328 5060 pactum
357 5008 619 5057 statutum
649 5001 886 5072 exigere.

198 5083 276 5142 78.
304 5087 376 5144 De
400 5091 858 5162 dispensatoribus
886 5091 1216 5164 singularum
1247 5094 1619 5152 ecclesiarum.

201 5173 276 5231 79.
303 5177 374 5234 De
401 5181 486 5235 his
511 5195 629 5251 qua:
655 5197 687 5236 a
717 5180 962 5237 ﬁdelibus
999 5181 1051 5236 in
1077 5184 1421 5252 parochianis
1456 5186 1696 5244 basilicis

145 5261 431 5323 oll'eruntur.

203 5354 281 5411 80.
309 5358 375 5414 Ut
405 5361 474 5417 ab
500 5361 766 5434 episcopis
795 5363 1154 5434 praeceptione
1180 5363 1338 5435 Papzc
1367 5381 1518 5422 nova:
1547 5367 1692 5423 basi-

147 5441 242 5500 licm
273 5451 598 5510 dedicentur.

206 5535 283 5592 8|.
319 5540 390 5596 De
419 5545 588 5601 sacris
611 5544 744 5602 locis
770 5545 980 5601 noviter
1008 5547 1291 5604 institutis.

207 5625 284 5682 82.
310 5630 381 5687 De
407 5633 762 5692 adiﬁcatione
787 5636 1172 5692 venerabilium
1197 5637 1460 5693 locorum.

211 5719 290 5776 8'5.
325 5721 396 5780 De
430 5725 961 5785 administratoribns
1009 5731 1397 5786 venerabilium
1450 5731 1688 5790 locorum

156 5821 261 5864 suas
285 5828 362 5870 res
387 5815 747 5878 offerentibus.

1123 5943 1136 5974 l

1873 1969 1962 2026 95.
1997 1968 2066 2024 Ut
2098 1967 2334 2038 episc0pi
2367 1981 2630 2036 pauperes
2664 1975 2716 2020 et
2747 1964 2986 2020 inﬁrmos
3015 1969 3287 2023 tueantur.

1873 2062 1960 2120 91.
1998 2061 2064 2118 Ut
2092 2059 2329 2132 episcopi
2363 2057 2749 2136 supellectilem
2787 2057 2839 2112 in
2873 2071 3058 2112 mensa
3091 2054 3253 2112 vilem
3287 2053 3387 2108 ha-

1800 2153 1983 2212 beant.
2131 2180 2134 2184 ·
3458 2225 3463 2234 .

1873 2247 1960 2302 95.
2011 2247 2080 2304 Ut
2127 2249 2413 2320 episcopus
2462 2249 2903 2320 gubernationem
2947 2259 3240 2318 pauperum
3291 2257 3389 2313 per

1802 2341 2081 2397 ministros
2108 2352 2247 2413 agat.

1871 2435 1960 2489 96.
1989 2434 2058 2490 Ut
2085 2436 2372 2505 episcopus
2414 2434 2614 2489 nullam
2657 2449 2844 2489 curam
2884 2431 2960 2486 rei
2999 2429 3282 2484 familiaris
3320 2428 3388 2481 ad

1799 2542 1857 2582 se
1891 2542 2168 2590 revocans,
2200 2535 2406 2582 tantum
2435 2527 2670 2580 orationi
2697 2537 2749 2579 et
2784 2523 3040 2578 doctrinae
3068 2529 3241 2575 vacet.

1869 2620 1956 2674 97.
1991 2619 2146 2685 Quod
2186 2619 2558 2690 possessiones
2606 2615 2850 2674 ecclesiae
2893 2615 2960 2670 ab
2990 2613 3244 2684 episcopo
3281 2627 3387 2667 non

1799 2709 1906 2766 sint
1933 2711 2232 2766 alienandze
3211 2773 3214 2776 ,

1871 2805 1960 2862 98.
1996 2804 2050 2860 Si
2084 2804 2316 2860 ecclesia
2343 2818 2442 2876 per
2466 2803 2768 2875 simplicem
2799 2801 3115 2873 episc0pum
3149 2812 3236 2854 res
3261 2812 3388 2854 suas

1800 2896 2062 2951 amiserit.

1871 2989 1958 3044 99.
1994 2986 2064 3043 Ut
2111 2987 2238 3042 nulli
2290 2986 2598 3058 apostolicae
2641 2984 2784 3041 sedis
2823 2981 3046 3038 Prmsuli
3084 2979 3383 3051 possessio-

1801 3097 1921 3136 nem
1973 3080 2217 3136 ecclesiae
2260 3095 2509 3152 magnam
2559 3078 2644 3134 vel
2695 3091 2916 3150 parvam
2969 3076 3025 3131 in
3067 3082 3386 3145 perpetuum

1800 3174 1958 3228 liceat
1978 3173 2235 3227 alienare.

1874 3263 1992 3318 100.
2022 3261 2094 3319 Ut
2125 3277 2230 3318 non
2264 3261 2426 3317 liceat
2472 3260 2804 3332 presbyteris
2847 3256 3122 3312 titulorum
3165 3267 3386 3308 suorum

1797 3358 2019 3430 przedia,
2047 3373 2141 3412 seu
2179 3357 2436 3428 quicquid
2470 3355 2610 3426 juris
2637 3370 2824 3412 eorum
2861 3353 3054 3418 fuerit,
3086 3350 3383 3422 quomodo-

1799 3449 1930 3506 libet
1953 3448 2212 3504 alienare.

1873 3539 1991 3593 101.
2027 3537 2097 3594 Ut
2130 3539 2220 3606 qui
2270 3538 2485 3608 petierit
2515 3536 2772 3606 praedium
2816 3533 3072 3596 ecclesiae,
3127 3540 3181 3586 et
3225 3545 3382 3585 acce-

1796 3631 1977 3700 perit,
2022 3639 2078 3684 et
2125 3631 2168 3683 si
2212 3629 2332 3699 quis
2385 3629 2530 3684 danti
2582 3626 2989 3696 subscripserit,
3029 3623 3382 3679 anathemate

1798 3719 2044 3774 feriatur.

1872 3808 1994 3864 102.
2022 3808 2093 3864 Ut
2117 3808 2418 3879 presbyteri
2450 3821 2561 3862 rem
2587 3804 2852 3870 ecclesiae,
2885 3804 2939 3858 in
2971 3819 3077 3873 qua
3104 3810 3228 3857 sunt
3255 3816 3384 3856 con-

1799 3901 1994 3967 stitnti,
2019 3915 2125 3956 non
2156 3899 2409 3955 vendant.

1870 3991 1994 4046 105.
2035 3989 2091 4047 Si
2121 3991 2243 4062 quis
2267 3989 2587 4046 clericorum
2625 4002 2830 4060 pauper
2857 3987 2910 4041 in
2937 3986 3130 4041 ordine
3169 3999 3386 4054 promo-

1799 4093 1902 4148 tus,
1936 4092 2122 4154 postea
2165 4081 2419 4139 habuerit
2453 4081 2677 4152 aliquid,
2710 4078 2953 4139 ecclesia
2974 4076 3229 4148 potestati
3252 4077 3384 4132 sub-

1794 4176 1964 4246 iiciat.
2395 4163 2398 4168 ’

1877 4264 2000 4320 101.
2040 4264 2112 4322 Ut
2140 4266 2306 4320 rebus
2332 4263 2576 4320 ecclesia:
2599 4261 2734 4318 nihil
2759 4259 2996 4332 episcopi
3023 4258 3291 4313 auferant.
3321 4257 3385 4314 Et

1796 4358 2034 4428 qualiter
2062 4359 2298 4429 proximi
2340 4357 2654 4414 fundatores
2677 4354 3028 4416 ecclesiarum
3063 4351 3382 4408 sollicitudi-

1798 4468 1920 4506 nem
1949 4460 2161 4522 gerant.

1877 4545 1999 4600 105.
2027 4544 2096 4600 Ut
2118 4545 2400 4615 episcopus
2425 4545 2675 4616 exiguum
2699 4541 2900 4614 aliquid
2925 4542 3044 4598 sine
3062 4541 3385 4597 clericorum

1803 4635 2144 4691 conniventia
2172 4635 2459 4692 distrahat.
3403 4683 3412 4698 ,.

1880 4723 2001 4780 106.
2036 4724 2107 4781 Ut
2147 4739 2335 4781 servos
2368 4723 2611 4780 ecclesiae
2647 4722 2904 4795 fugitivos
2949 4722 3110 4779 liceat
3153 4721 3388 4777 vendere

1798 4817 2072 4887 episcopo.

1873 4907 1994 4962 107.
2028 4909 2102 4962 De
2128 4907 2396 4978 episcopis
2440 4907 2531 4977 qui
2579 4921 2676 4976 per
2716 4914 3098 4964 testamentum
3125 4907 3193 4963 de
3224 4907 3394 4962 rebus

1795 5002 2036 5059 ecclesiae
2061 5002 2260 5070 aliquid
2285 5000 2630 5057 contulerint.

1874 5093 1992 5149 108.
2025 5095 2099 5149 De
2125 5093 2333 5150 libertis
2363 5108 2426 5146 ex
2459 5092 2658 5148 familia
2693 5090 2869 5147 factis.

1869 5184 1990 5238 109.
2031 5184 2105 5239 De
2134 5184 2457 5240 discretione
2488 5183 2941 5240 manumissorum
2969 5197 3030 5236 ex
3063 5181 3264 5238 familia
3292 5195 3382 5234 ec-

1795 5275 1962 5341 lesim,
1998 5276 2230 5344 qualiter
2265 5275 2751 5334 manumittantur.

1871 5366 1992 5420 110.
2051 5365 2128 5421 De
2186 5366 2395 5421 lihertis
2451 5364 2750 5435 patrocinio
2804 5361 3047 5426 ecclesia:
3105 5376 3382 5416 commen-

1800 5457 1960 5514 datis.

1869 5547 1989 5600 111.
2021 5545 2170 5615 Quod
2216 5562 2432 5602 manere
2475 5545 2667 5602 debeat
2713 5545 2928 5601 ﬁrmum
2951 5585 2969 5613 ,
3001 5542 3046 5598 si
3077 5544 3216 5598 servi
3266 5544 3384 5600 ﬁsci

1795 5637 2075 5694 ecclesiam
2101 5640 2521 5694 construxerint.

1869 5727 1988 5782 112.
2021 5727 2172 5795 Quod
2211 5746 2317 5785 non
2355 5731 2512 5786 debet
2560 5728 2736 5784 minus
2782 5729 3031 5800 princeps
3073 5728 3384 5784 ministrare

1797 5834 1957 5890 quam
1991 5820 2252 5874 minister.
