3898 6320
532 351 635 408 407

1424 360 1714 417 APPEND.
1752 363 1843 416 AD
1874 363 2046 419 5.150.
2075 363 2109 417 Χ

2281 365 2505 422 OPERA
2545 375 2939 434 ΔΔεειιοΤιιΑ.
3651 385 3728 441 108

608 466 727 520 115.
762 467 912 536 Quod
941 485 1046 526 non
1078 472 1232 528 decet
1273 473 1566 544 principem
1592 490 1808 532 servare
1837 476 2114 546 pr0priuiu
2143 464 2192 521 Α
2292 479 2410 533 148.
2441 481 2736 552 Episcopus
2762 483 2849 538 die
2872 482 3150 538 Dominlco
3188 485 3420 543 ecclesia:
3459 490 3622 548 deesse
3651 513 3730 554 non

537 561 869 617 thesaurum.

605 657 727 712 114.
761 659 914 726 Quod
940 676 1045 716 non
1072 661 1227 718 debet
1253 663 1502 733 princeps
1533 662 1817 720 ecclesiam
1847 663 2119 734 pr0priam

535 748 755 805 habere.
1061 795 1064 799 .

608 841 728 896 115.
763 840 838 897 De
863 844 1049 899 eadem
1077 859 1156 900 re.

514 960 516 964 τ
605 934 730 989 116.
761 934 871 990 Cur
901 937 1105 992 carnali
1152 938 1380 1010 principi
1409 939 1462 995 in
1495 939 1628 996 locis
1657 949 1965 997 sanctorum
2002 939 2121 998 ﬁeri

535 1025 724 1079 tumuli
754 1027 1157 1095 permittantur.

507 1133 516 1172 ι
603 1118 726 1172 117.
768 1118 921 1187 Quod
953 1135 1058 1175 non
1089 1121 1418 1192 degradandi
1467 1131 1589 1177 sunt
1619 1122 1888 1192 principes
1929 1138 1960 1176 a
2006 1121 2118 1180 Deo

530 1211 701 1276 uncti,
756 1216 920 1265 etiam
977 1213 1231 1282 maligni,
1287 1229 1393 1268 non
1447 1214 1690 1284 privandi
1738 1216 1952 1284 opibus.

603 1303 726 1358 118.
753 1304 827 1358 De
857 1305 1106 1374 pessimis
1130 1306 1462 1375 principibus
1490 1306 1766 1374 ejiciendis
1797 1308 1898 1378 (9).

603 1395 726 1449 119.
757 1396 830 1451 De
859 1398 1268 1452 mansuetudine
1298 1399 1558 1468 principis
1575 1415 1703 1470 erga
1731 1400 2006 1470 pepulum.

603 1486 724 1541 120.
772 1489 925 1554 Quod
967 1504 1074 1545 non
1120 1490 1282 1546 debet
1321 1491 1571 1562 princeps
1612 1493 1890 1562 despicere
1935 1509 2117 1549 mona-

530 1579 684 1634 chos.

604 1669 724 1723 121.
750 1669 902 1737 Quod
932 1673 1204 1744 principes
1231 1689 1335 1729 non
1365 1676 1650 1746 culpentur
1675 1692 1840 1747 parvo
1863 1679 2114 1734 crimine.

599 1763 720 1818 122.
757 1763 832 1819 De
861 1764 1194 1833 subjectione
1222 1771 1400 1838 pepuli
1427 1786 1552 1838 erga
1584 1771 1902 1841 principem.
2088 1775 2094 1781 ’

601 1853 722 1906 125.
751 1853 904 1919 Quod
930 1857 1181 1926 princeps
1209 1859 1408 1913 habere
1428 1861 1734 1915 ministrum
1760 1861 1937 1917 debet.

599 1943 721 1997 121.
758 1944 826 2000 Ut
855 1947 1104 2001 minister
1130 1947 1344 2003 obediat
1371 1951 1620 2021 principi.

600 2035 722 2090 125.
758 2036 833 2091 De
860 2042 1417 2097 excomn‘iunicatione
1449 2043 1888 2099 contradicentis.

599 2127 720 2180 126.
755 2126 829 2182 De
861 2127 985 2196 jure
1023 2131 1280 2201 principis
1309 2133 1448 2201 apud
1488 2134 1761 2204 p0pulum.

597 2217 718 2272 127.
745 2218 824 2274 De
851 2221 1170 2290 poenitentia
1195 2226 1584 2282 murmurantis
1607 2236 1795 2283 contra
1819 2228 2116 2300 principem

526 2305 750 2364 bonum.

597 2402 718 2456 128.
753 2404 827 2458 De
851 2404 973 2474 jure
1000 2405 1256 2464 doctoris.

599 2494 721 2548 129.
765 2493 838 2549 De
867 2495 1073 2552 honore
1101 2499 1359 2554 doctoris.

592 2586 714 2641 130.
756 2585 909 2653 Quod
935 2588 1184 2646 doctores
1211 2592 1406 2646 debent
1439 2593 1662 2663 implere
1705 2597 1847 2665 quod
1897 2597 2112 2653 docent.

593 2679 713 2732 151.
764 2679 919 2746 Quod
973 2681 1172 2738 debent
1214 2682 1462 2740 doctores
1511 2687 1760 2758 accipere
1804 2689 2032 2744 consilia
2081 2704 2114 2744 a

521 2768 801 2838 subjectis.

594 2863 716 2918 152.
750 2863 904 2930 Quod
953 2865 1224 2935 sequenda
1270 2866 1342 2922 sit
1376 2867 1620 2925 doctrina
1673 2871 1914 2928 doctoris
1960 2873 2110 2943 mali,

520 2971 627 3010 non
654 2971 842 3024 opera.

594 3048 718 3103 133.
745 3049 821 3103 De
843 3047 986 3104 malo
1009 3050 1230 3107 doctore
1257 3053 1707 3122 contompnendo.

593 3141 716 3195 154.
750 3141 902 3207 Quod
932 3143 1121 3198 melior
1159 3153 1240 3198 est
1270 3145 1424 3200 docta
1461 3144 1672 3213 justitia
1713 3160 1876 3216 quam
1922 3156 2112 3204 sancta

523 3229 797 3285 rusticitas
827 3230 962 3303 (10).

593 3317 718 3374 135.
790 3319 944 3388 Quod
1009 3330 1193 3376 sancta
1243 3323 1518 3379 rusticitas
1571 3324 1956 3380 discretionem
2001 3340 2111 3382 non

521 3408 706 3463 habet.

591 3501 715 3556 156.
767 3501 920 3570 Quod
973 3513 1160 3560 sancta
1230 3505 1502 3562 rusticitas
1543 3507 1700 3563 debet
1752 3507 1963 3577 subjici,
2002 3523 2111 3564 non

517 3607 753 3662 praeesse
777 3595 910 3666 (11).

589 3687 712 3742 157.
747 3688 822 3744 De
858 3690 1156 3746 rusticitate
1193 3700 1437 3748 certante
1465 3702 1653 3749 contra
1672 3693 1962 3762 justitiam.

587 3778 712 3833 158.
741 3778 817 3834 De
847 3784 1247 3852 comparatione
1271 3794 1471 3842 sanctae
1511 3787 1830 3842 rusticitatis
1851 3795 1906 3842 et
1935 3787 2110 3844 scien-

519 3871 608 3928 tia:
629 3873 965 3942 peccatricis.
1435 3939 1440 3954 Ι

589 3964 713 4019 159.
756 3964 908 4032 Quod
940 3965 1129 4021 melior
1159 3978 1244 4023 est
1271 3978 1457 4023 sancta
1500 3971 1776 4026 rusticitas
1815 3986 1978 4040 quam
2023 3986 2111 4026 sa-

519 4058 718 4127 pientia
750 4075 856 4113 non
883 4058 1110 4129 implens
1135 4061 1278 4128 quod
1309 4062 1484 4116 docet.

591 4149 711 4203 110.
739 4147 1016 4205 Diﬂicilius
1038 4159 1310 4206 errantem
1351 4153 1590 4208 converti
1626 4153 1920 4224 sapientem
1947 4171 2110 4226 quam

521 4243 804 4297 rusticum.

590 4336 714 4390 111.
738 4336 814 4390 De
847 4337 1067 4391 doctore
1091 4335 1236 4393 bono
1269 4351 1376 4393 non
1405 4337 1797 4394 contristando.

587 4427 710 4484 142.
740 4428 894 4495 Quod
920 4444 1026 4482 non
1055 4427 1283 4484 minoris
1310 4430 1576 4486 mercedis
1605 4430 1678 4486 sit
1715 4430 1912 4500 pabulo
1960 4431 2110 4487 verbi

517 4537 679 4591 quam
704 4530 920 4576 terreno
942 4535 1082 4590 pane
1104 4521 1312 4576 satiari.

493 4661 506 4674 ι
589 4611 710 4667 145.
745 4611 898 4681 Quod
943 4612 1391 4669 considerandum
1433 4623 1518 4671 est
1556 4615 1763 4673 doctori
1803 4615 1950 4686 quid,
1997 4615 2103 4680 cui,

515 4703 750 4775 quando,
782 4703 1014 4773 qualiter
1039 4703 1312 4774 loquatur.

499 4805 501 4808 ‘
587 4793 711 4848 144.
739 4793 892 4860 Quod
929 4810 1036 4850 non
1062 4794 1223 4851 liceat
1252 4796 1506 4868 episcopo
1534 4798 1586 4852 in
1622 4797 1795 4852 aliena
1831 4797 2106 4867 provincia

515 4886 714 4943 clerum
738 4887 1008 4942 ordinare.

581 4978 706 5036 145.
740 4979 815 5033 De
841 4979 926 5034 his
948 4979 1038 5048 qui
1065 4994 1189 5035 cum
1213 4977 1283 5033 ad
1307 4979 1676 5048 episcopatum
1711 4989 1974 5035 vocantur
1992 4980 2106 5034 evi-

519 5077 654 5126 tant.

581 5161 707 5217 116.
741 5160 807 5217 Ut
837 5162 906 5218 ab
949 5160 1216 5232 episcopis
1261 5160 1436 5217 aliena
1476 5161 1729 5231 parochia
1763 5177 1868 5216 non
1914 5177 2104 5230 perva-

511 5253 672 5308 datur

581 5342 704 5399 147.
740 5342 808 5398 Ut
839 5341 1069 5398 ecclesia
1093 5340 1340 5397 saeculari
1378 5343 1616 5411 potentia
1645 5341 1866 5398 minime
1905 5356 2105 5412 perva-

511 5438 689 5493 datur.

580 5549 679 5628 [9)_
711 5549 966 5628 lutei-tta
1021 5551 1200 5628 agitur
1245 5549 1312 5604 de
1365 5547 1631 5628 episcOpis
1679 5546 1791 5628 (qui
1841 5555 2105 5628 vocantur

508 5618 800 5692 principes)
848 5621 892 5674 si
940 5618 1180 5692 haeretici
1233 5621 1546 5692 evaserint,
1591 5632 1623 5673 e
1666 5618 1944 5673 cathedris
1992 5618 2107 5672 suis

511 5690 776 5760 consensu
807 5691 994 5760 synodi
1019 5690 1318 5758 ejiciendis.

583 5759 696 5829 (10)
720 5757 918 5813 Contra
944 5757 1178 5814 sanctam
1202 5761 1540 5823 rusticitatem
1563 5758 1763 5829 litteras
1790 5759 2100 5826 impugnan-

521 5839 622 5882 tem
662 5828 874 5898 ser-ipsit
924 5831 1056 5883 duos
1103 5831 1265 5884 libros
1299 5831 1365 5885 ad
1407 5829 1686 5885 Nicolaum
1723 5828 1784 5885 Υ.
1826 5829 1885 5884 Ρ.
1932 5829 1999 5883 Μ.
2035 5829 2100 5884 Ti

2222 567 2401 623 debet.

2294 659 2395 714 119
2449 661 2746 732 Episcopus
2773 663 2966 718 sedens
2992 672 3137 719 stare
3162 667 3518 737 presbyterum
3545 689 3632 728 non
3668 693 3734 746 pa-

2225 751 2409 805 tiatur.

2297 844 2414 899 150.
2462 845 2756 916 Episcopus
2775 847 3111 917 colleganum
3141 849 3252 919 (12)
3283 866 3339 906 se
3365 855 3736 926 presbyterorum

2221 945 2500 1004 agnoscat.

2298 1025 2412 1079 151.
2443 1026 2688 1097 Epi5c0pi
2730 1028 2772 1082 si
2809 1043 2903 1100 per
2945 1029 3288 1099 ambitionem
3327 1032 3500 1087 sedem
3542 1048 3737 1092 nuuave-

2221 1117 2352 1181 rint,
2383 1133 2484 1173 nec
2520 1118 2580 1172 in
2623 1128 2771 1174 exntu
2815 1121 3245 1174 comnmnioncm
3299 1121 3480 1178 saltem
3530 1124 3738 1182 laicorum

2220 1217 2637 1277 consequantur.

2289 1299 2409 1353 152.
2434 1299 2698 1367 Quamdiu
2720 1301 3006 1373 episcopus
3029 1302 3079 1356 in
3103 1302 3277 1358 aliena
3299 1304 3508 1360 civitate
3528 1309 3740 1363 remorari

2219 1397 2434 1452 debeat.

2292 1489 2410 1543 155.
2435 1489 2535 1556 Qui
2568 1491 2958 1559 persecutionis
2991 1500 3232 1560 tempore
3262 1490 3313 1545 in
3342 1491 3507 1547 aliena
3531 1495 3744 1550 remorari

2219 1580 2502 1644 voluerint,
2534 1597 2639 1636 non
2686 1583 3095 1650 prohibeantur.

2292 1672 2414 1725 151.
2448 1671 2560 1725 Non
2585 1673 2740 1728 liceat
2765 1675 3018 1744 episcopo
3045 1693 3075 1729 a
3103 1691 3201 1730 sua
3236 1675 3460 1730 ecclesia
3487 1675 3592 1732 plus
3613 1678 3745 1732 tribus

2221 1762 2648 1817 hebdomadibus
2672 1765 2883 1818 abesse.

2145 1839 2194 1898 Β
2292 1853 2411 1906 155.
2464 1853 2537 1908 De
2585 1855 2670 1908 his
2715 1855 2806 1924 qni
2842 1857 2894 1909 in
2944 1857 3190 1915 ecclesiis
3235 1857 3286 1911 in
3329 1858 3517 1927 quibus
3557 1867 3747 1928 provecti

2219 1955 2346 1999 sunt
2374 1947 2594 2000 minime
2623 1948 2988 2016 perdurarunt

2287 2037 2406 2090 156.
2441 2036 2516 2092 De
2539 2046 2779 2108 tempore
2805 2056 2913 2109 quo
2940 2040 3064 2094 licet
3090 2041 3459 2097 sacerdotibus
3487 2043 3548 2095 ab
3571 2042 3747 2096 ecclesia

2218 2128 2433 2185 abesse.
3471 2187 3474 2190 .

2289 2223 2408 2276 157.
2434 2223 2548 2277 Νοη
2576 2225 3066 2294 transniigrandum
3096 2227 3164 2280 de
3188 2227 3412 2282 civitate
3435 2228 3484 2282 in
3507 2227 3748 2282 civitatem.

2287 2313 2405 2367 158.
2435 2312 2510 2368 De
2536 2328 2602 2368 eo
2646 2317 2786 2384 quod
2836 2317 2881 2370 si
2927 2319 3234 2374 necessaria
3283 2329 3366 2375 est
3405 2321 3751 2391 transmigratio

2219 2403 2618 2472 episcoporum,
2650 2421 2754 2458 non
2785 2406 3338 2476 temerejudicentur.

2289 2494 2410 2548 159.
2447 2495 2601 2560 Quod
2639 2495 2951 2565 fugiendum
2981 2500 3050 2552 sit
3074 2499 3140 2555 de
3171 2502 3394 2558 civitate
3410 2507 3474 2556 ad
3500 2502 3746 2557 civitatem.

2216 2582 2282 2639 Et
2315 2585 2380 2639 de
2407 2587 2704 2640 mutatione
2731 2589 2961 2654 SCtIiUlll,
2992 2591 3037 2644 si
3075 2607 3299 2648 necrsse
3325 2594 3414 2648 sit.

2286 2675 2408 2730 160.
2439 2677 2512 2731 De
2543 2679 2840 2733 mutatione
2864 2680 3071 2736 sedium
3099 2683 3496 2754 episcoporum,
3522 2684 3562 2739 si
3585 2684 3745 2738 utilita-

2216 2765 2287 2820 tis
2316 2782 2474 2820 causa
2507 2775 2610 2821 est.
2916 2817 2920 2820 λ

2251 2855 2256 2858 ’
2287 2862 2409 2915 161.
2430 2861 2583 2926 Quod
2613 2860 2788 2916 nullus
2810 2861 2969 2918 debet
2983 2862 3231 2934 judicare
3255 2865 3581 2936 episcopum.

2288 2953 2410 3008 162.
2443 2953 2514 3010 Ut
2555 2953 2787 3009 clericus
2829 2956 2918 3024 qui
2971 2971 3028 3010 se
3076 2958 3475 3023 eunuchizavit,
3522 2955 3754 3028 abjiciatur

2215 3045 2282 3100 de
2313 3047 2482 3101 clero.

2290 3139 2409 3193 165.
2446 3139 2513 3194 Ut
2545 3140 2720 3194 laicus
2749 3141 2837 3209 qui
2889 3155 2947 3196 se
2997 3142 3399 3210 eunuchizavit,
3442 3143 3603 3198 tribus
3634 3140 3754 3195 anuis

2141 3216 2185 3278 Ο
2220 3233 2600 3286 communione
2629 3233 2887 3301 privetur.

2286 3332 2406 3387 161.
2437 3333 2589 3398 Quod
2615 3334 2919 3402 episcopus,
2954 3335 3256 3404 presbyter,
3289 3345 3343 3390 et
3368 3335 3624 3398 diaconus,
3650 3330 3762 3386 (ide--

2214 3421 2292 3478 lcs
2323 3432 2609 3491 peccantes
2637 3424 2926 3479 verberare
2952 3439 3059 3478 non
3098 3424 3357 3479 debeant.

2287 3520 2407 3574 165.
2438 3521 2513 3576 De
2537 3522 2864 3593 presbyteris
2881 3523 2995 3592 qui,
3010 3525 3340 3594 contemptis
3357 3523 3626 3594 episcopis,
3641 3534 3758 3576 seor-

2214 3625 2333 3666 sum
2357 3621 2680 3667 conventum
2707 3628 3037 3684 congregare
3061 3623 3351 3690 temptant.

2285 3711 2408 3767 166.
2437 3712 2514 3768 De
2541 3714 2624 3768 his
2652 3714 2743 3783 qui
2776 3714 2970 3768 merito
3003 3713 3308 3770 facinorum
3357 3730 3568 3772 suorum
3596 3712 3653 3768 ab
3685 3724 3754 3764 ec-

2215 3803 2398 3860 clesia:
2433 3807 2851 3877 congregatione
2875 3807 3162 3876 pelluntur.

2286 3905 2407 3960 167.
2436 3905 2590 3974 Quod
2629 3906 2811 3962 clerici
2851 3901 3125 3992 dampnati
3156 3922 3264 3963 non
3316 3909 3542 3982 debeant
3568 3907 3628 3961 ab
3665 3901 3757 3957 aliis

2215 4011 2402 4064 reetpt.

2285 4098 2407 4152 168.
2439 4098 2513 4154 De
2541 4099 2806 4153 ordinatis
2833 4099 3099 4170 episcopis
3137 4116 3237 4156 nec
3267 4101 3516 4172 receptis.

2286 4195 2407 4252 169.
2438 4197 2592 4266 Quod
2620 4198 2923 4269 episc0pus,
2949 4201 3249 4270 presbyter,
3285 4203 3540 4257 diaconus
3563 4205 3646 4252 aut
3665 4191 3758 4263 qui-

2214 4291 2345 4345 libet
2370 4306 2435 4346 ex
2471 4290 2638 4358 clero,
2669 4292 2834 4346 etiam
2863 4290 3049 4355 laicus,
3083 4291 3291 4348 aleator
3321 4302 3378 4348 et
3425 4292 3652 4347 ebriosus
3675 4297 3756 4348 uol.l

2212 4384 2406 4440 debeat
2429 4399 2566 4440 esse.

2283 4483 2404 4540 170.
2434 4483 2586 4551 Quod
2614 4467 2918 4553 episcopus,
2949 4485 3252 4571 presbyter,
3303 4492 3359 4540 et
3394 4483 3658 4544 diaconus,
3675 4489 3756 4530 non

2071 4615 2081 4635 ς
2139 4575 2188 4635 D
2215 4577 2406 4630 debeat
2425 4591 2547 4630 cum
2576 4575 2844 4629 hmreticis
2865 4590 3043 4630 orare.

2285 4677 2406 4730 171.
2442 4675 2595 4744 Quod
2619 4691 2727 4738 non
2751 4675 3109 4732 admittantur
3139 4677 3206 4731 ad
3231 4676 3440 4732 clerum
3481 4675 3546 4730 ab
3585 4665 3758 4728 haereti-

2210 4769 2290 4825 cis
2315 4771 2574 4824 ordinati.

2283 4872 2404 4926 172.
2442 4871 2596 4940 Quod
2628 4871 2803 4926 omnis
2850 4871 3134 4942 cujuslibet
3182 4870 3396 4926 ordinis
3428 4866 3661 4925 clericus,
3686 4855 3758 4928 qui

2209 4965 2529 5022 catholicam
2555 4964 2715 5019 ﬁdem
2741 4965 3020 5030 deserens,
3049 4966 3315 5021 hmeticae
3340 4978 3401 5020 se
3437 4950 3757 5017 communioni

2207 5056 2514 5122 miscuerit,
2541 5057 2586 5110 si
2634 5056 2701 5111 ad
2748 5056 3034 5112 ecclesiam
3075 5071 3374 5112 conversus
3421 5052 3598 5114 fuerit,
3640 5048 3757 5100 ineo

2209 5148 2378 5220 gradu
2403 5163 2510 5216 quo
2534 5147 2712 5204 fuerat
2737 5147 2853 5201 sine
2881 5147 3217 5215 promotione
3242 5149 3572 5216 permaneat.

2279 5238 2401 5292 175.
2432 5237 2507 5292 De
2530 5237 2912 5292 schismaticis.

2281 5340 2403 5396 174.
2444 5339 2520 5394 De
2567 5339 2896 5412 presbyteris
2945 5339 3037 5409 qui
3081 5337 3502 5395 immolaverunt
3548 5337 3753 5398 tempore

2208 5422 2628 5507 persecutibnis.

2208 5547 2457 5601 motheus
2482 5543 2823 5603 Veronensis,
2847 5556 3076 5610 quorum
3106 5540 3385 5610 prologum
3418 5535 3579 5591 edidit
3604 5524 3754 5613 §cipiu

2207 5616 2447 5670 Maﬂ‘eius
2489 5616 2700 5670 Verona
2733 5608 2925 5667 illustr.
2961 5613 3056 5667 lib.
3097 5608 3154 5666 fit
3182 5628 3196 5676 ;
3229 5608 3364 5679 opus
3407 5616 3582 5663 autem
3608 5608 3752 5671 ipsum

2206 5696 2456 5742 servatur
2484 5687 2656 5740 adhuc
2687 5686 2738 5739 in
2778 5684 3050 5738 Vaticanis
3076 5681 3368 5736 codicibus.

2279 5758 2389 5825 (11)
2424 5755 2535 5812 Hoc
2572 5758 2622 5809 in
2653 5755 2841 5824 primis
2865 5753 3325 5825 tequum_videtur.

2279 5823 2389 5898 (12)
2421 5830 2493 5882 lta
2520 5837 2600 5882 ter
2632 5823 2682 5881 in
2711 5826 2830 5881 cod.
2862 5839 2959 5896 pro
2996 5823 3264 5892 collegam.
