3898 6320
100 371 188 442 np
1090 382 1425 445 canonum
1473 385 1645 442 rmsv

1816 387 2152 450 )LLECTIO.

3234 396 3337 453 ΗΟ

153 483 260 581 175.
289 483 477 581 De‘bis
500 486 586 557 qui
619 504 687 545 ex
712 489 836 562 fuga
875 495 1254 564 comprehensi
1277 503 1405 557 sunt
1463 506 1517 553 et
1549 513 1646 554 oer
1677 488 1721 546 Α
1818 504 1944 558 206.
1984 505 2179 560 Clerici
2232 507 2325 577 qui
2373 507 2572 580 vigiliis
2615 511 2832 578 desunt,
2887 510 3171 581 stipendiis
3222 511 3336 580 pri-

96 576 182 630 riin
214 577 629 634 immolaverunt.

153 689 260 752 176.
292 689 359 746 Ut
391 691 688 763 presbyteri
730 694 949 750 modum
997 695 1100 752 sibi
1130 697 1372 754 debitum
1404 709 1640 755 servent.

153 781 259 834 177.
283 780 430 846 Quod
459 785 759 856 presbyteri
785 786 1017 856 plebium
1065 789 1119 843 in
1145 790 1373 846 ecclesia
1401 791 1645 846 civitatis

94 890 175 929 nec
192 873 506 929 sacriﬁcium
528 875 725 933 oﬁ‘erre
767 893 870 935 nec
910 880 1222 940 ministrare
1260 883 1494 939 debeant
1525 899 1647 956 quae

93 966 239 1021 oblata
268 975 411 1022 sunt.

150 1080 254 1137 178.
281 1081 381 1149 Qui
416 1082 472 1137 in
504 1083 648 1155 agris
672 1094 726 1140 et
751 1087 1185 1157 possessionibus
1216 1089 1449 1155 debeant
1495 1090 1645 1146 ordi-

93 1192 208 1231 1131⁸1.
1462 1190 1470 1194 ”

148 1266 255 1321 179.
294 1265 456 1332 Quod
496 1284 837 1340 nequaquam
887 1272 942 1328 in
1003 1273 1139 1330 duos
1191 1275 1643 1358 metropolitanos

96 1358 339 1424 provincia
366 1359 661 1415 dividatur.

151 1448 257 1505 180.
295 1448 447 1525 Quod
483 1467 591 1507 non
620 1453 780 1509 liceat
807 1455 952 1511 clero
1003 1465 1123 1527 post
1152 1466 1381 1520 mortem
1428 1460 1511 1516 sui
1535 1460 1648 1532 epi-

95 1544 212 1613 scopi
235 1560 343 1598 rem
365 1544 433 1600 ad
465 1559 589 1600 eum
609 1548 972 1616 pertinentem
1001 1549 1257 1620 diripere.

1750 597 1929 651 validi.

1816 685 1940 740 207.
1982 686 2175 743 Clerici
2197 688 2446 745 maledici
2475 691 2840 762 degradentur

1815 774 1941 830 208.
1978 775 2056 832 De
2077 777 2291 834 clericis
2319 780 2566 849 sepulcra
2593 782 2979 839 demolientibu

1817 865 1943 922 209.
1982 866 2176 922 Clerici
2211 870 2519 927 adulatores
2550 881 2602 926 et
2625 874 2928 942 proditores
2954 873 3336 946 degradentur.

1816 957 1941 1026 210.
1978 957 2172 1014 Clerici
2201 960 2254 1014 in
2304 963 2643 1019 vestimentis
2691 975 2786 1020 aut
2835 966 3205 1023 calciamentis
3233 981 3340 1022 non

1746 1057 1992 1120 quaerant
2017 1049 2286 1107 decorem.

1816 1140 1940 1197 211.
1983 1142 2058 1196 De
2085 1142 2297 1197 clericis
2328 1159 2426 1214 per
2456 1156 2763 1203 creaturam
2789 1148 3122 1220 jurantibus.

1820 1231 1947 1287 212.
1987 1233 2063 1288 De
2110 1234 2372 1290 distantia
2419 1237 2706 1293 ministerii
2762 1239 3060 1294 sacerdotis
3114 1248 3171 1294 et
3221 1239 3337 1295 dia-

1753 1325 1898 1380 coni.

1815 1417 1944 1471 215.
1983 1419 2059 1472 De
2089 1419 2294 1474 honore
2322 1435 2482 1489 quem
2514 1421 2849 1492 presbyteris
2888 1421 3122 1488 diaconi,
3150 1431 3204 1476 et
3227 1421 3343 1477 dia-

1748 1516 1901 1571 conis
1927 1516 2243 1570 subdiaconi
2265 1517 2355 1586 qui
2379 1519 2478 1571 sub
2501 1519 2632 1587 ipsis
2664 1528 2810 1581 sunt,
2835 1519 3033 1574 debent
3059 1518 3337 1572 exhibere.

1817 1605 1947 1659 214.
1987 1604 2290 1660 Utdiaconi
2312 1621 2622 1661 mensuram
2648 1608 2924 1678 prOpriam
2945 1606 3096 1677 juxta
3119 1606 3340 1660 Patrum

149 1661 253 1716 181.
288 1661 355 1717 Ut
379 1663 624 1736 episcopi
652 1664 736 1720 vel
785 1665 968 1723 clerici
1007 1668 1146 1723 ﬁlios
1195 1683 1322 1724 suos
1353 1684 1460 1725 non
1488 1668 1649 1727 facile
1748 1706 1956 1753 suum
1991 1697 2322 1751 custodiam.

96 1757 421 1815 emancipent.

149 1773 268 1810 lilﬂCl
307 1773 421 1815 ειη.

149 1773 363 1902 182.pUt
391 1847 654 1919 princeps
699 1850 1042 1906 sacerdotum
1081 1866 1190 1906 non
1220 1850 1520 1923 appelletur
1539 1853 1654 1924 epip-

96 1954 270 2008 senpus.

152 2031 252 2086 185.
291 2031 364 2087 De
442 2033 677 2090 debibus
729 2050 850 2092 oua:
888 2053 1168 2109 nunquam
1216 2039 1500 2112 episcopos
1551 2038 1655 2095 ha-

96 2123 311 2178 buerunt.

149 2214 250 2284 18-1.
293 2215 364 2269 De
393 2215 655 2292 precibus
676 2217 743 2271 ad
769 2217 940 2274 altare
964 2219 1225 2276 dicendis.

151 2303 253 2361 183.
294 2304 488 2363 Nullus
520 2310 824 2382 episcopus,
858 2313 1159 2392 presbyter,
1197 2313 1481 2384 diaconus,
1525 2327 1655 2371 con-

102 2397 259 2454 ductor
277 2401 502 2462 existat.

153 2492 254 2545 186.
294 2495 364 2548 De
392 2494 615 2558 clericis
638 2496 975 2554 scurrilibus.

154 2586 256 2639 187.
299 2587 366 2642 Ut
388 2587 581 2644 clerici
619 2589 817 2644 nullam
859 2591 1281 2660 negotiationem
1313 2592 1654 2665 inhonestam

101 2686 141 2732 et
161 2679 315 2748 turpia
339 2679 499 2735 lucra
534 2690 834 2737 sectentur.

154 2769 256 2828 188.
293 2771 368 2832 De
390 2771 590 2826 eadem
616 2787 695 2829 re.

153 2861 256 2918 189.
294 2859 445 2930 Quod
477 2862 788 2934 episcopus,
812 2865 1117 2938 presbyter,
1147 2875 1202 2923 et
1224 2867 1502 2935 diaconus,
1547 2885 1656 2926 non

101 2948 288 3012 debeant
309 2969 516 3009 usuras
547 2955 811 3024 accipere.

156 3042 257 3097 190.
298 3043 365 3100 Ut
389 3045 633 3101 clericus
658 3062 758 3102 nec
779 3061 880 3102 suo
911 3062 1010 3103 nec
1038 3047 1216 3104 alieno
1236 3050 1457 3107 nomine
1477 3049 1658 3107 foenus

105 3147 326 3192 exerceat.
418 3190 420 3192 τ

156 3225 260 3280 191.
301 3227 356 3283 Si
386 3228 520 3298 quis
548 3228 778 3284 clericus
805 3227 1008 3285 furtum
1032 3230 1276 3288 ecclesiae
1301 3230 1510 3288 fecerit.

158 3316 261 3372 192.
306 3320 370 3375 Ut
420 3318 723 3387 cujuslibet
753 3322 958 3378 ordinis
987 3323 1239 3390 clericus,
1270 3323 1315 3380 si
1343 3325 1556 3396 tardius,
1589 3325 1656 3380 ad

103 3407 343 3466 ecclesiam
367 3414 608 3476 venerit,
643 3411 872 3468 clericus
897 3429 1003 3470 non
1030 3415 1314 3470 habeatur.

157 3519 259 3584 195.
294 3523 449 3589 Quod
489 3525 668 3581 nullus
699 3526 1201 3583 ecclesiasticarum
1232 3528 1286 3582 in
1308 3528 1550 3585 tabernis
1568 3544 1657 3585 co-

103 3611 279 3667 medere
301 3615 527 3670 debeat.

154 3701 256 3757 191.
290 3704 496 3760 Clerici
550 3706 804 3763 tabernas
861 3724 969 3765 non
1029 3707 1404 3779 ingrediantur
1451 3709 1658 3778 absque

101 3795 522 3864 peregrinationis
543 3801 892 3858 necessitate.

155 3892 258 3946 195.
295 3893 370 3950 De
417 3894 641 3952 clericis
662 3897 754 3967 qui
792 3899 844 3952 in
897 3908 1138 3954 mutuam
1173 3898 1375 3955 caedem
1399 3914 1654 3970 prorum-

101 3990 221 4048 punt.
1513 3993 1518 3997 ’

155 4077 256 4132 196.
295 4082 368 4136 De
392 4079 616 4136 clericis
655 4082 744 4151 qui
783 4083 849 4137 ad
894 4082 1235 4138 sarcularium
1282 4081 1652 4137 defensionem

100 4166 379 4241 confugiunt
396 4180 627 4244 pr0pter
655 4174 1050 4228 districtionem
1073 4174 1333 4244 epiSCOpi.

153 4260 258 4316 197.
299 4263 373 4321 De
421 4263 644 4320 clericis
697 4266 913 4337 negotia
967 4274 1020 4321 et
1069 4266 1338 4322 nundinas
1395 4260 1654 4321 sec-tanti-

99 4345 191 4404 bus.

150 4445 256 4502 198.
297 4448 356 4504 Si
387 4448 700 4506 voluntarie
722 4449 952 4506 clericus
982 4450 1273 4521 dampnum
1304 4450 1550 4508 ecclesiae
1579 4451 1653 4508 fe-

96 4537 218 4591 cerit.

148 4632 254 4688 199.
291 4634 362 4691 Ut
413 4636 630 4694 clericis
659 4646 872 4694 vetetur
919 4639 1177 4705 ebrietas,
1230 4653 1352 4710 qua:
1402 4638 1648 4695 omnium

94 4717 308 4780 vitiorum
339 4726 518 4782 fomes
545 4737 601 4784 et
629 4730 809 4783 nutrix
839 4737 942 4784 est.
1492 4763 1494 4766 ν
1567 4739 1570 4744 ’

145 4811 255 4869 200.
291 4815 692 4889 Cujuscumque
733 4819 939 4875 ordinis
966 4818 1148 4874 clerici
1178 4817 1438 4890 nuptialia
1465 4817 1653 4873 convi-

93 4903 161 4957 via
181 4909 360 4965 vitent.

145 4996 256 5054 201.
295 5003 372 5057 De
413 5003 626 5060 clericis
651 5005 742 5074 qui
771 5019 958 5076 magos
1004 5013 1100 5058 aut
1137 5004 1421 5075 SOrtilegos
1462 5018 1651 5059 consu-

93 5087 282 5146 luerint.
1547 5110 1555 5116 '

145 5183 256 5239 202.
297 5188 538 5244 Clericus
569 5204 756 5261 magus
795 5197 850 5243 et
888 5188 1199 5244 incantator
1223 5203 1331 5244 non
1354 5188 1444 5255 sit,
1475 5202 1654 5258 neque

94 5272 398 5344 pbylacteria
426 5279 608 5334 faciat.

146 5365 259 5422 205.
295 5369 372 5426 De
411 5371 622 5428 clericis
663 5373 752 5443 qui
797 5373 849 5428 in
904 5372 1168 5430 seditione
1210 5388 1361 5428 arma
1407 5387 1652 5444 sumpse-

92 5454 200 5510 rint.

149 5547 263 5606 201.
301 5553 378 5611 De
411 5556 618 5612 clericis
644 5571 742 5628 per
766 5556 974 5628 plateas
995 5565 1050 5613 et
1071 5557 1345 5614 andronas
1374 5554 1654 5612 ambulan-

97 5643 238 5700 tibus.

118 5733 263 5879 :05.
305 5738 382 5796 De
408 5741 615 5799 clericis
643 5743 696 5799 in
739 5745 993 5803 nundinis
1036 5753 1092 5802 et
1137 5745 1259 5802 foro
1300 5742 1652 5800 deambulan-

118 5841 128 5878 l
163 5842 238 5879 us.

97 5831 238 5882 tibus.

1828 1789 1955 1844 215.
2023 1789 2097 1843 De
2155 1787 2464 1844 obedientia
2522 1790 2876 1846 diaconorum
2935 1803 3064 1860 erga
3124 1787 3349 1858 presby-

1682 1857 1728 1916 Β
1761 1891 1922 1938 tet-os.

1827 1975 1952 2030 216.
1995 1973 2072 2029 Ne
2117 1975 2381 2030 diaconus
2417 1983 2682 2045 praesente
2731 1975 3043 2046 presbytero
3098 1973 3349 2026 euchari-

1758 2067 1921 2122 stiam
1945 2067 2054 2121 det.
2529 2102 2534 2112 -

1824 2159 1949 2214 217.
1989 2157 2057 2214 Ut
2109 2157 2325 2214 diaconi
2354 2165 2598 2227 tempore
2644 2165 2853 2210 tantum
2901 2151 3193 2211 oblationis
3225 2149 3349 2207 alba

1758 2261 2002 2310 utantur.

1825 2343 1951 2399 218.
1993 2342 2144 2411 Quod
2168 2359 2272 2399 non
2303 2343 2536 2399 debeant
2557 2343 2878 2399 benedicere
2903 2336 3241 2396 subdiaconi.

1826 2435 1952 2490 219.
1998 2434 2067 2489 Ut
2093 2435 2406 2489 sacerdotes
2444 2443 2497 2489 et
2524 2435 2700 2488 levitas
2740 2447 2904 2488 canes
2929 2430 2997 2485 ad
3039 2425 3348 2484 venandum

1757 2536 1811 2584 et
1837 2527 2123 2598 accipitres
2148 2541 2252 2582 non
2277 2527 2533 2582 habeant.

1829 2621 1954 2674 220.
1997 2620 2150 2688 Quod
2193 2619 2450 2676 sacerdos
2500 2617 2710 2674 faenore
2739 2625 2832 2672 aut
2866 2613 3158 2670 venatione
3183 2623 3348 2666 occu-

1758 2716 1875 2785 pari
1907 2731 2010 2768 non
2044 2714 2255 2769 debeat.

1827 2808 1954 2862 221.
1997 2807 2072 2862 De
2096 2807 2310 2862 clericis
2331 2806 2422 2876 qui
2451 2813 2576 2860 sunt
2607 2805 2661 2858 in
2693 2801 2986 2874 parocliiis.

1827 2898 1952 2952 222.
1999 2895 2056 2952 Si
2081 2897 2315 2952 clericus
2361 2895 2665 2950 inconsulto
2690 2894 2946 2964 episcopo
2965 2887 3226 2963 agendam
3253 2901 3348 2943 ce-

1760 2987 2068 3044 lebraverit.

1829 3080 1955 3136 225.
1995 3081 2072 3134 De
2097 3079 2182 3136 his
2207 3080 2298 3150 qui
2324 3095 2392 3134 ex
2419 3078 2562 3135 vasis
2613 3075 2900 3133 ministerii
2941 3073 3140 3146 aliquid
3163 3071 3350 3129 vendi-

1682 3213 1728 3277 Ο
1761 3175 1964 3231 derint.

1829 3265 1954 3320 224.
1997 3263 2072 3318 Ne
2100 3264 2382 3334 presbyter
2403 3261 2837 3316 benedictionem
2861 3256 2946 3312 vel
2968 3253 3349 3327 paenitentiam

1759 3354 1813 3409 in
1837 3352 2066 3409 ecclesia
2090 3353 2218 3406 dare
2243 3358 2552 3421 prmsumat.

1827 3441 1952 3496 225.
1997 3441 2150 3509 Quod
2171 3442 2456 3511 episcopus
2478 3440 2583 3494 nisi
2605 3439 2673 3493 ab
2699 3438 2808 3493 alio
2826 3435 3132 3509 postulatus
3159 3431 3348 3490 dimis-

1757 3535 1901 3590 soria
1927 3533 2107 3589 facere
2139 3548 2246 3588 non
2273 3533 2491 3588 debeat.

1827 3626 1952 3680 226.
1991 3627 2068 3678 De
2087 3625 2410 3694 praesidibus
2444 3623 2530 3678 vel
2560 3623 2760 3678 ceteris
2781 3621 3166 3693 rempublicam
3187 3633 3352 3689 agere

1759 3719 2086 3784 volentibus,
2112 3733 2180 3772 ne
2212 3717 2330 3772 sine
2375 3717 2572 3772 litteris
2616 3715 2858 3787 episcopi
2907 3715 2990 3770 sui
3039 3711 3349 3768 communi-

1757 3819 1900 3866 cent.

1827 3900 1953 3955 227.
1982 3899 2053 3956 Ut
2075 3898 2260 3955 clerici
2289 3897 2370 3953 vel
2397 3897 2519 3954 laici
2551 3898 2602 3952 in
2627 3897 2804 3952 aliena
2824 3895 3053 3953 ecclesia
3072 3909 3179 3948 non
3202 3906 3351 3947 com-

1758 3995 2034 4048 municent
2059 3993 2176 4047 sine
2196 3991 2393 4047 litteris
2418 3990 2657 4060 episcopi
2687 3989 2772 4044 sui

1825 4086 1980 4141 228.’
2018 4084 2171 4153 Quod
2230 4075 2337 4139 non
2400 4092 2646 4154 Oporteat
2715 4081 2900 4154 egenis
2967 4078 3216 4151 epistolia
3269 4085 3352 4132 at-

1758 4178 1940 4232 tribui.

1825 4267 1953 4322 229.
1991 4265 2067 4322 De
2110 4266 2323 4323 clericis
2348 4266 2439 4336 qui
2490 4266 2610 4320 sine
2658 4263 2900 4334 epistolis
2945 4262 3029 4319 sui
3079 4260 3353 4332 pontificis

1757 4360 2198 4430 proﬁciscuntur.

1827 4449 1955 4506 250.
1996 4449 2073 4505 De
2103 4448 2348 4518 paciﬁcis
2373 4448 2806 4519 peregrinorum.

1685 4577 1733 4636 Β
1829 4543 1955 4599 251.
1999 4541 2068 4599 Ut
2091 4543 2206 4597 sine
2229 4541 2457 4612 epistola
2486 4541 2722 4611 episcopi
2760 4540 2840 4592 sui
2868 4554 2974 4594 non
3000 4537 3162 4592 liceat
3186 4536 3351 4592 cleri~

1756 4652 1877 4691 cum
1899 4634 2190 4704 proficisci.

1825 4723 1950 4779 252.
1995 4723 2065 4780 Ut
2097 4723 2277 4777 nullus
2325 4722 2560 4776 ﬁdelium
2618 4731 2819 4791 pra-ter
2869 4718 3352 4774 commendaticias

1757 4815 2087 4885 suscipiatur
2105 4812 2386 4884 epistolas.

1827 4908 1954 4962 255.
1996 4905 2066 4961 Ut
2097 4904 2580 4977 nullusnepiscopus
2622 4903 2910 4972 presbyter
2951 4908 3048 4955 aut
3091 4898 3350 4954 diaconus

1759 5002 1876 5057 sine
1897 4997 2364 5055 conmiendaticiis
2387 4996 2718 5065 suscipiatur
2742 4992 2988 5063 epistulis

1829 5092 1957 5147 251.
1994 5090 2231 5162 Epistula
2256 5089 2487 5143 formata
2519 5087 2683 5142 Attici
2706 5081 3310 5153 Constantinopolitani.

1827 5187 1956 5243 255.
1997 5187 2074 5240 De
2105 5185 2335 5239 indoctis
2360 5183 2753 5238 sacerdotibus.

1828 5278 1955 5335 256.
1972 5278 2341 5348 Interrogatus
2364 5273 2616 5328 sacerdos
2647 5273 2804 5326 debet
2827 5268 3171 5339 reSpondere.
3196 5262 3348 5329 Quod

1762 5373 1806 5427 si
1831 5370 2037 5426 nesciat
2059 5369 2252 5439 legem,
2277 5367 2392 5436 ipse
2417 5365 2664 5435 arguitur
2685 5362 2827 5431 quod
2851 5358 3103 5415 sacerdos
3127 5370 3229 5408 non
3254 5353 3346 5406 sit.

1833 5460 1961 5517 257.
2003 5459 2074 5515 Ut
2101 5466 2338 5528 mgrotus
2382 5455 2668 5525 episcopus
2713 5468 2818 5506 non
2842 5457 3056 5506 vetetur
3081 5445 3345 5504 sacriﬁcia

1765 5553 2040 5608 celebrare

1833 5644 1961 5699 258.
1998 5639 2151 5709 Quod
2175 5639 2455 5696 daemoniis
2480 5637 2707 5707 aliisque
2748 5630 3091 5705 passionibus
3111 5625 3346 5686 inretitis

1768 5735 2066 5791 ministeria
2093 5747 2248 5788 sacra
2274 5741 2442 5786 tracta
2453 5745 2508 5784 re
2529 5746 2634 5784 non
2665 5729 2846 5783 liceat.
3331 5746 3346 5750 -

1839 5827 1965 5883 259.
1994 5827 2067 5882 De
2088 5823 2382 5896 liypocritis
2405 5823 2544 5892 quod
2564 5822 2850 5892 dupliciter
2864 5820 3344 5888 condempnentur.
