3898 6320
614 341 712 396 ιιι

1501 353 1794 410 APPEND.
1830 355 1922 412 AD
1961 357 2136 417 SEC.
2177 358 2184 413 ἶ

2284 390 2355 403 -
2392 361 2618 420 ornas
2660 331 3062 447 Ammona...
3118 438 3124 444 _
3715 393 3787 452 te

685 457 812 513 240.
850 457 1004 529 Quod
1031 460 1122 533 qui
1152 461 1284 521 vitio
1329 475 1414 524 est
1453 469 1752 542 snbjectus,
1805 473 2032 532 alterius
2085 492 2192 532 non
2221 454 2272 516 Α
2365 478 2492 534 272.
2525 479 2678 548 Quod
2703 486 3072 576 sacerdotibus
3103 488 3298 568 lapsis,
3318 491 3372 563 in
3396 501 3684 560 monasterio
3704 521 3787 576 poe-

615 551 783 620 possit
806 565 1036 622 arguere
1058 555 1267 612 vitium.

683 639 807 695 241.
849 642 1002 710 Quod
1031 648 1446 720 przepositorum
1469 667 1626 724 cutpa
1667 671 1698 712 a
1733 659 1965 722 subditis
1994 677 2104 718 non
2124 665 2197 719 sit

611 729 955 788 denudanda.

683 822 807 877 242.
853 824 1008 892 Quod
1036 843 1143 884 non
1174 846 1364 902 omnes
1387 849 1494 902 uno
1535 836 1696 894 modo
1720 839 1828 896 sint
1859 840 2194 901 instituendi.

682 913 801 967 245.
845 914 922 970 De
948 916 1034 973 his
1061 920 1152 990 qui
1178 933 1494 991 peccantem
1521 941 1628 999 non
1656 929 1952 1004 recipiunt.

678 1003 803 1058 244.
845 1006 922 1063 De
941 1008 1148 1067 honore
1171 1013 1352 1078 clerici
1376 1032 1440 1071 ac
1462 1017 1608 1094 laici.

609 1143 611 1145 .
679 1095 806 1152 245.
844 1098 999 1168 Quod
1021 1117 1142 1159 cum
1171 1106 1405 1179 dampno
1435 1111 1629 1178 animae
1679 1128 1791 1171 suae
1835 1115 1903 1180 ab
1941 1118 2194 1189 ecclesia,

607 1204 728 1258 qurc
769 1206 1036 1264 pauperes
1090 1199 1284 1278 pascit,
1336 1203 1610 1274 accipiunt
1640 1205 1716 1262 illi
1743 1209 1835 1278 qui
1875 1211 1943 1266 de
1967 1228 2066 1268 suo
2092 1215 2197 1271 sibi

608 1279 900 1339 suﬁiciunt.

678 1369 803 1426 246.
839 1372 939 1440 Qui
964 1375 1018 1454 in
1040 1381 1282 1456 sacrario
1323 1397 1634 1457 operantur,
1681 1405 1801 1462 qua:
1845 1393 1913 1459 de
1955 1411 2196 1457 sacrario

611 1470 738 1516 sunt
761 1464 946 1522 edant.

681 1554 808 1611 247.
845 1558 922 1614 De
963 1561 1047 1618 his
1071 1566 1162 1633 qui
1216 1566 1270 1622 in
1297 1574 1713 1642 congregatione
1753 1576 1854 1634 sibi
1903 1583 2196 1648 commissa

551 1679 559 1685 .
610 1643 950 1706 solummodo
970 1666 1036 1719 ex
1049 1652 1256 1713 familia
1273 1659 1640 1721 ecclesiastica
1659 1667 1887 1727 clericos
1898 1686 2195 1746 aggregare

608 1737 848 1793 student.

845 1829 924 1889 De
953 1835 1222 1911 episcopis
1251 1841 1482 1916 aliisque
1526 1847 1792 1923 religiosis
1843 1853 1976 1912 viris
2000 1857 2197 1924 tabulis

610 1919 883 1999 tantibus,
912 1926 998 1982 vel
1022 1927 1320 1990 ludentium
1351 1938 1536 1995 sociis.

677 2011 804 2068 249.
831 2013 1030 2107 A‘Nullus
1053 2021 1337 2096 episcOpus
1364 2041 1590 2100 cogatur
1619 2033 1923 2106 subjectum
1951 2041 2056 2097 sibi
2088 2041 2197 2107 cle-

605 2101 780 2159 ricum
813 2105 880 2164 de
907 2124 1004 2167 suo
1032 2111 1177 2170 clero
1198 2117 1468 2178 dimittere

681 2195 808 2252 250.
851 2197 918 2255 Ut
944 2204 1183 2276 episcopi
1211 2224 1307 2267 sua
1339 2229 1500 2270 manu
1531 2232 1638 2286 non
1658 2222 1884 2278 caedant.

677 2284 804 2354 25l.
846 2288 999 2358 Quod
1031 2295 1168 2351 nihil
1196 2303 1368 2369 prosit
1390 2284 1681 2377 sacerdoti,
1709 2312 1924 2370 etiamsi
1948 2313 2086 2372 bene
2117 2318 2169 2374 vi

608 2385 724 2443 vat,
753 2380 799 2435 si
828 2383 970 2450 [nale
995 2386 1301 2447 viventibus
1327 2410 1433 2450 non
1464 2400 1819 2458 contradicat.

607 2558 644 2614 d
675 2468 804 2524 252.
842 2471 899 2528 Si
927 2479 1214 2552 presbyter
1233 2495 1358 2556 post
1400 2500 1681 2574 acceptum
1709 2496 1937 2566 gradum
1968 2515 2194 2579 uxorem

649 2562 844 2614 uxerit.

649 2562 844 2618 uxerit.

668 2652 796 2708 255.
838 2656 914 2714 De
933 2661 1359 2725 subintroductts
1388 2672 1729 2733 mulieribus.

672 2742 801 2830 254.
833 2746 1134 2833 lipiscopos
1164 2756 1247 2812 vel
1277 2772 1565 2830 sequentes
1618 2768 1855 2836 ordines,
1888 2773 1978 2843 qui
2009 2789 2193 2834 sacro-

600 2844 788 2890 sancta
836 2843 1096 2912 mysteria
1141 2858 1508 2922 contrectant,
1559 2855 1760 2926 placuit
1810 2861 1879 2918 ab
1932 2867 2196 2925 uxoribus

600 2923 878 2984 abstineri.

669 3017 796 3077 255.
830 3022 906 3080 De
927 3027 1264 3101 presbyteris
1285 3035 1374 3105 qui
1400 3051 1594 3097 uxores
1614 3056 1940 3116 acceperunt
1969 3050 2056 3106 vel
2076 3052 2185 3108 for-

600 3109 766 3170 nicati
794 3123 938 3171 sunt.

669 3201 795 3259 256.
836 3204 989 3274 Quod
1033 3215 1346 3292 sacerdotes
1381 3228 1436 3275 et
1470 3221 1648 3279 levites
1695 3241 1822 3284 cum
1867 3232 2188 3295 mulieribus

599 3293 797 3349 sociari
831 3313 937 3353 non
965 3299 1217 3378 debeant.

669 3406 798 3475 257.
841 3409 919 3466 De
946 3413 1030 3470 his
1059 3418 1150 3498 qui
1183 3420 1502 3482 mulieribus
1532 3428 1794 3493 adulteris
1828 3431 2004 3503 juncti
2039 3449 2184 3513 sunt.

667 3497 792 3554 258.
820 3501 895 3557 De
923 3497 1150 3578 diversis
1163 3513 1444 3572 ordinibus
1457 3519 1524 3574 ab
1546 3523 1806 3580 uxoribus
1824 3497 2182 3589 abstinendis.

669 3591 797 3647 259.
829 3593 982 3662 Quod
1025 3598 1239 3669 clericis
1262 3607 1480 3663 carnale
1515 3611 1823 3684 conjugium
1865 3617 2186 3690 denegetur.

665 3683 791 3739 260.
822 3687 898 3741 De
927 3689 1317 3768 incontinentia
1353 3683 1698 3761 sacerdotum
1727 3721 1822 3764 seu
1874 3709 2184 3775 levitarum.

667 3775 794 3830 261.
831 3778 901 3847 Ut
953 3784 1239 3856 episcopus
1285 3799 1340 3848 et
1370 3793 1658 3867 presbyter
1710 3814 1936 3873 uxorem
1985 3820 2138 3862 suam
2166 3849 2184 3874 ,

597 3883 761 3942 quam
792 3870 955 3930 debet
981 3887 1132 3933 caste
1157 3895 1368 3953 regere,
1400 3901 1507 3942 non
1537 3889 1825 3961 relinquat.

666 3984 792 4039 262.
822 3987 1060 4068 Epistola
1090 3993 1392 4060 Hormisdae
1416 4017 1568 4092 papze
1612 4019 1709 4076 per
1737 4007 2020 4082 universas
2059 4030 2185 4094 pro-

594 4087 822 4132 vmcras.

665 4166 795 4222 265.
832 4169 908 4226 De
935 4184 1186 4244 suspecta
1220 4181 1558 4243 sacerdotum
1593 4185 1967 4249 infamatione.

665 4258 790 4314 264.
819 4262 987 4329 Quale
1009 4279 1285 4325 mereatur
1311 4276 1599 4332 occultatio
1622 4279 1807 4336 dolosa
1838 4287 2180 4359 supplicium,

597 4359 654 4406 et
682 4364 944 4421 quantum
987 4363 1210 4418 remedii
1242 4365 1442 4424 habeat
1469 4371 1742 4429 confessio
1767 4391 2138 4446 peccatorum.

663 4441 790 4497 265.
823 4444 899 4500 De
928 4463 1036 4505 non
1063 4458 1494 4528 contempnendo
1519 4441 1826 4525 oblationes
1870 4471 2172 4546 presbyteri

595 4533 889 4614 coniugati.

665 4624 790 4681 266.
844 4627 916 4684 Ut
945 4637 1247 4710 presbyteri
1297 4651 1350 4699 et
1394 4646 1606 4710 diaconi
1636 4649 1690 4706 in
1738 4653 1976 4724 graviori
2020 4658 2180 4731 culpa

596 4720 827 4777 convicti
876 4742 1070 4785 manus
1113 4731 1518 4805 impositionem
1562 4749 1839 4814 tamquam
1896 4746 2018 4818 laici
2068 4729 2182 4826 non?

597 4816 913 4887 suscipiant.
927 4835 941 4854 ε

665 4905 792 4962 267.
845 4909 998 4978 Quod
1043 4917 1347 4989 presbyteri
1399 4929 1453 4978 et
1501 4922 1715 4982 diaconi
1766 4929 1812 4985 si
1875 4931 1929 4987 in
1961 4933 2178 5006 aliquod

595 4996 801 5054 crimen
833 5002 1067 5076 prolapsi
1100 5007 1318 5076 fuerint,
1349 5027 1454 5067 non
1483 5015 1694 5084 possint
1721 5033 1820 5088 per
1847 5037 2044 5081 manus
2077 5026 2182 5081 im-

595 5092 918 5160 positionem
954 5103 1284 5168 pmnitentia:
1313 5106 1610 5163 remedium
1642 5114 1924 5184 consequi.

665 5207 790 5264 268.
835 5209 990 5278 Quod
1036 5214 1301 5273 incertum
1349 5219 1423 5276 sit
1449 5229 1631 5280 utrum
1666 5226 1910 5298 priorem
1947 5232 2178 5303 gradum

593 5298 880 5371 episcopus
908 5313 1032 5374 post
1057 5306 1264 5378 lapsum
1295 5313 1548 5385 accipiat.

663 5415 792 5472 269.
843 5417 921 5473 De
969 5420 1274 5479 ministerio
1309 5427 1454 5496 quod
1483 5427 1596 5501 agit
1642 5439 1766 5501 post
1801 5434 2178 5504 pmnitentiam

595 5507 686 5577 qui
713 5509 813 5564 sub
837 5509 1006 5580 gradu
1032 5514 1296 5582 peccavit.

671 5597 796 5655 2'70.
835 5599 914 5656 De
938 5599 1104 5672 lapsis
1127 5605 1400 5675 gradibus.

662 5689 787 5747 271.
819 5691 1057 5763 Epistola
1081 5695 1270 5753 lsidorl
1294 5699 1532 5770 episeOpi
1555 5701 1624 5758 ad
1647 5701 1948 5764 Massonem
1969 5708 2178 5779 episco-

595 5793 723 5837 uum
752 5781 818 5837 de
844 5786 1238 5842 restauratione
1265 5789 1626 5848 sacerdotum.

2299 570 2532 625 nitentia
2561 574 2769 645 agenda
2798 585 2900 630 est.

2366 659 2493 716 275.
2522 660 2598 718 De
2627 662 2794 735 lapsis
2817 667 3188 728 sacerdotibus
3211 681 3330 742 post
3349 687 3608 748 acceptum
3631 698 3788 743 sacrum

2297 751 2566 822 ordinem,
2596 764 2657 811 ut
2679 767 2803 827 post
2828 761 3203 830 paenitentiam
3243 767 3309 822 ad
3337 767 3600 837 ministerii
3617 773 3790 836 ollicium

2298 847 2540 903 revocari
2567 863 2675 912 non
2705 853 2932 921 possint.

2366 938 2492 995 274.
2531 940 2778 1012 Gregorii
2830 945 2935 1000 PP.
2999 963 3316 1020 responsum
3382 953 3446 1007 ad
3501 954 3791 1018 Secundinum

2297 1043 2516 1088 servum
2545 1032 2642 1090 Dei
2672 1034 2974 1093 inclausum
3005 1039 3072 1110 de
3096 1043 3483 1102 restauratione
3513 1052 3790 1110 sacerdotali.

2365 1121 2491 1177 275.
2533 1123 2608 1179 De
2636 1128 3074 1190 reconciliatione
3089 1133 3479 1205 episcoporum.

2367 1215 2493 1272 276.
2534 1216 2759 1288 Qualem
2783 1230 3033 1291 oporteat
3064 1224 3323 1286 clericum
3358 1243 3492 1286 esse.

2329 1370 2338 1380 ,
2367 1305 2490 1362 277.
2525 1308 2600 1366 De
2633 1307 2992 1382 Polychronio
3023 1315 3506 1390 Hierosolymitano
3530 1321 3754 1394 epise0po.

2677 1469 3016 1530 CAPITULA
3063 1473 3243 1540 LIBRI
3279 1476 3502 1536 TERTII

2543 1617 2613 1658 DE
2649 1620 2978 1663 MINISTERIIS
3024 1622 3474 1677 ECCLESIASTICIS,
3513 1619 3607 1666 etc.

2369 1757 2422 1813 1.
2461 1757 2538 1815 De
2564 1759 2870 1820 dill‘erentia
2896 1768 3204 1839 presbyteri
3231 1768 3301 1825 ad
3340 1769 3707 1839 similitudinem
3732 1774 3796 1830 mi-

2297 1847 2511 1906 nisterii
2539 1851 2802 1924 episcopi.

2365 1941 2420 1998 2.
2460 1943 2535 1998 De
2582 1945 2764 2007 causis
2811 1946 3010 2018 quibus
3055 1949 3414 2009 immolabant
3460 1954 3727 2010 sacerdotes
3761 1955 3794 2009 in

2296 2032 2414 2106 lege
2440 2035 2692 2104 naturali,
2721 2052 2956 2109 quorum
2978 2041 3190 2111 primus
3219 2042 3796 2110 Melchisedecimmolaus

2331 2115 2511 2195 ptulit.

2365 2219 2420 2274 5.
2469 2218 2546 2275 De
2597 2221 2778 2278 causis
2814 2224 3013 2294 quibus
3057 2224 3415 2285 immolabant
3449 2227 3716 2306 sacerdotes
3750 2227 3797 2281 le-

2295 2311 2506 2384 galiter,
2546 2329 2774 2384 quorum
2805 2317 3012 2387 primus
3037 2317 3216 2374 Aaron

2364 2403 2421 2475 4.
2467 2405 2544 2460 De
2629 2406 2813 2462 causis
2869 2408 3067 2479 quibus
3114 2410 3408 2472 immolant
3441 2410 3710 2469 sacerdotes
3760 2411 3795 2464 in

2295 2512 2434 2554 novo
2465 2499 2690 2567 findere.

2366 2591 2418 2646 5.
2463 2591 2537 2646 De
2567 2591 2739 2650 modis
2765 2593 2960 2664 quibus
2991 2611 3135 2651 nunc
3165 2596 3405 2652 immolat
3443 2594 3676 2652 Ecclesia.

2366 2681 2419 2737 6.
2452 2683 2526 2738 De
2558 2684 2815 2741 universo
2843 2686 3115 2743 sacriﬁcio
3160 2697 3389 2758 propter
3419 2696 3656 2758 quattuor
3677 2684 3793 2755 leges.

2367 2773 2415 2830 7.
2456 2775 2532 2846 De
2560 2777 2749 2843 ordine
2791 2779 3140 2835 sacerdotum
3183 2794 3318 2851 erga
3361 2780 3637 2852 principem
3668 2787 3796 2849 etpo-

2292 2867 2501 2936 pulum.
3555 2963 3566 2974 _
3753 2960 3763 2974 ι
3787 2959 3794 2970 ,

2364 2959 2419 3013 8.
2453 2959 2607 3028 Quod
2637 2976 2748 3020 non
2781 2961 3023 3030 habeant
3047 2967 3362 3023 sacerdotes
3392 2963 3709 3022 hereditatem
3727 2959 3797 3016 nisi

2295 3049 2484 3106 Deum.

2365 3142 2418 3198 9.
2465 3143 2538 3197 De
2565 3142 2856 3213 superﬂuis
2883 3145 3233 3202 sacerdotum
3265 3146 3508 3204 ecclesiae
3527 3143 3705 3202 dandis.

2364 3231 2451 3303 10.
2491 3231 2562 3290 Ut
2583 3233 2836 3290 sacerdos
2861 3250 2967 3290 non
2999 3247 3212 3307 quaerat
3246 3240 3485 3312 pretium
3519 3236 3772 3296 ministerii.

2363 3322 2448 3376 11.
2477 3322 2553 3378 De
2575 3323 2698 3395 jure
2725 3327 3092 3383 sacerdotum.

2360 3412 2447 3479 12.
2489 3412 2566 3469 De
2594 3429 2754 3485 paena
2795 3415 3084 3474 resistendi
3114 3422 3412 3478 sacerdoti.

2361 3503 2448 3560 15.
2489 3502 2643 3572 Quod
2675 3505 2852 3573 danda
2899 3506 2972 3572 sit
3019 3525 3146 3580 pars
3173 3511 3499 3581 substantia;
3534 3509 3703 3566 mortui
3738 3519 3793 3560 sa-

2288 3595 2623 3657 cerdotibus.

2358 3685 2445 3740 14.
2480 3682 2553 3741 Ut
2588 3688 2843 3745 sacerdos
2876 3705 2983 3744 non
3015 3691 3252 3760 accipiat
3276 3706 3503 3748 munera
3535 3689 3794 3759 iniquorum.

2357 3777 2446 3833 15.
2488 3777 2642 3846 Quod
2681 3795 2785 3836 non
2818 3791 2980 3836 nocet
3033 3781 3209 3838 victus
3240 3798 3306 3840 ac
3351 3783 3700 3840 vestimentum
3733 3790 3797 3831 ne-

2284 3852 2606 3936 cessarium,
2633 3869 2736 3934 nisi
2761 3871 3030 3942 superﬂua
3056 3872 3293 3942 recipiat
3325 3875 3492 3930 dona.

2357 3961 2442 4017 16.
2486 3961 2639 4029 Quod
2663 3963 2804 4029 dona
2843 3964 3152 4036 iniquorum
3181 3982 3213 4022 a
3253 3968 3535 4025 sacerdote
3558 3961 3795 4034 recipienda

2283 4054 2413 4120 sint,
2443 4063 2500 4109 ut
2525 4056 2854 4127 pauperibus
2883 4065 3066 4126 tamen
3089 4069 3386 4132 erogentur
3420 4070 3476 4116 et
3499 4057 3716 4130 captivis.

2355 4146 2444 4200 17.
2487 4144 2644 4214 Quod
2671 4163 2780 4212 non
2816 4149 2977 4205 debet
3002 4152 3263 4208 sacerdos
3289 4152 3557 4208 aestimare
3580 4148 3668 4206 sibi
3699 4144 3794 4200 dona

2283 4236 2462 4293 oblata
2485 4225 2584 4293 sua
2621 4253 2760 4308 esse,
2792 4241 2886 4296 sed
2911 4241 3174 4299 ecclesiae.

2301 4307 2304 4309 Δ
2352 4329 2440 4385 18.
2484 4328 2638 4398 Quod
2669 4332 2978 4404 superiores
2999 4335 3198 4408 gradus
3227 4353 3336 4393 non
3365 4339 3556 4396 debent
3574 4344 3706 4391 curas
3729 4339 3794 4382 sr-

2283 4419 2498 4477 culares
2525 4421 2748 4479 habere.

2203 4523 2257 4585 ι)
2354 4513 2443 4569 19.
2485 4512 2638 4580 Quod
2673 4530 2781 4573 non
2810 4525 2972 4574 nocet
3002 4517 3312 4577 ministerio
3337 4514 3676 4576 ministrantis
3701 4521 3792 4566 con-

2286 4603 2490 4674 tagium
2517 4604 2672 4678 vitae.

2353 4693 2444 4749 20.
2485 4694 2562 4752 De
2591 4693 2969 4773 increpatione.
2987 4702 3252 4760 malorum
3283 4704 3634 4798 sacerdotum.
3726 4786 3751 4798 υ

2353 4784 2444 4842 21.
2482 4788 2636 4856 Quod
2681 4789 2908 4850 Pascha}
2935 4798 3282 4868 temporibus.
3308 4796 3606 4870 presbyteri
3633 4799 3681 4849 et
3712 4786 3794 4842 diae

2283 4879 2406 4944 coni
2433 4881 2812 4944 remissionem
2849 4896 3197 4954 peccatorum
3227 4905 3326 4960 per
3368 4887 3636 4962 parochias
3655 4882 3768 4939 deni.

2353 4969 2444 5025 22.
2485 4971 2602 5042 Quo
2633 4983 2874 5043 tempore
2902 4973 3111 5034 Pascha
3148 4979 3452 5035 celebretur

2353 5062 2445 5118 25.
2480 5064 2564 5118 Ad
2604 5064 2785 5120 aliam.
2819 5069 3137 5136 parochiam
3172 5070 3413 5144 eulogias
3441 5112 3458 5139 ,
3505 5081 3613 5140 qua:
3653 5059 3794 5120 oblata

2283 5162 2432 5221 sunt,
2465 5155 2689 5211 minime
2716 5155 3092 5215 destinandas.

2352 5247 2442 5303 24·
2476 5248 2554 5316 Ββ
2580 5248 2906 5320 lectionibus
2931 5267 3052 5323 qua:
3076 5253 3316 5310 debeant
3347 5251 3607 5310 recenseri
3629 5247 3676 5302 in
3703 5238 3788 5296 δεῖ)

2282 5341 2444 5398 batis.

2349 5433 2440 5488 25.
2483 5432 2638 5501 Quod
2670 5435 3024 5491 interstitium
3049 5436 3382 5509 psalmorum
3408 5434 3590 5498 debeat
3626 5431 3671 5486 in
3698 5437 3789 5481 con-

2281 5533 2444 5585 ventu
2474 5526 2716 5582 ﬁdelium
2745 5526 2885 5584 ﬁeri.
3757 5604 3766 5614 ι

2350 5616 2438 5671 26.
2480 5617 2632 5685 Quod
2660 5635 2758 5689 pro
2785 5620 3042 5691 episcopo
3073 5620 3288 5677 inﬁrmo
3313 5619 3559 5678 sacerdos
3584 5627 3674 5670 non
3713 5621 3786 5662 ιιιι⁴

2279 5709 2495 5765 nistret.

2353 5803 2443 5858 27.
2485 5803 2560 5861 De
2595 5805 2846 5864 urecibus
2877 5816 2999 5877 post
3036 5821 3346 5866 sermonem
3374 5804 3600 5862 habitum
3626 5793 3682 5852 ad
3709 5789 3770 5861 ille
