3898 6320
72 356 121 410 ll
134 357 159 408 7
1122 341 1458 400 CANONUM
1493 337 1739 396 PRISCA
1767 336 2168 398 COLLECTIO.
3185 345 3288 401 418
3312 389 3317 396 .

119 459 198 528 55.
232 464 302 517 De
329 460 704 516 indiscretione
743 458 1154 514 monachorum.
1633 450 1690 508 Α
1783 448 1835 504 6ο
1877 449 1951 504 De
1983 450 2084 506 “de
2113 452 2164 506 Ῐη
2195 452 2512 524 αδετῖωοῖηθ
2541 455 2816 528 δίψιῖῑίιῑῖο

116 557 194 611 56.
226 555 294 609 De
317 554 544 623 quadam
594 551 929 623 perfectione
957 566 1148 608 eorum
1195 549 1287 622 qui
1317 549 1373 606 in
1410 548 1603 606 solitu-

1786 543 1830 595 7.
1864 542 2106 610 Qualiter
2129 545 2391 614 baptizari
2425 548 2585 603 liceat
2607 566 2701 606 eos
2725 568 2816 623 qu:
2847 555 3024 611 subita
3056 553 3284 611 infirmi-

59 601 456 706 ;igg'vgv;';ll:"—
497 601 510 608 ’
594 601 624 623 τ
1200 601 1231 622 1
1707 637 1818 687 tate
1847 645 2296 690 commutescunt.
2405 713 2408 716 ν

116 738 191 793 57.
218 737 292 792 0b
321 731 672 791 humilitatem
689 743 869 806 potest
896 734 1064 791 abbas
1094 733 1402 805 relinquere
1425 735 1604 793 locum

1786 721 1829 777 Β.
1861 723 1936 779 De
1963 727 2350 782 catechumena
2386 741 2720 802 prargnante.

61 843 209 884 suum,
1776 815 1831 870 9.
1871 816 1951 870 An
1975 833 2260 889 prmguans
2291 822 2482 876 mulier
2506 823 2696 880 debeat
2719 826 3002 896 baptizari.

113 919 189 974 5g.
214 917 389 973 Abbas
427 931 533 972 ηοη
562 925 884 988 provocatur
914 917 983 972 ad
1009 919 1296 986 synodum,
1701 981 1704 984 ἢ
1779 905 1867 959 10.
1897 908 1972 961 De
2025 909 2317 965 infantibus
2361 911 2699 982 baptizandis
2759 920 2967 986 quoties
3014 919 3290 978 dubitatur

114 1009 189 1063 59.
215 1009 390 1062 Abbas
417 1010 525 1063 duo
561 1009 891 1064 monasteria
926 1025 1030 1064 non
1060 1009 1278 1065 habeat.

1786 1013 1888 1052 rum
1919 997 2118 1055 fuerint
2144 1001 2426 1072 baptizati.

115 1100 188 1154 60.
217 1100 560 1157 Juvenculam
602 1102 932 1156 abbatissam
959 1102 1071 1156 fieri
1099 1118 1205 1160 non
1228 1101 1442 1158 debere.

1786 1091 1864 1144 11.
1909 1092 2061 1158 Quod
2109 1093 2197 1158 hi,
2259 1095 2456 1165 quibus
2502 1098 2723 1154 dubium
2758 1110 2841 1157 est
2882 1111 3064 1157 utrum
3109 1105 3288 1175 bapti-

113 1193 183 1246 6t.
219 1193 286 1246 De
322 1192 666 1246 ordinatione
694 1191 1034 1247 diaconissaa.

1786 1197 1884 1236 lum
1913 1185 2272 1255 perceperint,
2301 1203 2523 1244 necesse
2551 1201 2634 1245 est
2658 1201 2713 1245 ut
2742 1205 3111 1249 renascantur.

114 1285 186 1340 62.
211 1285 278 1338 De
303 1284 645 1338 diaconissns.
1777 1292 1866 1346 l2.
1899 1292 2052 1360 Quod
2079 1295 2133 1350 hi
2162 1298 2254 1366 qui
2284 1314 2342 1354 se
2369 1300 2672 1371 baptizatos
2713 1315 3066 1375 cognoscunt,
3109 1308 3203 1362 sed
3233 1309 3287 1362 in

113 1376 184 1430 65.
208 1376 278 1430 De
323 1375 629 1446 virginibus
657 1375 847 1432 velatis
882 1375 962 1432 vel
993 1391 1100 1432 non
1128 1376 1322 1433 velatis
1347 1391 1394 1434 St
1423 1376 1607 1434 devia—
1707 1396 1814 1452 qua
1845 1384 1950 1439 ﬁde
1993 1387 2259 1455 nesciunt,
2315 1405 2412 1459 per
2455 1407 2648 1448 manus
2697 1395 3094 1465 impositionem
3119 1398 3289 1452 susci-

65 1466 220 1519 verint.
1707 1473 1887 1544 piendi
1914 1485 2059 1530 sunt.

115 1557 187 1610 64.
213 1556 282 1611 De
306 1557 504 1627 puellis
557 1573 679 1630 qua:
725 1570 1024 1630 spontanea
1052 1568 1330 1618 voluntate
1358 1563 1607 1622 habitum
1781 1562 1870 1618 15.
1903 1563 2054 1632 Quod
2093 1567 2336 1624 ecclesiae
2364 1571 2688 1640 baptismate
2731 1574 3067 1644 baptizatus,
3115 1577 3288 1632 denuo

67 1646 370 1717 susceperint.
1706 1655 1963 1726 baptizari
1994 1675 2098 1714 non
2125 1663 2332 1717 debeat.

115 1738 184 1791 65.
214 1739 282 1792 De
310 1739 616 1807 virginibus
640 1741 833 1797 sacris.
1630 1819 1676 1832 _
1779 1749 1864 1802 11.
1899 1749 1974 1804 De
2015 1751 2100 1806 his
2153 1753 2245 1822 qui
2277 1755 2594 1826 rebaptizati
2623 1766 2780 1824 sunt,
2811 1769 3069 1829 quantum
3119 1761 3293 1832 poeni-

115 1828 187 1882 66.
209 1827 273 1882 L't
299 1828 542 1898 prrefixis
571 1830 760 1886 diebus
793 1846 964 1886 sacra:
991 1831 1228 1903 virgines
1252 1833 1519 1890 velentur.
1630 1819 1678 1878 Β
1710 1848 1876 1894 teant.
1959 1907 1964 1914 ἢ

118 1917 188 1970 67.
227 1918 289 1973 Ut
315 1920 491 1973 vidua:
527 1935 632 1973 non
658 1921 922 1976 velentur.
1779 1927 1866 1981 15.
1906 1929 1978 1983 De
2013 1929 2230 1985 Arianis
2260 1947 2364 1987 non
2390 1934 2809 2005 rebaptizandis.

122 2007 192 2062 68.
219 2008 288 2062 De
309 2008 681 2064 sollicitudine
709 2011 1126 2081 pro’virgiuibus
1153 2013 1408 2083 gerenda.
1781 2021 1867 2075 16.
1922 2023 1998 2078 De
2046 2023 2334 2094 baptizatis
2381 2027 2473 2096 qui
2537 2030 2774 2086 nondum
2826 2032 3130 2088 conﬁrmati
3177 2050 3294 2091 mo-

117 2098 187 2152 69.
212 2098 264 2152 Si
306 2097 585 2153 deformes
628 2098 766 2154 filias
815 2100 1111 2170 virginitati
1156 2112 1412 2171 parentes
1452 2103 1606 2158 dedi-
1708 2112 1937 2169 riuntur.
2601 2187 2604 2190 Q

68 2198 186 2255 cent;
218 2191 430 2260 etquod
457 2198 836 2246 truncatorum
885 2207 1171 2263 corporum
1206 2194 1462 2264 pudicitia
1499 2210 1608 2252 non
1783 2205 1869 2258 17.
1907 2205 2118 2262 Statuta
2172 2209 2345 2264 sancti
2393 2209 2642 2267 Silvestri
2670 2253 2686 2279 ,
2752 2215 2894 2285 quod
2959 2215 3290 2288 baptizatum

69 2281 217 2349 prosit.
1709 2292 1867 2348 linire
1894 2297 2186 2352 chrismate
2211 2301 2494 2372 presbyter
2522 2303 2732 2360 debeat.
2768 2281 2783 2285 ‘
3030 2281 3046 2288 ’
3212 2343 3226 2359 .

118 2370 186 2424 70.
213 2370 281 2425 De
303 2370 612 2442 virginibus
634 2371 800 2426 etiam
831 2373 1135 2430 minoribus
1163 2373 1430 2431 velandis.
1787 2387 1869 2440 18.
1895 2388 2048 2454 Quod
2091 2406 2199 2445 non
2249 2370 2445 2449 debent
2490 2393 2748 2466 baptizati
2794 2399 2898 2455 nisi
2927 2403 2996 2458 ab
3043 2403 3297 2475 episcopo

120 2460 337 2515 7I.Ante
365 2477 477 2516 xxv
531 2476 736 2517 annum
779 2477 880 2520 nec
922 2464 1174 2530 diaconi.
1224 2482 1326 2524 nec
1369 2468 1610 2541 virgines
1710 2481 2040 2550 consignari.

73 2563 142 2602 θοη
149 2566 312 2606 secren
322 2562 372 2606 ιυ
381 2567 430 2608 l‘.

1783 2571 1872 2626 19.
1906 2571 2063 2639 Quod
2091 2571 2324 2640 Iudaeus,
2355 2575 2401 2632 si
2431 2576 2682 2647 voluerit,
2713 2589 2840 2636 ante
2873 2581 3079 2640 Pascha
3123 2585 3292 2655 bapti-

121 2642 187 2695 72.
223 2645 290 2700 De
318 2645 426 2700 vita
455 2644 1020 2702 adulescentulorum.
1712 2663 1822 2718 zari
1848 2664 2036 2733 possit.

121 2733 192 2787 73.
227 2735 276 2790 Si
303 2736 504 2792 devota
537 2738 792 2792 maritum
819 2739 1110 2810 acceperit.

123 2824 193 2879 71.
223 2828 290 2881 De
315 2828 671 2899 separatione
699 2829 982 2885 viduarum
1003 2842 1058 2886 et
1079 2830 1418 2902 clericorum.
1783 2845 1874 2901 2t.
1915 2847 2069 2915 Quod
2121 2865 2227 2905 non
2273 2852 2465 2908 debeat
2494 2868 2597 2908 una
2641 2857 2840 2911 mersio
2875 2856 2931 2910 in
2974 2824 3299 2928 baptismate

122 2914 189 2970 75.
221 2917 289 2973 De
312 2919 650 2991 virginitatis
677 2920 837 2976 laude
865 2921 919 2976 in
950 2930 1183 2994 utroque
1208 2939 1364 2979 sexu.
1715 2938 1871 3006 quasi
1900 2914 1956 2993 in
1991 2950 2166 2995 morte
2197 2942 2403 2996 Domini
2432 2944 2734 3013 provenire.

122 3007 191 3070 76.
223 3011 290 3067 De
320 3011 683 3082 dissimulatis
703 3013 1001 3085 virginibus
1025 3023 1080 3070 et
1099 3029 1287 3071 eorum
1317 3017 1578 3076 moribus.

127 3097 193 3152 77.
228 3101 294 3156 De
319 3103 470 3158 veris
500 3102 701 3159 viduis.

125 3188 190 3243 78.
217 3191 284 3246 De
311 3202 453 3248 statu
493 3193 690 3249 viduae.

125 3279 192 3334 79.
220 3282 362 3348 Quod
389 3273 598 3340 debeat
633 3284 865 3341 ecclesra
893 3286 1082 3343 viduas
1114 3289 1319 3346 debiles
1349 3290 1516 3348 alere.

125 3372 194 3427 80.
219 3375 286 3430 De
308 3377 660 3448 palliatarum
687 3379 924 3435 nomine.

125 3463 191 3517 8|.
213 3465 351 3531 Quod
379 3483 499 3523 non
526 3468 686 3523 debet
709 3469 861 3541 virgo
887 3470 1058 3528 velari
1089 3480 1215 3529 ante
1242 3474 1617 3531 duodecimum

84 3554 216 3609 atatis
248 3572 350 3611 suae
379 3573 616 3612 annum.

125 3645 193 3699 82.
227 3646 295 3700 De
321 3650 539 3705 duobus
568 3652 854 3721 generibus
878 3653 1245 3724 palliatarum.
1290 3730 1292 3732 ν

127 3737 178 3776 ΩΧ
234 3740 298 3776 Dn
322 3743 537 3776 hnnnrn
565 3743 902 3776 nollintopnm
932 3747 1310 3776 nnl:-:..---.....

1788 3689 1877 3744 26.
1925 3689 1992 3746 Ut
2033 3645 2189 3747 null;
2221 3697 2391 3764 pretia
2419 3697 2487 3754 de
2510 3645 2863 3768 1baptizandis
2893 3709 3302 3776 consignandis-

127 3737 193 3790 83.
233 3740 298 3794 De
321 3743 537 3797 honore
564 3743 904 3812 palliatarum
932 3747 1334 3818 religiosarum.

932 3783 1498 3866 :‘Z'i'lig:"'::'_:";:mn
1530 3842 1592 3866 AA
1720 3795 1824 3851 que
1860 3783 2102 3839 fidelibus
2130 3787 2433 3858 exigantur.
2467 3789 2618 3857 Quod
2665 3795 2803 3864 siqui
2844 3809 3155 3866 perpetrare
3184 3803 3305 3858 fue-

789 3843 799 3847 -
1046 3833 1063 3848 θ
1355 3841 1366 3854 ⁸
1722 3825 1823 3851 Ἰην
1860 3825 2102 3839 ..υνιιυυυ
2130 3825 2433 3858 νηιδιιιιιυι.
2468 3825 2618 3857 κυυυ
2665 3825 2803 3864 null"
2844 3825 3155 3866 μιςῐμυιιάΐυ
3184 3825 3305 3858 IIIC‘

232 3825 515 3895 Q“°m°d°
541 3833 646 3887 duo
693 3849 893 3902 “me”
930 3835 1276 3906 Ρ³Ῑ¹¹³ι³⁹¹¹¹¹¹
1317 3856 1500 3898 "were
1526 3842 1622 3899 de‘
1721 3873 1825 3927 rint
1886 3876 2247 3946 deprehensi,
2309 3880 2532 3938 honoris
2580 3885 2663 3938 sui
2721 3887 3018 3956 periculum
3073 3892 3306 3948 subituri

203 3956 253 4017 ’-
409 4012 444 4017 --
641 4014 652 4017 -
780 4016 807 4017 η
1722 3972 1868 4017 sunt.

1783 2754 1872 2810 20.
1906 2755 2059 2823 Quod
2087 2757 2139 2813 in
2171 2758 2391 2814 nomine
2412 2759 2690 2818 Trinitatis
2715 2764 2910 2820 debeat
2937 2766 3222 2835 baptizari.

1786 3049 1876 3104 22.
1909 3051 1985 3105 De
2008 3051 2094 3106 his
2121 3055 2210 3123 qui
2245 3069 2348 3107 non
2373 3063 2562 3125 sponte
2582 3058 2675 3112 sed
2699 3060 2848 3114 Inviti
2877 3062 3299 3117 aditerationem

1642 3165 1688 3228 ρ
1719 3141 1971 3209 baptismi
2003 3145 2264 3214 compulsi
2293 3155 2419 3201 sunt

1788 3232 1877 3287 23.
1905 3233 2056 3300 Quod
2088 3252 2194 3290 non
2225 3238 2420 3294 debeat
2452 3240 2832 3298 hatreticorum
2861 3245 3127 3318 baptisma
3159 3264 3302 3304 com-

1717 3325 1957 3394 probari.

1787 3417 1884 3472 24:
1919 3418 1989 3474 Ut
2015 3420 2069 3476 hl
2119 3421 2209 3491 qui
2257 3423 2325 3477 ab
2370 3425 2641 3482 haereticis
2684 3434 2944 3499 uapuzati
2993 3441 3140 3500 sunt,
3186 3449 3302 3489 so.a

1718 3510 1889 3564 sancti
1922 3509 2154 3580 Spiritus
2195 3513 2537 3572 invocatione
2575 3518 2878 3575 firmentur.

1788 3598 1877 3652 25.
1919 3600 1994 3652 De
2027 3606 2405 3674 energumeuis
2440 3608 2747 3677 baptizatis.

15 4063 21 4073 -
319 4012 904 4141 Τὶῗξςξρῗξῐξξξξξὲξῖ
1791 4058 1881 4112 27.
1927 4059 1999 4115 De
2028 4061 2111 4116 bis
2139 4063 2230 4131 qui
2264 4063 2408 4118 circa
2449 4067 2682 4122 mediam
2723 4070 3079 4141 septimanam
3111 4073 3178 4128 ad
3205 4073 3304 4128 ba-

450 4105 466 4116 .
656 4105 666 4116 _
1795 4097 1881 4112 ι...
1927 4097 1998 4115 νυ
2029 4097 2111 4116 lu.)
2139 4097 2230 4131 ιιυι
2264 4097 2408 4118 ιιιιιι
2449 4097 2682 4122 ιιισυιαιυ
2723 4097 2896 4141 θυμιιιι

129 4097 198 4152 86.
233 4101 296 4156 Ut
329 4104 594 4158 mulieres
618 4120 764 4161 Vll‘OS
799 4123 906 4162 non
936 4109 1183 4165 doceant.
1763 4150 1796 4165 .-
2105 4155 2116 4165 -
2208 4164 2212 4165 κ
2892 4155 2899 4162 ·

1763 4150 1976 4206 tismum
1999 4155 2240 4210 veniunt.

128 4186 198 4240 87.
230 4189 291 4245 Ut
314 4192 534 4247 femina:
560 4211 664 4250 non
693 4198 963 4269 accipiant
1006 4199 1173 4256 ullum
1204 4201 1359 4256 virile
1403 4211 1498 4258 aut
1523 4218 1617 4258 sa-

81 4278 301 4334 cerdotale
329 4282 596 4337 cilicium.

1786 4167 1976 4206 Ismum
1999 4165 2240 4210 veniunt.

1792 4241 1883 4296 28.
1927 4244 2003 4299 De
2043 4249 2389 4319 perceptione
2417 4249 2564 4320 ﬁdei,
2588 4260 2642 4308 et
2663 4253 2962 4311 redditione
2997 4273 3183 4314 eorum
3215 4261 3307 4330 qui

463 4331 893 4401 ξξῗξηηιηδηλ,
1725 4331 2087 4401 baptizantur.

130 4367 199 4422 88.
229 4371 297 4426 De
324 4373 547 4428 nomine
569 4376 914 4448 presbyterae.

231 4422 242 4424 ‘
272 4422 292 4426 ‘
569 4422 914 4478 """':’“""
1795 4422 1883 4477 29.
1927 4424 1994 4480 Ut
2024 4427 2204 4484 nullus
2244 4430 2494 4490 minister
2519 4434 2635 4490 sine
2673 4437 2966 4494 chrismate
2998 4440 3310 4510 proficisca-

131 4459 201 4511 89.
229 4461 297 4516 De
326 4464 516 4518 relicta
545 4479 575 4518 a
609 4466 827 4522 clerico.
1651 4514 1702 4537 π
1731 4521 1817 4537 .,,,
1859 4516 1946 4537 -_._.
1983 4525 2025 4537 ,.
2060 4519 2273 4537 ,ηιμ
2422 4524 2433 4536 .
2480 4525 2491 4537 .
2533 4535 2540 4537 _
2816 4529 2846 4537 ..

279 4514 292 4516 '
327 4514 339 4516 “
359 4514 575 4567 ""’"
614 4514 846 4569 """",
1089 4543 1098 4548 -
1651 4514 1703 4574 D
1731 4521 1834 4578 tur,
1859 4516 1949 4570 ubi
1977 4525 2030 4570 et
2060 4519 2340 4591 presbyter
2363 4524 2612 4580 minister
2638 4529 2958 4583 ostenditur.

133 4547 206 4604 90.
232 4552 377 4619 Quod
409 4555 610 4610 mulier
639 4558 846 4611 tonderi
879 4559 1089 4614 debeat.
3312 4610 3323 4623 ο

437 4646 780 4702 CAanLA
812 4648 986 4702 “Bm
1016 4650 1246 4717 Qum]
1768 4626 1888 4729 .50.
1931 4626 2002 4682 Ut
2035 4629 2103 4684 ab
2132 4631 2354 4688 alterius
2400 4635 2649 4705 episcopo
2678 4638 2912 4693 chrisma
2944 4638 3120 4695 nullus
3159 4644 3308 4698 acci-

359 4755 430 4793 ωε
466 4753 666 4795 cnam
703 4757 1166 4807 narrtzmnonuu,
1199 4754 1307 4800 etc.
1727 4727 1860 4835 pm:
1923 4810 1988 4835 Π.
2025 4812 2480 4835 *μυιωιᾼμ-Ν,
2813 4821 2852 4835 κ
2953 4820 2964 4833 ,
3012 4823 3025 4834 ,
3107 4823 3120 4835 ι
3175 4823 3188 4835 θ

139 4825 342 4896 LQnod
382 4834 611 4904 gratiam
650 4835 744 4890 Dei
772 4836 942 4891 etiam
988 4839 1435 4907 haptizandorum
1461 4848 1625 4896 testa-
1801 4810 1890 4866 51.
1923 4810 1994 4868 Ut
2022 4812 2482 4887 archipresbyteri
2515 4817 2569 4872 in
2615 4833 2770 4874 coena
2813 4820 3025 4877 Domini
3072 4823 3310 4880 chrisma

87 4921 153 4970 tur
169 4918 392 4978 instituta
433 4927 702 4998 purgatio,
742 4942 865 4984 cum
899 4929 1216 4988 exorcismis
1253 4940 1309 4986 et
1343 4931 1617 4988 subﬂatio—

1786 4911 1930 4958 :tant.

1802 4993 1870 5015 ’γει
1921 4995 1991 5015 n-
2031 4995 2306 5015 -I._!M,__._
2336 4999 2348 5012 ο
2395 4999 2418 5015 ιι
2487 5001 2540 5015 ,η
2649 5002 2662 5015 σ
2829 5003 2858 5015 .-

87 5008 213 5066 nibus
247 4993 462 5084 spiritus
486 4993 563 5074 ab‘
584 5018 664 5074 eis
685 5019 950 5090 abigam“
1918 4995 1995 5104 2e
2024 4995 2312 5101 chrismate
2334 4999 3026 5104 infantibusimpertiendo.

138 5097 186 5151 2ο
208 5101 272 5158 Ut
292 5117 411 5175 post
429 5107 634 5164 Pascha
655 5116 710 5165 et
731 5084 1090 5167 Pentecosten
1113 5111 1376 5182 baptisma
1404 5129 1510 5170 non
1543 5130 1617 5172 ce

1800 5084 1890 5141 55.
1922 5088 1997 5142 De
2026 5088 2329 5158 signatione
2357 5091 2824 5164 haptizandorum.

89 5173 306 5247 ιειπριητξ
1183 5173 1199 5182 “
1801 5173 1891 5230 34.
1925 5175 2078 5244 Quod
2125 5178 2179 5232 hi
2214 5179 2306 5248 qui
2351 5181 2675 5251 baptismum
2727 5194 2939 5254 petunt,
2981 5201 3088 5243 non
3134 5185 3308 5243 solum

141 5277 188 5332 δ.
220 5281 365 5350 Quod
415 5284 678 5346 pascha“3
726 5298 780 5346 et
839 5289 1160 5349 Pemecosm
1220 5292 1294 5348 sit
1343 5294 1625 5364 bapmam
1729 5266 2096 5412 :aptizentur,
2121 5269 2216 5324 sed
2242 5271 2538 5328 doceantur
2565 5274 2726 5330 etiam
2749 5275 2984 5348 qualiter
3009 5277 3190 5334 vivere
3215 5278 3308 5334 de-

141 5382 210 5412 lnL
1767 5368 1912 5412 eant.

1767 5374 1864 5413 ean
1874 5368 1912 5414 ι.

1413 5362 1426 5364 '
1729 5362 1912 5414 beant.

93 5362 287 5518 aurove
313 5465 450 5521 "ina
479 5469 770 5525 ωετείοηε,
1800 5451 1888 5504 55.
1931 5449 2081 5519 Quod
2116 5453 2416 5524 baptismus
2450 5456 2496 5511 si
2525 5454 2689 5512 fuerit
2715 5458 2942 5514 traditus
2966 5457 3036 5514 ab
3061 5457 3306 5516 adultero

147 5548 192 5602 5.
219 5552 361 5620 Quod
383 5561 526 5615 omni
557 5568 800 5632 tempore
825 5563 878 5619 hi
929 5563 1021 5633 qui
1051 5564 1103 5619 in
1135 5566 1454 5622 necessitate
1483 5582 1617 5622 mor-

1786 5539 1814 5593 ει
1839 5539 2067 5607 latrone,
2099 5554 2408 5613 permaneat
2431 5545 2703 5602 inlibatus.

96 5637 150 5690 tis
173 5653 253 5695 aut
275 5647 599 5716 aegritudinis
627 5653 712 5708 vel
749 5655 1046 5710 obsidionis
1087 5655 1201 5710 sive
1238 5655 1625 5724 persecutionis
1798 5652 1887 5705 36.
1931 5652 1988 5708 Si
2022 5656 2092 5711 ob
2128 5658 2503 5715 necessitatem
2542 5660 2598 5713 in
2627 5660 2752 5715 vino
2793 5661 3096 5730 baptizetur
3135 5677 3306 5734 aegro-

99 5737 170 5782 aut
195 5736 444 5806 naufragii
471 5753 748 5815 urgentur,
780 5745 1007 5802 debeant
1038 5747 1319 5816 baptizari.
1724 5753 1833 5800 tus.
