3860 5382
469 248 575 307 419
682 268 684 270 '

1287 244 1574 302 APPEND.
1612 243 1704 300 AD
1746 241 1919 300 δερ.
1953 242 2024 299 x.
2057 197 2395 302 -ὃΡΕΒΑ
2432 245 2821 304 ΑΔεειιοτικΑ.

3644 243 3754 301 ΩΟ

541 361 632 416 57.
675 358 734 416 Si
774 373 899 416 cum
942 372 1069 419 vase
1097 364 1340 414 autcum
1403 355 1652 412 manibus
1698 370 1843 428 aeger
1877 353 2056 412 infans
2085 343 2136 402 Α
2234 353 2322 414 78.
2355 354 2431 408 De
2456 355 2544 412 his
2567 355 2662 427 qui
2689 357 2757 413 ab
2787 353 3058 414 haereticis
3094 353 3177 412 vel
3201 352 3402 412 Iudaeis
3441 352 3756 412 festivitatis

468 452 792 523 baptizatur.

540 541 630 598 58.
673 539 733 596 Si
764 541 887 611 quis
919 541 1127 597 rustice
1153 539 1413 612 baptizat.

541 633 630 688 59.
662 633 740 687 De
765 632 962 688 iterato
989 633 1281 703 baptismo.
1871 677 1879 685 .

540 725 632 780 40.
675 724 827 792 Quod
853 741 952 795 pro
979 724 1211 780 infirmis
1241 723 1436 780 debeat
1483 722 1738 778 sacerdos
1783 735 1963 786 orare,
2005 730 2060 778 et

464 814 624 886 iuxta
662 823 990 886 praceptum
1021 815 1195 870 sancti
1227 813 1412 878 Jacobi
1449 813 1569 870 oleo
1589 823 1912 885 perungere.

543 906 632 960 41.
663 907 739 961 De
770 907 1012 962 moribus
1035 905 1350 961 Christiani.

541 997 630 1052 42.
665 997 734 1053 Ut
762 1013 870 1052 non
894 997 1156 1054 faciamus
1183 996 1430 1052 homines
1455 995 1645 1052 malos.

542 1087 630 1141 45.
674 1088 746 1141 De
769 1089 854 1144 his
883 1088 974 1157 qui
1003 1102 1062 1143 se
1098 1095 1289 1157 putant
1315 1085 1490 1156 jnstos
1519 1101 1658 1150 esse,
1685 1092 1740 1140 et
1769 1099 1876 1140 non
1911 1091 2055 1140 sunt.

542 1179 632 1233 44.
663 1179 741 1235 De
763 1180 1100 1234 moderantia
1131 1180 1184 1234 in
1217 1178 1458 1234 vestibus
1483 1176 1941 1233 Christianorum.

541 1272 633 1328 45.
670 1271 823 1338 Quod
844 1270 1006 1326 debet
1028 1270 1372 1326 Christianus
1405 1278 1609 1340 septem
1639 1265 1909 1340 (virtutes)
1935 1280 2058 1320 cum

471 1381 570 1421 suo
599 1364 862 1419 vocabulo
891 1380 923 1418 a
959 1362 1178 1420 Christo
1213 1377 1450 1419 sumere.

541 1456 631 1510 46.
671 1455 747 1510 De
775 1455 860 1511 his
889 1455 1085 1525 quibus
1107 1455 1343 1524 pertinet
1369 1467 1565 1508 nomen
1593 1449 1912 1508 Christiani.

541 1546 631 1600 47.
671 1547 746 1601 De
769 1547 923 1600 malis
947 1548 1196 1616 personis
1223 1553 1463 1614 tempore
1486 1542 1800 1600 novissimot

540 1635 631 1692 48.
661 1636 736 1691 De
759 1634 1321 1691 administrationibus
1345 1633 1682 1689 saecularium
1703 1631 2053 1702 iudiciorum.

2159 461 2345 503 eorum
2369 448 2506 503 dona
2533 448 2854 518 suscipiunt.
3759 462 3792 487 ι

2187 611 2190 615 ‘
2230 535 2318 591 79.
2365 537 2442 592 De
2478 535 2804 595 Christianis
2854 536 2947 609 qui
2975 535 3285 594 Iudaeorum
3322 533 3520 610 azyma
3569 537 3755 593 crime-

2161 626 2312 683 dunL

2229 717 2318 774 80.
2352 717 2428 773 De
2448 703 2773 775 Christianis
2797 719 3198 775 celebrantibus
3219 717 3357 775 festa
3381 717 3692 791 gentilium.

2231 808 2320 864 81.
2360 810 2436 866 De
2456 810 2728 868 haereticis
2757 810 3087 867 intrantibus
3123 809 3178 866 in
3206 809 3472 868 ecclesias
3498 807 3586 866 vel
3616 808 3760 866 basi-

2160 895 2294 956 licas
2322 910 2646 973 martyrum.
2723 952 2727 957 .

2236 992 2325 1048 82.
2363 994 2438 1049 De
2457 993 2863 1051 catechumenis
2884 993 3068 1064 lapsis.

2232 1083 2323 1139 85.
2356 1085 2431 1139 De
2455 1087 2859 1142 catcchumenis
2885 1086 3254 1156 peccantibus.

2231 1174 2323 1229 84.
2363 1174 2434 1230 Ut
2477 1186 2878 1232 sacramentum
2908 1177 3318 1234 catechumenis
3358 1192 3468 1234 non
3509 1176 3759 1249 praebea-

2163 1271 2267 1320 tur.

2235 1357 2331 1414 85.
2367 1357 2524 1426 Quod
2546 1371 2654 1414 non
2681 1358 3037 1416 admittantur
3060 1361 3129 1417 ad
3157 1359 3361 1417 clerum
3385 1361 3455 1418 ab
3483 1359 3764 1416 haereticis

2194 1448 2413 1503 rdinati.

2231 1540 2320 1595 86.
2354 1539 2430 1596 De
2478 1539 2751 1598 haereticis
2777 1542 2822 1598 si
2868 1548 2935 1598 ad
2961 1545 3282 1599 catholicam
3323 1541 3489 1599 ﬁdem
3535 1557 3765 1600 conver-

2164 1640 2363 1686 lantur.

541 1727 630 1783 49.
671 1725 822 1793 Quod
867 1725 956 1796 qui
1004 1740 1192 1796 preces
1232 1724 1316 1780 vel
1357 1722 1665 1779 criminales
1703 1695 1917 1777 dictant
1963 1721 2059 1776 ha-
2089 1695 2134 1754 Β
2232 1725 2320 1780 87.
2363 1723 2516 1793 Quod
2540 1725 2718 1782 omnis
2739 1725 3026 1798 cujuslibet
3048 1726 3255 1783 ordinis
3284 1726 3517 1784 clericus
3539 1726 3639 1798 qni
3671 1741 3763 1793 ca-

471 1817 701 1874 beantur
726 1816 993 1871 inmunes.

543 1903 633 1961 50.
669 1905 743 1959 De
769 1902 1150 1959 observatione
1176 1899 1439 1957 Dominici
1467 1899 1595 1956 diei.

541 1995 630 2050 51.
675 1993 807 2050 Item
836 1995 902 2050 de
928 1995 1014 2050 die
1044 2003 1230 2050 sancto
1257 1992 1556 2048 Dominico.

541 2087 630 2142 52.
672 2088 750 2142 De
777 2087 1092 2158 operatione
1121 2085 1208 2142 die
1234 2085 1557 2153 Dominico.

546 2181 635 2235 55.
668 2180 744 2236 De
777 2180 863 2237 his
889 2179 982 2252 qui
1005 2179 1091 2234 die
1114 2178 1395 2236 Dominico
1416 2177 1766 2233 Pentecostes
1791 2184 1932 2248 genu
1961 2171 2060 2230 lle-

471 2282 598 2330 οιιιιι
606 2282 647 2330 ι.

544 2361 631 2416 54.
666 2363 739 2418 De
761 2361 847 2417 his
868 2361 957 2432 qui
989 2359 1078 2416 die
1098 2359 1378 2416 Dominico
1397 2357 1645 2430 jejunant
1671 2367 1948 2430 tamquam
1977 2356 2060 2413 ni-

470 2453 546 2508 hil
577 2469 686 2524 prae
716 2451 914 2508 ceteris
943 2449 1176 2508 differat.

543 2545 632 2601 55.
672 2546 748 2600 De
784 2544 1126 2616 spectaculis,
1179 2551 1240 2598 ut
1287 2544 1371 2600 die
1410 2542 1692 2599 Dominico
1737 2534 1823 2599 vel
1863 2541 2061 2599 ceteris

472 2647 787 2692 sanctorum
818 2635 1307 2706 sollempnitatibus
1334 2635 1555 2693 minime
1583 2637 1950 2694 celebrentur.

541 2731 631 2787 56.
660 2731 739 2785 De
761 2731 1116 2787 histrionibus
1141 2730 1467 2787 Christianis
1495 2730 1675 2787 factis.

541 2822 632 2877 57.
674 2821 826 2890 Quod
875 2823 930 2876 in
973 2822 1361 2877 festivitatibus
1398 2831 1711 2878 sanctorum
1739 2820 2062 2879 ballationes

469 2923 526 2969 et
561 2913 790 2968 ludibria
819 2911 959 2979 ﬁeri,
989 2928 1239 2982 magnum
1260 2921 1544 2982 peccatum
1581 2913 1672 2968 sit.

2164 1817 2420 1872 tholicam
2465 1817 2724 1873 deserens
2764 1818 2925 1874 fidem
2967 1818 3239 1874 haeretica;
3283 1833 3344 1874 se
3382 1816 3761 1874 communioni

2161 1907 2460 1973 miscuerit,
2509 1909 2556 1964 si
2608 1909 2678 1964 ad
2706 1909 2994 1965 ecclesiam
3046 1923 3340 1966 conversus
3385 1907 3576 1974 fuerit,
3607 1908 3670 1962 in
3699 1921 3762 1962 eo

2162 2003 2332 2069 gradu
2356 2015 2465 2071 quo
2493 1998 2691 2065 fuerat,
2722 2001 2840 2056 sine
2871 2001 3212 2071 promotione
3239 2007 3582 2072 permaneat.

2231 2090 2320 2146 88.
2346 2090 2500 2158 Quod
2526 2086 2698 2145 Judaei
2727 2089 3039 2146 Christiana
3067 2089 3336 2161 mancipia
3355 2105 3467 2146 non
3493 2088 3760 2144 habeant.

2231 2179 2321 2234 89.
2355 2178 2485 2235 ltem
2509 2179 2576 2234 de
2603 2179 2844 2236 Hebraeis
2864 2180 2955 2250 qui
2977 2179 3282 2235 Christiana
3307 2178 3583 2234 mancinia
3607 2190 3756 2233 corna

2163 2279 2421 2342 parantes
2447 2270 2840 2326 circumcidere
2863 2279 3345 2341 praesumpserant.

2230 2360 2317 2418 90.
2351 2361 2426 2417 De
2459 2360 2543 2416 his
2568 2361 2660 2432 qui
2682 2360 2736 2415 in
2756 2359 2981 2416 servitio
3002 2359 3311 2417 Judzeorum
3331 2373 3401 2416 ex
3425 2358 3763 2415 Christianis

2161 2452 2279 2507 ﬁeri
2303 2451 2510 2506 volunt.

2233 2545 2324 2602 91.
2355 2544 2472 2600 Non
2504 2543 2705 2599 invitus
2737 2549 3091 2599 convertatur
3117 2541 3184 2598 ad
3223 2541 3383 2598 fidem
3415 2540 3652 2598 Christi.

2231 2638 2322 2695 92.
2353 2637 2456 2705 Qui
2503 2637 2732 2693 diversis
2777 2635 2955 2692 cansis
3004 2634 3325 2707 gentilitatis
3370 2633 3512 2690 ritus
3555 2631 3765 2706 aliquid

2160 2736 2504 2803 peregerunt.

2230 2822 2320 2878 95.
2353 2821 2427 2875 De
2458 2819 2543 2875 his
2566 2819 2658 2889 qui
2689 2819 2881 2876 timore
2922 2818 3060 2874 ritus
3093 2816 3378 2890 gentilium
3404 2825 3762 2890 peregerunt.

2236 2913 2326 2970 94.
2356 2913 2432 2967 De
2473 2912 2559 2967 his
2591 2911 2683 2982 qui
2725 2911 2776 2965 in
2807 2910 2941 2967 locis
2967 2910 3236 2967 idolorum
3269 2911 3761 2965 manducavernnt.

542 3004 632 3059 58.
659 3002 858 3057 Contra
892 3002 1011 3058 illos
1038 3003 1132 3073 qui
1161 3002 1348 3058 dicunt
1389 3001 1684 3059 Dominicis
1723 3001 1915 3059 diebus
1941 2997 2062 3058 nul-
2085 3041 2133 3105 Ο
2235 3004 2324 3060 95.
2356 3004 2434 3059 De
2475 3001 2560 3057 his
2587 3003 2681 3073 qui
2709 3000 3026 3072 frequenter
3057 3000 3218 3057 idolis
3242 2999 3692 3056 immolaverunt.

473 3095 583 3149 lnrn
611 3092 807 3148 debere
836 3092 1028 3147 lavari.

543 3183 632 3238 59.
662 3181 813 3250 Quod
840 3183 906 3238 de
933 3181 1214 3250 conviviis,
1246 3198 1366 3254 qua:
1392 3197 1459 3238 ex
1501 3195 1671 3256 agape
1716 3183 1875 3252 ﬁunt,
1903 3197 2060 3241 esca-

474 3291 594 3331 rum
621 3283 805 3345 partes
829 3274 1014 3330 clerici
1045 3275 1297 3346 accipere
1325 3290 1431 3331 non
1461 3273 1715 3331 debeant.

544 3365 634 3421 60.
674 3363 794 3421 Non
837 3364 1002 3420 licere
1032 3364 1248 3420 clericis
1277 3363 1503 3422 ludiosis
1545 3364 1868 3436 spectaculis
1894 3364 2063 3422 inter-

472 3471 615 3513 esse.

545 3547 637 3602 61.
665 3545 724 3602 In
752 3545 996 3602 ecclesiis
1027 3545 1255 3617 prandia
1278 3544 1396 3603 fieri
1427 3562 1534 3603 non
1563 3547 1783 3604 debere.

543 3636 634 3692 62.
676 3635 753 3691 De
802 3635 886 3692 his
907 3635 998 3708 qui
1045 3649 1199 3691 esum
1239 3637 1484 3692 carnrium
1519 3637 1576 3694 in
1604 3637 1752 3694 clero
1779 3637 2064 3694 constituti

472 3729 776 3801 defugiunt.

545 3822 636 3878 65.
662 3821 740 3876 De
769 3819 1094 3892 imaginibus
1119 3818 1206 3876 vel
1233 3835 1398 3876 cruce
1423 3821 1741 3880 adorandis.

546 3915 636 3970 64.
668 3912 821 3982 Quod
861 3913 1132 3968 honorare
1175 3911 1436 3969 debemus
1476 3914 1736 3984 reliquias
1764 3925 2064 3989 martyrum

475 4005 560 4060 vel
590 4004 854 4060 elementa
879 4002 998 4068 Dei,
1025 4001 1118 4057 sed
1144 4002 1312 4057 Deum
1343 4003 1571 4059 adorare
1605 4005 1888 4062 debemus.

547 4095 636 4151 65.
665 4095 904 4164 Excepto
943 4100 1218 4160 creatore,
1242 4100 1557 4150 creaturam
1576 4097 1802 4152 adorare
1840 4110 1948 4151 non
1973 4095 2066 4152 de-
2115 4148 2117 4150 .

477 4188 690 4241 bemus.

548 4278 638 4335 66.
665 4277 738 4333 De
759 4275 1084 4347 imaginibus
1107 4275 1177 4332 ab
1196 4277 1468 4334 haereticis
1495 4277 1791 4336 confractis
1812 4279 1955 4337 etab
1977 4293 2068 4336 ec-

476 4371 659 4428 clesiis
690 4369 967 4440 proiectis.

547 4462 640 4517 67.
685 4461 818 4517 ltem
862 4460 931 4517 de
971 4461 1294 4533 imaginibus
1329 4471 1549 4535 propter
1579 4465 1749 4520 Deum
1797 4477 2063 4519 veneran-

481 4550 584 4606 dis.

2232 3095 2325 3152 96.
2353 3092 2432 3150 De
2465 3095 2552 3151 his
2579 3095 2672 3166 qui
2698 3096 2946 3150 convivio
2983 3094 3264 3168 gentilium
3289 3101 3346 3152 et
3386 3094 3534 3151 escis
3563 3094 3760 3152 immo-

2161 3188 2360 3246 laticiis
2381 3187 2464 3242 usi
2492 3195 2636 3243 sunt.
3693 3257 3700 3262 ι

2233 3279 2324 3336 97.
2355 3279 2434 3334 De
2460 3279 2546 3336 his
2567 3278 2659 3351 qui
2685 3285 2740 3337 et
2769 3277 2894 3336 aliis
2927 3275 3276 3336 sacrificandi
3302 3291 3529 3334 causam
3552 3277 3758 3335 attule-

2161 3379 2308 3428 runt.

2233 3464 2320 3521 98.
2351 3463 2428 3520 De
2451 3464 2540 3520 his
2561 3463 2656 3534 qui
2686 3477 2812 3520 cum
2841 3472 3030 3522 essent
3057 3461 3436 3519 catechumeni
3465 3461 3626 3519 idolis
3655 3461 3763 3519 im-

2159 3554 2524 3611 molaverunt.‘

2231 3646 2322 3703 99.
2359 3646 2436 3701 De
2469 3646 2556 3702 his
2601 3644 2694 3716 qui
2738 3653 2960 3718 propter
2992 3645 3375 3703 necessitatem
3422 3648 3562 3718 lapsi
3609 3655 3764 3713 sunt,

2163 3740 2375 3813 quando
2395 3739 2714 3809 poeniteant.

2235 3829 2359 3885 100.
2389 3829 2467 3884 De
2500 3827 2787 3884 catholicis
2815 3827 2882 3883 ad
2906 3828 3159 3884 haeresim
3199 3829 3636 3886 transeuntibus.

2242 3921 2366 3975 101.
2395 3919 2472 3974 De
2495 3917 2765 3990 episcopis
2793 3919 2886 3990 qui
2908 3919 3194 3976 haereticos
3219 3918 3304 3975 vel
3331 3932 3576 3990 paganos
3605 3919 3765 3975 here-

2166 4011 2323 4067 redes
2352 4010 2666 4066 instituunt.

2238 4100 2362 4158 102.
2392 4103 2469 4158 De
2498 4100 2774 4158 haereticis
2801 4100 2849 4158 si
2879 4101 2936 4158 in
2956 4101 3150 4159 mortis
3171 4101 3490 4158 discrimine
3525 4115 3762 4158 conver-

2168 4201 2373 4252 tantur.

2239 4283 2363 4340 105.
2391 4282 2468 4338 De
2499 4281 2587 4338 his
2627 4281 2717 4353 qui
2763 4289 2970 4338 terrore
2996 4281 3256 4352 compulsi
3279 4289 3406 4338 sunt
3433 4289 3495 4338 ut
3534 4281 3765 4338 haereti-

2091 4389 2145 4451 D
2170 4375 2251 4430 cis
2283 4373 2775 4437 communicarent,
2812 4371 2857 4426 si
2886 4385 2946 4426 se
2976 4371 3043 4426 ab
3071 4370 3346 4428 haereticis
3379 4385 3644 4442 separare
3670 4387 3764 4426 vo—

2171 4467 2387 4529 luerint,
2412 4473 2473 4520 ut
2498 4464 2566 4519 ab
2593 4463 2832 4520 Ecclesia
2855 4463 3120 4518 catholica
3145 4462 3529 4532 suscipiantur.

2243 4556 2368 4614 104.
2393 4557 2470 4612 De
2489 4553 2810 4610 Christianis
2832 4554 2927 4624 qui
2948 4553 3017 4608 ad
3044 4553 3372 4625 apostasiam
3404 4553 3763 4618 transierunt,

551 4643 641 4700 68.
684 4644 760 4700 De
781 4643 1034 4700 distantia
1055 4645 1198 4701 inter
1220 4645 1446 4701 adorare
1471 4644 1736 4716 imagines
1762 4644 1854 4702 Dei
1873 4652 1929 4701 et
1950 4645 2068 4702 .do-
2171 4657 2227 4703 et
2247 4646 2510 4703 idolorum
2533 4645 2817 4700 sacrificiis
2850 4644 3203 4700 contaminati
3224 4652 3370 4700 sunt.

483 4731 654 4790 lorum
682 4735 971 4791 culturam.

552 4825 651 4891 69.,
678 4825 752 4883 Ut
778 4841 940 4898 supra
971 4827 1038 4882 de
1066 4827 1408 4900 imaginibus.

554 4919 644 4974 70.
677 4918 753 4974 De
776 4919 1046 4975 hazreticis
1075 4919 1311 4991 capitula
1339 4920 1598 4991 quinque.

554 5007 642 5064 71.
674 5007 751 5064 De
779 5023 942 5064 causa
972 5023 1078 5078 qua
1111 5017 1238 5063 sunt
1272 5009 1532 5065 haeretici.

554 5097 644 5154 72.
675 5097 752 5153 De
772 5097 1171 5154 haeresiarchis.

557 5188 647 5245 75.
677 5187 757 5245 De
784 5187 1054 5244 haereticis
1079 5188 1314 5244 vitandis
1335 5196 1459 5257 post
1476 5189 1874 5259 correptionem

557 5279 647 5336 74.
684 5279 760 5335 De
789 5280 1044 5337 haeretica
1063 5278 1434 5351 expugnando.

2243 4737 2366 4794 105.
2391 4737 2472 4791 Ab
2500 4735 2769 4790 haereticis
2796 4734 3035 4807 eulogias
3061 4735 3231 4806 accipi
3267 4749 3372 4791 non
3393 4735 3613 4792 debere.

2246 4827 2364 4883 106.
2395 4828 2472 4883 De
2495 4825 2719 4882 hariolis
2743 4835 2798 4881 et
2830 4825 3226 4896 haruspicibus.

2245 4917 2369 4972 107.
2401 4918 2479 4972 De
2500 4916 2585 4972 his
2607 4915 2698 4986 qui
2729 4915 3085 4973 divinationes
3109 4924 3389 4987 expetunt.

2243 5005 2367 5062 108.
2401 5005 2476 5060 De
2508 5005 2594 5061 his
2620 5006 2712 5075 qui
2740 5004 2960 5076 angelos
2985 5003 3191 5060 colunt.

2247 5097 2368 5152 109.
2408 5095 2486 5152 De
2511 5095 2710 5151 divinis
2735 5105 2790 5151 et
2818 5096 3109 5167 sortilegis.

2244 5185 2369 5241 110.
2401 5185 2551 5254 Quod
2581 5202 2690 5242 non
2719 5184 3220 5242 liceatChristianis
3239 5185 3651 5244 observationes
3677 5189 3764 5245 di-

2171 5291 2357 5333 versas
2385 5277 2696 5332 adtendere.
