3898 6320
69 350 141 405 εει
1096 341 1432 403 CANONUM
1470 334 1715 392 musca
1754 334 2154 394 COLLECTIO.
2601 299 2616 312 ’
3167 346 3274 406 tea

121 463 222 520 us.
258 461 325 519 Ut
361 457 576 531 auguria
604 457 690 515 vel
727 458 1124 516 incantationes
1161 473 1270 515 non
1298 457 1589 516 observen-
1616 442 1667 505 Α
1763 457 1855 514 30.
1887 457 1962 514 De
1990 457 2110 515 loco
2136 464 2325 515 sancto
2353 472 2383 512 a
2413 457 2570 514 malis
2595 473 2702 515 non
2730 457 3020 531 tangendo.

67 568 156 628 tur.
1753 547 1845 604 3i.
1887 548 1965 604 De
2009 564 2076 606 eo
2120 547 2213 621 qui
2248 548 2486 604 detrahit
2532 548 2666 606 locis
2715 555 3030 606 sanctorum
3072 559 3278 623 marty-

116 645 219 702 111.
244 643 315 700 De
335 641 650 700 Christianis
685 657 796 699 non
821 639 1143 698 debentibus
1176 652 1422 713 quaerere
1446 636 1588 694 uivi-t
1685 655 1828 696 rum.

71 738 283 794 nationes.
1757 729 1845 784 52.
1881 729 1956 786 De
1983 729 2118 786 IOCIS
2149 739 2356 786 sanctis
2383 728 2644 786 colendis.

117 827 216 882 115.
247 827 319 881 De
352 824 614 881 inanitate
648 823 917 880 bonorum
962 836 1190 894 operum
1216 818 1472 892 quamdiu
1516 813 1589 875 sit
1755 823 1850 877 55.
1879 820 2030 889 Quod
2053 821 2235 878 carior
2256 823 2476 893 sanguis
2501 829 2722 878 sanctus
2742 834 2906 894 quam
2929 820 3102 878 locus.

68 920 188 971 homo
206 917 253 970 in
273 916 370 970 hac
395 915 762 971 observantia.
835 951 838 958 -
1757 914 1848 969 54.
1880 912 2137 969 Probatio
2161 926 2259 967 cur
2297 912 2480 968 carior
2511 921 2732 969 sanctus
2759 913 2981 984 sanguis
3002 926 3169 982 quam
3196 909 3274 966 lo-

116 1007 212 1060 116.
235 1007 302 1060 De
325 1021 483 1076 poena
507 1003 854 1060 divinationis
882 1001 1062 1072 hujus.
1688 1020 1808 1061 cus.

115 1097 211 1150 117.
232 1095 302 1150 De
314 1095 629 1166 poenitentia
657 1094 1092 1151 Christianorum
1115 1089 1476 1148 divinationes
1494 1088 1588 1145 ob-
1759 1096 1847 1152 '55.
1874 1096 1950 1152 Dc
1981 1095 2225 1151 ecclesiis
2246 1094 2316 1150 ab
2347 1094 2655 1150 inﬁdelibus
2684 1111 2791 1151 non
2821 1095 3130 1153 fundandis.

65 1189 360 1243 servantium.
1758 1187 1848 1244 36.
1877 1188 1953 1242 De
1985 1189 2197 1242 advena
2221 1187 2442 1257 proprio
2467 1185 2696 1241 arbitrio
2737 1196 3055 1244 construere
3096 1186 3274 1244 locum

112 1281 307 1338 il8.De
344 1280 585 1353 auguriis
626 1296 737 1337 non
785 1278 1142 1336 observandis
1193 1276 1409 1334 etiamsi
1460 1291 1588 1332 vera
1689 1294 1796 1333 non
1825 1288 2064 1348 potente.

63 1373 156 1427 sint.
1760 1369 1850 1424 57.
1886 1369 1960 1423 De
1988 1371 2194 1424 advena
2229 1369 2275 1425 si
2322 1385 2428 1426 non
2459 1369 2719 1442 potuerit,
2746 1377 2804 1428 et
2825 1369 3062 1427 voluerit
3096 1369 3277 1428 locum

113 1463 210 1518 119.
238 1462 308 1519 De
330 1478 492 1520 causa
513 1479 621 1536 qua
644 1463 916 1520 dazmones
944 1463 1064 1533 plus
1091 1460 1273 1518 sciunt
1300 1475 1464 1532 quam
1494 1459 1591 1516 bo-
1689 1461 1957 1516 obtinere.

65 1556 207 1609 mines.
1759 1554 1848 1610 58.
1881 1553 2035 1620 Quod
2063 1570 2168 1609 non
2195 1554 2401 1611 sanctis
2430 1553 2672 1610 locorum
2697 1553 3074 1611 conditoribus
3107 1553 3280 1610 sacri-

111 1644 209 1699 ΗΟ.
237 1645 306 1701 De
339 1645 564 1703 licentia
592 1646 898 1703 Christiana
923 1646 1140 1715 (nempe
1165 1643 1418 1702 libertate
1447 1657 1478 1697 a
1500 1657 1589 1700 su-
1692 1645 1984 1713 ficaudum,
2018 1649 2110 1703 sed
2139 1647 2269 1702 Deo.

65 1736 364 1809 perstitione.)
1759 1737 1850 1792 59.
1883 1739 1956 1792 De
1991 1739 2222 1794 termino
2255 1738 2361 1795 loci
2389 1739 2563 1795 sancti
2594 1737 2794 1810 signati
2818 1739 3216 1811 terminatoquc
3246 1754 3279 1793 a

1614 1839 1663 1899 Β
1694 1829 1868 1885 tribus
1892 1832 2157 1901 personis.

393 1869 745 1928 CAPITULA
776 1869 956 1925 “Bm
986 1867 1188 1926 SEX“
1615 1867 1663 1899 Β
1696 1867 1868 1975 υ
1886 1867 2214 1977 mgna
2245 1919 2596 1976 terminorum
2626 1919 2801 1976 sancti
2825 1917 2952 1976 loci.

616 2002 682 2040 ns
719 2000 974 2042 owsusrs.
1764 2012 1851 2065 41.
1881 2011 1953 2065 De
1989 2011 2075 2066 his
2099 2027 2151 2088 qi

1764 2012 1851 2065 41.
1881 2011 1953 2065 De
1989 2011 2075 2066 his
2099 2011 2189 2088 qui
2215 2011 2331 2066 loca
2357 2027 2457 2082 pro
2482 2020 2726 2082 tempore
2746 2011 3004 2076 retinent,
3040 2009 3278 2080 qualiter

113 2099 151 2152 i.
174 2099 237 2155 De
260 2100 472 2162 nomine
502 2099 769 2157 ecclesiae.
1691 2099 2007 2156 recedentes
2039 2101 2282 2171 separari
2309 2101 2567 2158 debeant.

111 2189 154 2244 2.
175 2191 240 2248 De
265 2207 386 2248 vera
411 2191 651 2249 ecclesia
681 2206 788 2247 non
815 2189 1051 2246 habente
1079 2187 1182 2244 nisi
1212 2199 1336 2245 tria.
1760 2192 1854 2247 42.
1895 2192 2128 2264 Explicit
2171 2194 2238 2249 de
2279 2193 2424 2250 locis.
2443 2194 2669 2252 sanctis.
2700 2193 2894 2265 incipit
2937 2193 3007 2251 de
3037 2203 3279 2262 tonsura,

110 2282 151 2336 5.
176 2282 239 2339 De
267 2285 432 2340 tribus
470 2284 674 2355 quibus
692 2285 856 2340 debet
882 2284 1112 2340 ecclesia
1136 2298 1242 2338 non
1269 2281 1369 2338 uti.
1691 2282 1744 2338 in
1767 2283 1958 2354 primis
1987 2284 2056 2340 de
2085 2285 2308 2340 exordio
2337 2293 2576 2341 tonsum
2609 2285 2876 2342 ecclesiae.

110 2372 150 2426 1.
174 2373 306 2442 Quod
341 2375 628 2446 quaerendi
661 2385 789 2432 sunt
833 2373 1152 2433 defensores
1195 2375 1264 2432 ad
1301 2373 1590 2432 defenden-
1761 2376 1851 2430 45.
1882 2376 1958 2431 De
1986 2378 2162 2446 primo
2189 2378 2395 2434 clerico
2427 2387 2602 2434 tonso.

65 2461 149 2518 dam
164 2465 450 2521 ecclesiam.
1762 2465 1853 2521 44.
1889 2467 1965 2523 De
1998 2468 2240 2539 quinque
2277 2469 2458 2524 causis
2501 2468 2700 2539 quibus
2729 2477 3044 2526 tonsuratus
3071 2478 3156 2525 est
3182 2467 3286 2524 Pc-

111 2557 149 2611 5.
177 2558 240 2614 De
261 2560 490 2616 ecclesia
527 2575 616 2616 res
648 2574 754 2614 non
783 2567 1086 2630 repetente.
1693 2565 1834 2612 trus.

111 2647 148 2702 ϐ.
175 2649 237 2706 De
255 2651 562 2707 hereditate
582 2649 718 2719 justi
752 2667 859 2708 non
882 2652 1204 2709 auferenda.
1763 2648 1854 2702 45.
1888 2647 1962 2704 De
1991 2657 2336 2706 sacramento
2355 2648 2580 2705 radendi
2608 2649 2664 2705 iu
2690 2649 2872 2706 anima
2901 2649 3174 2708 habendo.

111 2742 150 2793 7.
173 2741 304 2810 Quod
334 2744 504 2798 liceat
532 2743 778 2799 ecclesiae
805 2759 1020 2800 sumere
1051 2746 1117 2801 de
1143 2744 1350 2816 spoliis.
1763 2739 1854 2795 46.
1898 2739 1976 2795 De
2007 2740 2546 2825 excommunicandis
2581 2740 2795 2798 clericis
2820 2743 2912 2813 qui
2951 2757 3060 2798 non
3100 2751 3285 2798 tonsu-

109 2832 149 2888 8.
170 2834 233 2890 De
259 2835 763 2906 blasphemantibus
785 2835 1070 2892 ecclesiam
1095 2835 1482 2892 mundialibus.
1695 2840 1887 2887 rantur
1914 2841 2135 2887 tonsura
2169 2847 2418 2888 romana.

112 2924 151 2978 9.
175 2925 236 2982 Ut
257 2927 492 2983 ecclesia
530 2925 834 2982 mundiales
862 2927 1126 2998 increpet.
1764 2924 1855 2980 47.
1891 2923 1959 2978 Ut
1975 2923 2153 2980 nullus
2169 2923 2399 2980 clericus
2423 2931 2516 2980 aut
2539 2925 2838 2982 monachus
2857 2940 3070 2982 comam
3095 2925 3288 2982 lavare

113 3014 178 3070 10.
197 3014 301 3071 Non
345 3024 612 3088 oportere
657 3015 724 3070 dc
754 3014 1014 3087 religione
1055 3016 1206 3072 lucra
1251 3024 1466 3072 terrena
1507 3031 1593 3073 se-
1695 3024 2007 3086 praesumat.

66 3107 174 3161 clari.
1765 3108 1855 3163 48.
1881 3108 2074 3178 Incipit
2101 3110 2168 3165 de
2193 3111 2386 3167 ordine
2404 3110 3004 3167 excommunicationis.
3030 3110 3166 3167 Cum
3191 3125 3287 3166 ex-

112 3199 175 3254 11.
201 3199 266 3256 De
291 3198 739 3257 discordantibus
765 3198 1073 3269 rejiciendis
1097 3200 1166 3255 ab
1199 3200 1446 3256 ecclesia.
1622 3201 1667 3263 C
1698 3201 2098 3256 communicato
2147 3219 2255 3256 non
2291 3202 2744 3269 communicetur,
2799 3211 2856 3260 et
2885 3203 2953 3259 de
2991 3203 3166 3260 modis
3195 3218 3288 3260 ex-

113 3293 262 3350 12.De
299 3296 384 3351 his
424 3294 531 3366 qui
560 3303 682 3365 post
707 3293 889 3350 odium
918 3293 989 3351 ad
1025 3309 1217 3366 pacem
1259 3311 1369 3352 non
1402 3311 1590 3352 rever-
1696 3293 2221 3349 communicationis.

66 3393 212 3442 tantur.
1717 3445 1722 3448 ,
1764 3382 1855 3437 49.
1888 3384 1963 3438 De
1993 3385 2538 3442 excommunicandis
2563 3385 2747 3442 malis.

109 3477 175 3532 15.
198 3477 259 3536 Ut
287 3481 604 3536 oblationes
625 3477 860 3536 fratrum
883 3477 1314 3536 discordantium
1361 3495 1470 3536 non
1501 3497 1593 3537 re-
1765 3473 1855 3529 50.
1888 3475 1964 3530 De
1992 3477 2516 3533 excommunicanda
2539 3494 2729 3535 mensa
2760 3479 3050 3536 malorum.

61 3567 285 3638 cipiantur.
1766 3565 1856 3622 51.
1890 3566 2046 3635 Quod
2070 3583 2178 3625 non
2221 3577 2434 3640 oportet
2460 3585 2493 3625 a
2531 3570 2690 3627 malis
2716 3571 3025 3628 hominibus
3056 3587 3282 3629 munera

109 3659 177 3714 11.
202 3661 270 3717 De
288 3661 504 3718 unitate
530 3675 638 3716 non
666 3659 980 3728 scindenda,
1014 3669 1070 3718 et
1092 3661 1157 3717 de
1180 3662 1470 3719 concordia
1502 3677 1595 3718 ec-
1699 3657 1964 3725 accipere.

67 3747 213 3807 desim,
1768 3743 1856 3797 52.
1889 3745 1966 3799 De
2003 3760 2110 3801 non
2140 3745 2368 3803 dicendo
2396 3762 2496 3805 ave
2532 3751 2912 3820 peccatoribus
2949 3760 3006 3807 et
3050 3767 3156 3808 non
3198 3768 3289 3808 re-

113 3841 181 3896 i5.
211 3840 356 3911 Quod
389 3857 504 3900 non
533 3839 821 3898 dividenda
851 3840 923 3897 sit
948 3841 1201 3899 ecclesia.
1698 3834 1965 3905 cipiendo.

113 3932 180 3989 16.
202 3934 270 3990 De
297 3936 569 3992 divisione
591 3933 864 4004 parochia:
890 3933 1034 3990 inter
1057 3934 1194 3992 duos
1219 3917 1523 4008 episcopos.
1768 3925 1859 3981 55.
1886 3925 2041 3993 Quod
2068 3941 2173 3982 non
2204 3926 2314 3983 cito
2362 3929 2914 3986 excommunicandus
2943 3931 3036 3995 sit,
3063 3932 3157 4003 qui
3198 3931 3288 3988 in-

113 4025 179 4080 i7.
211 4027 355 4096 Quod
382 4027 582 4084 melior
608 4026 680 4082 sit
701 4025 898 4084 divisio
915 4041 1080 4098 quam
1099 4027 1391 4085 discordia.
1699 4027 1960 4074 nocenter
1985 4018 2068 4076 vel
2096 4021 2425 4078 necessitate
2453 4023 2680 4078 conviva
2711 4032 3062 4094 peccatorum
3087 4035 3194 4081 est.

113 4117 182 4173 18.
210 4119 282 4175 De
323 4121 542 4178 duobus
579 4133 743 4190 super
768 4134 876 4176 uno
901 4135 1032 4192 agro
1056 4122 1526 4178 contendentibus.

1769 4109 1859 4164 54.
1889 4110 2040 4180 Quod
2068 4127 2174 4168 non
2203 4115 2706 4172 excommunicaudi
2727 4125 2856 4172 sunt
2885 4118 2977 4188 qui
3007 4119 3060 4174 in
3092 4119 3292 4175 macel-

113 4208 183 4264 19.
209 4210 305 4278 Qui
351 4209 608 4268 ecclesiae
631 4208 922 4267 facultates
963 4221 1232 4284 usurpant
1256 4213 1356 4268 sub
1375 4213 1600 4269 obtentu
1701 4201 1811 4258 ιωιι
1839 4203 2084 4260 venit"!!-
2262 4265 2270 4271 .
2903 4234 2912 4243 ί
3303 4217 3306 4222 ’

66 4300 416 4358 misericordia.
1771 4293 1862 4348 55.
1890 4294 2041 4361 Quod
2091 4296 2283 4352 melius
2309 4306 2394 4352 est
2425 4297 2682 4355 secedere
2716 4313 2748 4355 a
2790 4299 2968 4367 malis,
3004 4315 3073 4356 ne
3101 4301 3294 4358 imma-

110 4389 184 4447 ΞΟ.
211 4393 282 4450 De
305 4394 536 4451 collecta
563 4391 795 4465 pecunia
819 4405 930 4447 non
958 4391 1336 4464 vituperanda,
1359 4393 1599 4450 necessi-
1704 4395 1823 4444 ture
1852 4389 1972 4459 quis
1996 4405 2117 4444 cum
2150 4391 2254 4447 illis
2277 4402 2466 4462 pereat
2494 4394 2811 4451 carnaliter.

63 4491 143 4537 tale
165 4495 395 4554 cogente.
1636 4553 1664 4557 Δ
1775 4479 1863 4536 56.
1896 4483 2049 4548 Quod
2079 4494 2186 4538 non
2211 4494 2370 4541 nocet
2410 4485 2570 4542 bonis
2599 4487 2927 4557 deprehendi
2955 4503 3080 4545 cum
3113 4491 3292 4553 malis.

111 4573 184 4630 2|.
207 4577 271 4633 Ut
303 4592 518 4643 servos,
545 4575 639 4647 qui
667 4576 735 4632 ad
763 4575 1050 4632 ecclesiam
1092 4576 1454 4650 confugerint,
1483 4587 1604 4650 post
1633 4553 1684 4616 θ
1776 4571 1865 4626 57ο
1897 4571 2049 4638 Quod
2092 4588 2201 4628 non
2249 4583 2409 4630 nocet
2442 4553 2963 4636 meritis—bonorum
3004 4584 3139 4638 mori
3168 4599 3294 4640 cum

61 4661 374 4729 juramentum
395 4667 553 4723 exire
580 4665 824 4722 nolentes
851 4666 1009 4722 liceat
1028 4681 1317 4738 occupare.
1706 4663 1885 4719 malis.

111 4757 184 4812 22.
210 4758 358 4828 Quod
391 4758 627 4818 ecclesia
675 4774 784 4816 non
828 4759 1028 4817 debeat
1057 4759 1323 4833 fugientia
1368 4763 1605 4821 retinere
1777 4754 1868 4812 58.
1899 4755 2053 4823 Ουοά
2099 4771 2206 4814 non
2253 4757 2414 4815 debet
2439 4763 2944 4821 excommunicalus
2975 4765 3174 4824 Oﬂ‘erre
3208 4769 3294 4826 vel

62 4850 305 4920 mancipia.
1329 4905 1333 4912 ,
1707 4846 2007 4918 baptizare,
2039 4848 2138 4904 nisi
2163 4849 2337 4906 solum
2367 4866 2549 4908 orare.

112 4936 189 4992 23.
216 4939 407 5012 Incipit
443 4937 514 4995 de
538 4937 672 4996 locis
699 4937 929 5006 sanctis,
953 4938 1006 4995 in
1031 4939 1223 5011 primis
1243 4940 1310 4998 de
1332 4941 1605 4999 aediﬁcan-
1781 4938 1870 4995 59.
1902 4937 2053 5007 Quod
2087 4956 2194 4996 non
2222 4942 2566 5014 suscipienda
2592 4944 2664 5000 sit
2698 4945 3039 5020 eleemosyna
3069 4965 3292 5008 excom-

64 5026 174 5084 tibus
195 5032 479 5088 ecclesiam
513 5031 568 5086 in
600 5031 875 5090 territorio
900 5031 1131 5102 alicujus
1149 5034 1405 5104 episcopi.
1711 5037 1994 5094 municati.
2030 5040 2223 5110 Incipit
2257 5041 2326 5097 de
2360 5043 2686 5099 testimonio.

112 5120 188 5176 ii.
211 5122 286 5179 De
307 5124 446 5180 locis
472 5123 590 5180 sine
619 5123 970 5195 martyribus.
1783 5126 1872 5182 60.
1905 5127 1980 5184 De
2004 5130 2241 5200 quinque
2267 5132 2442 5188 modis
2469 5131 2790 5189 testimonii.

113 5213 190 5267 25.
213 5215 286 5269 De
325 5215 745 5271 conversatione
782 5215 1003 5269 advenae
1046 5215 1364 5288 accipientis
1401 5217 1603 5274 locum.
1783 5217 1872 5274 61.
1897 5221 2052 5286 Quod
2078 5220 2252 5278 tribus
2275 5223 2436 5279 rebus
2455 5223 2725 5292 probatur
2758 5239 2920 5282 verus
2949 5225 3122 5283 testis.

115 5299 190 5392 96.
218 5303 290 5358 De
321 5304 693 5374 quaerentibus
719 5312 933 5360 mutare
951 5304 1152 5360 locum.
1781 5313 1869 5369 62.
1901 5314 2054 5382 Quod
2079 5331 2184 5372 non
2211 5316 2522 5389 recipienda
2547 5320 2618 5375 sit
2653 5322 2933 5392 repentina
2961 5322 3291 5380 testificatio.

70 5389 192 5530 I)27.
221 5391 370 5459 Quod
415 5408 524 5450 non
555 5393 624 5450 de
666 5393 789 5451 loco
835 5395 906 5451 ad
947 5394 1129 5452 locum
1175 5398 1501 5468 quarrendus
1527 5407 1613 5458 est
1780 5406 1870 5463 65.
1899 5408 1974 5464 De
2005 5409 2178 5465 tribus
2207 5413 2453 5482 personis
2481 5414 2679 5483 quibus
2707 5389 2975 5473 obnoxius
3003 5425 3089 5472 est
3123 5414 3293 5473 falsus

101 5495 201 5530 eus-
1711 5496 1861 5530 lamin

101 5495 201 5536 eus.

1711 5496 1881 5552 testis.

72 5660 80 5669 .
122 5572 198 5629 28.
235 5576 383 5645 Quod
420 5579 570 5640 locus
618 5589 969 5639 consecratus
1017 5583 1402 5643 custodiendus
1428 5595 1516 5645 est
1535 5587 1607 5643 ab
1781 5587 1871 5644 64.
1921 5589 1996 5645 De
2044 5590 2130 5647 his
2177 5593 2269 5664 qui
2317 5594 2386 5650 ad
2421 5596 2790 5652 testimonium
2836 5611 2942 5652 non
2973 5597 3294 5654 admittendi

70 5669 341 5724 Immundis.
1713 5689 1858 5736 sunt.
2473 5696 2475 5699 '

125 5757 202 5813 29.
225 5759 296 5817 De
312 5765 540 5824 termino
566 5765 811 5822 locorum
838 5773 1172 5824 sanctorum.
1785 5769 1873 5827 65.
1903 5771 2057 5842 Quod
2082 5774 2432 5847 respicienda:
2455 5776 2565 5835 sint
2596 5790 2845 5850 persona
2883 5779 3220 5839 testantium.
