3898 6320
614 313 718 374 423

1570 314 1862 372 APPEND.
1893 315 1986 371 AD
2015 314 2167 371 SAEC

2319 343 2366 353 —
2388 310 2613 368 OPERA
2655 320 3054 373 ΔΔΕΣΠΟΤΙΚΔ.
3705 331 3778 391 ω

685 428 776 487 66.
804 428 961 498 Quod
987 428 1129 485 idem
1156 434 1242 484 est
1269 427 1448 483 dicere
1479 427 1671 484 falsum
1715 429 2102 496 testimonium,
2145 437 2200 485 et
2229 413 2278 469 Α
2378 427 2498 482 107.
2539 427 2689 494 Quod
2713 444 2820 485 non
2843 430 3002 486 debet
3023 428 3276 501 princeps
3295 438 3633 496 commendare
3654 442 3704 499 de
3725 462 3781 503 re-

616 521 842 576 credere
868 518 1090 576 dicenti.

685 609 774 666 67.
802 611 876 665 De
907 609 1188 665 mendacio
1218 623 1322 662 non
1374 609 1738 678 suscipiendo.

686 699 775 757 68.
813 702 888 754 De
913 701 1195 754 mendacio
1223 700 1584 769 dampnando.

689 793 775 847 69.
804 793 881 846 De
908 791 1193 846 catholicis
1228 798 1432 844 temere
1460 791 1806 846 testantibus.

686 883 775 938 70.
807 883 883 937 De
917 877 1224 938 testimonio
1252 883 1545 950 prohibito.

689 975 776 1030 71.
807 977 881 1030 De
908 975 1216 1030 testimonio
1247 975 1485 1029 timendo
1513 990 1576 1030 ac
1614 975 1876 1045 pluribus.

688 1067 776 1120 72.
805 1067 880 1120 De
906 1066 1158 1120 vindictis
1183 1065 1299 1120 falsi
1334 1067 1504 1120 testis.

683 1155 776 1211 75.
799 1156 992 1226 Incipit
1036 1157 1102 1210 de
1140 1155 1365 1225 judicio,
1415 1157 1466 1210 in
1509 1155 1700 1226 primis
1748 1157 1816 1211 de
1865 1156 2082 1211 nomine
2117 1155 2204 1227 ju-

615 1250 761 1306 dicii.

687 1342 776 1397 74.
809 1342 888 1396 De
915 1343 1162 1411 personis
1184 1341 1445 1411 eligendis
1475 1341 1542 1395 ad
1560 1339 1846 1410 judicium.

684 1431 775 1485 75.
816 1433 893 1485 De
917 1431 1161 1502 pluribus
1178 1429 1450 1498 judicibus
1476 1430 1528 1484 in
1558 1446 1664 1484 una
1697 1439 1878 1501 gente.

684 1521 772 1576 76.
803 1521 879 1576 De
901 1520 1107 1589 judicio
1136 1522 1346 1576 incerto
1387 1521 1658 1575 minorum
1679 1520 1922 1590 judicum
1959 1533 1990 1574 a
2027 1519 2198 1590 majo-

615 1611 767 1666 ribus
797 1612 1143 1680 inquirendo.

686 1705 773 1759 77.
805 1705 882 1760 Dc
915 1705 1034 1761 loco
1068 1705 1333 1775 judicum.
1661 1737 1663 1740 ‹

683 1796 772 1851 78.
797 1797 875 1851 De
913 1796 1085 1851 tribus
1109 1797 1307 1866 quibus
1331 1796 1538 1868 indiget
1552 1796 1741 1868 judex.

684 1887 774 1943 79.
813 1887 966 1956 Quod
994 1903 1101 1943 non
1131 1897 1382 1957 oporteat
1424 1904 1641 1944 sensum
1685 1887 1966 1959 scripturae
2005 1887 2200 1961 depra-

612 1992 761 2033 vare.

685 2072 774 2127 80.
807 2071 1118 2129 Admonitio
1142 2071 1383 2142 judicum
1415 2081 1474 2128 ut
1512 2089 1703 2144 pacem
1735 2081 2053 2145 sequantur.

682 2161 772 2220 81.
815 2162 891 2217 De
917 2165 1236 2232 quibusdam
1261 2163 1533 2232 judicibus
1561 2165 1715 2235 legis.
1769 2207 1772 2211 .

685 2255 773 2310 82.
815 2253 891 2308 De
921 2271 1027 2310 non
1058 2256 1385 2325 accipiendis
1407 2257 1656 2326 personis
1685 2257 1738 2311 in
1762 2255 1985 2326 judicio.

682 2344 772 2400 85.
813 2344 890 2400 De
911 2343 1116 2414 judicio
1143 2346 1352 2401 incerto
1376 2362 1482 2400 non
1513 2345 1760 2403 faciendo
1788 2357 2008 2404 temere.

681 2435 771 2490 84.
812 2435 964 2503 Quod
998 2435 1200 2507 judicia
1231 2438 1527 2493 secundum
1563 2447 1771 2510 tempus
1812 2448 1868 2495 et
1907 2439 2026 2497 loca
2054 2438 2202 2510 judi-

613 2526 780 2579 canda
813 2535 957 2581 sunt.

684 2613 771 2670 85.
815 2614 886 2670 Ut
907 2615 1074 2683 judex
1100 2616 1370 2673 neminem
1401 2619 1610 2675 timeat.

683 2704 771 2759 86.
811 2703 1026 2761 Iudices
1051 2708 1294 2763 ecclesia:
1314 2709 1501 2778 quales
1526 2711 1644 2766 ﬁeri
1675 2711 1928 2768 debeant.

682 2795 771 2850 87.
811 2795 888 2853 De
916 2797 1086 2854 tribus
1111 2799 1500 2871 principalibus
1538 2802 1713 2858 modis
1736 2801 2084 2873 pervertendi
2107 2802 2201 2874 ju-

610 2886 830 2941 dicium.

682 2979 769 3032 88.
811 2977 886 3034 De
903 2981 1114 3035 caeteris
1130 2981 1310 3036 causis
1332 2982 1526 3052 quibus
1549 2992 1950 3039 commutantur
1963 2983 2198 3055 judices.

681 3071 770 3146 89.
812 3071 888 3126 De
910 3073 986 3126 ira
1011 3074 1409 3129 causidicorum
1433 3076 1684 3132 turbante
1703 3075 1892 3144 judicii
1923 3078 2191 3133 ordinem.

680 3141 768 3214 90.
809 3161 888 3216 De
931 3163 1298 3234 jurgatoribus
1333 3164 1423 3233 qui
1466 3141 1893 3224 controversiam
1941 3179 2192 3224 cunctam
2224 3141 2268 3203 Ο

610 3253 816 3308 faciunt
840 3255 1123 3309 incertam.

637 3352 648 3358 “
681 3347 770 3402 91.
809 3346 884 3402 De
917 3337 1522 3416 probatione‘judicum.

681 3436 770 3492 92.
810 3437 886 3491 De
916 3447 1057 3491 statu
1085 3435 1348 3506 judicum.

682 3527 773 3583 95.
817 3528 893 3584 De
915 3526 1120 3597 judicio
1145 3531 1406 3585 bonorum
1433 3533 1675 3603 judicum
1709 3549 1814 3590 non
1840 3537 2196 3604 movendo,et

612 3621 818 3675 honore
845 3635 1056 3676 eorum.

682 3712 771 3768 94.
813 3713 884 3768 Ut
905 3712 1165 3781 judicium
1193 3713 1511 3770 clericorum
1545 3733 1646 3772 non
1676 3719 1744 3773 sit
1776 3721 1914 3790 apud
1961 3721 2190 3792 iniquos.

681 3803 770 3858 95.
808 3802 960 3870 Quod
1011 3805 1174 3860 liceat
1200 3806 1400 3863 clerico
1433 3817 1674 3878 repetere
1719 3828 1936 3867 causam
1982 3815 2063 3868 vel
2113 3831 2196 3870 re-

552 3910 557 3915 '
608 3897 892 3967 spondere.

682 3987 770 4042 96.
814 3988 889 4042 De
912 3976 1068 4043 laicis
1096 4005 1202 4044 non
1228 3986 1598 4058 iudicantibus
1629 4003 1897 4062 praesente
1938 3996 2194 4069 episcopo

607 4079 691 4133 vel
721 4080 898 4134 scriba
927 4081 1008 4133 vel
1039 4094 1245 4136 sancto.

679 4169 766 4223 97.
802 4171 885 4224 De
906 4170 1112 4240 judicio
1145 4171 1432 4227 bonorum.
1465 4173 1734 4231 Iudicium
1763 4177 1997 4248 Spiritus
2020 4185 2193 4237 sancti

609 4260 876 4314 machaera
905 4261 1342 4317 discernendum.

678 4349 765 4403 98.
808 4350 883 4406 De
932 4353 1070 4408 bono
1111 4353 1292 4423 judice
1338 4355 1606 4412 laudando
1652 4369 1706 4414 et
1763 4362 1906 4419 malo
1953 4375 2194 4423 contem-

607 4441 842 4511 pnendo.

677 4533 764 4589 99.
807 4534 960 4602 Quod
988 4537 1148 4594 debet
1170 4537 1338 4609 judcx
1365 4544 1474 4600 cito
1496 4544 1760 4613 judicare.

677 4625 799 4680 100.
842 4628 994 4693 Quod
1031 4645 1134 4684 non
1166 4631 1325 4688 debet
1352 4635 1459 4690 cito
1485 4635 1748 4705 judicare.

679 4715 800 4770 101.
845 4716 996 4785 Quod
1045 4736 1150 4776 non
1201 4723 1360 4779 debet
1395 4725 1558 4791 judex
1587 4730 1836 4787 volubilis
1863 4746 1983 4788 esse
2018 4732 2072 4788 in
2095 4733 2188 4805 ju-

606 4805 768 4862 dicio.

675 4895 798 4952 102.
841 4897 992 4964 Quod
1015 4899 1331 4958 mutandum
1352 4905 1612 4974 judicium
1631 4913 1902 4968 mendax.

677 4986 799 5042 105.
841 4988 993 5055 Quod
1023 5001 1237 5061 oportet
1275 4995 1549 5068 principes
1586 4997 1846 5066 judicium
1882 5003 2018 5060 inire
2059 5020 2183 5062 cum

606 5095 784 5136 SCI‘VO.

678 5171 802 5226 104.
841 5171 995 5240 Quod
1023 5189 1131 5230 non
1165 5177 1323 5234 debet
1366 5195 1555 5237 servus
1595 5183 1731 5240 inire
1761 5184 2018 5254 judicium
2062 5205 2183 5245 cum

604 5263 866 5334 principe.

677 5356 802 5413 105.
845 5358 1035 5429 Incipit
1061 5361 1129 5417 de
1155 5366 1709 5423 commendationibus
1748 5381 2104 5440 mortuorum,
2129 5375 2184 5429 in

607 5448 794 5518 primis
823 5451 889 5504 dc
936 5455 1402 5512 commendatione
1445 5459 1614 5527 patris
1655 5469 1748 5515 aut
1774 5464 2032 5534 principis
2079 5482 2182 5522 non

607 5541 884 5595 mutanda.

679 5631 798 5684 106.
844 5633 917 5686 De
954 5636 1195 5708 principe
1230 5637 1313 5695 vel
1349 5640 1602 5712 episcopo
1632 5659 1728 5700 sua
1771 5648 1990 5719 propria
2035 5665 2183 5708 com-

608 5722 911 5778 meudante.

2214 4494 2270 4555 D

2299 520 2402 576 bus
2435 521 2694 578 ecclesize.

2374 599 2496 666 108.
2538 611 2689 678 Quod
2716 615 2896 683 potest
2915 613 3168 685 princeps
3189 613 3383 684 aliquid
3402 623 3721 683 commendare
3737 627 3784 685 de

2303 707 2468 761 rebus
2501 706 2746 762 ecclesiae
2771 709 3237 764 consentientibus
3266 710 3484 769 clericis.

2375 798 2497 853 109.
2541 799 2749 870 Degens
2771 801 2872 855 sub
2901 815 3063 855 censu
3089 802 3223 856 nihil
3249 807 3580 864 commendet.

2375 889 2496 943 110.
2539 891 2596 945 Si
2626 892 2826 962 degens
2851 892 2952 948 sub
2982 909 3147 950 censu
3189 900 3619 957 commendaverit
3654 905 3786 962 volun-

2305 989 2417 1036 tate
2442 998 2558 1037 sua.

2376 1061 2496 1128 111.
2542 1069 2615 1130 De
2659 1077 3129 1136 commendatione
3171 1080 3503 1151 parvulorum
3539 1087 3786 1141 retrahenda

2303 1180 2397 1225 aut
2426 1188 2529 1225 non
2561 1173 2904 1228 retrahenda.

2377 1269 2499 1322 112.
2545 1271 2618 1325 De
2653 1273 3122 1329 commendatione
3149 1273 3391 1345 degentis
3413 1276 3505 1331 sub
3528 1277 3742 1349 coniugio.

2375 1359 2496 1412 115.
2541 1361 2729 1432 Incipit
2760 1364 2825 1418 de
2852 1365 3177 1434 jussoribus,
3205 1375 3259 1420 et
3285 1367 3430 1435 ratis,
3471 1378 3522 1422 et
3559 1369 3791 1439 stipulatio-

2304 1446 2483 1511 nibus,
2516 1450 2567 1504 id
2614 1462 2697 1506 est
2745 1453 2812 1509 de
2838 1470 2904 1509 eo
2947 1456 3089 1526 quod
3136 1456 3296 1512 solvit
3339 1457 3602 1526 ﬁdeiussor
3620 1461 3792 1532 dirigens

2303 1555 2521 1595 manum
2552 1560 2648 1613 ί)Γο
2677 1555 2959 1604 extraneo.

2302 1720 2318 1774 1
2376 1630 2498 1688 114.
2538 1633 2690 1701 Quod
2717 1653 2823 1693 non
2859 1639 3018 1701 debet
3062 1641 3295 1699 clericus
3323 1656 3442 1700 esse
3472 1642 3712 1712 ﬁderSsor
3728 1657 3794 1715 pro

2325 1739 2462 1774 ηιρο.

2325 1739 2462 1780 :tICOa

2227 1781 2275 1841 Β
2376 1817 2498 1872 115.
2540 1818 2617 1875 De
2643 1823 2888 1891 personis
2917 1824 3151 1897 indignis
3177 1828 3246 1883 ad
3271 1823 3660 1896 lidejussionem.

2372 1910 2494 1965 1l6.
2541 1913 2617 1969 De
2643 1924 2883 1986 tempore
2912 1933 3018 1988 quo
3045 1919 3244 1974 debent
3275 1931 3419 1977 ratas
3445 1919 3650 1978 solvere.

2372 2002 2493 2056 117.
2534 2005 2610 2060 De
2639 2007 2799 2062 modo
2827 2024 2934 2078 quo
2965 2011 3190 2066 reddent
3220 2012 3481 2068 debitum.

2373 2092 2494 2148 118.
2537 2094 2689 2163 Quod
2719 2115 2826 2154 non
2860 2101 3020 2155 debet
3055 2101 3251 2172 aliquis
3291 2118 3468 2160 emere
3507 2112 3590 2158 aut
3623 2103 3794 2158 vendere

2299 2180 2415 2236 sine
2440 2183 2573 2239 ratis
2600 2188 2654 2239 et
2682 2187 3048 2256 stipulatione.

2371 2273 2496 2328 119.
2532 2275 2724 2347 Incipit
2755 2279 2823 2334 de
2849 2273 3045 2336 debitis
3068 2289 3122 2337 et
3144 2282 3481 2356 pignoribus,
3510 2283 3561 2339 in
3586 2280 3738 2354 primis
3753 2281 3796 2334 de

2300 2363 2494 2420 debitis
2524 2368 2833 2425 reddendis.

2372 2458 2494 2513 120.
2537 2458 2691 2527 Quod
2719 2462 2957 2519 debitum
2997 2465 3155 2522 debet
3185 2466 3360 2535 reddi,
3413 2465 3534 2522 licet
3572 2472 3672 2536 post
3699 2475 3796 2516 mor-

2301 2548 2431 2612 tem,
2464 2549 2514 2604 ei
2555 2551 2639 2605 cui
2666 2551 2913 2608 debetur.

2309 2636 2317 2640 ’
2372 2636 2496 2691 121.
2535 2639 2612 2695 De
2649 2639 2847 2698 debitis
2893 2643 3230 2701 dimittendis
3277 2646 3386 2703 illis
3430 2645 3517 2717 qui
3542 2644 3710 2701 debiles
3736 2647 3797 2694 aut

2301 2727 2487 2800 inopes
2517 2741 2661 2787 sunt.
2954 2804 2957 2807 _

2372 2822 2494 2876 122.
2535 2824 2734 2880 Faenus
2763 2826 2929 2897 gavisi
2957 2829 3272 2900 accipimus,
3306 2831 3483 2886 tristes
3510 2825 3750 2884 reddimus.

2372 2913 2498 2967 125.
2538 2914 2615 2970 De
2647 2920 2894 2974 mercede
2921 2923 3273 2976 mercenariis
3308 2923 3415 2978 cito
3443 2917 3698 2976 reddenda.

2372 3005 2495 3059 124.
2537 2999 2613 3062 De
2639 3009 2780 3064 datis
2807 3011 3084 3068 beneficiis
3111 3013 3228 3070 sine
3252 3015 3397 3071 vice.

2371 3096 2495 3151 125.
2538 3098 2614 3154 De
2634 3099 2857 3171 pignore
2878 3104 3156 3159 sumendo.

2373 3186 2497 3243 126.
2541 3188 2616 3243 De
2645 3191 2948 3259 quantitate
2975 3193 3212 3262 pignoris
3240 3204 3300 3249 et
3324 3191 3548 3249 ratione.

2368 3278 2489 3332 127.
2533 3279 2607 3334 De
2639 3295 2798 3336 usura
2828 3283 3116 3352 quaerenda
3141 3285 3444 3342 moderata.

2367 3365 2490 3422 128.
2531 3367 2805 3426 Poenitens
2831 3373 2877 3426 si
2917 3389 3134 3430 usuram
3163 3378 3429 3447 exegerit,
3460 3377 3592 3431 inter
3617 3368 3802 3428 ostiarius

2296 3453 2600 3525 deputetur.
2646 3456 2740 3514 Vel
2785 3460 2852 3516 de
2906 3463 3102 3532 quibus
3145 3466 3529 3536 paenitentibus
3558 3463 3694 3520 dicat.
3729 3457 3801 3512 Ex-

2297 3556 2480 3614 cerpta
2504 3547 2744 3626 Martini.

2365 3639 2485 3693 129.
2529 3639 2717 3711 Incipit
2753 3643 2819 3698 de
2863 3645 3110 3712 veritate,
3161 3647 3216 3702 in
3247 3647 3442 3719 primis
3468 3646 3530 3701 de
3567 3642 3697 3701 donis
3725 3650 3797 3692 non

2296 3729 2620 3797 recipiendis
2640 3746 2738 3800 pro
2766 3733 2996 3790 veritate
3020 3738 3370 3794 ostendenda.

2367 3819 2490 3874 150.
2531 3821 2608 3877 De
2627 3823 2852 3879 veritate
2887 3827 3155 3882 credenda
3181 3842 3524 3900 quocumque
3543 3839 3628 3882 ore
3651 3816 3800 3894 Ρτ⁰¹³¹³

2296 3906 2385 3963 sit.

2371 4000 2490 4054 151.
2532 4001 2608 4056 De
2633 4003 2718 4058 his
2744 4005 2836 4075 qui
2866 4015 3054 4062 contra
3087 4009 3375 4066 veritatem
3407 4009 3648 4066 sentiunt.

2367 4093 2488 4147 152.
2531 4093 2683 4161 Quod
2715 4112 2820 4153 non
2854 4107 3068 4170 oportet
3095 4110 3274 4158 tacere
3303 4103 3602 4158 veritatem.

2373 4183 2490 4238 155.
2533 4185 2686 4252 Quod
2707 4189 2909 4244 veritas
2935 4191 3225 4260 pretiosior
3252 4203 3336 4249 est
3367 4194 3512 4248 omni
3543 4205 3616 4245 re.

2388 4275 2494 4329 54.
2536 4277 2614 4333 De
2642 4278 2972 4358 discretione
3006 4283 3276 4341 mendacii
3311 4295 3369 4342 et
3398 4283 3646 4341 veritatis.

2368 4367 2490 4423 155.
2531 4369 2682 4437 Quod
2707 4372 2811 4426 non
2842 4385 3056 4429 amatur
3084 4377 3306 4434 veritas.

2367 4457 2489 4512 156.
2531 4459 2607 4514 De
2644 4463 2872 4519 veritate
2907 4481 3188 4522 concussa.

2368 4547 2490 4603 157.
2533 4550 2611 4605 De
2663 4554 2894 4611 veritate
2963 4573 3070 4614 non
3132 4559 3488 4631 opprimenda
3555 4547 3802 4614 humilitatis

2294 4653 2479 4694 causa.

2365 4730 2488 4786 158.
2529 4731 2607 4788 De
2648 4733 2821 4791 tribus
2864 4737 3041 4794 modis
3083 4739 3277 4810 quibus
3326 4739 3656 4813 cognoscitur
3689 4739 3803 4787 omne

2295 4837 2504 4877 verum.

2362 4913 2485 4970 159.
2529 4913 2684 4982 Quod
2716 4933 2825 4974 non
2858 4921 3003 4976 valet
3030 4937 3246 4995 semper
3275 4924 3502 4979 veritas.

2364 5005 2507 5060 140.
2528 5008 2682 5074 Quod
2710 5023 2817 5065 non
2844 5013 2914 5066 sit
2938 5014 3143 5069 crimen
3165 5030 3491 5086 quemquam
3514 5014 3750 5077 increpare
3766 4999 3802 5051 ῖιι

2293 5101 2541 5156 veritate.

2365 5193 2485 5246 141.
2527 5193 2603 5247 De
2625 5192 2992 5250 moderatione
3017 5196 3424 5267 increpationis.

2363 5284 2487 5339 142.
2529 5284 2720 5356 Incipit
2747 5285 2814 5341 de
2840 5288 3114 5344 dominatu
3141 5303 3192 5344 et
3214 5290 3566 5361 subjectione,
3598 5286 3642 5342 in
3662 5279 3802 5354 primis

2291 5373 2357 5429 de
2386 5377 2797 5432 mansuetudine
2825 5381 3163 5436 dominorum
3191 5382 3243 5436 in
3267 5398 3477 5438 servos.

2361 5469 2482 5523 145.
2529 5470 2602 5524 De
2628 5471 2962 5540 subjectione
2985 5490 3267 5530 servorum
3293 5477 3528 5531 dominis
3561 5473 3678 5528 suis.

2361 5561 2484 5614 144.
2524 5561 2600 5617 De
2627 5563 2960 5635 subjectione
2989 5568 3327 5625 subditorum
3358 5568 3694 5640 potestatibus
3723 5572 3802 5613 ma-

2282 5652 2515 5723 joribus.
3175 5656 3182 5660 ’

2360 5745 2480 5802 145.
2524 5745 2702 5813 Quare
2735 5747 2876 5804 Deus
2909 5753 3212 5819 permiserit
3242 5770 3450 5811 servos.
