3860 5382
523 339 661 411 in
1388 312 1677 393 APPEND.
1708 336 1801 391 an
1840 327 2015 391 δερ.

2253 330 2481 389 creua
2516 304 2905 394 aliusnon“.
3522 336 3527 341 ’
3668 344 3753 403 us

593 451 723 508 222.
765 451 955 524 Incipit
988 450 1056 508 de
1084 448 1277 506 ducatu
1303 449 1681 521 barbarorum,
1720 447 1773 504 in
1817 446 2008 520 primis
2046 446 2113 503 de
2138 427 2192 488 Α
2219 450 2378 506 nendi
2406 450 2458 507 in
2488 451 2606 510 loco
2631 453 2875 527 proprio,
2904 462 2960 511 et
2981 451 3215 509 faciendi
3254 452 3577 512 voluntatem
3604 459 3685 515 Dei
3711 461 3755 517 in

525 562 591 604 eo
619 550 762 619 quod
792 561 917 603 reus
944 553 1027 601 est
1054 543 1332 616 sanguinis
1358 543 1451 614 qui
1477 542 1733 599 ducatum
1766 538 2115 611 prtebctbar-
2218 557 2302 598 eo.

522 640 694 696 baris.
968 632 973 637 ’
2285 632 2413 691 261.
2453 634 2531 693 De
2557 635 2776 694 licentia
2799 638 3222 696 cbristianorum
3260 638 3314 694 in
3340 638 3495 704 cibis,
3528 649 3581 696 et
3601 655 3631 698 e
3651 656 3757 699 con-

593 726 720 786 225.
760 728 838 785 De
866 726 1035 784 tribus
1062 725 1299 785 reatibus
1324 723 1494 780 Judm.
1932 717 1969 761 νί
2219 737 2303 784 tra
2325 730 2511 786 eadem
2535 733 2854 788 coercenda.

591 820 721 876 234-
764 819 843 875 De
872 833 1029 891 poena
1059 816 1369 871 ducentium
1401 814 1680 890 barbaros.
2286 818 2415 876 262.
2447 821 2523 877 De
2553 822 2767 879 licentia
2796 822 3149 880 maledicendi
3183 823 3440 893 inimicis,
3468 833 3522 882 et
3548 839 3578 883 e
3598 834 3756 883 contra

590 911 716 968 225.
757 910 834 966 De
860 908 1174 982 pwnitentia
1203 906 1450 963 ducentis
1478 905 1759 962 barbaros.
2218 926 2323 966 non
2353 911 2729 969 maledicendi,

594 1002 721 1061 226.
760 1004 951 1075 Incipit
1005 1002 1071 1058 de
1118 1000 1373 1057 carnibus
1423 1000 1670 1058 edendis.
1731 998 1785 1053 in
1834 997 2022 1070 primis
2048 997 2115 1053 de
2287 1006 2412 1061 265.
2460 1006 2932 1065 Deimmobilime
2956 1008 3240 1078 doctrinm,
3269 1017 3587 1067 ειρεοηιη
3611 1010 3759 1067 mobi-

524 1108 768 1170 tempore
791 1110 897 1168 quo
924 1110 1195 1152 concessa:
1224 1101 1351 1150 sunt
1375 1107 1569 1149 carnes
1587 1091 1702 1149 esui
1730 1091 1985 1148 humano.
2217 1098 2389 1154 litate,

593 1190 724 1246 227.
766 1191 843 1247 De
871 1206 972 1246 usu
1004 1187 1252 1245 carnium
1296 1186 1505 1242 illicito.
2286 1190 2414 1247 264.
2450 1190 2522 1247 De
2545 1207 2651 1248 non
2676 1191 3048 1251 obliviscendo
3068 1193 3120 1248 in
3143 1192 3444 1267 prosperis,
3466 1200 3521 1249 et
3543 1207 3573 1250 e
3595 1203 3756 1252 contra

592 1282 723 1341 228.
766 1281 843 1339 De
872 1288 969 1338 usu
997 1280 1226 1353 piscium
1255 1278 1411 1334 valde
1435 1276 1603 1335 licito.
2218 1298 2322 1339 non
2358 1286 2600 1355 negando
2628 1284 2680 1339 in
2710 1283 2972 1341 adversis.
3005 1284 3256 1356 Explicit.

592 1376 718 1433 229.
761 1375 839 1432 De
885 1374 1127 1431 cavenda
1162 1370 1565 1444 dispensatione
1607 1370 1659 1426 in
1699 1368 1924 1426 edendis
1953 1368 2112 1430 cibis,

522 1468 760 1526 maxime
785 1467 839 1523 in
870 1467 1142 1524 carnibus,
1248 1441 1263 1444 ’
1378 1522 1388 1530 υ
2393 1442 2739 1502 INCIPIUNT
2765 1442 3110 1501 CAPITULA
3142 1441 3320 1499 LIBRI
3352 1441 3621 1500 SEPTIMI

593 1557 720 1615 2:0.
759 1559 911 1629 Quod
948 1574 1080 1630 opes
1108 1574 1214 1615 non
1255 1555 1433 1614 obsint
1473 1555 1615 1611 bene
1648 1552 1844 1618 utenti,
1888 1563 1944 1609 ct
1970 1551 2114 1624 quod
2216 1569 2284 1612 ns
2322 1570 2602 1613 nontcmio
2626 1597 2640 1623 ,
2683 1570 3021 1611 mrmuoxto
3047 1597 3062 1620 ,
3098 1566 3472 1612 sunmunasoo
3496 1595 3513 1623 ,
3548 1571 3760 1623 musto,

522 1669 630 1710 non
651 1652 1064 1725 ‘quadrupedum
1092 1666 1238 1716 esus,
1264 1648 1356 1706 sed
1382 1646 1507 1721 gula
1534 1648 1853 1718 dcucgetur.

2608 1642 2953 1683 ELEEMOSYNA
2995 1642 3066 1683 ΕΤ
3108 1643 3397 1684 ORATIONB.

591 1744 719 1804 25f.
762 1746 839 1803 De
866 1762 962 1803 esu
991 1745 1173 1802 avium
1203 1743 1373 1800 licito.
2141 1797 2187 1817 ﬁ
2290 1743 2341 1798 1.
2375 1742 2450 1798 De
2474 1743 2795 1817 poenitentia
2818 1743 3031 1800 diversa
3059 1742 3455 1799 homicidarum
3488 1751 3666 1816 sponte
3688 1757 3764 1798 oc-

592 1838 723 1895 252.
765 1838 841 1895 De
862 1853 957 1894 esu
990 1832 1229 1892 ferarum
1269 1833 1505 1889 maxime
1542 1844 1830 1888 cervorum
1866 1827 2037 1883 licito.
2141 1797 2188 1857 B
2215 1797 2530 1889 (ςῑιιριιιίιιιξι,
2829 1889 2849 1904 ⁸

590 1931 718 1990 255.
762 1932 837 1988 De
863 1945 960 1987 esu
987 1927 1325 1990 animalium.
1361 1925 1465 1982 hoc
1490 1933 1574 1981 est
1599 1938 1782 1988 suum,
1817 1920 1985 1975 licito.
2286 1923 2342 1978 2.
2376 1925 2451 1978 De
2483 1924 2567 1980 his
2608 1922 2700 1997 qui
2734 1938 2842 1980 non
2873 1929 3063 1995 sponte
3111 1922 3467 1981 homicidium
3515 1923 3763 1979 commise-

590 2022 722 2079 234.
763 2020 917 2091 Quod
962 2034 1125 2077 omne
1157 2015 1360 2074 animal
1389 2022 1662 2073 mortuum
1693 2012 1813 2070 sine
1850 2010 2114 2068 effusione
2218 2023 2364 2071 runt,
2498 2076 2505 2085 κ

521 2113 803 2187 sanguinis
832 2111 1179 2169 morticinum
1208 2117 1312 2166 est.
2286 2108 2341 2163 5.
2382 2108 2459 2164 De
2485 2107 2781 2164 homicidio
2810 2102 2892 2162 vel
2923 2103 3071 2163 falsis
3096 2107 3344 2180 testibus.

586 2205 713 2263 255.
753 2204 831 2260 De
860 2202 1122 2260 suffocato
1147 2201 1289 2258 vela
1315 2200 1486 2258 bestia
1511 2208 1688 2273 capto.
2284 2201 2340 2257 4.
2384 2201 2592 2273 Siquis
2615 2217 3010 2274 quemcumque
3046 2218 3145 2275 per
3168 2202 3496 2259 maleficium
3529 2202 3764 2260 hominem

588 2296 717 2352 256.
760 2297 835 2352 De
862 2293 1149 2367 morticine
1178 2302 1233 2350 et
1258 2290 1541 2349 suffocato.
2218 2292 2577 2351 interfecerit.

591 2387 720 2444 257.
760 2387 898 2457 Quid
951 2384 1220 2459 significet
1271 2384 1415 2456 quod
1464 2396 1628 2440 carne
1676 2396 1800 2438 cum
1848 2377 2115 2451 sanguine
2287 2384 2342 2439 5.
2370 2384 2449 2440 De
2474 2383 2560 2441 his
2585 2383 2677 2456 qui
2706 2383 2808 2441 sibi
2857 2399 3180 2457 quacunque
3220 2384 3547 2457 negligentia
3574 2394 3765 2442 mortem

520 2480 665 2539 vesci
693 2479 1004 2537 vetabatur.
2217 2480 2479 2548 inferunt,
2510 2480 2594 2535 vel
2638 2495 2737 2553 pro
2776 2481 2889 2536 suis
2914 2480 3210 2538 scelerilms
3237 2482 3558 2553 puniuntur.

589 2572 718 2629 258.
755 2572 958 2628 Contra
980 2585 1074 2627 eos
1095 2569 1185 2642 qui
1208 2570 1417 2637 dicunt,
1437 2582 1597 2625 onmc
1618 2566 1761 2640 quod
1790 2565 1843 2622 in
1866 2580 1927 2622 os
1948 2564 2119 2621 intrat
2286 2570 2342 2627 6.
2402 2570 2480 2629 De
2523 2571 2611 2629 his
2656 2572 2747 2644 qui
2800 2586 2990 2629 servos
3038 2587 3166 2629 suos
3212 2582 3368 2629 extra
3412 2570 3640 2645 judicent
3692 2585 3766 2627 ne-

518 2683 628 2726 non
656 2666 973 2739 coinquinat
998 2665 1266 2722 homines.
1304 2740 1309 2743 ι
1936 2730 1943 2737 4
2217 2673 2365 2723 cant.

589 2761 717 2821 259.
758 2761 951 2833 Incipit
971 2761 1038 2817 dc
1063 2759 1349 2826 conviviis,
1377 2758 1435 2815 in
1458 2758 1653 2831 primis
1678 2757 1745 2813 de
1770 2755 2115 2830 praedicando
2287 2757 2342 2812 7.
2381 2755 2438 2813 Si
2469 2755 2687 2813 domina
2716 2772 2815 2828 per
2840 2756 3016 2814 zelum
3040 2757 3293 2815 ancillam
3316 2757 3599 2814 occiderit.

520 2855 578 2911 in
608 2854 892 2912 conviviis.
2287 2847 2344 2905 8.
2376 2846 2453 2904 De
2474 2862 2539 2902 eo
2565 2847 2655 2919 qui
2683 2847 2873 2905 nolens
2894 2848 3248 2905 homicidium
3269 2847 3486 2916 fecerit,
3508 2845 3643 2920 quod
3661 2844 3765 2903 civi-

589 2945 719 3004 240.
759 2945 838 3003 De
863 2945 1286 3005 scurrilitatibus
1329 2952 1387 3002 et
1412 2942 1743 3016 turpiloquio
1782 2940 1836 2997 in
1861 2937 2113 2998 convivio
2219 2947 2302 2996 tas
2321 2956 2446 2996 eum
2468 2939 2741 2996 defendat.

521 3036 780 3093 vitandis.
2287 3031 2341 3087 9.
2383 3030 2539 3101 Quod
2562 3031 2787 3089 ecclesia
2815 3032 3010 3089 debeat
3038 3026 3352 3090 defendere.

591 3128 719 3184 241.
757 3128 910 3198 Quod
940 3144 1047 3185 non
1090 3136 1306 3201 oportet
1349 3125 1657 3185 convivium
1706 3123 1824 3180 fieri
1877 3122 1932 3178 in
1961 3119 2115 3179 festis
2144 3168 2190 3232 ο
2291 3122 2378 3179 10.
2440 3124 2617 3232 Quod.
2658 3125 2985 3227 occidendus
3040 3135 3126 3182 cst
3179 3124 3479 3232 homicida,
3530 3121 3616 3232 qui
3648 3134 3766 3232 Jnoa

521 3224 797 3297 gentium,
829 3224 922 3279 sed
944 3222 1228 3296 jejunium.
2144 3212 2190 3232 ν
2219 3221 2411 3284 sponte
2461 3214 2746 3281 occiderit,
2801 3214 2848 3271 si
2901 3226 3056 3272 extra
3114 3212 3304 3272 urbem
3371 3212 3769 3287 deprehendatur

590 3314 721 3371 242.
763 3315 838 3372 De
873 3315 1046 3372 tribus
1071 3315 1268 3387 quibus
1294 3323 1509 3370 constat
1538 3312 1772 3385 dignitas
1794 3309 1986 3382 epulae.
2220 3306 2354 3380 (l6).
3322 3372 3337 3378 ἡ

534 3434 545 3439 -
595 3407 724 3464 215.
764 3407 962 3479 Incipit
990 3409 1055 3464 de
1080 3406 1472 3479 hospitalitate,
1510 3405 1563 3461 in
1594 3403 1786 3476 primis
1815 3403 1880 3458 de
1922 3400 2116 3458 obscr-
2290 3400 2378 3454 11.
2416 3397 2494 3455 De
2524 3398 2814 3455 homicidis
2850 3414 2989 3471 quos
3013 3398 3206 3455 civitas
3247 3393 3443 3470 refugii
3472 3395 3710 3455 defendit.

522 3498 742 3556 vatione
770 3497 1175 3570 hospitalitatis.
2290 3494 2378 3549 12.
2403 3493 2559 3562 Quod
2588 3507 2714 3549 reus
2742 3502 2896 3549 extra
2923 3492 3177 3566 templum
3206 3492 3503 3549 trahendus
3527 3490 3595 3547 sit
3616 3498 3669 3545 ut
3695 3499 3769 3543 oc-

593 3590 720 3647 241.
763 3590 840 3649 De
869 3592 1112 3665 profectu
1141 3591 1550 3663 hospitalitatis.
2218 3585 2449 3641 cidatur.

590 3684 721 3742 245.
762 3685 842 3742 De
867 3686 1125 3743 cavendis
1147 3684 1475 3758 hospitibus.
2290 3678 2377 3734 15.
2416 3676 2570 3746 Quod
2598 3677 2758 3734 debet
2781 3675 3010 3734 ecclesia
3036 3676 3229 3749 dignos
3256 3686 3313 3737 et
3341 3675 3591 3751 indignos
3613 3673 3768 3732 defen-

590 3779 722 3836 216.
763 3778 841 3837 De
866 3780 1119 3837 mercede
1146 3779 1525 3850 suscipiendis.
2219 3768 2367 3825 dere.

446 3936 449 3939 λ
594 3872 722 3928 247.
762 3871 956 3944 Incipit
979 3873 1048 3929 de
1075 3871 1292 3930 siientio
1315 3880 1371 3929 ct
1398 3872 1703 3930 elevatione
1731 3871 1899 3938 vocis,
1924 3871 1977 3927 in
2006 3870 2125 3941 pri-.
2289 3858 2376 3916 14.
2437 3857 2591 3927 Ουοά
2642 3857 2928 3916 ιιοηιίοίάπ
2983 3859 3038 3916 in
3094 3858 3324 3918 ecclesia
3379 3860 3637 3933 potiti!ch
3694 3857 3771 3912 «ιε’

524 3963 630 4019 mis
652 3963 720 4019 de
740 3977 809 4020 eo
828 3963 971 4034 quod
995 3962 1263 4020 silendum
1288 3972 1391 4020 est.
2217 3953 2369 4011 bent.

594 4053 723 4109 248.
764 4032 952 4111 Deliis
976 4054 1068 4124 qui
1097 4056 1451 4110 continentur
1470 4052 1525 4109 in
1556 4053 1791 4111 silentio,
2291 4044 2378 4100 15.
2420 4043 2576 4114 Quod
2602 4043 2781 4101 omnis
2828 4041 3003 4101 fidelis
3036 4058 3144 4101 non
3173 4042 3335 4102 facile
3359 4032 3681 4103 abdicandus
3708 4037 3768 4094 sit

593 4146 724 4204 249.
764 4149 842 4206 De
869 4147 1242 4204 moderatione
1268 4155 1326 4203 et
1348 4146 1594 4204 custodia
1621 4147 1755 4203 oris.
2217 4136 2286 4193 de
2315 4137 2437 4192 sinu
2461 4135 2724 4193 ecclesiae.
3454 4152 3465 4163 κ

594 4240 722 4296 250.
760 4239 839 4296 De
862 4253 1114 4296 sermone
1134 4238 1331 4296 otioso.
2289 4228 2376 4284 16.
2416 4228 2569 4296 Quod
2597 4244 2705 4284 non
2740 4235 2922 4299 potest
2960 4226 3016 4283 in
3042 4242 3182 4285 novo
3211 4236 3538 4301 testamento
3571 4223 3766 4286 ecclesia

594 4333 723 4391 251.
763 4332 918 4401 Quod
953 4331 1147 4389 melius
1170 4338 1256 4389 est
1287 4343 1626 4403 praemonere
1651 4345 1815 4402 quam
1840 4330 2022 4387 silere.
2218 4330 2410 4394 sponte
2436 4321 2813 4395 confugientes
2836 4321 2904 4377 ad
2929 4335 2989 4378 se
3017 4336 3125 4376 non
3157 4321 3464 4384 admittere-

595 4420 726 4482 252.
766 4423 843 4481 De
867 4433 1101 4494 quatuor
1124 4437 1245 4497 quae
1292 4432 1419 4480 sunt
1446 4422 1499 4479 in
1527 4421 1831 4480 elcvatione
1859 4421 2028 4478 vocis.
2290 4415 2379 4471 17.
2410 4415 2487 4472 De
2506 4413 2738 4472 ecclesia
2776 4429 2898 4471 reos
2928 4429 3036 4468 non
3074 4412 3421 4470 defendente.

595 4517 726 4573 255.
761 4516 955 4588 Incipit
1024 4515 1092 4573 de
1155 4514 1626 4572 maledictionibus
1673 4522 1730 4570 et
1784 4510 2116 4570 benedictio-
2145 4534 2196 4595 ι)
2294 4507 2383 4593 18.
2430 4505 2547 4563 Non
2573 4505 2642 4560 ad
2671 4519 2886 4562 reorum
2913 4503 3283 4562 defensionem
3320 4503 3465 4563 facta
3499 4512 3582 4561 est
3619 4499 3766 4559 eccle-

525 4611 729 4676 nibus,
778 4608 831 4665 in
866 4606 1059 4680 primis
1095 4606 1162 4665 de
1194 4621 1262 4666 eo
1287 4606 1559 4679 quomodo
1604 4604 1959 4663 maledicendi
2006 4603 2115 4671 sint
2226 4601 2329 4664 sia.
2371 4601 2466 4658 sed
2514 4597 2788 4668 iudicibus
2837 4598 3173 4655 suadendum
3220 4606 3283 4654 ut
3331 4596 3594 4670 spirituali
3642 4604 3767 4649 mum

526 4701 754 4759 inimici.
2223 4710 2323 4753 eos
2383 4692 2636 4752 occidant
2693 4691 2787 4763 qui
2863 4691 2931 4747 ad
2993 4691 3173 4748 sinum
3231 4689 3474 4749 ecclesia!
3542 4685 3766 4755 confuge.

599 4796 731 4853 254.
772 4794 850 4851 De
876 4795 1256 4852 maledictione
1281 4792 1546 4852 timenda.
2223 4788 2355 4846 rint.

593 4887 726 4945 255.
765 4887 844 4945 De
872 4888 1080 4957 duolius
1104 4887 1278 4943 modis
1302 4885 1492 4943 orandi
1518 4898 1617 4955 pro
1645 4881 1900 4939 inimicis.
2301 4880 2387 4936 19.
2430 4876 2508 4934 De
2543 4878 2652 4943 his,
2683 4876 2774 4947 qui
2803 4884 3029 4947 peccant
3060 4874 3114 4931 in
3143 4873 3266 4932 loco
3289 4883 3499 4940 sancto,
3526 4872 3579 4929 in
3604 4868 3765 4928 eodem

596 4981 725 5038 256.
762 4979 841 5038 De
891 4980 1114 5037 inimico
1144 4981 1364 5053 proprio
1412 4993 1520 5035 non
1569 4975 1976 5044 maledicendo,
2020 4975 2127 5035 sed.
2224 4969 2553 5026 occidendis.

528 5070 753 5128 inimico
778 5068 872 5127 Dei
901 5079 959 5126 et
975 5069 1241 5126 ecclesias.
2292 5060 2385 5118 20.
2425 5059 2503 5116 De
2530 5058 2773 5128 reliquiis
2796 5066 3111 5115 sanctorum
3140 5072 3247 5117 non
3276 5053 3707 5115 contaminandis.

597 5163 727 5221 257.
767 5163 847 5221 De
868 5170 1044 5218 morte
1075 5160 1281 5231 inimici
1309 5175 1416 5218 non
1437 5159 1700 5233 neganda.
2293 5154 2382 5208 21.
2426 5153 2502 5207 De
2533 5151 2826 5206 infantibus
2856 5148 3106 5221 projeclis
3130 5149 3185 5203 in
3212 5147 3443 5204 ecclesia
3474 5146 3587 5203 Dei.

598 5254 728 5312 258.
767 5256 844 5310 De
870 5227 1338 5309 maledictionibus
1363 5252 1417 5308 in
1447 5227 1680 5322 dialogo.
2293 5244 2386 5300 se.
2426 5242 2505 5299 De
2535 5242 2708 5299 tribus
2747 5240 2921 5297 modis
2956 5239 3152 5311 quibus
3186 5240 3465 5296 occultum
3504 5227 3764 5294 scelusde-

602 5346 709 5382 020
770 5345 959 5382 [nr-init
1013 5344 1080 5382 ,1.
1125 5344 1415 5382 ιιηιιιιιανίια
1458 5345 1638 5382 ραιιαία
1709 5346 1762 5382 ιη
1812 5343 2002 5382 nni-nl.
2053 5348 2119 5382 ,Ιιι

1054 5359 1080 5382 ιι
1125 5344 1415 5382 ιιηιιιιιανίια
1458 5345 1638 5382 ραιιαία
1709 5346 1762 5382 ιη
1812 5343 2002 5382 nni-nl.
2053 5348 2119 5382 ,Ιιι
2226 5346 2578 5382 ηιηιιςιιιιιιιιν.
