3898 6320
143 431 231 492 15⁸1
1206 423 1545 485 CANONUM
1583 425 1829 484 PRISCA
1873 424 2279 487 COLLECTIO.
2839 486 2845 495 ,
2952 438 2966 491 λ
3282 430 3387 487 433

316 545 390 603 De
425 532 795 604 sublevatione
830 524 1134 602 carnalium
1171 551 1226 600 et
1262 544 1420 601 ruina
1457 545 1680 616 spirita-
1721 539 1774 596 Δ
1872 543 1929 598 2.
1960 544 2041 600 De
2067 542 2734 602 bomicidio~clericoruns

139 640 273 697 lium.
997 696 1000 698 γ
1869 633 1924 690 5.
1964 632 2042 688 De
2061 633 2146 689 bis
2172 633 2267 704 qui
2289 648 2350 691 se
2381 635 2528 708 ipsos
2554 636 2834 695 occidunt.

196 731 280 789 68.
318 728 467 798 Quod
492 743 561 785 ex
586 736 820 801 peccato
849 740 957 783 non
988 730 1162 783 solum
1201 734 1488 798 peccatum
1518 725 1693 799 81εηί-
1866 722 1922 779 4.
1958 721 2226 781 Judicium
2256 725 2590 801 pqmitentiaa
2613 726 2682 784 de
2707 727 3025 786 homicidio.

136 834 233 890 tur,
254 822 345 879 sed
372 820 535 877 etiam
561 834 723 891 pinna
751 818 980 893 peccati.
1822 862 1825 863 ν
1868 817 1927 885 5.
1961 813 2236 873 Iudicium
2263 817 2554 888 Theodori,
2583 822 2728 878 unde
2748 836 2933 893 supra.

195 913 280 971 69.
317 913 469 983 Quod
492 927 657 969 omne
680 918 971 984 peccatqu
992 907 1166 967 tribus
1188 911 1440 981 arguitur
1463 910 1657 969 modis.
1866 907 1919 963 6.
1956 907 2226 966 Iudicium
2253 910 2587 979 Commeani,
2611 915 2755 972 unde
2780 929 2964 987 supra.

195 1006 280 1063 70.
315 1004 463 1074 Quod
496 1003 815 1077 plerumque
842 1000 1083 1058 minimis
1120 1001 1361 1072 peccatis
1388 1002 1689 1069 subdimur,
1868 998 1921 1055 7.
1960 997 2230 1057 Jucidium
2252 1002 2574 1060 canonicum
2600 1004 2668 1060 de
2693 1006 2977 1077 sanguinis
2995 1003 3279 1064 edusione.

134 1114 196 1155 ne
220 1098 274 1155 in
300 1096 507 1166 magnis
534 1095 655 1152 sine
684 1093 841 1151 venia
879 1108 1190 1164 peccemus.
1867 1089 1921 1147 8.
1961 1088 2229 1148 Judieium
2259 1108 2448 1149 rursus
2469 1093 2805 1162 Commeani,
2830 1098 2974 1155 unde
3008 1113 3193 1170 supra.

191 1189 278 1245 71.
314 1186 580 1254 Parvulis,
604 1185 652 1242 si
681 1184 825 1241 male
848 1185 1186 1254 nutriantur,
1211 1184 1486 1244 clauditur
1515 1185 1693 1249 aditus
1866 1181 1923 1239 9.
1961 1182 2039 1239 De
2067 1182 2345 1254 oppressis
2372 1182 2669 1243 infantibus
2689 1198 2744 1243 et
2769 1188 3003 1246 aborsis.

129 1278 539 1353 regnicmlestis.
1868 1272 1958 1330 10.
1998 1272 2078 1331 De
2103 1274 2421 1332 mulieribus
2459 1275 2772 1336 fornicariis
2796 1289 2850 1336 et
2896 1281 3154 1339 aborsum
3186 1282 3391 1343 facien-

187 1373 276 1430 72.
311 1372 460 1442 Quod
486 1371 738 1444 quaedam
773 1370 973 1429 similia
997 1370 1261 1444 peccatis,
1282 1386 1389 1428 non
1420 1381 1546 1429 sunt
1567 1386 1695 1445 pec—
1795 1365 1960 1423 tibus.

128 1472 262 1521 cata.
1869 1457 1959 1513 11.
2000 1457 2079 1516 De
2126 1458 2318 1517 eadem
2377 1474 2439 1516 re
2488 1460 2753 1532 judicium
2813 1463 3085 1524 Theodori
3143 1476 3198 1523 et
3254 1467 3391 1526 Gre-

187 1557 275 1613 75.
311 1554 388 1613 De
408 1555 698 1614 dilectione
721 1556 1000 1630 peccandi.
1796 1551 1956 1623 gorii.
2144 1604 2151 1613 ,

187 1647 275 1703 71.
315 1647 392 1704 De
419 1648 755 1705 dissensione
779 1648 893 1704 irae.
1226 1694 1231 1701 .
1308 1708 1321 1725 λ
1870 1641 1959 1700 l2.
2003 1643 2080 1701 De
2103 1642 2401 1702 infantibus
2423 1646 2515 1717 qui
2546 1648 2746 1705 mortui
2772 1649 3123 1708 inveniuntur
3147 1652 3215 1708 ad
3245 1652 3388 1711 latus

189 1740 278 1796 75.
312 1740 387 1797 De
409 1741 736 1798 discretione
756 1740 1045 1798 mendacii.
1798 1730 2064 1792 mulieris.

188 1832 275 1888 76.
314 1833 389 1889 De
408 1831 739 1889 discretione
770 1831 1078 1889 locutionis.
1730 1903 1747 1905 _
1875 1826 1963 1881 15.
2003 1826 2082 1884 De
2101 1827 2402 1888 infantibus
2424 1831 2517 1903 qui
2547 1833 2667 1891 sine
2694 1834 2963 1905 baptismo
2987 1837 3316 1894 moriuntur.

191 1924 277 1980 77.
313 1925 389 1981 De
415 1934 640 1995 peccato
664 1925 862 1996 lingua:
891 1925 1106 1980 minore
1128 1932 1356 1996 peccato
1385 1936 1665 1979 manuum.
1724 1903 1773 1967 Β
1873 1915 1962 1971 14.
2005 1915 2084 1975 De
2114 1918 2203 1976 bis
2235 1921 2330 1992 qui
2362 1924 2605 1979 membra
2636 1940 2733 1981 sua
2758 1903 3066 1983 abscidunt.

189 2016 276 2072 78.
313 2015 462 2084 Quod
508 2015 644 2071 nihil
690 2017 867 2086 prosit
916 2017 965 2074 si
1016 2015 1258 2072 admixto
1298 2014 1444 2073 malo
1497 2025 1697 2087 agatur
1873 2009 1964 2065 l5-
2005 2009 2085 2067 De
2124 2012 2210 2069 his
2242 2012 2335 2084 Qui
2362 2016 2617 2073 ducatum
2653 2019 2899 2089 pra-bent
2926 2021 3197 2090 barbaris,
3227 2021 3392 2079 Com-

124 2109 338 2171 Μηιωιι
1616 2120 1619 2123 λ

1616 2120 1619 2123 λ
1800 2102 1977 2158 meani
1998 2101 2288 2172 judicium.

188 2202 275 2259 79.
313 2200 461 2270 Quod
488 2199 632 2257 sicut
659 2214 726 2258 ex
760 2198 893 2257 vitio
917 2198 1131 2261 vitium.
1164 2197 1238 2254 ita
1271 2212 1339 2257 ex
1363 2199 1566 2256 virtute
1587 2198 1701 2254 vir-
1874 2196 1963 2252 16.
2005 2197 2087 2256 De
2107 2199 2396 2260 adulterio.

128 2302 206 2351 tus
232 2301 505 2351 nascatur.
1747 2289 1750 2292 ’
1871 2289 1960 2344 17.
2000 2289 2078 2347 De
2100 2290 2481 2353 fomicatione.

185 2386 272 2443 80.
307 2386 456 2456 Quod
512 2383 706 2444 melius
750 2385 818 2443 sit
875 2386 944 2441 ab
996 2384 1219 2442 homine
1262 2399 1431 2456 quam
1477 2399 1510 2440 a
1561 2384 1697 2447 vitio
1870 2382 1961 2438 18.
1997 2382 2075 2441 De
2095 2385 2405 2444 sodomitis.

126 2478 279 2536 vinci.
1554 2482 1555 2485 ‘
1870 2472 1961 2530 19.
2001 2474 2079 2531 De
2130 2475 2222 2534 bis
2264 2479 2358 2551 qui
2408 2488 2584 2536 semet
2634 2480 2962 2540 animalibus
3029 2489 3389 2548 commiscue—

187 2570 272 2627 8i.
308 2571 459 2639 Quod
509 2571 674 2627 homo
723 2568 983 2643 spiritalis
1018 2568 1101 2626 sic
1137 2564 1530 2641 propinquitati
1568 2581 1699 2641 pro-
1799 2575 1949 2621 runt.

127 2660 267 2719 desse
288 2660 468 2729 debet,
498 2674 556 2720 ut
581 2680 613 2719 a
648 2676 747 2721 suo
774 2662 1052 2735 proposito
1077 2675 1188 2718 non
1227 2661 1484 2719 declinet.
1866 2657 1957 2714 20.
2000 2658 2078 2715 De
2101 2659 2190 2717 his
2215 2661 2308 2733 qui
2334 2677 2458 2719 cum
2486 2668 2926 2738 quadrupedibus
2944 2683 3329 2741 peccaverunt.

184 2754 271 2810 82.
304 2755 456 2827 Quod
483 2757 607 2827 plus
645 2755 831 2814 obsint
868 2755 1196 2813 facientibus
1226 2754 1367 2811 mala
1398 2768 1561 2826 quam
1598 2769 1698 2829 pa-
1867 2749 1958 2806 2t.
1999 2750 2077 2809 De
2099 2750 2337 2820 luxuria,
2366 2764 2424 2812 et
2454 2757 2738 2825 adulterio,
2771 2769 2828 2815 et
2855 2759 3239 2821 fornicatione.

128 2848 387 2907 dentibus,
1866 2840 1960 2898 22.
2002 2843 2078 2901 De
2106 2848 2546 2917 concupiscentia
2571 2861 2970 2909 consummata.

185 2939 268 2997 8'5.
308 2942 383 3001 De
414 2941 773 2999 dilectoribus
793 2941 1002 2997 mundi.
1866 2933 1960 2991 25.
2000 2935 2080 2993 De
2107 2936 2494 3008 conjunctione
2523 2957 2646 2997 cum
2671 2943 3011 3015 propinquis,
3042 2946 3189 3002 etde
3228 2948 3386 3004 adulo

193 3030 276 3087 81.
315 3031 470 3101 Quod
501 3047 758 3105 magnum
795 3041 1080 3105 peccatum
1125 3030 1196 3086 sit
1238 3030 1425 3086 viuum
1475 3029 1698 3099 largiter
1798 3026 1952 3084 teris.

130 3120 315 3189 bibere,
339 3123 589 3195 quamvis
611 3137 719 3179 non
742 3122 1104 3179 inebrientur.
1868 3120 1959 3176 24.
2001 3120 2080 3178 De
2108 3122 2328 3181 incestis
2358 3116 2877 3196 coniunctionibus.

189 3212 271 3268 85.
307 3212 460 3282 Quod
482 3214 670 3285 iniquo
703 3221 965 3285 pereunte
988 3211 1206 3284 plurimi
1231 3211 1599 3285 corrigantur.
1726 3274 1770 3293 η
1869 3212 1961 3269 25.
1994 3212 2074 3270 De
2100 3214 2347 3287 raptibus
2374 3224 2431 3273 et
2457 3219 2526 3274 de
2548 3219 2771 3276 incestis
2799 3222 3027 3293 nuptiis.

191 3305 273 3364 86.
312 3274 386 3365 ὗε
406 3274 599 3381 regula
618 3274 948 3366 diﬁctionis.
991 3274 1006 3284 ’
1380 3274 1410 3285 ν
1724 3274 1772 3337 C
1871 3308 1963 3365 26.
2005 3310 2081 3364 De
2108 3274 2361 3366 violentia
2389 3310 2442 3366 in
2467 3274 2776 3370 mulierem.

191 3398 270 3455 87.
308 3400 643 3473 pejustitia.
1867 3398 1958 3456 27.
2021 3399 2097 3457 De
2150 3401 2284 3457 viris
2333 3400 2640 3475 conjugatis
2687 3414 2875 3478 postea
2933 3407 2989 3464 in
3061 3406 3389 3469 adulterium

194 3492 273 3550 88.
311 3493 439 3563 Quae
467 3495 541 3552 sit
565 3493 904 3566 blasphemia
933 3494 988 3549 in
1013 3493 1278 3566 Spiritum
1308 3502 1583 3550 sanctum.
1797 3490 1985 3563 lapsis.

195 3583 271 3641 89.
306 3584 454 3654 Quod
501 3585 679 3658 qualis
706 3586 835 3643 hinc
875 3586 1106 3658 quisque
1144 3586 1452 3658 egreditur,
1483 3589 1609 3647 talis
1640 3590 1694 3646 in
1866 3581 1956 3639 28η
1995 3581 2279 3651 Ωιιοιηοάο
2298 3584 2495 3642 debeat
2518 3587 2639 3645 Viro
2661 3603 2883 3665 Servare
2908 3591 3070 3650 ﬁdem
3099 3592 3313 3653 mulier.

137 3674 311 3744 judicio
340 3689 716 3751 prasentetur,
757 3688 813 3736 et
846 3679 991 3750 quod
1028 3678 1237 3737 levibus
1266 3680 1441 3752 culpis
1467 3682 1539 3738 sit
1565 3697 1693 3754 pur.
1866 3672 1955 3730 29-
1995 3673 2073 3729 De
2098 3674 2214 3730 viro
2239 3677 2327 3733 cui
2356 3676 2765 3738 mortua'luerit
2792 3696 2951 3740 uxor.

140 3770 349 3836 gamus
372 3771 535 3843 ignis.
1867 3764 1958 3821 59.
1998 3764 2076 3822 De
2106 3765 2226 3822 viro
2253 3769 2338 3823 cui
2363 3768 2534 3827 hostis
2560 3771 2845 3831 abstulerit
2872 3785 3149 3836 uxorem.‘

194 3860 271 3919 90.
309 3862 551 3931 Qualiter
588 3863 935 3936 intelligatur,
974 3861 1142 3918 nolite
1185 3861 1465 3930 judicare,
1493 3879 1563 3920 ne
1606 3864 1694 3936 iu-
1866 3856 1958 3912 51.
2001 3857 2079 3913 De
2110 3856 2330 3928 Μετιωο
2360 3870 2415 3915 et
2440 3861 2671 3933 trigamo
2693 3864 2957 3935 judicium
2985 3870 3269 3941 synodalia.

138 3949 317 4011 dicen"
352 3954 421 4011 de
447 3954 625 4012 vobis.
1866 3946 1959 4041 511..
2000 3947 2372 4041 uxoribus
2418 3952 2682 4022 dimissis,
2713 3965 2771 4013 et
2808 3957 3017 4018 illicitis
3056 3965 3391 4041 temporibus

189 4044 266 4101 91.
304 4046 461 4114 Quod
484 4045 641 4103 valde
666 4047 826 4104 debet
846 4061 967 4104 esse
992 4047 1251 4120 providus
1276 4047 1369 4118 qui
1389 4048 1599 4120 judicat
1630 4049 1697 4105 de

1211 4063 1251 4103 is
1276 4047 1369 4118 qui
1389 4048 1599 4120 iudicat
1630 4049 1697 4105 ac
1796 4039 2335 4111 nubendi,judicium
2367 4044 2712 4101 canonicum.

136 4146 259 4193 certo
276 4148 329 4194 et
356 4140 425 4196 de
466 4138 697 4195 incerto.
1670 4176 1677 4181 .
1866 4133 1957 4190 55.
1998 4133 2131 4191 item
2163 4135 2232 4192 de
2251 4136 2512 4193 uxoribus
2533 4137 2795 4198 dimissis.

190 4227 268 4285 92.
305 4228 462 4298 Quod
501 4230 595 4302 qui
638 4229 778 4286 bene
826 4229 1007 4298 offert,
1042 4240 1227 4288 etnon
1281 4240 1431 4289 recte
1481 4232 1692 4300 dividit,
1866 4226 1958 4282 51.
1997 4226 2078 4284 De
2102 4226 2220 4285 viro
2242 4229 2335 4298 qui
2360 4230 2638 4300 reliquerit
2667 4248 2897 4291 uxorem
2920 4250 3097 4305 suam,
3130 4248 3188 4296 et
3219 4242 3389 4300 duxe-

138 4329 322 4387 peccat.
1798 4319 1872 4374 rit
1892 4319 2078 4375 aliam.

191 4412 266 4469 93.
304 4413 460 4482 Quod
490 4428 745 4485 magnum
775 4424 1059 4486 peccatum
1080 4425 1166 4471 est
1186 4415 1386 4475 habere
1415 4417 1694 4475 tristitiam
1867 4410 1958 4467 35.
1999 4411 2076 4468 De
2117 4412 2204 4468 his
2239 4414 2331 4483 qui
2362 4429 2582 4482 uxores.
2612 4422 2707 4471 aut
2734 4431 2852 4487 quae
2905 4419 3053 4477 viros
3081 4419 3385 4493 dimittunt,

140 4500 191 4557 de
209 4502 417 4563 alterius
444 4506 708 4562 bonitate.
1693 4550 1702 4576 ,
1798 4502 1960 4559 utsic
1986 4512 2264 4560 maneant.
2982 4530 2985 4535 ι

306 4594 382 4698 9e
414 4596 825 4698 praesumptiosa
852 4595 956 4698 fide
978 4597 1096 4653 sine
1121 4611 1308 4669 opera.
1726 4636 1774 4698 υ
2000 4594 2080 4698 2e
2095 4594 2212 4652 viro
2232 4594 2952 4698 et.muliere_turpitudinem
2975 4602 3324 4663 facientibus.

196 4684 272 4743 95.
308 4686 386 4741 De
405 4701 472 4741 eo
499 4687 592 4757 qui
620 4688 1046 4744 moderationem
1075 4702 1182 4742 non
1212 4697 1415 4745 servat.
1726 4683 1769 4698 "
1871 4683 1963 4739 57.
2002 4684 2080 4741 De
2119 4698 2186 4741 eo
2220 4686 2312 4756 qui
2370 4686 2425 4743 in
2476 4688 2690 4759 publica
2719 4692 3135 4762 quadragesima
3187 4712 3422 4767 pecua--

198 4775 271 4830 96.
308 4778 383 4834 De
414 4778 499 4833 his
542 4778 635 4849 qui
685 4779 872 4835 dicunt
903 4779 1105 4834 malum
1153 4781 1377 4852 bonum,
1401 4790 1459 4839 ct
1490 4783 1694 4842 bonum

1490 4783 1694 4842 bonum
1799 4778 1943 4835 verit
1965 4793 2089 4835 cum
2112 4793 2209 4834 sua
2240 4794 2432 4846 uxore,
2456 4780 2722 4849 judicium
2746 4785 3025 4856 synodale.

148 4869 331 4925 malum.
1871 4872 1960 4928 58.
2005 4870 2072 4929 Ut
2091 4871 2176 4926 vir
2199 4887 2306 4928 non
2330 4871 2567 4930 dimittat
2593 4888 2817 4930 uxorem
2847 4891 3026 4943 suam,
3058 4893 3160 4936 nec
3193 4881 3390 4938 utulicr

202 4965 272 5021 97.
308 4966 459 5037 Quod
485 4968 703 5024 noxium
733 4969 804 5024 sit
833 4968 1012 5025 vivere
1044 4983 1166 5026 cum
1195 4972 1591 5041 peccatoribus.
1798 4967 1975 5022 virum
2003 4983 2182 5023 suum.

204 5057 274 5113 98.
311 5061 463 5131 Quod
500 5077 607 5116 non
642 5061 900 5132 polluitur
920 5059 1102 5132 justus
1132 5064 1201 5118 ab
1229 5064 1439 5136 iniquo.
1867 5057 1957 5114 59.
2001 5057 2077 5113 De
2098 5058 2229 5114 vitio
2263 5058 2596 5127 luxuriandi,
2621 5058 2766 5115 etde
2808 5058 2950 5115 ludis
2987 5061 3303 5132 puerilibus,
3333 5074 3392 5123 et

206 5149 275 5205 99.
312 5151 365 5206 Si
389 5154 634 5208 seniores
657 5154 1005 5225 deliquerint,
1025 5155 1271 5211 districte
1295 5156 1580 5213 feriantur.
1800 5152 2093 5207 immundis
2116 5151 2527 5222 pollutionibus.
2662 5199 2669 5207 .
3336 5168 3341 5173 '

207 5242 304 5298 100.
341 5243 494 5311 Quod
536 5245 906 5315 perseveranti
947 5246 1119 5316 culpa:
1156 5247 1386 5304 debetur
1427 5249 1688 5318 vindicta,
1868 5244 1958 5300 40.
2000 5245 2075 5299 De
2091 5245 2403 5315 pollutione.

157 5336 325 5402 etquod
356 5335 802 5406 resipiscentibus
824 5337 1055 5393 debetur
1077 5340 1256 5394 venia.
1768 5368 1775 5373 -
1872 5338 1961 5393 41.
2000 5337 2244 5408 Capitula
2269 5338 2586 5410 Serapionis
2607 5343 2673 5398 de
2693 5340 3075 5399 fornicatione.

208 5426 307 5482 101.
343 5427 421 5484 De
453 5426 540 5484 bis
573 5427 667 5499 qui
707 5426 1106 5502 eleemosynam
1143 5429 1268 5488 sine
1308 5431 1691 5490 emendatione
1867 5433 1959 5489 42.
2000 5434 2078 5490 De
2105 5433 2192 5490 his
2220 5435 2311 5506 qui
2341 5436 2538 5491 donum
2567 5434 2662 5492 Dei
2693 5438 2913 5493 student
2942 5439 3202 5494 mercari.

152 5514 329 5589 faciunt.
1869 5527 1960 5583 45.
2007 5527 2081 5584 De
2108 5527 2218 5583 lilia
2248 5528 2498 5598 spiritali,
2523 5526 2790 5598 judicium
2816 5528 3097 5601 synodale.

518 5613 860 5672 CAPITULA
902 5615 1081 5672 LIBRI
1121 5614 1281 5675 NON}
1868 5620 1959 5677 di.
2000 5622 2079 5678 De
2111 5621 2197 5678 bis
2228 5621 2319 5693 qui
2353 5620 2406 5676 in
2440 5619 2671 5678 ecclesia
2721 5619 3079 5690 fornicantur,
3117 5622 3383 5694 judicium

436 5724 504 5763 ne
540 5723 751 5767 JUDICIO
784 5725 1195 5775 l’tl-lNlTENTlUl,
1236 5727 1357 5768 ure.
1796 5713 1941 5783 quod
1966 5729 2151 5784 supra.

206 5797 244 5852 Ι.
280 5801 349 5856 De
380 5802 464 5859 bis
493 5803 584 5875 qui
613 5803 918 5861 voluntarie
953 5806 1302 5863 homicidium
1340 5806 1573 5865 fecerint
1604 5818 1696 5863 aut
1866 5804 1958 5861 15.
1996 5804 2073 5861 De
2101 5814 2349 5876 suspecta
2380 5805 2720 5881 sacerdotum
2748 5804 3115 5879 infamatione.

149 5891 373 5952 nolentes.
1869 5897 1957 5953 46.
2000 5899 2075 5955 De
2098 5898 2294 5955 femina
2318 5914 2438 5971 quae
2468 5896 2522 5954 in
2554 5897 2916 5957 fornicatione
2941 5900 3273 5972 deprehensa
3301 5909 3387 5955 est
