3898 6320
164 397 245 461 na
1282 396 1616 454 EPISTULA
1663 373 2031 460 CANbNICA,
2071 391 2224 451 me.
3320 388 3418 447 ue

158 511 374 582 jussione
399 512 670 585 pontificis
698 510 1104 582 sui,religiosas
1124 524 1341 573 causas,
1364 507 1719 563 ecclesiarum
1747 487 1801 547 Α
1892 504 1984 560 1X.
2026 503 2096 559 Ut
2123 502 2298 558 nullus
2327 504 2628 575 presbyter,
2660 502 2919 558 diaconus
2967 501 3053 558 vel
3089 499 3322 557 clericus
3357 501 3414 556 in

168 607 416 673 Videlicet,
445 614 537 660 aut
560 605 912 670 clericorum,
954 617 1252 675 pauperum
1281 601 1369 655 vel
1397 600 1682 654 viduarum
1702 639 1718 665 ,
1824 598 2048 656 dioecesi
2073 598 2399 654 constitutus
2425 598 2624 668 prandia
2655 597 2894 652 ecclesia!
2912 638 2928 664 ,
2957 597 3061 651 hoc
3093 605 3177 652 est
3204 603 3380 650 terras
3401 636 3417 663 ,

171 697 280 754 sicut
305 695 444 751 sacri
473 695 796 766 praecipiunt
829 709 1084 750 canones.
1138 692 1209 770 Si
1242 693 1362 762 quis
1407 697 1720 759 contempta
1821 700 2149 765 potestatem
2175 693 2371 748 habeat
2393 693 2768 759 venundandi,
2798 692 2894 749 sed
2919 708 3019 748 nec
3042 692 3293 761 cuiquam
3322 706 3420 761 pa-

171 790 252 845 bac
271 788 646 844 observatione
675 789 730 843 in
763 788 962 846 talibus
1002 787 1182 844 causis
1210 801 1270 842 se
1313 785 1722 856 implicassein—
1824 794 2038 841 rentum
2081 799 2303 839 suorum
2333 784 2588 839 donandi.
2638 783 2707 839 Et
2750 783 2842 854 qui
2891 783 2997 839 hoc
3041 783 3281 852 egerint,
3318 781 3418 836 sub

171 878 408 945 veniatur,
444 879 724 936 canonica:
753 878 1041 937 sententia:
1070 878 1138 935 de
1173 892 1308 934 ausu
1345 876 1725 950 praesumptio-
1823 876 1974 933 omni
2000 876 2284 932 celeritate
2317 876 2528 930 reddito
2571 877 2747 945 pretio
2791 875 2857 929 ad
2899 875 3016 929 loca
3043 890 3196 929 sacra
3227 872 3421 943 quibus

173 970 237 1026 nis
259 967 541 1038 subiaceat.
1825 976 2172 1037 competunt,
2201 975 2567 1022 revertantur.
2597 965 2655 1021 Si
2693 976 2874 1021 autem
2908 967 3012 1021 hac
3041 963 3421 1020 observatione

225 1059 320 1122 VII.
361 1057 434 1115 Ut
479 1061 525 1115 si
567 1060 652 1117 cui
698 1060 970 1117 sacerdoti
999 1076 1065 1117 ex
1099 1060 1342 1131 qualibet
1371 1059 1599 1116 muliere
1630 1060 1726 1115 de-
1825 1064 2134 1126 centempta
2185 1056 2306 1125 quis
2339 1056 2443 1111 hoc
2487 1058 2924 1126 praesumpserit,
2965 1069 3052 1109 res
3096 1052 3342 1124 proprias
3366 1051 3419 1104 in

173 1154 445 1214 nuntiatum
480 1153 676 1217 fuerit,
710 1163 773 1213 ut
797 1155 993 1214 exinde
1021 1155 1296 1227 suspectio
1327 1155 1482 1211 mala:
1510 1153 1724 1225 opinio.
1827 1146 1945 1217 ipsa
1972 1146 2204 1205 ecclesia
2240 1146 2507 1215 relinquat
2534 1186 2547 1211 ,
2601 1156 2656 1202 et
2702 1146 2815 1214 ipse
2850 1144 2995 1199 foras
3039 1144 3309 1215 ejiciatur,
3354 1156 3422 1196 eo

177 1242 536 1312 niseliiciatur,
573 1245 777 1302 nullam
826 1262 948 1302 cum
981 1246 1095 1318 ipsa
1126 1246 1324 1305 haheat
1349 1245 1720 1302 conversatio-
1826 1241 1969 1314 quod
2001 1241 2196 1296 divina
2221 1247 2484 1312 congruat
2529 1239 2725 1296 rationi
2771 1248 2832 1293 ut
2861 1238 2950 1307 qui
2990 1236 3252 1292 ecclesias
3280 1233 3425 1288 acci-

177 1349 289 1400 nem,
318 1349 495 1406 neque
525 1335 580 1390 in
607 1347 852 1403 secreto,
879 1351 1054 1407 neque
1076 1338 1130 1396 in
1158 1337 1413 1407 praesenti
1445 1355 1459 1392 :
1490 1338 1536 1392 si
1565 1337 1722 1394 dein-
1828 1334 2014 1404 piunt,
2060 1333 2126 1387 ad
2176 1333 2468 1404 regendum
2497 1370 2513 1396 ,
2562 1346 2670 1384 non
2727 1329 2790 1383 ad
2836 1328 3251 1398 dispergendum
3281 1323 3420 1381 acci-

148 1413 276 1494 ’σερε
301 1425 552 1482 inventus
586 1426 751 1484 fuerit
776 1437 899 1498 post
928 1429 1224 1484 secundam
1254 1438 1308 1483 et
1351 1430 1566 1484 tertiam
1597 1444 1724 1482 σοι...
1829 1423 1997 1492 piant.
2029 1421 2202 1479 Simili
2237 1420 2395 1475 modo
2423 1418 2622 1474 nullam
2656 1418 2890 1478 habeant
2935 1424 3252 1487 potestatem
3281 1430 3417 1484 quo-

177 1517 487 1574 testationem
507 1559 523 1586 ,
554 1527 614 1576 ut
649 1532 1011 1594 contemptor,
1055 1523 1255 1593 gradus
1299 1523 1383 1582 sui
1425 1523 1723 1594 periculum
1829 1513 1959 1569 libet
1978 1513 2136 1567 modo
2158 1511 2224 1565 ad
2248 1512 2590 1566 alienandum
2616 1526 2788 1580 neque
2805 1508 3222 1564 infiduciandum
3247 1520 3422 1576 neque

174 1609 464 1668 Substineat.
1827 1605 2280 1670 venundandum;
2311 1604 2405 1660 sed
2450 1617 2550 1660 nec
2583 1603 2701 1659 sine
2727 1602 3006 1656 voluntate
3032 1598 3302 1668 pontificis
3327 1597 3412 1652 sui

227 1699 340 1756 \‘lll.
381 1700 456 1757 Ut
479 1701 537 1756 in
564 1701 709 1758 nulla
735 1704 962 1760 ecclesia
987 1703 1275 1774 cujuslibet
1300 1705 1602 1762 dimceseos
1633 1706 1724 1763 ubi
1827 1696 2062 1752 vicarios
2109 1694 2342 1750 dandum
2371 1701 2464 1749 aut
2504 1692 2704 1748 liberos
2751 1689 3151 1746 dimittendum.
3183 1687 3283 1756 Qui
3319 1687 3422 1742 hoc

172 1791 436 1860 baptismus
466 1792 565 1857 sit,
595 1795 880 1866 presbyter
921 1795 1127 1866 absque
1163 1797 1389 1851 diacono
1417 1812 1540 1852 esse
1567 1812 1724 1868 repe-
1752 1849 1782 1868 ,

1839 1783 2268 1855 praesumpserit,
2303 1793 2363 1842 ut
2383 1784 2632 1854 superius
2661 1781 2973 1837 censuimus
2991 1821 3005 1845 ,
3033 1779 3076 1834 si
3102 1778 3266 1834 habet
3303 1792 3424 1847 pro-

175 1880 328 1935 riatur.
358 1880 515 1949 Unde
539 1849 722 1940 omnis
745 1849 1158 1958 presbyter‘non
1185 1887 1392 1943 habens
1411 1849 1721 1955 diaconurm,
1752 1849 1782 1908 Ῑ

1839 1849 2113 1945 prietatem
2143 1849 2299 1934 suam
2319 1916 2334 1941 ,
2365 1849 2510 1929 aliud
2541 1882 2754 1929 tantum
2789 1873 3076 1936 restituat;
3107 1871 3150 1926 si
3184 1885 3289 1924 non
3323 1870 3422 1924 ha-

1826 1967 2039 2031 buerit,
2088 1965 2423 2036 exspoliatus
2466 1965 2721 2021 omnibus
2776 1964 2908 2019 foris
2955 1963 3231 2032 ejiciatur;
3294 1961 3426 2031 ipsa:

171 2061 223 2115 ad
246 2062 543 2132 pontificem
569 2049 726 2122 suum
751 2069 1080 2140 consignans
1104 2071 1356 2138 deducat,
1382 2072 1537 2142 cuius
1561 2074 1726 2130 vitam
1828 2068 2010 2119 tamen
2034 2072 2122 2112 res
2151 2058 2219 2112 ad
2247 2055 2537 2113 ecclesiam
2568 2057 2722 2128 cujus
2759 2072 2846 2110 res
2877 2063 3005 2110 sunt
3051 2062 3419 2110 revertantur.

169 2152 418 2228 probatam
450 2153 681 2221 habeat,
711 2165 766 2213 et
795 2158 1054 2215 diaconus
1081 2173 1456 2218 consecretur.
1491 2163 1645 2231 Quod
1681 2165 1727 2220 si

1897 2145 1966 2207 Χ.
2007 2145 2089 2200 Ad
2115 2159 2214 2200 nos
2242 2143 2512 2216 perlatum
2533 2153 2615 2199 est
2638 2160 2703 2200 eo
2723 2143 2864 2214 quod
2888 2144 3108 2212 quidam
3135 2142 3413 2213 conjngati

170 2242 711 2318 distuleritpresbyter
736 2250 1024 2317 dicens,eo
1043 2253 1184 2322 quod
1213 2270 1321 2310 non
1351 2257 1726 2313 habeattalem
1829 2240 2094 2295 habentes
2147 2237 2335 2294 ίίιυιοδ
2380 2238 2434 2292 ίη
2481 2239 2678 2310 qum“
2727 2238 3073 2301 deserViamv
3126 2236 3192 2290 de
3232 2234 3424 2290 ’δθθτίδ

170 2333 417 2398 clericum,
439 2338 724 2410 episcopus
738 2357 868 2398 suus
885 2345 1242 2413 provideat”
1259 2347 1489 2403 ecclesia
1515 2365 1612 2403 sua
1637 2361 1731 2405 am
1828 2331 2068 2385 vestibus
2108 2329 2396 2385 mulierum
2444 2329 2529 2383 vel
2572 2329 2805 2384 filiarum
2840 2345 3059 2384 suarum
3093 2335 3417 2382 ornamenta

171 1968 304 2040 eligat
329 1970 429 2026 sibi
475 1987 766 2042 personam
787 2016 800 2041 ,
833 1986 890 2031 et
920 1976 1060 2047 plebi
1091 1991 1202 2032 suae
1232 1978 1564 2044 innotescat;
1598 1989 1737 2035 tunc

174 2423 295 2478 unde
321 2424 551 2480 voluerit
581 2428 775 2484 bonam
802 2445 1090 2500 personam
1117 2451 1130 2488 :
1158 2443 1367 2490 tantum
1402 2448 1508 2506 est,
1536 2449 1593 2493 ut
1613 2440 1730 2496 sine

169 2518 371 2576 diacono
408 2538 514 2578 non
543 2525 634 2578 sit.
663 2526 1057 2584 Constituimus
1103 2533 1248 2588 enim
1280 2542 1340 2588 ut
1368 2534 1629 2592 diaconus
1673 2538 1729 2599 in

169 2621 258 2661 uno
283 2610 523 2667 cubicqu
551 2627 674 2668 eum
721 2617 1040 2689 presbytero
1068 2635 1166 2676 suo
1201 2631 1456 2689 maneat,
1483 2625 1733 2684 deferens

167 2700 207 2754 ei
237 2702 485 2760 honorem
527 2714 587 2760 ut
616 2707 834 2779 dignum
882 2721 996 2777 est;
1028 2722 1156 2768 ante
1203 2732 1431 2786 quorum
1463 2717 1599 2773 lecta
1626 2720 1733 2776 cle-

166 2794 250 2849 rici
272 2797 429 2852 simili
456 2799 615 2855 modo
636 2817 855 2858 manere
880 2805 1185 2875 videantur,
1211 2818 1268 2863 ut
1291 2825 1506 2880 semper
1529 2811 1732 2883 absque

165 2889 481 2957 snspectione
517 2891 652 2956 sint,
688 2901 742 2948 et
768 2894 910 2954 Deus
938 2898 1284 2966 propitietur.
1314 2899 1430 2956 Non
1462 2904 1733 2960 existente

166 2983 459 3050 presbytero
486 2983 626 3038 intra
659 2987 876 3042 domum
897 3028 910 3055 ,
949 2989 991 3046 si
1025 2991 1331 3062 ubicunque
1356 2995 1584 3062 abierit,
1613 2997 1732 3053 dia-

166 3080 318 3124 conus
338 3082 458 3139 post
500 3074 616 3144 ejus
643 3090 924 3144 egressum
964 3079 1142 3135 locum
1190 3065 1308 3152 ejus
1347 3084 1618 3151 obtineat,
1666 3090 1735 3144 ad

166 3160 545 3230 suscipiendum
592 3165 677 3220 vel
724 3168 1084 3224 ordinandum
1113 3175 1258 3242 quod
1307 3175 1510 3232 utilitas
1549 3179 1730 3234 domui

165 3259 238 3302 est
266 3269 280 3304 :
313 3252 382 3307 ita
428 3254 643 3310 demum
685 3266 745 3312 ut
791 3273 896 3314 non
935 3263 1253 3334 presbytero
1279 3279 1378 3321 suo
1423 3269 1728 3338 superbiat;

165 3356 278 3396 nam
320 3345 364 3400 si
407 3345 510 3402 hoc
553 3352 932 3420 attentaverit,
957 3354 1025 3408 ab
1058 3357 1309 3428 episcopo
1351 3375 1450 3414 suo
1493 3362 1559 3416 de
1602 3379 1735 3418 con.

167 3440 353 3502 temptu
382 3439 647 3508 superbia:
679 3439 956 3509 judicetur
988 3462 1002 3498 :
1043 3453 1096 3499 et
1125 3446 1191 3501 de
1221 3461 1444 3503 accessu
1489 3451 1732 3507 ecclesiae

169 3524 298 3588 quod
326 3539 483 3596 supra
515 3527 685 3584 altare
711 3533 957 3599 ponitur,
982 3549 1074 3588 seu
1097 3535 1452 3606 undecunque
1476 3540 1734 3598 accedere

165 3623 329 3680 potest
351 3618 450 3672 sub
479 3619 761 3678 amborum
791 3623 966 3694 sigillo
997 3626 1099 3692 sit;
1137 3636 1191 3680 et
1219 3643 1323 3682 non
1348 3644 1488 3683 unus
1514 3631 1631 3686 sine
1657 3631 1735 3685 al-

1831 2420 2068 2484 faciant,
2099 2428 2154 2474 et
2200 2419 2563 2490 proprietario
2603 2420 2726 2490 jure
2769 2420 2870 2473 sibi
2925 2419 3250 2482 defendant,
3280 2417 3424 2486 quod

1831 2511 2160 2570 Christianis
2187 2511 2498 2568 hominibus
2533 2526 2633 2566 nec
2661 2511 2805 2581 loqui
2833 2510 3108 2576 convenit,
3137 2517 3195 2563 ut
3228 2524 3314 2562 res
3343 2523 3428 2562 sa-

1833 2621 1953 2662 cras
1999 2604 2083 2660 vel
2129 2619 2250 2674 quae
2300 2605 2353 2659 in
2403 2619 2563 2660 sacro
2586 2604 2705 2659 loco
2749 2603 3070 2668 offeruntur,
3109 2601 3424 2657 mulieribus

1832 2696 1945 2750 suis
1972 2703 2233 2764 usurpent
2258 2695 2339 2749 vel
2363 2695 2488 2750 filiis
2511 2705 2602 2749 aut
2628 2694 2944 2765 parentibus
2971 2712 2982 2747 :
3009 2703 3063 2748 et
3089 2694 3133 2748 si
3163 2695 3264 2748 hoc
3294 2708 3419 2763 pro-

1830 2787 2018 2841 batum
2050 2783 2246 2850 fuerit,
2275 2785 2619 2855 superiorum
2650 2784 2880 2839 feriatur
2912 2783 3204 2839 sententia.

1907 2897 1994 2951 ΧΙ.
2039 2895 2243 2952 Omnes
2289 2899 2628 2968 presbyteri,
2679 2898 2924 2964 diaconi,
2958 2896 3309 2962 subdiaconi,
3342 2895 3426 2950 vel

1833 2997 2063 3044 cunctus
2093 2986 2275 3042 clerus
2303 2987 2394 3057 qui
2441 2990 2540 3044 sub
2569 2988 2824 3059 episcopo
2871 3004 2991 3043 esse
3034 2999 3351 3053 noscuntur,
3378 2988 3425 3042 si

1835 3091 2030 3131 causas
2055 3077 2376 3142 habuerint,
2405 3085 2460 3131 ct
2498 3079 2722 3134 minime
2750 3079 3024 3151 potuerint
3067 3081 3210 3136 inter
3238 3095 3297 3135 se
3326 3080 3422 3134 de-

1835 3170 2100 3238 liberare,
2138 3179 2267 3227 tunc
2314 3173 2383 3226 ad
2431 3175 2743 3242 pontificem
2785 3192 2943 3232 suum
2985 3176 3312 3232 conveniant
3357 3176 3427 3230 ad

1837 3277 2056 3316 causam
2103 3275 2258 3317 suam
2307 3262 2611 3318 dicendam.
2647 3263 2781 3319 Nam
2832 3281 2928 3335 per
2958 3266 3100 3320 nulla
3145 3267 3426 3320 saecularia

1829 3350 2031 3422 judicia
2061 3353 2213 3408 adire
2240 3365 2605 3422 praesumant;
2639 3364 2693 3412 et
2724 3357 2814 3426 qui
2843 3358 2982 3412 hanc
3008 3357 3426 3426 praeceptionem

1837 3443 2300 3516 contempserint,
2335 3444 2705 3513 superioribus
2751 3447 2927 3516 Ρωιιὶε
2977 3445 3323 3515 subiaceant,
3353 3447 3424 3502 ita

1838 3546 1896 3590 ut
1931 3537 1982 3590 in
2024 3537 2352 3606 poenitentia
2401 3541 2510 3595 sint
2553 3539 2884 3596 abstinentes
2927 3557 2954 3594 a
3005 3540 3110 3594 vini
3155 3540 3428 3609 potatione

1842 3629 1924 3681 vel
1955 3628 2023 3681 ab
2053 3643 2147 3685 esu
2181 3631 2458 3698 carnium,
2487 3631 2658 3689 donec
2684 3631 2756 3688 ad
2782 3631 3250 3707 metropolitanum
3273 3613 3442 3688 suum.

166 3706 325 3760 tcrius
385 3710 576 3766 notitia
631 3715 936 3786 expendere
989 3717 1081 3773 ubi
1147 3720 1512 3776 necessarium
1573 3721 1739 3784 fuerit
1843 3723 2121 3780 accedant.

166 3813 411 3867 presuma
419 3812 456 3860 ι.

1052 4615 1148 4634 -Ρ
1161 4606 2532 4648 "ww-m—
