3898 6320
568 355 673 452 ιίλι
1288 401 1581 465 sepem).
1623 403 1716 457 AD
1756 401 1931 458 sese.
1972 400 2041 463 Χ,
2080 431 2150 441 -
2188 395 2627 454 mxumum
2668 393 3156 452 DlPLOMATlCA.
3673 392 3752 449 uti

670 792 746 858 θ
975 660 2209 1103 mittimitti

1793 737 2052 969 l’l‘l
2077 729 3332 1108 intollunt.

984 1208 2651 1374 ANGLO-SAXONUM
2758 1211 3416 1445 REGUM

1608 1571 1728 1639 QUI
1769 1570 2066 1630 SECULO
2099 1569 2357 1628 DECIMO
2392 1569 2773 1637 FLORUERE

817 1850 1503 1997 LEGES
1716 1808 3697 2078 ECCLESIASTICZEV

1536 2185 1714 2259 (Apud
1742 2185 1940 2256 Mansi,
1967 2185 2169 2244 Concil.
2199 2186 2439 2255 Cellach,
2473 2195 2608 2243 tom.
2648 2181 2858 2254 XVIII.)

582 581 3730 621 Μ

1984 2395 2449 2414 -ι--ῌ

1866 2792 2308 2870 Cognomento
2340 2788 2557 2850 MAGNI

841 3002 1477 3098 PPuEFATIO
1547 3003 1762 3097 SEU
1833 2996 2516 3095 APPARATUS
2581 2987 2733 3083 AD
2787 2990 3152 3084 LEGES
3222 2989 3537 3084 SUAS.

1876 3210 2118 3292 ‘(Anno
2159 3207 2486 3288 372-900.)

993 3397 1172 3460 Versio
1198 3397 1463 3455 Cuillelmi
1488 3396 1772 3455 Lombard.
1803 3414 1831 3452 e
1869 3395 2150 3452 Saxonica.
2174 3394 2305 3453 Cod.
2333 3410 2431 3449 ms.
2455 3392 2658 3465 collegii
2687 3388 2934 3469 Corporis
2960 3393 3158 3452 Christi
3189 3390 3449 3449 Cantabr.

1945 3594 2432 3613 ᾗ

622 3748 667 3805 1.
690 3747 950 3804 Dominus
976 3746 1188 3803 locutus
1216 3754 1299 3803 est
1324 3746 1549 3802 verbum
1571 3745 1640 3801 ad
1669 3744 1907 3814 Moysen,
1952 3752 2007 3800 et
2054 3744 2128 3799 ita
2158 3747 2206 3808 Β
2302 3741 2395 3803 IX.
2435 3740 2553 3798 Non
2581 3740 2857 3798 desideres
2914 3741 3145 3813 proximi
3199 3740 3278 3797 tui
3330 3739 3673 3797 luereditatem
3704 3736 3765 3796 in:

556 3837 691 3895 dixit
718 3856 732 3893 :
759 3838 871 3909 Ego
898 3853 1015 3893 sum
1048 3835 1307 3892 Dominus
1350 3835 1492 3891 Deus
1536 3843 1702 3890 tuus:
1734 3834 1847 3905 Ego
1871 3843 1923 3888 te
1966 3833 2128 3889 eduxi
2226 3833 2393 3905 juste.

553 3945 619 3988 ex
649 3939 791 3986 terra
812 3927 1033 4001 Egypti
1060 3936 1117 3984 et
1167 3942 1235 3984 ex
1288 3926 1548 3982 servitute
1599 3923 1735 3994 ejus.
1781 3923 1896 3981 Non
1941 3924 2131 3996 diligas
2229 3933 2269 3973 ι’
2302 3924 2372 3980 Χ.
2404 3921 2523 3980 Non
2544 3922 2717 3979 facias
2736 3923 2833 3979 tibi
2858 3925 3057 3981 aureos
3073 3922 3159 3980 vel
3185 3933 3479 3995 argenteos
3498 3922 3634 3978 deos.

553 4021 687 4077 alios
708 4021 839 4076 deos
876 4020 1078 4075 alienos
1100 4027 1296 4090 praeter
1319 4033 1403 4072 me
1433 4015 1629 4087 (Exod.
1659 4014 1774 4087 xx).
2300 4017 2392 4072 XI.
2423 4014 2517 4070 Hae
2544 4022 2674 4071 sunt
2702 4014 2869 4086 leges,
2899 4029 3035 4084 quas
3063 4013 3195 4091 ipsis
3220 4029 3527 4085 proponere
3544 4011 3701 4068 debes.
3723 4005 3764 4060 Si

622 4111 686 4166 ll.
711 4110 827 4165 Non
857 4110 1115 4165 adhibeas
1139 4121 1333 4163 nomen
1355 4121 1532 4161 meum
1557 4104 1625 4160 ad
1646 4107 1971 4170 vanitatem;
1992 4122 2129 4176 quo-
2230 4109 2353 4181 quis
2372 4114 2519 4186 emat
2535 4105 2902 4162 Christianum
2934 4121 3149 4163 servum
3168 4145 3184 4174 ,
3233 4122 3333 4165 sex
3380 4121 3546 4163 annos
3588 4102 3763 4162 serviat.

553 4202 700 4258 niam
734 4210 786 4255 tu
809 4215 915 4255 non
940 4214 1000 4254 es
1029 4200 1284 4254 innocens
1320 4197 1461 4267 apud
1487 4212 1594 4263 me,
1625 4198 1670 4252 si
1712 4211 1909 4254 nomen
1953 4212 2131 4254 meum
2230 4201 2459 4271 septimo
2481 4198 2552 4254 sit
2576 4197 2713 4253 liber
2737 4198 2925 4269 gratis.
2952 4196 3088 4254 Cum
3112 4197 3262 4269 quali
3297 4200 3610 4256 vestimento
3634 4195 3766 4249 intra-

553 4290 622 4348 ad
647 4292 933 4346 vanitatem
959 4288 1234 4344 adhibeas.
2228 4291 2390 4357 verit,
2413 4305 2535 4346 cum
2572 4288 2667 4344 tali
2704 4298 2895 4354 exeat;
2924 4289 2969 4345 si
3007 4289 3123 4360 ipse
3152 4305 3381 4345 uxorem
3412 4289 3616 4352 habeat,
3638 4288 3761 4339 exeat

623 4380 713 4438 Ill.
743 4381 1047 4436 Recordare
1068 4380 1211 4435 diem
1250 4378 1472 4435 Sabbati
1520 4379 1888 4445 sanctiﬁcare;
1939 4394 2133 4450 opera-
2231 4396 2353 4436 cum
2392 4394 2477 4434 eo.
2508 4378 2567 4433 Si
2594 4377 2852 4434 Dominus
2878 4387 3057 4434 autem
3079 4378 3153 4434 illi
3181 4395 3410 4437 uxorem
3456 4377 3670 4443 dederit,
3714 4372 3766 4427 sit

553 4473 686 4529 mini
709 4487 808 4529 sex
834 4473 948 4528 dies
972 4513 987 4539 ,
1017 4480 1073 4528 et
1098 4473 1327 4542 septimo
1355 4473 1636 4541 quiescite,
1662 4481 1715 4526 tu
1737 4480 1793 4526 et
1822 4471 1963 4528 ﬁlius
1987 4480 2128 4536 tuus,
2231 4473 2346 4544 ipsa
2368 4481 2424 4526 et
2452 4470 2605 4526 liberi
2631 4468 2749 4542 ejus
2778 4471 3000 4526 domini.

552 4575 607 4620 et
628 4564 735 4620 tilia
763 4574 877 4630 tua,
902 4572 954 4618 et
974 4579 1164 4619 servus
1188 4573 1333 4628 tuus,
1360 4572 1415 4618 et
1439 4562 1636 4617 ancilla
1663 4570 1774 4627 tua,
1802 4571 1858 4617 et
1887 4560 2131 4630 jnmenta
2302 4564 2360 4619 Si
2383 4577 2574 4619 servus
2596 4573 2775 4619 autem
2799 4564 3024 4619 dixerit:
3042 4561 3174 4619 Nolo
3207 4563 3362 4619 abire
3380 4578 3413 4618 a
3432 4561 3636 4619 domino
3655 4552 3762 4615 ilco.

554 4664 667 4719 tua,
699 4662 754 4708 et
797 4652 888 4723 qui
917 4653 1217 4723 ingreditur
1255 4654 1399 4707 inter
1445 4662 1630 4722 portas
1684 4660 1822 4706 tuas.
1867 4652 2132 4718 Quoniam
2230 4668 2331 4709 nec
2357 4654 2426 4708 ab
2460 4668 2630 4708 uxore
2659 4667 2799 4720 mea,
2838 4668 2987 4708 neca
3010 4653 3198 4709 liberis
3236 4654 3398 4719 meis,
3426 4666 3527 4707 nec
3548 4650 3608 4704 ab
3632 4648 3763 4701 luere

551 4763 647 4806 sex
689 4746 880 4804 diebus
926 4748 1176 4803 Christus
1224 4747 1432 4803 creavit
1477 4747 1665 4811 caelos,
1711 4755 1768 4801 et
1811 4756 2031 4809 terram,
2078 4752 2135 4799 et.
2232 4744 2400 4799 ditate
2430 4757 2569 4809 mea,
2608 4751 2735 4800 tunc
2759 4743 3009 4799 dominus
3033 4744 3152 4814 ejus
3182 4743 3363 4814 ipsum
3389 4742 3457 4798 ad
3484 4737 3652 4809 templi
3672 4732 3761 4790 oﬂi—

550 4841 722 4896 maria
743 4849 798 4896 et
821 4855 1011 4896 omnes
1038 4848 1318 4896 creaturas
1338 4854 1458 4911 quae
1484 4840 1536 4894 in
1568 4839 1649 4895 eis
1674 4848 1817 4902 sunt,
1842 4847 1897 4895 et
1925 4839 2132 4909 quievit
2231 4834 2374 4889 cium
2398 4834 2652 4900 adducat,
2693 4844 2750 4891 et
2789 4834 3026 4906 perforet
3060 4845 3244 4893 autem
3298 4834 3446 4890 illius
3489 4828 3680 4894 subula,
3721 4823 3763 4878 in

549 4931 779 5000 septimo
803 4929 911 4985 die.
963 4930 1028 4985 Et
1054 4939 1340 5001 propterea
1390 4930 1649 4985 Dominus
1697 4929 1846 4984 illum
1892 4928 2132 4985 sanctili~
2230 4923 2444 4992 signum
2474 4925 2617 4994 quod
2642 4925 2945 4995 sitsemper
2972 4926 3027 4982 in
3052 4936 3331 4996 posterum
3353 4938 3558 4982 servus.

548 5021 717 5076 cavit.
2105 5069 2111 5074 ,
2302 5015 2414 5071 XII.
2442 5015 2591 5073 Licet
2610 5018 2731 5089 quis
2760 5019 3064 5073 vendiderit
3092 5018 3254 5073 ﬁliam
3288 5033 3445 5073 suam
3487 5017 3539 5072 in
3579 5007 3763 5067 famula-

530 5110 536 5153 t
621 5104 708 5159 IV.
742 5104 954 5162 llonora
990 5115 1199 5175 patrem
1236 5113 1388 5159 tuum
1419 5112 1474 5159 et
1517 5114 1743 5159 matrem
1775 5113 1942 5170 tuam,
1991 5119 2128 5178 quos
2156 5116 2202 5179 ς,
2235 5117 2371 5174 tum,
2400 5121 2507 5161 non
2538 5107 2609 5162 sit
2658 5123 2815 5162 serva
2872 5108 2927 5162 in
2974 5108 3239 5173 omnibus,
3292 5107 3373 5162 uti
3411 5107 3529 5164 alite
3570 5095 3760 5157 famula.

547 5196 808 5252 Dominus
846 5195 991 5253 dedit
1020 5195 1139 5262 tibi,
1171 5204 1229 5251 ut
1256 5195 1330 5251 sis
1352 5194 1690 5267 longaevusin
1722 5195 1898 5251 terris.
2229 5194 2345 5252 Non
2374 5195 2570 5251 habeat
2613 5205 2938 5266 potestatem
2969 5212 3090 5253 eam
3135 5205 3399 5253 extraneo
3446 5208 3561 5250 meo
3602 5184 3761 5262 ρορυιο

619 5285 682 5338 γ.
717 5283 832 5340 Non
860 5285 1097 5341 occidas.
2231 5285 2526 5351 vendendi;
2550 5285 2644 5341 sed
2670 5285 2718 5341 si
2747 5285 2836 5341 illa
2859 5302 2965 5344 non
2987 5286 3198 5356 placeat
3217 5286 3267 5342 ei
3294 5286 3389 5357 qui
3431 5286 3595 5356 ipsam
3640 5276 3758 5335 emit.

618 5375 706 5430 Vl.
738 5376 851 5432 Non
878 5376 1096 5433 fureris.
1549 5363 1557 5373 ’
2231 5379 2466 5436 dimittat
2483 5394 2604 5435 eam
2635 5379 2860 5436 liberam
2889 5381 2956 5436 ad
2983 5389 3299 5437 extraneam
3338 5389 3571 5453 gentem.
3612 5371 3663 5427 Si
3687 5381 3758 5420 au-

617 5466 729 5522 Vll.
767 5464 883 5521 Non
906 5464 1244 5522 adultereris.
2229 5481 2338 5527 tem
2360 5472 2667 5542 permiserit
2692 5471 2802 5530 (ilio
2827 5488 2925 5529 suo
2953 5487 3068 5529 rem
3097 5488 3219 5529 cum
3245 5487 3313 5528 ea
3356 5471 3570 5533 habere,
3605 5464 3683 5518 det
3718 5455 3756 5510 ei

617 5557 748 5613 Vlll.
774 5556 890 5613 Non
930 5556 1081 5615 dicas
1122 5558 1315 5616 falsum
1365 5558 1728 5615 testimonium
1771 5571 2122 5630 contrmpro-
2228 5563 2458 5631 donum;
2504 5563 2761 5620 videatut
2790 5564 2878 5619 illa
2907 5565 3107 5621 habeat
3150 5564 3428 5630 vestitum,
3478 5571 3530 5618 et
3566 5552 3756 5629 ιπειίυω

547 5648 723 5706 ximos
759 5658 898 5708 tuos.
2229 5654 2500 5725 pudicitiae
2524 5654 2660 5725 ejus,
2690 5657 2792 5714 hoc
2815 5665 2895 5714 est
2926 5656 3106 5714 dotem
3141 5657 3189 5713 ei
3219 5671 3373 5713 suam
3412 5653 3667 5725 largiatur.
3710 5634 3755 5717 5}
