3898 6320
146 371 236 429 αθ
840 361 977 419 ANG
986 358 1436 420 ιο-εΑΧοΝυΜ
1474 358 1685 417 REGUI

1829 355 1979 414 EGES
2020 353 2604 413 ECCLES‘ASTICIE.
3263 354 3368 411 450

144 486 185 541 ei
252 479 373 536 nihil
440 477 626 534 horum
680 476 1038 547 praestiterit,
1113 485 1242 531 tunc
1325 475 1399 529 sil.
1481 473 1673 529 libera.
1705 455 1752 514 Α
1782 479 2017 539 quatuor
2041 468 2233 523 ovibus
2259 484 2443 523 unam.
2471 466 2526 522 Si
2553 480 2658 520 non
2683 464 3009 535 liabeatquo
3034 475 3366 536 compenset,

196 572 315 631 XIII.
340 571 391 625 Si
416 570 536 640 quis
556 577 743 638 sponte
764 568 1041 623 hominem
1079 566 1361 632 occiderit,
1413 564 1680 620 moriatur
1786 562 1902 632 ipse
1933 562 2197 616 vendatur
2222 575 2319 630 pro
2350 558 2579 629 pecunia
2617 556 2726 612 illa.

139 673 305 721 morte.
330 661 383 717 Si
412 669 583 716 autem
608 675 729 715 eum
761 666 982 715 coactus
1002 657 1281 723 occiderit,
1334 657 1420 712 vel
1454 657 1677 719 invitus,
1855 652 2021 710 XXV.
2065 652 2121 709 Si
2154 653 2242 706 fur
2283 652 2501 706 domum
2534 648 2763 717 alicujus
2809 655 2970 703 noctu
3000 646 3252 717 eﬂ‘ringat
3274 689 3288 712 ,
3318 656 3376 703 et

138 752 206 808 vel
224 766 317 806 non
336 759 540 819 sponte,
565 747 720 819 quasi
750 747 894 803 Deus
915 761 1038 803 eum
1068 748 1142 802 ita
1170 748 1225 802 in
1252 762 1473 803 manum
1525 761 1678 802 suam
1784 744 1857 799 ibi
1888 745 2192 810 occidatur,
2221 744 2309 798 ille
2337 743 2429 813 qui
2460 757 2584 798 eum
2612 740 2816 797 occidit
2849 756 2959 796 non
2989 740 3063 796 sit
3093 741 3371 796 homicidii

138 840 403 907 tradiderit,
425 848 478 895 et
500 839 573 895 illi
606 853 881 908 nunquam
909 839 979 893 sit
1006 838 1313 904 insidiatus,
1373 839 1447 893 sit
1487 838 1681 909 dignus
1783 851 1940 901 reus;
1972 837 2016 891 si
2041 837 2235 893 deinde
2264 848 2381 908 p05t
2412 844 2592 891 ortum
2620 835 2750 891 solis
2774 836 2879 892 hoc
2910 834 3132 901 fecerit,
3163 836 3235 890 sit
3269 837 3371 891 ho-

134 933 378 1005 privilegio
407 947 524 997 suo,
547 940 601 986 et
621 931 768 1001 justa
815 930 1055 1002 gentium
1104 930 1567 1001 compensatione,
1630 929 1680 985 si
1783 927 1987 982 micidii
2020 944 2175 993 reus,
2205 937 2263 983 et
2293 939 2420 983 tunc
2451 928 2564 998 ipse
2592 926 2876 993 moriatur,
2905 926 3011 982 nisi
3044 926 3373 981 necessitate

135 1023 295 1078 asilum
327 1031 548 1092 quierat.
580 1020 639 1077 Si
665 1022 790 1091 quis
814 1028 996 1076 autem
1026 1023 1093 1077 de
1121 1022 1390 1076 industria
1412 1029 1467 1076 et
1488 1030 1681 1090 sponte
1782 1020 2050 1089 impulsus
2079 1018 2264 1075 fuerit.
2314 1020 2371 1074 Si
2420 1020 2563 1090 apud
2591 1034 2744 1085 eum,
2777 1018 2959 1073 vivum
2990 1018 3192 1090 aliquid
3229 1021 3377 1090 quod

132 1117 313 1173 occidat
357 1116 656 1187 proximum
715 1130 873 1170 suum
927 1130 1025 1185 per
1082 1115 1346 1181 insidias,
1394 1115 1681 1171 abstrahas
1783 1120 1946 1167 antea
1973 1112 2186 1168 furatus
2214 1120 2354 1178 erat,
2381 1112 2713 1179 inveniatur,
2747 1111 3036 1182 dupliciter
3063 1112 3194 1167 illud
3221 1127 3375 1168 com-

131 1222 229 1264 eum
255 1207 318 1261 ab
345 1222 435 1261 ara
461 1220 580 1261 mea
608 1206 678 1261 ad
704 1214 880 1261 morte
909 1205 1266 1261 moriendum.
1782 1213 1996 1277 penset.

186 1299 306 1354 XIV.
333 1299 430 1366 Qui
467 1308 680 1369 patrem
709 1313 868 1353 suum
893 1296 979 1352 vel
1010 1306 1237 1352 matrem
1270 1311 1424 1352 suam
1453 1311 1679 1367 percus-
1855 1295 2046 1353 XXVI.
2088 1296 2147 1352 Si
2191 1297 2316 1367 quis
2360 1295 2616 1351 damnum
2646 1294 2891 1351 intulerit
2921 1294 3145 1351 alterius
3172 1296 3373 1362 vineae,

130 1392 256 1452 serit,
284 1398 453 1445 morte
472 1389 760 1444 moriatur.
1572 1458 1577 1463 ἡ
1781 1387 1869 1443 vel
1901 1403 2029 1459 agro
2052 1386 2201 1457 ejus,
2230 1388 2315 1442 vel
2348 1386 2507 1443 alicui
2544 1387 2663 1458 ejus
2704 1394 2857 1442 terrm
2880 1427 2896 1454 ,
2926 1397 3271 1458 compenset,
3301 1389 3379 1446 si-

186 1478 285 1534 XV.
314 1479 412 1548 Qui
437 1480 710 1536 hominem
743 1480 972 1536 liberum
1009 1477 1241 1545 foretur,
1274 1478 1536 1549 illumque
1552 1494 1682 1533 ven-
1784 1487 1876 1535 cut
1913 1479 2035 1548 quis
2062 1478 2192 1533 illud
2227 1479 2599 1534 :estimaverit.

129 1572 217 1636 dat,
244 1583 293 1627 et
334 1571 595 1644 abreptus
642 1573 734 1637 sit,
786 1581 846 1625 ut
888 1572 1061 1641 ipsum
1115 1570 1357 1641 recipere
1406 1578 1680 1639 nequeat,
1855 1567 2066 1625 XXVII.
2111 1568 2167 1624 Si
2217 1569 2357 1640 ignis
2402 1569 2678 1625 immissus
2719 1570 2792 1625 sit
2838 1570 2908 1627 ad
2953 1572 3377 1630 comburendam

129 1673 271 1719 morte
302 1664 582 1718 moriatur.
606 1663 707 1729 Qui
734 1662 875 1732 patri
900 1677 999 1719 suo
1018 1661 1103 1718 vel
1148 1661 1310 1717 matri
1365 1676 1476 1717 suae
1518 1660 1684 1716 male-
1784 1671 2049 1732 segetem,
2072 1671 2386 1733 compenset
2406 1662 2790 1719 detrimentum
2819 1664 2948 1720 illud
2971 1664 3063 1720 ille
3082 1667 3174 1736 qui
3197 1666 3377 1739 ignem

129 1755 310 1821 diverit,
337 1764 509 1810 morte
532 1755 822 1810 moriatur.
1786 1753 2032 1809 immisit.

182 1845 302 1902 XVI.
334 1846 386 1902 Si
409 1836 532 1917 quis
562 1846 867 1916 proximum
913 1860 1069 1900 suum
1121 1840 1451 1913 percusserit
1500 1840 1678 1911 lapide
1709 1828 1757 1889 Β
1857 1845 2093 1900 XXVIII.
2136 1845 2193 1902 Si
2223 1845 2511 1918 quisapud
2534 1847 2767 1903 amicum
2796 1849 3029 1919 deponat
3058 1851 3375 1921 pecuniam,

128 1939 190 1993 vel
214 1954 395 2010 pugno,
422 1947 477 1994 et
505 1937 595 1993 ille
623 1946 801 1992 tamen
822 1936 1008 2008 egredi
1037 1935 1205 2005 possit
1227 1932 1418 1989 hacqu
1439 1932 1676 1999 innixus,
1781 1933 1829 1988 si
1860 1933 1950 1988 ille
1984 1949 2104 1988 eam
2147 1933 2380 2003 furctur,
2418 1936 2708 2005 dupliciter
2734 1947 3071 2007 compenset.
3106 1939 3163 1994 Si
3190 1948 3374 1995 autem

129 2031 343 2086 adhibeat
384 2031 433 2085 ei
456 2030 752 2096 medicum,
776 2037 830 2083 et
857 2043 993 2098 opus
1016 2027 1187 2098 ipsius
1207 2034 1482 2096 operetur,
1508 2039 1681 2094 quan-
1782 2028 1993 2083 nesciat
2022 2026 2143 2098 quis
2189 2044 2310 2083 eam
2375 2027 2562 2084 furtim
2599 2032 2954 2097 subduxerit,
3011 2042 3235 2089 excuset
3283 2049 3375 2090 se-

129 2123 196 2176 diu
220 2122 296 2179 ille
318 2139 421 2178 non
443 2131 649 2193 potest.
1784 2119 1993 2189 ipsum,
2031 2121 2176 2190 quod
2204 2120 2406 2176 nullam
2437 2120 2679 2180 fraudem
2705 2123 2758 2177 in
2804 2124 2906 2179 hoc
2931 2124 3285 2180 commiserit.
3317 2124 3378 2180 Si

183 2211 322 2267 XVII.
348 2212 404 2269 Si
427 2214 555 2284 quis
581 2227 798 2268 servum
819 2226 975 2268 suum
999 2209 1277 2281 proprium
1320 2208 1404 2264 vel
1430 2207 1684 2263 ancillam
1783 2210 1888 2266 hoc
1917 2211 2098 2266 vivum
2146 2212 2347 2267 animal
2373 2225 2553 2279 esset,
2586 2221 2642 2268 et
2681 2213 2793 2283 ipsc
2824 2212 3023 2269 dixerit
3048 2215 3191 2284 quod
3220 2229 3379 2270 exer-

128 2306 437 2373 percusserit,
468 2313 526 2360 et
580 2304 667 2359 ille
699 2303 891 2359 eodem
920 2303 1009 2357 die
1046 2317 1152 2356 non
1201 2300 1484 2362 moriatur,
1537 2307 1681 2353 atlao
1784 2301 1927 2357 citus
1958 2302 2089 2358 illud
2119 2304 2446 2373 sumpserit,
2497 2304 2582 2360 vel
2624 2306 2766 2375 quod
2796 2318 2826 2358 a
2874 2306 3055 2374 seipso
3103 2314 3378 2362 mortuum

128 2409 225 2450 men
249 2396 436 2452 vixerit
463 2395 605 2451 duos
623 2394 705 2450 vel
742 2402 855 2450 tres
876 2394 991 2448 dies
1015 2434 1031 2457 ,
1078 2407 1183 2446 non
1223 2392 1294 2446 sit
1338 2390 1391 2445 in
1435 2389 1686 2444 omnibus
1786 2392 1895 2451 sit.
1925 2402 1983 2449 et
2010 2402 2175 2450 testes
2207 2395 2434 2459 habeat,
2463 2409 2571 2450 non
2599 2408 2822 2453 necesse
2852 2404 2937 2451 est
2967 2405 3027 2451 ut
3069 2397 3199 2452 illud
3226 2412 3378 2454 com-

130 2487 371 2557 aqualiter
397 2502 549 2552 reus,
572 2487 830 2558 quoniam
850 2484 1076 2556 pecunia
1106 2485 1225 2554 ejus
1247 2490 1385 2537 erat.
1418 2479 1475 2535 Si
1502 2488 1682 2534 autem
1786 2493 1996 2554 penset.
2036 2484 2095 2540 Si
2120 2493 2303 2542 autem
2346 2495 2511 2542 testes
2543 2502 2648 2541 non
2687 2487 2917 2554 habeat,
2948 2495 3002 2543 et
3044 2488 3133 2544 ille
3167 2489 3219 2545 ei
3265 2505 3377 2547 ηοη

128 2576 284 2632 eodem
306 2577 388 2633 die
416 2586 670 2632 mortuus
689 2576 779 2641 sit,
813 2584 941 2629 tunc
966 2573 1122 2643 culpa
1148 2572 1203 2626 in
1231 2586 1298 2628 eo
1320 2571 1585 2640 quiescat.
1789 2576 1978 2631 credat
2000 2615 2016 2643 ,
2048 2585 2177 2632 tunc
2200 2575 2572 2646 juramentutn
2602 2586 2843 2648 praestet.

182 2668 345 2725 XVIII.
369 2666 441 2726 Si
488 2669 618 2739 quis
655 2669 799 2723 inter
855 2664 1201 2737 pugnandum
1248 2662 1482 2735 gravida:
1531 2659 1688 2715 uxori
1861 2666 2055 2722 XXIX.
2100 2667 2159 2721 Si
2188 2669 2312 2738 quis
2334 2668 2588 2724 feminam
2611 2684 2717 2724 non
2742 2670 3052 2726 maritatam
3082 2669 3377 2743 deceperit,

130 2765 355 2828 nocuerit,
380 2770 702 2833 compenset
720 2761 996 2823 damnum,
1026 2759 1169 2814 sicut
1224 2758 1402 2829 leges.
1420 2754 1666 2825 iudicant

1838 2774 1846 2812 ι
1879 2773 2002 2813 cum
2029 2773 2092 2814 ea
2125 2758 2373 2827 coiverit,
2401 2769 2715 2831 compenset
2745 2760 2826 2826 ei,
2856 2769 2911 2816 et
2933 2770 3119 2831 postea
3152 2762 3296 2817 illam
3320 2764 3377 2820 in

132 2853 174 2908 Si
199 2856 274 2909 illa
298 2857 585 2921 moriatur,
615 2855 707 2909 det
727 2854 891 2908 vitam
921 2866 1020 2922 pro
1042 2851 1175 2905 vita.
1792 2864 2016 2905 uxorem
2045 2851 2228 2906 ducat.
2263 2850 2319 2905 Si
2350 2860 2505 2922 pater
2529 2851 2744 2906 femina:
2774 2864 2893 2906 eam
2924 2851 2999 2906 illi
3028 2851 3158 2908 dare
3189 2852 3376 2909 nolue-

134 2930 137 2935 ’
186 2948 305 3003 XIX.
333 2948 387 3004 Si
414 2949 545 3020 quis
573 2946 797 3003 alterius
816 2943 1031 3000 oculum
1071 2941 1340 3006 effoderit,
1377 2945 1691 3010 compenset
1793 2940 1896 3005 rit,
1933 2939 2106 2996 solvat
2130 2941 2416 3011 pecuniam
2447 2942 2591 2996 illam
2619 2957 2718 3013 pro
2752 2942 2899 2999 dote.

132 3041 349 3112 proprio:
377 3042 599 3098 dentem
620 3053 719 3109 pro
739 3038 922 3103 dente,-
948 3050 1166 3090 manum
1195 3049 1297 3105 pro
1345 3048 1527 3099 manu,
1594 3046 1689 3102 pe—
1862 3028 2033 3084 XXX.
2071 3029 2356 3085 Feminam
2385 3045 2506 3100 quae
2542 3030 2823 3086 consuevit
2849 3031 3103 3103 excipere
3129 3033 3383 3089 incauta-

132 3132 227 3188 dem
255 3148 349 3204 pro
372 3132 513 3205 pede
538 3172 555 3198 ,
606 3129 946 3186 adnstionem
1000 3143 1097 3199 pro
1140 3125 1445 3191 adustione,
1493 3123 1691 3179 vulnus
1729 3200 1757 3205 Α
1796 3130 1977 3187 teres,
2005 3130 2061 3178 et
2088 3136 2311 3191 magos,
2341 3131 2396 3177 et
2422 3135 2614 3192 sagas,
2653 3137 2722 3178 ne
2751 3122 2899 3178 sinas
2925 3122 3129 3179 vivere.

131 3241 208 3296 pro
230 3200 462 3292 vulnere,
497 3225 683 3280 vimen
711 3237 810 3294 pro
831 3220 1058 3276 vimine.
1715 3200 1762 3265 C
1865 3205 2061 3272 XXXI.
2102 3215 2170 3271 Et
2196 3215 2243 3271 si
2275 3214 2398 3286 quis
2427 3229 2542 3269 rem
2587 3214 2784 3271 habeat
2823 3229 2946 3270 cum
2976 3215 3177 3282 bestia,
3209 3223 3383 3273 morte

184 3316 288 3371 XX.
316 3316 373 3374 Si
400 3316 532 3387 quis
551 3313 696 3370 servi
721 3311 803 3366 sui
834 3310 917 3366 vel
946 3309 1159 3365 ancilla:
1192 3323 1304 3363 suae
1332 3306 1549 3362 oculum
1590 3321 1689 3361 ex-
1794 3310 2073 3365 moriatur.
2162 3366 2170 3375 ,

132 3411 341 3475 cusserit,
377 3418 432 3465 et
473 3409 599 3480 ipse
657 3413 780 3476 post
822 3404 1025 3459 factum
1086 3402 1188 3457 hoc
1245 3398 1558 3455 mouoculus
1598 3397 1687 3461 sit,
1868 3399 2083 3454 XXXII.
2124 3399 2191 3454 Et
2219 3399 2264 3454 si
2293 3398 2416 3470 quis
2445 3396 2776 3455 sacrificium
2803 3397 3384 3469 immolaveritprzeter

133 3504 439 3558 manumittat
472 3503 658 3572 ipsum
688 3497 895 3555 statim.
925 3494 984 3550 Si
1016 3494 1232 3549 dentem
1260 3492 1310 3546 ei
1363 3489 1695 3555 excusserit,
1794 3491 1905 3546 Deo
1928 3491 2062 3557 soli,
2099 3501 2275 3547 morte
2310 3492 2598 3546 moriatur.

132 3593 440 3651 Iaciatidem.
1864 3581 2099 3636 XXXIII.
2138 3583 2413 3637 Advenam
2472 3590 2527 3637 et
2587 3580 2929 3651 peregrinum
3000 3593 3068 3633 ne
3134 3576 3378 3651 amigas,

186 3686 309 3741 XXI.
338 3686 395 3742 Si
418 3688 524 3741 bos
550 3698 720 3740 cornu
742 3680 962 3752 petierit
993 3679 1169 3734 virum
1190 3677 1274 3732 vel
1325 3674 1583 3732 feminam
1632 3684 1693 3731 ut
1793 3675 2046 3744 quoniam
2077 3674 2254 3731 fuistis
2281 3674 2552 3746 peregrini
2596 3672 2647 3727 in
2679 3683 2824 3729 terra
2853 3673 3092 3744 IEgyptL

132 3778 440 3845 moriantur,
482 3776 757 3847 lapidibus
799 3775 1061 3829 obruatur
1088 3810 1104 3834 ,
1159 3778 1214 3825 et
1250 3782 1380 3824 caro
1425 3768 1543 3837 ejus
1585 3782 1691 3822 non
1866 3764 2108 3820 XXXIV.
2154 3765 2343 3819 Viduis
2386 3774 2441 3818 et
2481 3763 2742 3833 orphanis
2788 3778 2857 3818 ne
2902 3764 3179 3829 nocentis,
3211 3780 3386 3834 neque

133 3869 323 3940 edatur;
346 3881 400 3927 et
420 3870 680 3927 dominus
703 3868 775 3924 sit
800 3869 1080 3927 innocens,
1106 3863 1149 3919 si
1174 3864 1270 3918 bos
1313 3861 1561 3933 petulcus
1592 3878 1692 3917 an-
1795 3853 2043 3926 aﬂtgatis
2086 3868 2210 3920 eos;
2256 3854 2302 3908 si
2336 3854 2530 3908 horum
2560 3852 2764 3922 aliquid
2808 3851 3084 3919 feceritis,
3120 3854 3389 3908 vocifera-

133 3967 199 4013 tea
222 3959 373 4017 fuerit
392 3961 626 4018 biduum
649 3958 736 4014 vel
764 3957 1024 4016 triduum.
1050 3963 1105 4012 et
1155 3954 1407 4010 dominus
1452 3952 1558 4007 hoc
1598 3967 1695 4008 ne-
1797 3947 1934 4002 bunt
1967 3947 2034 4003 ad
2064 3961 2179 4010 me,
2208 3954 2265 4000 et
2291 3960 2393 4015 ego
2422 3945 2541 3999 illus
2573 3945 2786 3999 audiam
2809 3984 2824 4009 ,
2856 3953 2912 3998 et
2952 3958 3053 4015 ego
3080 3959 3175 3999 vos
3205 3945 3382 4015 gladio

134 4051 322 4109 sciverit
346 4071 361 4108 :
387 4054 434 4109 si
458 4061 645 4109 autem
677 4050 767 4106 ille
787 4050 892 4107 hoc
921 4048 1162 4113 sciverit,
1192 4056 1249 4103 et
1284 4062 1407 4103 eum
1441 4045 1587 4101 intus
1607 4061 1697 4102 as.
1798 4052 1920 4091 meo
1948 4033 2193 4092 occidam
2215 4077 2230 4100 ,
2265 4044 2321 4091 et
2350 4049 2451 4106 ego
2482 4033 2677 4089 faciam
2708 4047 2905 4089 uxores
2934 4043 3143 4090 vestras
3168 4034 3379 4100 viduas,

135 4152 323 4197 servare
346 4142 608 4204 noluerit,
633 4149 796 4210 atque
833 4139 879 4195 is
912 4147 1039 4194 tunc
1090 4138 1270 4192 virum
1301 4136 1384 4190 vel
1424 4134 1695 4213 feminam
1799 4133 1854 4180 ει
1882 4124 2083 4181 liberos
2111 4136 2325 4180 VBSII‘OS
2353 4125 2645 4195 οτρὶιτιηοεο

133 4232 382 4299 occiderit,
410 4231 689 4304 lapidibus
706 4231 985 4294 obruatur,
1013 4237 1067 4284 et
1092 4228 1344 4284 dominus
1392 4227 1672 4283 occidatur

1869 4213 2088 4271 XXXV.
2134 4213 2191 4270 Si
2225 4224 2279 4269 tu
2306 4215 2591 4286 pecuniam
2632 4223 2820 4269 mutuo
2847 4214 3060 4270 dederis
3086 4215 3232 4271 socio
3260 4224 3383 4280 tuo,

134 4325 204 4379 vel
227 4328 328 4383 vita
354 4327 535 4399 pretio
586 4324 902 4389 redimatur,
934 4322 1112 4392 prouti
1161 4321 1436 4390 sapientes
1492 4320 1696 4391 justum
1800 4309 1891 4378 qui
1921 4318 2100 4364 tecum
2131 4308 2378 4363 habitare
2403 4306 2562 4399 velit,
2596 4321 2661 4399 ne
2692 4307 2937 4378 praebeas
2966 4316 3017 4363 te
3045 4307 3120 4363 illi
3167 4319 3385 4365 exacto—

135 4394 432 4475 invenerint.
463 4417 526 4472 Si
558 4416 725 4471 filium
782 4412 867 4469 vel
922 4412 1085 4466 ﬁliam
1136 4410 1462 4476 confoderit,
1521 4410 1696 4465 eidem
1804 4417 1954 4466 rem.
1981 4416 2157 4469 ιιθίιιιθ
2188 4399 2413 4454 “Numa
2459 4397 2607 4453 illum
2641 4394 2804 4453 “sum
2844 4405 2957 4453 "'3-

135 4504 222 4575 Iegi
253 4506 631 4579 sitobuoxius.
681 4505 737 4560 Si
795 4511 975 4558 autem
1026 4517 1241 4558 servum
1306 4500 1390 4555 vel
1445 4500 1695 4555 ancillam
1727 4559 1776 4579 ἢ
1872 4491 2116 4549 XXXVI.
2161 4490 2218 4546 Si
2246 4491 2367 4560 quis
2390 4489 2589 4544 habeat
2614 4496 2821 4542 tantum
2848 4487 3073 4559 simplex
3100 4489 3391 4545 vestimcno

137 4559 434 4666 confuderit,
458 4600 639 4655 solvat
665 4597 886 4653 domino
908 4594 1127 4664 triginta
1155 4593 1357 4649 solidos
1376 4593 1607 4664 argenti,
1644 4607 1673 4646 e

1850 4600 1916 4637 tm
1947 4584 2013 4637 ad
2045 4598 2103 4638 se
2133 4598 2198 4637 eo
2225 4581 2579 4650 operiendum
2610 4588 2665 4633 et
2694 4578 3088 4634 defendendum
3109 4620 3124 4647 ,
3150 4590 3206 4636 et
3249 4583 3293 4637 si
3327 4576 3389 4637 il-

139 4687 219 4743 bos
237 4691 499 4761 lapidibus
519 4692 803 4745 obruatur.
976 4710 989 4725 ι
1544 4722 1557 4737 .
1803 4675 1895 4731 Iud
1926 4674 2169 4746 pignoris
2195 4672 2312 4727 loco
2340 4672 2573 4736 dederit,
2600 4679 2725 4725 ante
2748 4669 2879 4725 solis
2904 4686 3159 4727 occasum
3182 4673 3230 4727 ei
3257 4673 3383 4730 red-

197 4758 346 4835 XXII.
375 4780 434 4836 Si
465 4779 592 4850 quis
615 4778 813 4834 foderit
840 4792 995 4847 aquae
1032 4784 1278 4847 puteum,
1331 4774 1416 4829 vel
1455 4766 1698 4829 clausum
1805 4764 1984 4819 datur.
2020 4763 2078 4818 Si
2108 4772 2164 4816 tu
2194 4762 2264 4816 ita
2305 4776 2410 4814 non
2441 4758 2670 4823 feceris,
2705 4767 2833 4814 tunc
2882 4758 3140 4816 clamabit
3165 4766 3233 4817 ad
3263 4779 3350 4820 me
3372 4804 3387 4829 ,

140 4872 409 4939 aperuerit,
436 4880 495 4926 et
540 4885 666 4925 eum
715 4868 908 4925 deinde
954 4884 1060 4922 non
1114 4866 1350 4931 claudat,
1389 4872 1705 4935 compenset
1803 4868 1861 4913 et
1884 4872 1985 4927 ego
2008 4856 2182 4925 ipsum
2209 4853 2459 4919 audiam,
2503 4852 2760 4922 quoniam
2791 4866 2894 4925 ego
2929 4868 3048 4908 sum
3085 4854 3240 4910 valde
3287 4857 3390 4912 mi-

139 4975 278 5017 omne
297 4961 601 5032 iumentum
622 4960 768 5033 quod
798 4959 872 5017 ibi
896 4958 1167 5024 inciderit,
1192 4966 1248 5012 et
1273 4956 1405 5012 illud
1429 4964 1702 5013 mortuum
1806 4949 2060 5004 sericors.

140 5052 368 5108 minem.
1879 5036 2142 5093 XXXVII.
2184 5034 2260 5090 Ne
2313 5034 2661 5090 calumnicris
2734 5034 3010 5090 dominum
3078 5043 3263 5111 tuum,
3325 5050 3397 5093 no

201 5141 379 5200 XXIII.
405 5144 593 5202 Si'bos
610 5142 836 5199 alterius
856 5142 1051 5198 bovem
1080 5138 1461 5199 vulneraverit,
1505 5148 1559 5192 et
1614 5134 1704 5191 ille
1813 5132 2102 5190 maledicas
2127 5129 2353 5216 principi
2388 5128 2567 5197 populi
2598 5126 2694 5181 tui.

142 5243 308 5301 postea
332 5237 619 5304 moriatur,
651 5236 914 5293 vendatur
942 5234 1040 5289 bos
1066 5232 1153 5289 ille
1203 5231 1403 5304 [vivus]
1457 5241 1513 5287 et
1566 5229 1704 5285 divi-
1884 5220 2169 5278 XXXVIII.
2214 5220 2463 5274 Deeintas
2497 5229 2618 5275 tuas
2648 5228 2702 5272 ct
2732 5219 3005 5288 primitias
3050 5226 3170 5273 tuas
3202 5218 3397 5275 ambu-

144 5325 284 5383 datur
304 5331 557 5401 pretium,
586 5344 653 5384 ac
677 5342 807 5383 caro
831 5326 996 5382 etiam
1023 5324 1161 5394 ejus,
1183 5324 1344 5379 sicuti
1368 5334 1424 5379 et
1482 5322 1698 5376 mortui.
1810 5319 1984 5401 Iantes
2000 5326 2062 5401 et
2091 5321 2399 5370 crescentes
2429 5315 2522 5368 dcs
2554 5313 2681 5367 Deo.

147 5414 196 5469 Si
214 5399 454 5475 dominus
477 5428 657 5475 autem
683 5418 904 5474 sciverit
929 5416 1072 5486 quod
1104 5415 1202 5471 bos
1258 5415 1504 5487 petulcus
1540 5421 1704 5477 esset,
1882 5399 2127 5461 XXXIX.
2168 5404 2394 5460 Omnem
2425 5418 2644 5458 carnem
2676 5417 2838 5473 quam
2872 5400 2999 5456 lene
3045 5399 3392 5476 relinquunt,

147 5517 197 5561 et
217 5508 356 5566 illum
382 5526 661 5567 asservare
687 5509 939 5574 noluerit,
964 5510 1055 5563 det
1080 5507 1131 5562 ei
1160 5506 1325 5560 alium
1350 5506 1540 5562 bovem
1565 5503 1709 5559 illius
1809 5516 1917 5557 non
1943 5498 2118 5556 edatis
2141 5539 2157 5565 ,
2182 5498 2278 5554 sed
2304 5495 2445 5552 detis
2474 5495 2622 5551 illam
2650 5494 2896 5550 canibus.

149 5595 273 5662 loco,
297 5611 350 5656 et
379 5603 494 5671 ipse
527 5615 745 5657 omnem
771 5612 991 5655 carnem
1033 5594 1281 5668 [mortui]
1310 5595 1560 5651 retineat.
1881 5589 1996 5647 XL.
2036 5588 2180 5645 Falsi
2225 5586 2463 5644 hominis
2509 5586 2738 5643 verbum
2783 5600 2850 5640 ne
2880 5597 3074 5648 cures,
3126 5597 3227 5639 nec
3275 5599 3399 5671 eum

212 5664 490 5747 XXIVXSI
532 5692 656 5763 quis
700 5664 1160 5746 alteriusbovem
1208 5664 1436 5751 furetur,
1487 5694 1541 5741 et
1583 5701 1707 5743 eum
1811 5682 2115 5749 auscultes,
2148 5694 2325 5751 neque
2348 5678 2519 5751 ipsius
2545 5676 2659 5749 juri
2684 5676 2901 5764 faveas,
2926 5691 3029 5734 nec
3048 5674 3214 5732 ullum
3250 5664 3401 5732 testi-

152 5782 345 5839 oecidat
389 5784 480 5841 vel
519 5785 751 5852 vendat,
802 5789 1115 5854 compenset
1146 5780 1321 5852 ipsum
1370 5780 1609 5847 duobus,
1654 5788 1712 5836 et
1813 5777 2055 5837 monium
2085 5782 2207 5847 post
2243 5787 2371 5829 eum
2406 5770 2583 5829 dicas.
