3898 6320
538 355 637 411 liii

1124 370 1129 375 τ
1235 347 1535 408 APPEND.
1573 350 1670 406 AD
1709 348 1885 407 SEC.
1936 350 2004 405 Χ.
2032 381 2112 399 η-
2151 350 2344 409 MONU
2361 350 2598 408 MENTA
2636 348 3113 408 DIPLOMATICA.

3666 358 3749 416 651

601 466 740 525 XLI.
756 466 834 523 Ne
849 464 1291 538 scquarispopnli
1308 465 1591 521 consilium
1615 479 1862 535 pravum,
1885 473 1940 520 et
1968 464 2131 533 injus-
2155 447 2204 508 Α
2232 472 2424 519 sancto
2450 462 2736 520 videbatur
2762 472 2820 520 et
2863 463 3077 530 nobis,
3104 462 3307 522 nullum
3341 480 3476 525 onus
3508 470 3640 528 vobis
3671 475 3750 531 im.

536 557 713 613 titiam
746 564 1017 612 amantem
1039 555 1342 611 discursum
1373 553 1512 624 ejus,
1541 563 1596 609 ct
1617 553 1908 609 clamorem
1935 562 2126 610 contra

523 647 618 717 jus
638 657 810 712 tuum,
829 661 931 702 nec
953 646 1005 701 in
1023 644 1258 700 maxime
1280 644 1554 714 insipienti
1580 644 1827 699 doctrina
1852 645 1902 699 ei
1919 641 2125 700 faveas.

603 742 773 798 χωρ
808 741 866 796 Si
915 739 1209 803 offenderis
1255 736 1485 807 alicujus
1530 753 1697 810 pecus
1741 753 1962 803 errans,
1996 738 2128 794 licet

534 834 609 890 sit
633 831 934 890 adversarii
964 832 1037 887 tui
1056 871 1072 897 ,
1099 830 1328 886 reducas
1364 828 1493 884 illud
1522 830 1646 899 ipsi.

597 922 779 978 XLIII.
821 921 1009 978 Judica
1034 935 1249 990 semper
1280 919 1487 988 justum
1505 917 1770 987 judicium
1793 957 1809 985 ,
1838 928 2016 987 neque
2045 917 2125 972 fa-

526 1018 640 1073 cias
688 1015 833 1071 aliud
874 1015 965 1086 jus
1008 1013 1193 1076 diviti,
1242 1010 1675 1082 aliud~pauperi,
1711 1025 1812 1067 nec
1842 1009 1985 1066 aliud
2030 1009 2124 1080 jus

526 1111 706 1165 amico
723 1148 739 1173 ,
770 1117 826 1164 et
850 1107 995 1162 aliud
1020 1104 1243 1161 inimico
1279 1101 1472 1158 facias.

596 1197 778 1253 XLIV.
822 1196 1052 1266 Semper
1081 1193 1251 1248 evites
1278 1191 1646 1246 mendacium.

591 1288 755 1345 XLV.
793 1288 1072 1343 Insontem
1104 1294 1160 1342 et
1189 1284 1537 1339 innocentem
1570 1281 1848 1337 hominem
1879 1290 1948 1336 ne
1978 1278 2118 1335 allii-

530 1396 630 1452 gas
660 1393 924 1450 unquam.

597 1475 781 1530 XLVI.
824 1470 903 1527 Ne
926 1469 1163 1540 accipias
1184 1482 1423 1538 unquam
1446 1464 1888 1535 dona,quoniam
1908 1468 2125 1519 caecant-

446 1542 461 1557 Ι
522 1568 824 1639 saepissime
849 1565 1159 1638 sapientum
1204 1563 1449 1617 virorum
1483 1546 1907 1626 consilium,'et
1948 1559 2117 1614 verba

521 1675 708 1716 eorum
736 1666 1073 1730 pervertunt.

598 1748 806 1805 XLVII.
845 1747 1204 1819 Peregrinum
1236 1753 1293 1801 et
1320 1754 1640 1799 extraneum
1678 1756 1747 1799 ne
1776 1743 2003 1815 patiaris
2034 1742 2116 1797 in-

526 1841 698 1897 scium
725 1840 834 1894 ulla
860 1840 1041 1910 aliqua
1068 1836 1264 1908 injuria
1293 1836 1454 1892 afﬁci.

599 1952 831 2010 XLVIII.
870 1951 948 2009 Ne
986 1953 1183 2024 juretis
1227 1965 1463 2020 unquam
1507 1965 1607 2020 per
1635 1949 1765 2005 deos
1801 1947 2115 2021 gentilium,

533 2057 709 2116 neque
738 2054 960 2115 propter
985 2043 1152 2115 ullam
1199 2056 1313 2097 rem
1344 2042 1610 2096 invocatis
1640 2054 1756 2097 eos.

597 2133 787 2190 XLIX.
831 2133 926 2189 Hae
952 2142 1084 2187 Sunt
1119 2133 1265 2203 leges
1290 2147 1426 2202 quas
1454 2132 1800 2202 omnipotens
1833 2131 1977 2187 Deus
2006 2130 2118 2201 ipse

532 2224 859 2297 loquebatur
890 2225 957 2278 ad
984 2223 1235 2294 Moysen,
1263 2230 1318 2276 et
1355 2222 1519 2290 jussit
1543 2222 1592 2276 ei
1621 2230 1678 2275 ut
1709 2221 2024 2277 custodiret.
2053 2222 2120 2277 Et

524 2325 812 2388 pOSIquam
840 2314 1148 2385 unigenitns
1171 2312 1265 2367 Dei
1290 2312 1460 2366 Filius
1505 2312 1648 2367 Deus
1674 2320 1881 2377 noster,
1908 2312 2012 2366 hoc
2037 2318 2121 2366 est

526 2407 777 2463 Salvator
839 2405 1120 2469 Christus,
1174 2402 1225 2457 in
1277 2403 1466 2458 orbem
1516 2412 1792 2457 terrarum
1845 2400 2115 2466 venisset,

521 2497 738 2553 diccbat
783 2495 928 2567 quod
958 2509 1067 2549 non
1112 2493 1326 2548 venerit
1354 2502 1624 2564 praecepta
1671 2491 1762 2547 illa
1795 2492 2001 2547 violare
2025 2495 2121 2545 aut

519 2589 885 2652 interdicere,
923 2587 1018 2642 sed
1046 2600 1171 2642 cum
1200 2585 1348 2641 omni
1394 2580 1637 2640 bonitate
1669 2581 1913 2655 implere.
1948 2581 2118 2636 Doce-

522 2679 616 2734 bat
640 2678 806 2733 etiam
835 2676 1266 2733 misericordiam
1295 2685 1350 2730 et
1388 2673 1775 2729 humilitatem.
1805 2670 1943 2727 Tum
1990 2679 2119 2740 post

520 2772 829 2843 passionem
860 2786 1044 2837 suam,
1067 2778 1358 2840 antequam
1386 2767 1616 2838 apostoli
1645 2767 1816 2836 ipsius
1845 2764 2113 2819 abiissent

519 2863 575 2920 in
616 2878 805 2920 omnes
848 2871 1025 2920 terras
1064 2863 1296 2928 docere,
1331 2868 1386 2916 et
1429 2876 1553 2917 cum
1596 2860 1773 2916 adhuc
1801 2858 2112 2929 congregati

525 2964 739 3023 essent,
774 2956 974 3012 multos
998 2955 1227 3028 gentiles
1250 2955 1314 3010 ad
1342 2955 1512 3010 Deum
1540 2960 1949 3010 converterunt.
1974 2949 2110 3005 Cum

523 3047 581 3105 bi
635 3063 825 3115 omnes
870 3047 1181 3119 congregati
1233 3055 1446 3110 essent,
1496 3045 1761 3100 miserunt
1804 3042 2009 3113 legatos
2054 3041 2110 3096 in

2225 569 2428 625 ponere
2447 592 2464 623 ,
2490 563 2691 627 praeter
2726 555 2779 612 id
2806 556 2951 627 quod
2975 555 3128 612 vobis
3156 558 3510 616 necessarium
3549 571 3652 617 erat
3670 566 3746 620 ob-

2225 655 2481 712 servata,
2526 645 2782 702 videlicet
2821 648 2927 702 hoc
2954 685 2970 712 ,
3018 656 3081 702 ut
3125 647 3362 705 caveatis
3388 663 3451 704 ne
3476 649 3597 705 illud
3637 656 3750 723 quod

2194 736 2440 793 .diabolo
2488 736 2830 793 immolatum
2878 745 2965 793 est
3014 737 3285 805 adoretis,
3310 746 3363 795 et
3390 740 3678 811 sanguinem
3702 758 3752 800 ac

2223 828 2548 884 suli‘ocatnm
2572 843 2641 885 ne
2664 828 2840 885 edatis
2857 869 2873 894 ,
2905 836 2963 883 et
3007 826 3294 902 [caveatis]
3341 829 3408 884 ab
3434 830 3629 888 occulto
3648 848 3753 891 oon-

2225 925 2413 980 cuhitu
2434 964 2449 990 ,
2472 933 2530 979 et
2556 924 2701 995 quod
2728 922 2894 979 vultis
2914 932 2976 979 ut
3003 923 3097 979 alii
3129 923 3374 980 homines
3401 925 3547 982 vobis
3571 936 3663 981 neu
3689 925 3753 982 fa-

2223 1015 2407 1080 ciant,
2455 1028 2524 1071 ne
2571 1014 2789 1071 faciatis
2836 1014 2976 1069 aliis.
3028 1011 3202 1083 Iinjiis
3246 1015 3423 1071 unica
3464 1014 3589 1088 legis
3624 1019 3755 1073 homo

2220 1108 2536 1164 meminisse
2582 1115 2797 1180 potest,
2830 1117 2891 1162 ut
2918 1107 3214 1177 quemlibet
3252 1108 3397 1179 juste
3434 1107 3652 1178 iudicet,
3678 1127 3754 1167 nec

2222 1215 2360 1272 Opus
2388 1201 2590 1256 habeat
2624 1200 2733 1256 alio
2760 1207 3066 1256 statuorum
3098 1200 3262 1257 libro.
3283 1200 3484 1257 Caveat
3504 1209 3560 1257 ut
3586 1203 3753 1259 nullum

2218 1293 2496 1348 hominem
2520 1290 2729 1363 judicet
2773 1292 2900 1363 quia
2949 1301 3059 1348 non
3101 1292 3250 1357 vult,
3294 1299 3357 1346 ut
3395 1292 3753 1364 ipshmjudicet

2218 1383 2339 1449 ille,
2372 1384 2416 1439 si
2439 1382 2528 1452 jus
2557 1384 2774 1454 aliquod
2806 1384 2860 1438 in
2890 1397 3015 1438 eum
3046 1392 3339 1453 quaereret.
3370 1383 3645 1455 Postquam
3669 1386 3750 1442 hoc

2222 1474 2545 1540 accidisset,
2590 1474 2737 1544 quod
2786 1473 2970 1531 multa
3001 1483 3192 1546 gentes
3233 1475 3436 1533 Christi
3482 1475 3628 1532 ﬁdem
3666 1493 3755 1532 am-

2215 1568 2389 1639 plexa:
2417 1576 2575 1632 sunt,
2609 1575 2740 1623 tunc
2764 1567 2947 1623 multa
2975 1567 3168 1639 synodi
3200 1580 3300 1638 per
3331 1576 3498 1624 totum
3533 1576 3755 1627 terrarum

2214 1659 2406 1714 orbem
2433 1659 2926 1729 congregabantur,
2971 1665 3029 1712 et
3058 1658 3316 1714 similiter
3343 1660 3503 1715 etiam
3545 1675 3635 1731 per
3667 1660 3754 1716 Au-

2221 1750 2418 1820 glicam
2467 1759 2718 1821 gentem,
2766 1759 3051 1820 postquam
3082 1765 3145 1805 ea
3183 1750 3396 1808 Christi
3446 1752 3597 1810 [idem
3638 1768 3757 1810 acce-

2223 1842 2422 1911 pisset,
2470 1852 2782 1898 sanctorum
2814 1840 3198 1913 episcoporum
3245 1858 3315 1899 ac
3361 1842 3585 1899 aliorum
3625 1845 3757 1900 etiam

2220 1933 2513 1990 illustrium
2559 1934 2892 2005 sapientum.
2914 1933 3001 1988 illi
3033 1935 3443 1991 constituerunt
3473 1950 3536 1992 ex
3582 1937 3757 1993 miseri-

2219 2026 2406 2081 cordia
2426 2067 2440 2092 ,
2469 2035 2634 2096 quam
2666 2025 2919 2082 Christus
2947 2027 3133 2082 docuit
3156 2042 3254 2098 pro
3286 2043 3387 2095 eo,
3435 2028 3523 2099 qui
3567 2029 3759 2084 maxime

2217 2118 2511 2185 peccabat,
2540 2118 2682 2186 quod
2708 2117 2984 2188 principes
3025 2119 3213 2173 mundi
3245 2119 3482 2176 debeant
3502 2121 3631 2176 bona
3652 2134 3749 2174 cum

2218 2222 2408 2263 eorum
2435 2209 2592 2264 venia
2623 2209 2829 2281 absque
2855 2211 3110 2280 crimine,
3135 2224 3234 2284 pro
3264 2214 3584 2285 gravissimo
3602 2215 3757 2271 delicto

2220 2303 2715 2376 compensationem
2746 2307 3118 2376 pecuniariam
3147 2306 3358 2374 facere,
3389 2324 3547 2381 quam
3570 2309 3640 2364 illi
3659 2325 3759 2364 con-

2219 2393 2482 2463 stituunt;
2523 2403 2749 2466 excepta
2800 2396 3111 2466 proditione
3174 2398 3425 2466 Domini,
3471 2400 3555 2457 cui
3597 2398 3758 2454 nullam

2220 2485 2655 2542 misericdrdiam
2702 2488 2979 2545 audebant
3029 2490 3351 2564 assignare,
3383 2492 3624 2564 quoniam
3651 2493 3759 2548 Deus

2218 2578 2565 2648 omnipotens
2596 2579 2799 2634 nullam
2832 2594 3074 2652 unquam
3108 2581 3403 2638 constituit
3448 2583 3497 2639 ei
3541 2582 3624 2653 qui
3662 2592 3757 2638 eum

2218 2672 2636 2742 contempserit,
2666 2686 2845 2743 neque
2871 2673 3125 2730 Christus
3170 2675 3289 2730 Dei-
3318 2674 3487 2732 Filius
3512 2675 3659 2731 ullam
3680 2690 3755 2729 un-
3860 2688 3861 2701 ι

2216 2777 2381 2833 quam
2426 2763 2711 2820 exhibebit
2737 2764 2787 2820 ei
2816 2764 2909 2834 qui
2958 2765 3132 2836 ipsum
3179 2766 3235 2821 in
3284 2775 3515 2823 mortem
3556 2764 3754 2821 tradidit.

2218 2853 2467 2923 Etjussit
2497 2855 2784 2910 Dominum
2806 2870 2992 2911 amare
3015 2855 3160 2912 sicut
3183 2857 3449 2928 seipsum.
3473 2857 3536 2913 lii
3558 2858 3696 2929 igitur
3714 2856 3752 2910 in

2217 2944 2405 3000 multis
2453 2945 2675 3017 synodis
2734 2945 2920 3001 multis
2969 2947 3225 3003 humanis
3272 2947 3568 3004 sceleribus
3606 2961 3758 3018 ptenas

2215 3036 2657 3103 constituerunt,
2681 3046 2737 3093 et
2765 3036 2823 3092 in
2853 3037 3040 3094 multis
3067 3039 3426 3110 synodalibus
3461 3036 3604 3095 libris
3628 3038 3758 3095 scribi
3860 3088 3861 3091 η

524 3138 870 3193 Antiochiam
890 3178 905 3204 ,
951 3118 1007 3193 et
1052 3136 1266 3209 Syriam
1288 3177 1303 3200 ,
1334 3144 1389 3190 et
1414 3133 1657 3190 Ciliciam
1678 3175 1694 3200 ,
1721 3132 1926 3189 Christi
1964 3132 2110 3203 leges
2137 3163 2185 3230 Ο
2210 3118 2528 3230 jusserunt:
2558 3130 2652 3186 ubi
2678 3145 2786 3186 una
2817 3129 2901 3186 lex
2922 3166 2938 3197 ,
2976 3131 3064 3187 ubi
3092 3132 3266 3188 altera
3299 3131 3628 3206 [obtineret].
3659 3144 3675 3185 ι

525 3229 746 3287 docere.
778 3229 914 3287 Cum
963 3230 1016 3287 hi
1062 3229 1427 3285 resciscerent
1470 3227 1600 3296 quid
1651 3225 1760 3281 illis
1808 3224 2107 3290 acciderit,

526 3330 657 3376 tunc
700 3321 969 3377 miserunt
1009 3319 1296 3393 epistolam
1326 3319 1394 3373 ad
1446 3318 1588 3374 illos.
1637 3316 1764 3374 Haec
1798 3325 1884 3373 est
1930 3324 2111 3372 autem

522 3411 750 3483 epistola
793 3427 959 3484 quam
1004 3410 1236 3483 apostoli
1291 3408 1578 3466 mittebant
1619 3409 1872 3465 omnibus
1923 3408 2112 3464 Antio-

522 3504 693 3572 chiaa,
724 3514 781 3560 et
826 3504 1031 3576 Syriae,
1078 3511 1135 3560 et
1181 3493 1417 3569 Ciliciae,
1448 3501 1540 3573 qui
1591 3516 1737 3557 nunc
1780 3515 1811 3556 a
1862 3501 2112 3572 gentibus

524 3597 762 3654 ethnicis
791 3597 856 3654 ad
881 3596 1156 3654 Christum
1185 3605 1343 3652 erant
1372 3594 1642 3652 conversi.

602 3708 621 3742 ι
648 3687 890 3761 Apostoli
912 3698 969 3744 et
986 3688 1230 3745 seniores
1253 3685 1452 3744 fratres
1473 3687 1701 3743 salutem
1722 3685 1876 3742 vobis
1895 3678 2106 3756 optant,

522 3790 581 3840 et
623 3798 725 3840 nos
769 3782 922 3840 vobis
958 3783 1305 3847 nuntiamus,
1356 3780 1498 3855 quod
1547 3793 1664 3839 nos.
1697 3781 2104 3848 audiverimus,

521 3883 833 3932 nostrorum
865 3874 1137 3932 sociorum
1185 3875 1392 3945 aliquos
1439 3891 1562 3931 cum
1595 3871 1799 3931 nostris
1841 3871 2105 3929 sermoni-

522 3968 627 4025 bus
655 3969 723 4024 ad
750 3983 845 4024 vos
868 3969 1111 4034 venisse,
1158 3976 1212 4022 el
1260 3982 1355 4022 vos
1403 3966 1653 4021 tristibus
1682 3963 1857 4020 modis
1875 3960 2108 4032 iussisse

520 4060 813 4117 observare
832 4075 894 4117 ea
917 4075 1037 4130 quae
1056 4074 1153 4116 eos
1176 4059 1316 4114 haud
1331 4057 1615 4128 iussimus,
1631 4063 1688 4114 et
1710 4071 1804 4112 vos
1826 4053 2107 4111 seduxisse

519 4153 688 4208 variis
713 4152 1001 4223 praeceptis
1021 4192 1037 4219 ,
1062 4162 1119 4207 et
1144 4152 1355 4206 animas
1376 4156 1589 4206 vestras
1611 4147 1784 4219 magis
1812 4145 2108 4203 labefacta-

2284 3221 2397 3295 Ego
2423 3215 2701 3279 Elfredus
2722 3234 2818 3278 rex
2849 3223 2902 3277 in
2934 3239 3100 3279 unum
3128 3224 3314 3296 colligi
3338 3234 3396 3281 et
3427 3226 3615 3281 litteris
3651 3239 3757 3280 con-

2212 3312 2416 3386 signari
2437 3311 2574 3383 jussi
2606 3313 2776 3369 multa
2801 3321 2990 3370 eorum
3014 3328 3136 3385 qua:
3175 3323 3435 3387 parentes
3482 3314 3639 3374 nostri
3684 3314 3757 3369 o‘b-

2213 3402 2522 3469 servabant,
2555 3417 2676 3474 qua:
2732 3403 2865 3458 mihi
2920 3404 3239 3475 placebant;
3304 3416 3361 3463 et
3408 3407 3571 3463 multa
3609 3418 3756 3462 eorum

2209 3509 2332 3566 qua:
2358 3494 2491 3550 mihi
2518 3509 2625 3551 non
2646 3495 2950 3567 placebant,
2984 3497 3143 3568 rejeci
3163 3513 3289 3555 cum
3314 3501 3608 3572 sapientum
3632 3511 3751 3553 meo-

2208 3600 2331 3641 rum
2366 3585 2614 3653 consilio,
2675 3596 2732 3643 et
2754 3588 2860 3644 alio
2883 3588 3191 3659 modojussi
3213 3592 3520 3660 observari,
3546 3589 3755 3661 quoniam

2207 3690 2315 3731 non
2344 3676 2604 3733 audebam
2660 3686 2871 3735 tentare
2927 3692 3171 3736 meorum
3221 3678 3569 3754 [statuarum]
3616 3679 3755 3747 aliqua

2208 3766 2427 3836 scriptis
2451 3769 2799 3839 consignare.
2839 3768 3013 3826 Porro
3034 3771 3199 3827 etiam
3230 3787 3319 3828 me
3343 3772 3502 3828 latuit
3545 3769 3660 3842 quid
3681 3781 3755 3822 eo-

2208 3858 2619 3930 rumplaeuerit
2647 3861 2755 3919 illis
2776 3862 3051 3934 quinobis
3101 3864 3478 3922 succederent.
3523 3864 3616 3920 Ast
3657 3873 3753 3916 cum

2207 3949 2657 4025 deprehenderim
2679 3953 2795 4010 sive
2825 3954 2878 4010 in
2904 3954 3097 4011 diebus
3133 3955 3241 4011 lure
3263 3957 3484 4029 cognati
3531 3954 3647 4020 mei,
3689 3948 3754 4005 vel

2207 4041 2262 4097 in
2283 4042 2414 4099 θίγω
2442 4043 2767 4102 Merciorum
2796 4046 2959 4118 regis,
2985 4046 3069 4102 vel
3097 4046 3453 4115 Ethelberti,
3474 4048 3561 4119 qui
3584 4038 3751 4117 primus

2204 4136 2473 4208 baptisma
2498 4138 2714 4209 accepit
2750 4140 2805 4194 in
2844 4138 3066 4195 natione
3100 4137 3351 4212 Anglica,
3391 4154 3457 4197 ea
3506 4154 3618 4212 quae
3652 4125 3756 4190 inth

519 4243 666 4298 visse
713 4258 874 4314 quam
937 4242 1286 4297 instruxisse.
1334 4232 1488 4296 Tunc
1554 4217 1868 4310 congregati
1917 4250 2106 4293 sumus

2216 4217 2502 4296 inStissima
2522 4226 2866 4296 videbantur,
2895 4228 3091 4286 exinde
3115 4229 3333 4302 collegi,
3361 4237 3420 4286 et
3438 4228 3633 4299 reliqua
3683 4235 3755 4277 ne.

522 4338 747 4402 prapter
771 4329 906 4396 hoc,
932 4338 989 4386 et
1018 4329 1176 4386 nobis
1201 4330 1455 4385 omnibus
1487 4327 1692 4401 placuit
1719 4327 1940 4383 mittere
1965 4324 2105 4382 Pau-

2205 4321 2368 4395 glexi.
2396 4322 2510 4395 Ego
2537 4320 2815 4378 Elfredus
2845 4322 3197 4378 occiduorum
3221 4321 3500 4379 Saxonum
3522 4336 3629 4384 rex,
3666 4328 3755 4372 om-

521 4418 632 4474 ium
659 4427 715 4476 et
739 4419 1073 4486 Barnabam,‘
1105 4420 1251 4475 viros
1278 4421 1371 4491 qui
1403 4419 1580 4501 parati
1601 4426 1728 4476 sunt
1753 4419 1921 4474 vitam
1948 4426 2104 4475 'suam
2204 4414 2364 4471 nibus
2388 4414 2524 4473 meis
2553 4415 2890 4486 sapientibus
2916 4413 3005 4471 hic
3056 4428 3188 4471 usus
3233 4429 3389 4482 sum;
3433 4422 3490 4471 et
3537 4405 3606 4469 illi
3641 4408 3756 4465 dice-

521 4508 770 4581 linquere
812 4525 915 4582 pro
963 4510 1183 4566 nomine
1214 4496 1450 4566 Domini.
1498 4508 1633 4567 Cum
1682 4507 1787 4565 illis
1832 4508 2103 4564 mittimus
2132 4522 2181 4584 ι)
2204 4508 2356 4573 bant,
2385 4508 2527 4580 quod
2556 4508 2689 4580 ipsis
2717 4508 2968 4565 onmibus
2987 4509 3127 4565 bene
3154 4501 3485 4579 placuerint,
3526 4496 3752 4563 eantob‘

519 4597 714 4656 Judam
761 4608 816 4657 et
860 4599 1065 4669 Silam,
1111 4608 1172 4656 ut
1217 4599 1370 4657 vobis
1421 4600 1565 4657 idem
1610 4599 1817 4656 dicant.
1876 4598 2105 4672 Spiritui

2213 4607 2531 4656 servarentu
2538 4615 2583 4654 1⁸4

940 4791 1307 4884 LEGES
1374 4786 2314 4928 ECCLESIAS'DICIE
2385 4785 2902 4885 ALFREDI
2999 4788 3379 4887 MAGNI

1814 4940 2019 4998 REGIS
2055 4943 2441 5004 ANGLORUM
2461 4976 2478 5014 ,

1559 5033 1618 5095 Ε
1658 5035 1951 5099 civilibus
1991 5037 2125 5099 suis
2166 5038 2314 5103 aliis
2354 5039 2674 5121 decerpat.

936 5132 974 5188 I.
1001 5131 1080 5188 De
1098 5133 1415 5204 juramentis
1437 5143 1486 5189 et
1507 5134 1695 5194 radiis.

593 5226 651 5284 In
674 5226 866 5300 primis
898 5226 1152 5282 docemus
1183 5265 1199 5291 ,
1244 5227 1385 5297 quod
1439 5227 1680 5283 maxime
1740 5227 2109 5285 necessariam

522 5328 629 5386 est,
656 5328 718 5374 ut
741 5316 969 5389 quilibet
993 5317 1541 5386 bomojuramentum
1579 5334 1736 5376 suum
1787 5330 1843 5376 et
1891 5328 2109 5391 pactum

524 5427 679 5468 suum
707 5419 863 5467 caute
884 5410 1155 5467 observet.
1189 5407 1396 5480 Siquis
1450 5411 1504 5466 in
1554 5412 1891 5466 contrarium
1950 5410 2110 5482 hujus

525 5509 745 5557 coactus
758 5501 827 5556 sit
841 5515 938 5570 per
952 5513 1195 5555 errorem
1211 5498 1299 5554 vel
1312 5501 1377 5555 ad
1390 5500 1749 5570 proditionem
1776 5499 2008 5568 Domini,
2026 5501 2112 5558 vel

525 5593 592 5646 ad
608 5591 789 5661 aliqua
803 5590 1002 5661 injusta
1017 5590 1237 5656 auxilia,
1258 5600 1382 5647 tunc
1397 5592 1597 5648 rectius
1617 5601 1703 5649 est
1724 5587 1827 5649 hoc
1859 5593 2113 5648 ementiri

527 5697 689 5753 quam
704 5681 946 5753 implere.
976 5682 1033 5739 Si
1060 5694 1236 5761 autem
1267 5685 1575 5753 paciscatur
1600 5684 1654 5741 id
1681 5686 1824 5756 quod
1837 5685 1885 5740 ei
1906 5685 2111 5757 justum

526 5783 610 5828 est
640 5773 950 5842 pmstandi,
982 5782 1038 5830 et
1075 5773 1205 5830 illud
1250 5775 1698 5849 transgrcdiatur,
1731 5777 1805 5835 de
1838 5777 2113 5835 humiliter

2214 5155 2366 5197 arma
2386 5156 2486 5197 sua
2498 5150 2553 5197 et
2567 5142 2961 5212 possessionem
2977 5150 3129 5198 suam
3146 5140 3338 5198 amicis
3354 5133 3698 5198 sulstenenda,
3709 5134 3751 5187 el

2214 5231 2286 5287 sit
2305 5230 2663 5303 quadraginta
2678 5231 2792 5288 dies
2804 5230 2856 5286 in
2872 5244 3094 5287 carcere
3107 5232 3162 5288 in
3177 5231 3483 5304 regisurbe,
3495 5228 3580 5284 ubi
3601 5235 3751 5296 passm

2215 5338 2311 5379 rus
2321 5323 2479 5380 sicuti
2499 5323 2784 5396 episcdpus
2805 5323 2854 5380 ei
2876 5322 3214 5394 imposuerit,
3231 5331 3285 5380 et
3306 5322 3518 5396 cognati
3539 5319 3641 5388 ejus
3668 5326 3748 5369 nu-

2216 5413 2383 5468 triant
2403 5413 2603 5484 ipsum,
2628 5414 2674 5470 si
2702 5413 2820 5485 ipse
2844 5414 3045 5470 victum
3068 5429 3177 5470 non
3201 5413 3431 5478 habeat;
3462 5411 3506 5467 si
3530 5411 3750 5479 cognatos

2214 5520 2322 5562 non
2350 5507 2565 5574 habeat,
2590 5505 2676 5563 vel
2706 5515 2834 5563 tunc
2855 5507 3034 5564 cibum
3057 5522 3163 5563 non
3190 5506 3409 5573 habeat,
3450 5501 3587 5573 regis
3635 5505 3745 5567 pr!-

2211 5599 2418 5668 positus
2444 5612 2568 5654 eum
2595 5597 2819 5654 nutriat.
2844 5597 2902 5654 Si
2927 5598 2995 5654 ad
3023 5598 3077 5655 id
3097 5599 3217 5672 cogi
3244 5604 3524 5669 oporteat,
3551 5600 3601 5647 et
3621 5583 3747 5641 alileli

2211 5686 2367 5753 nolit,
2399 5688 2444 5743 si
2474 5688 2761 5753 vinciatur,
2796 5688 2985 5759 perdat
3013 5703 3165 5744 arma
3186 5703 3282 5745 sua
3336 5696 3392 5743 et
3419 5679 3745 5741 hereditatem

2213 5792 2389 5834 stram.
2421 5777 2482 5836 Si
2505 5779 2810 5851 occidatur,
2829 5779 3011 5852 jaceat
3029 5779 3252 5839 inultus.
3291 5776 3352 5836 Si
3373 5771 3600 5845 subiciat
3643 5762 3745 5819 οη.
