3898 6320
105 367 194 423 £55

794 355 1384 426 ANGLO-CAXONUM
1415 360 1655 427 nucum
1681 370 1902 427 LEGES
1938 369 2515 428 ECCLESIAS'I’ICAS.

3223 383 3330 440 455

106 473 451 538 terminum,et
476 473 940 544 apprehendatur,
987 479 1061 534 sit
1109 481 1467 552 quadraginta
1529 484 1644 538 dies
1672 471 1716 530 A
1749 482 1954 551 templi,
1986 482 2079 549 qui
2124 482 2412 538 monialcm
2446 483 2630 540 habet.
2678 482 2735 540 Si
2781 484 2894 554 ipsa
2940 485 3141 542 diutius
3183 489 3332 545 vivat

103 564 147 618 in
166 579 382 629 carcere,
406 572 462 617 ut
483 575 604 619 ante
628 564 902 622 debuerat.
939 569 997 625 Si
1024 579 1206 627 autem
1261 574 1516 637 evaserit,
1573 575 1644 630 sit

103 653 228 709 exsul
249 661 297 707 et
316 655 808 711 exeommunicatus
833 659 900 713 ab
927 660 1178 716 omnibus
1221 660 1420 716 Christi
1471 663 1640 717 eccle-

102 744 196 798 siis.
225 743 274 798 Si
297 753 416 799 tunc
434 744 654 802 alterius
684 749 921 804 hominis
951 749 1234 820 ﬁdejussor
1254 754 1344 817 sit,
1393 755 1648 810 emendet

101 836 318 890 violatam
339 836 515 900 ﬁdem,
547 840 702 895 sicuti
733 842 781 895 ei
796 841 1001 911 justum
1029 845 1204 899 visum
1239 846 1372 908 erit,
1399 855 1453 900 et
1503 845 1646 916 pacti

102 924 400 991 fractionem,
425 927 582 984 sicuti
610 931 888 988 confessor
914 932 1030 1002 ejus
1061 936 1111 990 ei
1137 937 1481 992 indicaverit.

238 1017 298 1074 II.
326 1018 402 1074 De
422 1021 636 1092 refugiis
658 1025 727 1076 ad
751 1024 940 1096 templa
969 1026 1096 1098 (LL.
1137 1026 1266 1082 Sax.
1298 1043 1347 1084 c.
1395 1028 1474 1098 2).

157 1109 342 1180 Siquis
365 1112 431 1164 ad
454 1112 697 1169 ecclesia:
752 1117 1086 1173 mansionem
1140 1133 1238 1188 pro
1287 1118 1646 1188 qualicunque

101 1200 230 1272 culpa
253 1201 567 1274 confugerit,
599 1221 720 1276 qua:
749 1209 816 1263 ad
845 1210 988 1281 regis
1015 1212 1227 1267 firmam
1255 1211 1337 1266 vel
1367 1211 1526 1266 aliam
1575 1212 1644 1266 li-

99 1292 248 1347 beram
292 1292 550 1350 familiam
599 1297 917 1355 honoratam
983 1317 1089 1358 non
1137 1303 1393 1374 pertinet,
1447 1304 1646 1359 haheat

100 1385 232 1440 trium
258 1387 460 1442 dierum
489 1391 777 1446 terminum
802 1408 861 1447 se
887 1393 960 1449 ibi
992 1395 1379 1460 abscondendi,
1412 1397 1514 1451 nisi
1566 1413 1646 1452 re-

98 1476 334 1531 conciliari
356 1478 608 1534 voluerit.
659 1479 716 1536 Si
767 1483 889 1553 quis
945 1484 1121 1554 ipsum
1171 1486 1222 1540 in
1259 1485 1362 1541 hoc
1411 1486 1644 1543 termino

98 1565 409 1622 inlirmaverit
437 1571 772 1640 verberibus,
807 1575 889 1629 vel
921 1575 1170 1642 vinculis,
1200 1577 1284 1632 vel
1306 1578 1639 1645 vulneribus,

98 1660 305 1716 emendet
332 1662 611 1731 quodlibet
637 1680 822 1720 eorum
853 1668 1258 1738 secundumjus
1286 1671 1500 1740 patriae,
1532 1680 1642 1727 tam

98 1753 252 1822 capitis
269 1755 628 1814 :cStimatione
651 1773 812 1828 quam
845 1774 1034 1829 paena;
1082 1771 1138 1816 et
1177 1763 1422 1819 ecclesia:
1478 1765 1640 1819 mini-

98 1843 198 1898 stris
219 1854 424 1901 centum
444 1847 639 1918 viginti
668 1823 871 1906 solidos
890 1867 989 1922 pro
1010 1823 1336 1911 infractione
1359 1857 1509 1926 pacis
1548 1874 1639 1914 ec-
1673 1823 1714 1884 Β

97 1933 369 1993 clesiasticas
395 1950 731 2011 compenset,
754 1951 809 1998 et
831 1944 968 1999 bona
997 1944 1115 2013 ejus
1143 1949 1641 2017 apprehendantur.

175 2028 248 2085 Ill.
303 2030 379 2087 De
419 2032 704 2090 violatione
730 2037 1013 2093 vadimonii
1038 2037 1166 2110 (LL.
1196 2040 1325 2095 Sax.
1355 2057 1404 2097 c.
1433 2041 1510 2114 3).

151 2121 195 2176 Si
218 2124 329 2192 quis
359 2123 760 2195 ﬁdejussioncm
790 2129 902 2200 regi
933 2128 1135 2184 factam
1163 2130 1473 2198 violaverit,
1493 2149 1644 2189 com-

99 2226 250 2282 penset
271 2216 521 2288 iniuriam
551 2218 710 2286 hanc,
740 2221 880 2275 sicut
910 2221 958 2275 ei
988 2220 1128 2292 [sciL
1155 2222 1296 2296 regi]
1326 2234 1532 2280 rectum
1564 2225 1645 2280 vi-

100 2309 287 2373 debitur,
310 2319 363 2364 et
386 2310 737 2367 violationem
794 2312 1160 2384 ﬁdejussionis
1204 2318 1444 2387 quinque
1491 2318 1644 2376 libris

99 2397 216 2454 bona:
240 2411 475 2456 monetm.
513 2400 874 2459 Violationem
930 2405 1054 2461 ﬁdei
1105 2407 1512 2480 archiepiscopo
1567 2411 1645 2464 fa-

100 2492 322 2556 ctam,ch
347 2493 495 2562 pacis
521 2493 868 2551 violationem
896 2498 1146 2553 emendet
1202 2499 1334 2572 [ille]
1384 2517 1443 2555 ιιι
1469 2501 1641 2558 libris.

99 2583 294 2642 Alterius
314 2588 577 2658 episcopi,
631 2589 716 2644 vel
769 2592 1037 2648 senatoris
1086 2591 1267 2649 ﬁdem.
1319 2593 1404 2650 vel
1455 2610 1642 2651 pacem

100 2674 306 2732 violatam
327 2680 584 2734 emendet
607 2695 645 2734 ιι
673 2679 842 2736 libris.

205 2768 284 2824 IV.
321 2770 398 2826 De
431 2789 570 2842 pace
596 2772 952 2829 ecclesiastica
980 2775 998 2848 (
1023 2769 1131 2830 LL.
1161 2775 1292 2832 Sax.
1322 2792 1372 2832 c.
1404 2776 1496 2849 5).

150 2856 446 2918 Ordinamus
488 2862 658 2917 etiam
707 2863 932 2921 cuilibet
979 2865 1228 2922 ecclesiae
1274 2867 1343 2922 ab
1387 2868 1643 2938 episcopo

102 2963 386 3011 consecrata:
452 2971 650 3026 pacem
702 2958 867 3014 hanc.
925 2957 981 3016 Si
1026 2961 1150 3030 quis
1194 2958 1534 3016 facinorosos
1575 2964 1643 3017 ad

101 3056 190 3098 eam
233 3057 406 3103 currat
454 3048 549 3103 vel
599 3048 906 3121 confugiat,
963 3061 1023 3106 ut
1059 3067 1218 3109 nemo
1272 3053 1446 3123 ipsum
1500 3055 1644 3109 intra

102 3147 264 3205 septem
311 3141 422 3196 dies
472 3140 607 3196 inde
653 3142 930 3198 extrahat.
987 3142 1045 3199 Si
1097 3144 1219 3216 quis
1265 3145 1369 3200 hoc
1415 3143 1640 3211 fecerit,
1671 3191 1715 3252 Ο

102 3241 194 3283 reus
231 3230 294 3284 sit
337 3231 654 3286 violationis
698 3233 852 3303 pacis
893 3233 1054 3306 regite
1089 3243 1143 3290 et
1183 3234 1442 3291 Ecclesia:
1479 3234 1640 3307 (ma-

102 3313 207 3380 ioris
236 3320 488 3388 criminis,
533 3321 579 3376 si
628 3321 809 3393 plures
857 3323 1055 3378 exinde
1096 3326 1380 3395 rapuerit)
1431 3327 1476 3381 si
1531 3341 1644 3396 pra:

100 3405 208 3465 fame
246 3413 415 3470 vivere
459 3413 658 3485 possit,
697 3413 803 3469 nisi
833 3414 946 3485 ipse
980 3415 1120 3471 viam
1151 3417 1204 3471 vi
1233 3417 1532 3488 aperuerit.
1585 3419 1644 3476 Si

104 3501 246 3560 δεὐὶιυὶ
273 3507 440 3578 magis
475 3522 618 3578 opus
644 3507 882 3564 habeant
907 3508 1137 3565 ecclesia
1182 3525 1299 3578 sua,
1337 3511 1646 3568 custodiant

100 3605 192 3649 eum
219 3596 265 3653 in
315 3599 420 3656 alia
477 3600 666 3667 domo,
723 3615 846 3672 quas
893 3616 1003 3657 non
1055 3601 1256 3658 habeat
1301 3603 1456 3672 plura
1505 3604 1646 3659 ostia

101 3699 224 3754 quam
276 3692 532 3751 ecclesia.
599 3693 803 3750 Caveat
854 3692 1100 3751 ecclesia:
1153 3692 1295 3749 illius
1339 3695 1540 3760 senior,
1587 3701 1648 3751 ut

102 3777 137 3830 ei
181 3780 304 3838 intra
332 3785 433 3842 hoc
459 3785 703 3858 spatium
738 3785 918 3842 cibum
963 3801 1069 3841 non
1119 3786 1376 3854 praebeat.
1419 3785 1476 3841 Si
1525 3786 1648 3857 quis

102 3873 388 3940 capientibus
416 3896 548 3937 eum
582 3895 736 3936 arma
780 3895 876 3936 sua
917 3879 1206 3936 extradere
1231 3880 1416 3946 vellet,
1465 3889 1647 3936 custo-

105 3962 221 4021 diant
257 3968 427 4041 ipsum
470 3971 698 4044 triginta
748 3970 902 4037 dies,
949 3979 1006 4026 et
1049 3971 1200 4026 illum
1243 3969 1488 4042 cognatis
1533 3970 1647 4026 suis

103 4051 307 4115 oﬁerant.
337 4061 450 4118 Pax
502 4061 761 4118 Ecclesia:
789 4063 953 4118 etiam
984 4071 1088 4126 est,
1119 4062 1166 4117 si
1211 4062 1335 4133 quis
1371 4061 1438 4116 ad
1467 4061 1644 4117 eccle-

103 4143 208 4201 siam
254 4153 558 4226 confugerit
603 4169 704 4226 pro
757 4155 954 4211 delicto
982 4195 997 4222 ,
1068 4156 1416 4226 quod'antea
1464 4161 1647 4210 tamen

102 4238 381 4300 Patefactum
425 4259 540 4301 non
588 4253 728 4311 erat,
771 4255 827 4301 et
865 4245 995 4301 illud
1050 4245 1124 4301 ibi
1167 4245 1222 4300 in
1283 4244 1382 4300 Dei
1425 4245 1647 4302 nomine

103 4323 312 4398 fateatur,
339 4336 623 4392 dimidium
651 4351 827 4406 pinnae
854 4337 902 4394 ei
932 4339 1285 4394 condonetur.

311 4428 374 4484 V.
414 4429 498 4484 De
537 4429 810 4501 sacrilegio
848 4431 996 4498 (LL.
1037 4433 1168 4486 Sax.
1201 4447 1253 4487 c.
1289 4431 1366 4503 6).

153 4509 337 4586 Siquis
379 4520 434 4575 in
492 4521 692 4592 templo
739 4521 942 4592 aliquid
991 4521 1224 4588 furetur,
1275 4522 1453 4578 solvat
1497 4521 1648 4578 valo-

101 4613 207 4670 rem,
247 4619 298 4664 et
335 4613 562 4667 multam
607 4629 730 4684 qure
758 4615 825 4669 ad
859 4614 1101 4671 valorem
1140 4616 1416 4686 pertinere
1446 4624 1646 4687 potest,

101 4701 143 4747 et
165 4713 336 4759 manus
376 4706 428 4761 ei
478 4703 856 4772 abscindatur,
889 4721 994 4778 qua
1026 4723 1148 4763 cum
1199 4708 1304 4764 hoc
1351 4709 1644 4764 commisit.

101 4781 146 4840 Si
182 4806 379 4850 manum
429 4796 703 4853 redimere
749 4797 898 4864 velit,
948 4805 1004 4854 et
1037 4799 1140 4855 hoc
1180 4799 1232 4854 ei
1272 4799 1644 4870 permittatur,

101 4872 238 4933 solvat
276 4881 328 4936 id
368 4885 516 4954 quod
557 4885 626 4940 ad
669 4887 864 4958 capitis
903 4887 1021 4958 ejus
1067 4887 1483 4945 aestimationem
1525 4905 1650 4961 per-

104 4963 232 5023 tinet.
271 4971 325 5029 Si
373 4977 499 5045 quis
542 4976 754 5034 furetur
781 4977 870 5034 die
918 4979 1203 5035 Dominico
1245 4981 1333 5037 vel
1368 4981 1507 5038 festo
1543 4997 1644 5038 nae

102 5055 290 5119 tiritatis
332 5064 555 5133 Christi,
607 5069 696 5125 vel
740 5065 1047 5144 Paschate,
1111 5072 1199 5127 vel
1247 5071 1390 5128 festo
1431 5073 1642 5130 Ascen-

101 5150 240 5212 sionis
276 5160 501 5228 Domini,
539 5163 629 5219 vel
674 5164 863 5220 diebus
888 5164 1245 5230 lustrationis,
1295 5165 1542 5222 volumus
1585 5174 1648 5222 ut

103 5245 260 5302 eodem
303 5252 461 5308 modo
511 5253 730 5325 duplum
780 5255 976 5321 solvat,
1019 5271 1084 5312 ac
1120 5255 1274 5313 festis
1325 5256 1644 5331 Quadrage—

103 5345 243 5394 811118.
669 5369 673 5372 ·
1200 5366 1208 5373 '

105 5421 173 5484 Vl.
205 5432 276 5490 De
296 5453 356 5493 eo
385 5442 473 5510 qui
501 5441 780 5498 monialcm
807 5442 1045 5585 ιὲςωριο
1071 5442 1312 5498 eduxerit
1340 5443 1484 5516 (LL.
1513 5444 1643 5501 Sax.

759 5529 810 5568 c.
906 5553 920 5568 .

759 5529 810 5568 C.
841 5529 920 5568 ὅ).

161 5613 210 5717 Si
241 5623 358 5690 quis
388 5626 674 5682 monialcm
722 5643 754 5682 e
799 5626 997 5699 templo
1033 5627 1213 5683 educit
1244 5627 1449 5698 absque
1491 5628 1648 5686 venia

106 5713 224 5776 tegis
256 5713 337 5768 vel
381 5719 635 5789 episwpi,
682 5720 858 5775 solvat
905 5731 1122 5775 centum
1175 5720 1367 5790 viginti
1410 5720 1642 5775 solidos:

109 5793 354 5860 dimidium
401 5811 534 5884 regi,
583 5811 869 5869 dimidium
917 5812 1192 5884 episcopo,
1248 5826 1312 5890 ac
1357 5812 1648 5883 praeposito

1745 591 1907 645 quam
1941 575 2028 629 ille
2063 575 2153 644 qui
2189 577 2356 646 ipsam
2388 575 2596 642 eduxit,
2646 576 2779 634 nihil
2810 592 2872 633 ea
2903 577 2968 633 de
3014 579 3332 635 hereditate

1746 666 1863 734 ejus
1891 666 2108 721 habeat.
2157 666 2213 721 Si
2259 666 2518 722 infantem
2563 670 2952 737 procreaverit,
2983 685 3090 724 non
3136 673 3332 727 haheat

1731 759 1864 829 plus
1923 761 1988 813 de
2039 759 2356 814 hatreditatc
2410 760 2576 830 ipsius
2624 777 2787 830 quam
2847 771 3021 818 mater
3077 761 3214 834 ejus.
3271 762 3330 819 Si

1745 853 1928 908 infans
1985 855 2130 909 illius
2172 855 2471 920 occidatur,
2526 856 2771 910 solvatur
2817 857 2929 928 regi
2977 871 3103 926 pars
3156 871 3332 927 pmnae

1745 961 1866 1015 quae
1898 953 2158 1000 maternae
2185 945 2492 1017 cognationi
2521 946 2770 1013 debetur,
2802 947 2974 1018 patris
3011 947 3331 1019 parentibus

1745 1052 1872 1108 pars
1901 1037 2060 1091 detur
2087 1037 2278 1091 altera.

1907 1129 2016 1183 V'll.
2055 1127 2134 1181 De
2165 1127 2576 1196 fornicatoribus
2609 1128 2755 1200 (LL.
2787 1128 2919 1184 Sax.
2953 1144 3003 1184 c.
3037 1129 3148 1196 I0).

1816 1218 1871 1274 Si
1905 1220 2025 1289 quis
2061 1235 2176 1274 rem
2214 1220 2411 1273 habeat
2444 1234 2569 1274 cum
2613 1220 2906 1277 duodecies
2951 1229 3166 1276 centum
3200 1219 3331 1275 solio

1745 1310 1936 1366 dorum
1969 1311 2205 1366 hominis
2239 1324 2429 1374 uxore,
2459 1319 2675 1365 centum
2715 1311 2905 1382 viginti
2934 1311 3134 1368 solidos
3159 1312 3335 1367 solvat

1743 1417 1842 1471 pro
1868 1392 2228 1456 {estimatione
2272 1401 2488 1471 capitis.
2523 1403 2850 1458 Sexcentum
2882 1403 3178 1459 solidorum
3231 1406 3331 1459 ho-

1745 1491 1908 1545 minis
1963 1502 2181 1545 centum
2251 1491 2444 1546 solidis
2504 1492 2780 1546 emendet.
2850 1490 3036 1547 Coloni
3101 1493 3336 1561 quadra-

1743 1580 1893 1648 ginta
1939 1579 2144 1634 solidis.
2209 1579 2277 1634 Et
2327 1582 2430 1635 hoc
2493 1581 2546 1634 in
2594 1580 2796 1636 viventi
2850 1581 3192 1651 possessione
3235 1596 3333 1650 pe-

1742 1671 1901 1726 cunia
1979 1679 2376 1742 componatur,
2447 1681 2504 1727 et
2575 1672 2755 1728 nullus
2821 1673 2985 1728 homo
3048 1681 3339 1743 propterea

1743 1764 2029 1819 vendatur.

2472 1853 2605 1910 VIII.

1816 1943 1876 2001 St
1934 1945 2058 2015 quis
2118 1944 2294 2000 coloni
2354 1945 2543 2000 uxoris
2614 1943 2882 2002 mamillas
2941 1945 3336 2012 attrectaverit,

1746 2037 1993 2108 quinque
2036 2036 2221 2093 solidis
2266 2037 2314 2091 ei
2341 2037 2684 2093 emendetur.
2726 2037 2783 2092 Si
2808 2045 3117 2108 prosternat
3158 2053 3278 2092 eam
3306 2079 3322 2104 ,

1745 2143 1848 2184 nec
1896 2145 2012 2185 rem
2064 2145 2188 2184 cum
2229 2129 2319 2184 illa
2353 2129 2574 2197 habeat,
2626 2130 2812 2186 decem
2847 2130 3034 2186 solidis
3067 2130 3338 2186 emendet.

1744 2217 1802 2274 Si
1835 2235 1948 2274 rem
1989 2235 2112 2274 cum
2161 2218 2247 2274 illa
2295 2221 2509 2287 habeat,
2552 2221 2831 2292 sexaginta
2860 2223 3046 2279 solidis
3081 2237 3337 2291 compen-

1744 2320 1848 2366 set.
1881 2311 1938 2367 Si
1979 2312 2118 2368 alius
2164 2313 2248 2367 vir
2276 2329 2401 2368 cum
2450 2313 2565 2383 ipsa
2605 2315 2757 2384 prius
2805 2315 2991 2381 coivit,
3047 2314 3331 2370 dimidium

1743 2397 1903 2471 hujus
1949 2400 2021 2456 sit
2064 2401 2394 2457 emendatio.
2454 2401 2515 2457 Si
2571 2403 2693 2474 quis
2752 2402 2901 2458 illum
2955 2411 3193 2467 accuset,
3243 2417 3343 2456 cx-

1744 2499 1900 2547 cuset
1947 2493 2051 2549 hoc
2103 2493 2385 2560 sexaginta
2440 2493 2620 2564 hydis,
2674 2493 2760 2549 vel
2809 2495 3002 2565 perdat
3051 2493 3336 2548 dimidium

1745 2584 2166 2643 emendationis.
2241 2584 2298 2639 Si
2373 2584 2602 2641 illustris
2673 2584 2892 2640 familiae
2972 2584 3170 2640 marito
3233 2583 3338 2638 hoc

1741 2675 1976 2743 accidat,
2003 2677 2316 2732 emendatio
2341 2693 2442 2747 pro
2470 2677 2662 2747 capitis
2701 2677 3062 2733 azstimatione
3099 2683 3335 2732 crescat.

2028 2773 2120 2828 IX.
2163 2772 2240 2827 De
2265 2774 2454 2844 pugnis
2488 2773 2634 2844 (LL.
2669 2773 2800 2828 Sax.
2830 2788 2878 2827 c.
2914 2773 3027 2842 15).

1817 2861 1875 2917 Si
1923 2862 2045 2934 quis
2092 2877 2276 2918 coram
2325 2864 2738 2934 archiepiscopo
2785 2873 3006 2936 pugnet,
3055 2863 3135 2919 vel
3183 2878 3339 2918 arma

1745 2956 1996 3026 stringat,
2043 2966 2261 3012 centum
2307 2957 2698 3029 quinquaginta
2752 2957 2938 3014 solidis
2967 2956 3236 3013 emendet.
3275 2956 3338 3012 Si

1746 3063 1932 3104 coram
1995 3047 2101 3102 alio
2149 3049 2402 3118 episcopo
2463 3049 2550 3104 vel
2612 3055 2868 3104 senatore
2920 3048 3023 3104 hoc
3084 3047 3337 3114 accidat,

1745 3148 1964 3194 centum
1991 3138 2178 3195 solidis
2203 3139 2473 3194 emendet.

1785 3229 1854 3285 Χ.
1897 3229 1973 3284 De
2012 3231 2420 3286 contrectatione
2461 3232 2706 3288 monialis
2750 3230 2901 3302 (LL.
2931 3229 3060 3286 Sax.
3095 3246 3144 3285 c.
3180 3229 3290 3301 18).

1823 3323 1879 3378 Si
1907 3323 2031 3394 quis
2063 3323 2354 3379 monialcm
2400 3323 2778 3380 fornicationis
2804 3341 2989 3392 causa,
3018 3325 3103 3381 vel
3131 3335 3340 3381 restent

1745 3413 1885 3485 ejus,
1929 3414 2016 3471 vel
2048 3417 2213 3472 ubera
2243 3415 2381 3487 ejus,
2411 3418 2617 3488 absque
2647 3419 2817 3487 ipsius
2857 3418 3074 3474 licentia
3115 3429 3337 3474 contre-

1747 3507 2000 3574 ctaverit,
2040 3507 2262 3580 duplum
2309 3517 2650 3578 compenset,
2698 3510 2841 3565 sicut
2882 3518 3041 3566 antea
3077 3510 3144 3566 de
3186 3510 3341 3566 laicis

1750 3597 2101 3666 iniunximus.

1749 3712 1841 3769 XI.
1880 3712 1960 3768 De
2006 3729 2066 3769 eo
2107 3715 2199 3786 qui
2243 3715 2513 3839 monérchis
2559 3730 2830 3855 ﬂammam
2878 3715 3144 3770 concredit
3183 3714 3332 3785 (LL.

2396 3801 2483 3838 ax.
2512 3800 2562 3840 c.
2697 3823 2710 3837 .

2396 3801 2483 3838 21X.
2512 3800 2562 3840 ο.
2595 3800 2710 3840 Ζυ).

1824 3875 1882 3933 Si
1934 3877 2058 3948 quis
2108 3876 2336 3932 alterius
2381 3876 2652 3932 monacho
2703 3875 2988 3947 pecuniam
3048 3876 3342 3931 concredat

1751 3969 1955 4040 absque
2010 3970 2282 4040 praepositi
2344 3968 2663 4024 monasterii
2715 3967 2898 4033 venia,
2955 3976 3010 4023 et
3058 3982 3176 4022 eam
3236 3967 3339 4036 ipsi

1750 4060 2017 4126 amiserit,
2064 4059 2200 4114 nihil
2248 4057 2376 4114 inde
2423 4058 2652 4130 recipiat
2701 4056 2795 4128 qui
2843 4070 2966 4113 eam
3008 4056 3160 4126 prius
3204 4069 3334 4126 pos-

1749 4152 1911 4208 sedit.

1852 4242 1969 4300 XII.
2006 4241 2086 4298 De
2113 4242 2444 4298 sacerdota»:
2469 4258 2644 4313 pugna
2677 4239 2823 4312 (LL.
2853 4237 2984 4296 Sax.
3017 4251 3068 4296 c.
3097 4239 3215 4310 Ἣ).

1820 4336 1880 4393 Si
1922 4336 2179 4393 sacerdos
2218 4335 2452 4406 aliquem
2484 4335 2721 4400 occidat,
2763 4333 3015 4403 capiatur
3041 4348 3204 4388 omne
3231 4345 3342 4402 quo

1748 4427 2087 4484 mansionem
2131 4425 2233 4482 sibi
2282 4425 2446 4491 emit,
2493 4431 2550 4480 et
2595 4426 2882 4495 episcopus
2933 4427 3110 4495 ipsum
3158 4425 3336 4480 sacris

1749 4519 2034 4575 ordinibus
2063 4526 2246 4578 exuat,
2285 4525 2411 4571 tunc
2449 4515 2518 4571 ab
2566 4516 2795 4574 ecclesia
2839 4517 3183 4582 extradatur,
3236 4510 3342 4570 nisi
3393 4531 3398 4535 ·

1749 4609 2005 4666 dominus
2033 4607 2226 4678 capitis
2266 4606 2626 4664 aestimatione
2666 4606 2882 4662 veniam
2921 4605 2998 4662 illi
3046 4606 3343 4676 impetrare

1749 4699 2006 4756 voluerit.

2029 4789 2166 4848 XIII.
2209 4787 2287 4846 De
2309 4800 2493 4862 stupro
2517 4785 2668 4864 (LL.
2711 4789 2840 4846 Sax.
2875 4804 2925 4845 c.
2956 4789 3074 4860 25).
3171 4801 3174 4804 '

1822 4881 2024 4953 Siquis
2063 4882 2239 4938 coloni
2271 4881 2601 4952 mancipium
2648 4880 2716 4936 ad
2744 4889 2992 4950 stuprum
3044 4879 3344 4936 commine-

1751 4983 1859 5040 tur,
1901 4976 2142 5044 quinque
2170 4972 2360 5030 solidis
2399 4971 2595 5029 colono
2637 4970 2909 5036 emendet,
2949 4979 3005 5026 et
3049 4969 3339 5041 sexaginta

1751 5069 1942 5126 solidis
1976 5069 2162 5124 multa:
2203 5067 2342 5123 loco.
2379 5058 2448 5122 Si
2485 5081 2676 5122 servus
2719 5078 2936 5120 servam
2976 5063 3043 5118 ad
3091 5072 3341 5132 stuprum

1752 5161 2016 5234 coegerit,
2059 5167 2377 5232 compenset
2414 5160 2520 5214 hoc
2561 5158 2715 5228 virga
2760 5170 2859 5210 sua
2901 5152 3067 5208 virili.
3115 5152 3172 5207 Si
3216 5151 3341 5222 quis

1751 5254 1988 5325 puellam
2019 5261 2218 5307 tenera:
2240 5251 2419 5305 aetatis
2444 5250 2512 5304 ad
2536 5249 2784 5304 illicitum
2805 5245 3154 5303 concubitum
3185 5254 3340 5295 coma

1757 5347 2017 5410 minetur,
2049 5343 2239 5398 eodem
2279 5341 2440 5396 modo
2468 5339 2722 5412 puniatur
2757 5352 2865 5410 quo
2898 5335 2984 5391 ille
3025 5334 3117 5404 qui
3147 5329 3342 5386 adulta:

1751 5453 1923 5496 servae
1951 5437 2052 5494 hoc
2078 5435 2286 5492 fecerit.

1691 5533 1698 5536 -
1753 5552 1895 5613 XIV.
1921 5554 1997 5610 De
2021 5571 2079 5612 eo
2105 5553 2195 5632 qui
2213 5552 2287 5632 με
2312 5551 2567 5632 aliqua}?
2597 5548 2704 5632 Dleo
2729 5543 3028 5632 prws’t‘q‘nda
3055 5556 3154 5632 pro
3175 5537 3340 5592 altera

2096 5615 2416 5694 ﬁdejusserit
2450 5620 2596 5693 (LL.
2629 5615 2757 5673 Sax.
2787 5632 2834 5671 c.
2865 5615 2980 5684 ‘29).

1829 5717 1886 5774 Si
1931 5717 2054 5788 quis
2095 5713 2458 5784 ﬁdejussionis
2499 5713 2610 5768 Deo
2660 5726 2759 5782 pro
2802 5708 2973 5764 altero
3022 5700 3344 5776 praestanda:

1758 5820 2044 5868 accusatus
2068 5808 2252 5875 fuerit,
2280 5817 2336 5865 et
2355 5803 2684 5877 compellare
2712 5800 2941 5860 voluerit
2965 5797 3108 5870 quod
3135 5789 3339 5864 aliquid
