3898 6320
105 374 192 434 ιδῚ
797 370 1398 434 ANGLO-SAXONUM
1427 371 1670 433 REGUM
1696 373 1918 432 LEGES
1939 369 2517 434 ECCLESIASTICE.

3176 354 3181 361 ’
3232 352 3338 430 I58

107 485 294 549 LEGES
326 484 867 547 ECCLESIASTICIE
908 491 1208 548 ALFIIEDI
1245 493 1335 549 ET
1374 492 1643 551 GUTIIU-
1668 472 1715 533 Α
1746 490 1837 547 feil
1883 491 1960 563 (4)
2013 498 2361 564 superleneat
2385 531 2400 555 ,
2452 487 2645 545 reddat
2714 484 2933 543 lasltlite
2991 498 3113 543 cum
3156 484 3337 558 Dacis,

626 581 768 638 RINI
803 581 941 641 REG
951 584 1069 642 ΗΜ.

159 673 194 732 1.
227 672 280 731 In
312 672 492 746 primis
526 681 612 730 est
640 682 700 730 ut
721 690 889 731 unum
915 679 1087 733 Deum
1116 678 1342 751 diligere
1365 680 1555 749 velint,
1584 688 1644 739 et

102 766 222 825 omni
254 768 555 839 paganismo
585 767 773 825 sedulo
802 770 1137 828 renuntiare.
1183 772 1247 828 Et
1281 772 1641 832 instituerunt

100 857 371 917 saecularem
410 858 676 929 justitiam
730 876 831 933 pro
892 877 958 919 eo
1004 864 1147 934 quod
1205 866 1454 923 sciebant
1496 868 1641 939 quod

99 964 185 1006 non
231 958 467 1021 poterant
511 951 668 1008 multi
721 953 879 1030 aliter
944 955 1223 1029 castigari,
1275 958 1459 1030 plures
1509 976 1641 1018 vero

99 1039 312 1111 nolebant
345 1042 410 1099 ad
455 1042 551 1100 Dei
596 1044 822 1115 cultum,
866 1047 1008 1105 sicut
1035 1048 1315 1117 deberent,
1372 1053 1529 1108 aliter
1558 1051 1641 1110 in-

107 1132 296 1191 clinare.
341 1134 409 1190 Et
447 1136 764 1194 saecularem
808 1141 1244 1198 emendationem
1287 1143 1642 1203 instituerunt

97 1237 394 1281 communem
433 1226 650 1307 Qbristo
687 1239 746 1286 et
773 1230 909 1303 regi,
944 1232 1254 1304 ubicunque
1297 1236 1640 1293 recusabitur

97 1314 165 1371 lcx
186 1315 269 1373 Dei
295 1316 439 1389 juste
482 1320 690 1376 servari
720 1323 1016 1378 secundum
1050 1324 1344 1382 dictionem
1376 1327 1638 1399 episcopi.

95 1404 148 1463 Et
180 1406 272 1465 hoc
315 1417 395 1465 est
437 1411 674 1483 primum
719 1415 957 1471 edictum
1005 1415 1282 1486 Ecclesiae,
1329 1434 1438 1490 pax
1498 1420 1640 1475 inter

95 1497 289 1569 parietes
314 1514 462 1569 suos,
503 1512 561 1560 et
598 1503 743 1576 regis
773 1503 1023 1578 Hangrid
1064 1522 1279 1580 semper
1320 1509 1638 1568 inconvulsa

95 1604 379 1664 permaneat.

72 1704 82 1769 ρ
144 1683 198 1741 II.
230 1685 282 1744 Si
318 1689 439 1761 quis
480 1690 948 1753 Christianitatem
978 1711 1129 1753 suam
1169 1667 1313 1756 male
1342 1708 1538 1768 mutat,
1576 1709 1638 1757 ut

70 1779 421 1873 Ipaganismum
459 1797 757 1843 veneretur
799 1789 981 1846 verbis
1006 1789 1093 1847 vel
1118 1792 1399 1863 operibus,
1442 1795 1638 1850 reddat

94 1870 153 1963 sic
174 1890 375 1945 weram,
414 1878 503 1937 sic
524 1880 735 1952 witam,
782 1884 861 1942 sic
898 1884 1134 1955 lashlite,
1175 1890 1469 1946 secundum
1498 1905 1607 1963 quo

93 1961 252 2023 factum
277 1968 362 2025 sit.

144 2055 216 2147 Ill.
248 2057 311 2116 Et
341 2060 388 2118 si
432 2063 565 2133 quis
610 2065 893 2125 ordinatus
935 2069 1168 2139 furctur,
1209 2073 1297 2129 vel
1342 2074 1641 2147 prmlietur,

93 2144 157 2202 vel
186 2148 428 2221 perjuret,
482 2154 567 2210 vel
596 2154 919 2225 fornicetur,
956 2164 1211 2218 emendat
1252 2144 1397 2221 sicut
1438 2144 1641 2222 factum

91 2239 186 2331 erit,
205 2241 277 2301 sic
292 2259 521 2315 weram,
537 2249 617 2305 sic
642 2251 852 2320 witam,
870 2254 951 2310 sic
977 2254 1215 2327 laslilite,
1240 2268 1297 2315 et
1314 2275 1440 2331 erga
1472 2261 1641 2317 Deum

94 2330 249 2391 saltem
274 2339 531 2396 emendet
568 2341 726 2413 juxta
772 2356 1088 2403 sanctorum
1135 2330 1405 2406 canonum
1440 2352 1643 2409 doctri-

97 2438 210 2493 nam,
242 2437 294 2485 et
322 2430 561 2506 pleginm
603 2434 773 2493 faciat
809 2438 958 2508 inde,
1002 2440 1087 2499 vel
1130 2443 1385 2500 mittatur
1424 2445 1482 2502 in
1522 2462 1644 2504 car-

94 2535 253 2583 eerem.

144 2610 215 2672 IV.
248 2614 312 2673 Et
346 2617 394 2675 sl
433 2622 729 2695 presbyter
755 2625 1015 2698 populum
1053 2644 1210 2685 suum
1241 2631 1538 2689 misdoceat
1574 2634 1643 2692 de

94 2700 199 2764 festo
235 2710 313 2767 vel
346 2711 581 2783 jejunio,
633 2716 826 2773 reddat
863 2735 975 2776 xxx
1014 2721 1215 2779 solidos
1261 2738 1386 2780 cum
1429 2725 1641 2797 Anglis,

92 2805 133 2854 et
161 2814 263 2858 cum
300 2803 458 2863 Dacis
498 2822 563 2863 ιιι
608 2808 858 2867 dimidias
897 2828 1130 2871 marcas.

148 2889 200 2946 V.
236 2893 288 2952 Si
334 2899 626 2972 presbyter
670 2900 737 2956 ad
789 2912 998 2959 rectum
1047 2906 1342 2964 terminum
1392 2921 1640 2970 sanctum

94 2981 286 3079 chrisma
326 3006 430 3047 non
470 2994 782 3064 perquirat,
815 2997 901 3053 vel
944 2998 1274 3070 baptismum
1304 3017 1562 3079 perneget
1590 3009 1642 3064 ei

95 3076 159 3170 cui
182 3094 384 3139 necesse
431 3085 532 3153 sit,
577 3087 769 3143 reddat
802 3090 986 3146 witam
1035 3109 1159 3149 cum
1201 3097 1391 3170 Anglis
1424 3076 1641 3156 et'cum

95 3164 218 3265 Dacis
255 3172 488 3265 lasblite,
540 3178 594 3233 id
645 3189 732 3235 est
779 3197 856 3236 xu
897 3198 1045 3241 oras.
1093 3186 1163 3243 Et
1206 3164 1642 3265 de'sublegereis

96 3250 317 3335 sapientes
355 3269 734 3339 instituerunt,
786 3282 846 3331 ut
891 3292 988 3332 rex
1033 3279 1234 3337 habeat
1275 3243 1632 3355 superidrem,
1668 3258 1715 3323 ο
1746 3243 1883 3355 di?

96 3360 136 3407 et
175 3357 440 3434 episcopus
489 3361 843 3434 inferiorem,
898 3368 1004 3425 nisi
1054 3371 1269 3444 dignius
1318 3378 1639 3437 emendetur

91 3459 166 3540 pro
198 3451 296 3511 Deo
341 3464 396 3512 et
435 3472 544 3529 pro
597 3458 794 3515 saeculo
840 3459 997 3533 juxta
1042 3466 1264 3523 modum
1303 3466 1456 3540 facti,
1496 3471 1640 3528 sicut

92 3539 329 3617 episcopus
357 3547 599 3606 docebit.

144 3630 215 3729 Vl.
247 3637 298 3694 Si
324 3638 433 3697 duo
456 3639 663 3699 fratres
692 3643 780 3703 vel
804 3644 911 3703 duo
934 3650 1151 3722 cognati
1178 3668 1302 3711 cum
1328 3670 1434 3712 una
1457 3656 1640 3729 aliqua

92 3718 400 3799 Iornicentur,
428 3734 730 3792 emendent
754 3737 810 3793 in
835 3740 985 3796 omni
1005 3718 1453 3817 mansuetudine,
1498 3718 1642 3807 sicut

90 3817 148 3874 eis
184 3827 552 3893 permittetur'
604 3830 680 3887 sit
726 3833 877 3895 vvita.
930 3835 1004 3892 sit
1053 3836 1287 3908 laslilite,
1338 3843 1638 3902 secundum

90 3912 263 3972 modum
285 3916 433 3976 facti.

139 4008 230 4068 VII.
268 4015 344 4090 (5)
379 4017 451 4076 Et
487 4018 538 4075 si
573 4019 857 4080 ordinatus
896 4024 1060 4083 homo
1105 4041 1166 4085 se
1211 4027 1554 4101 forisfaciat,
1584 4033 1640 4090 in

89 4112 227 4200 morte
249 4107 572 4179 plectendas
613 4115 827 4174 actibus
867 4130 1223 4192 exsuperelur
1247 4163 1262 4193 ,
1297 4133 1353 4181 et
1397 4126 1639 4200 episcopi

82 4192 248 4259 Illdicio
278 4210 615 4260 reservetur.
1430 4192 1448 4199 ’
1576 4192 1585 4249 ζ

130 4283 253 4348 'Vlll.
288 4290 353 4349 Et
403 4296 451 4352 si
503 4296 626 4369 quis
674 4314 800 4357 reus
839 4304 1033 4362 mortis
1062 4308 1319 4378 .proliteri
1368 4311 1643 4371 desideret

85 4381 331 4466 sacerdoti,
378 4403 661 4459 nunquam
709 4403 937 4466 negetur
980 4398 1052 4465 ei,
1084 4408 1142 4454 et
1189 4417 1381 4459 omnes
1425 4406 1644 4464 rectitu-

86 4465 209 4568 dines
232 4475 325 4533 Dei
354 4480 716 4551 paciﬁccntur
737 4465 926 4542 sedulo
947 4504 1043 4559 per
1072 4489 1164 4547 Dei
1186 4493 1638 4568 misericordiam,

86 4564 125 4613 ει
143 4569 421 4633 perwitam
449 4588 614 4644 quam
639 4575 909 4646 sapientes
935 4582 1210 4640 addicent.

1745 581 1931 638 vvitam
1961 598 2082 640 cum
2130 582 2341 655 Anglis.
2374 580 2432 637 Si
2473 579 2598 651 quis
2642 595 2750 636 non
2796 578 2989 635 reddat
3036 578 3341 651 symbolum

1744 671 1988 739 luminis,
2018 674 2210 730 reddat
2250 673 2465 730 lasltlile
2494 688 2615 728 cum
2647 670 2830 737 Dacis,
2852 670 3042 727 witam
3083 685 3206 726 eum
3234 666 3343 724 An-

1744 765 1866 837 glis.
1921 765 1979 821 Si
2032 766 2154 837 quis
2206 765 2302 822 Dei
2347 763 2703 821 rectiludines
2756 764 2968 835 aliquas
3012 760 3339 827 disforciet,

1744 859 1935 915 reddat
1977 858 2194 913 lasblite
2238 873 2361 914 cum
2414 855 2593 922 Dacis,
2645 854 2830 911 witam
2859 868 2983 910 cum
3013 851 3221 925 Anglis.
3280 848 3341 907 Si

1743 958 1934 1005 contra
1966 957 2095 1016 stet,
2127 956 2186 1004 ut
2218 948 2496 1004 hominem
2522 946 2813 1014 vulneret,
2853 944 2919 1001 de
2954 944 3084 1000 wita
3113 957 3340 1014 compo-
3456 998 3459 1003 .

1742 1051 1856 1096 nat.
1902 1041 1960 1097 Si
1998 1040 2235 1112 aliquem
2281 1038 2500 1109 dejiciat
2546 1039 2602 1094 in
2651 1046 2906 1103 mortem,
2951 1036 3023 1093 sit
3069 1035 3249 1106 utiaga
3280 1042 3344 1091 ut

1741 1133 1921 1199 exlex,
1958 1142 2015 1191 et
2053 1142 2411 1205 persequetur
2436 1149 2563 1190 eum
2605 1148 2729 1189 cum
2774 1131 3011 1188 clamore
3039 1130 3217 1187 omnis
3247 1128 3341 1200 qui

1741 1236 1949 1281 rectum
1989 1236 2157 1282 amat.
2184 1226 2253 1283 Et
2286 1226 2332 1283 si
2369 1225 2535 1282 faciat
2562 1236 2623 1281 ut
2665 1225 2948 1281 occidatur
2981 1240 3079 1297 pro
3106 1240 3173 1282 eo
3197 1222 3343 1296 quod

1740 1329 1932 1377 contra
1964 1328 2171 1376 rectum
2193 1360 2210 1386 ,
2236 1327 2290 1376 et
2326 1319 2471 1391 regis
2522 1316 2810 1389 imperium
2857 1324 2986 1384 stet,
3012 1316 3058 1372 si
3089 1315 3193 1373 hoc
3219 1330 3343 1385 pro.

1741 1412 1890 1468 betur
1914 1410 2084 1482 jaciat
2121 1412 2319 1484 cgilde.

1810 1525 1880 1582 Χ.
1925 1526 1981 1582 Si
2010 1526 2132 1598 quis
2174 1528 2227 1582 in
2256 1527 2345 1583 die
2388 1525 2668 1584 Dominica
2698 1526 3123 1601 negotiationem
3153 1524 3336 1584 facere

1739 1630 2053 1693 praesumat,
2088 1621 2278 1692 perdat
2306 1619 2481 1691 ipsum
2512 1621 2764 1693 capitale,
2806 1631 2861 1679 et
2908 1637 2985 1677 xn
3036 1635 3166 1681 oras
3211 1635 3340 1679 cum

1740 1713 1921 1781 Dacis,
1960 1721 2015 1768 et
2043 1729 2153 1768 xxx
2184 1712 2386 1770 solidos
2411 1728 2534 1769 cum
2557 1712 2769 1785 Anglis.

1609 1824 1645 1947 (ἱ
1671 1853 1720 1916 Β
1818 1824 1912 1880 XI.
1957 1824 2013 1881 Si
2038 1825 2175 1882 liber
2206 1825 2397 1882 diebus
2423 1824 2576 1882 festis
2606 1834 2878 1898 operetur,
2903 1825 3095 1898 perdat
3121 1824 3340 1883 libertae

1750 1925 1855 1947 In.“
1886 1932 2039 1947 (sinam
2094 1917 2280 1947 ..νει-ιη.
2307 1917 2390 1947 ..ιιι
2419 1918 2632 1947 Ιιιοιιιὲιιι
2680 1933 2869 1947 ηιμ-...ιη
2905 1918 3110 1947 ηΛ-ξιι...
3146 1918 3339 1947 n--.lns

1750 1925 1857 1975 tem
1885 1932 2063 1983 suam,
2094 1917 2282 1973 witam
2307 1917 2394 1973 vel
2419 1918 2653 1986 lashlite,
2680 1933 2871 1976 servus
2904 1918 3112 1976 corium
3146 1918 3340 2001 perdat

1745 2008 1833 2063 vel
1895 2008 2212 2078 bitlgildum.
2279 2007 2337 2064 Si
2393 2008 2646 2066 dominus
2698 2025 2916 2066 servum
2974 2025 3131 2066 suum
3178 2014 3342 2082 cogat

1746 2100 1902 2157 festis
1948 2102 2138 2165 diebus
2172 2104 2411 2173 operari,
2440 2104 2634 2159 reddat
2667 2103 2809 2159 idem
2838 2103 3089 2160 dominus
3125 2102 3345 2160 lashllto

1746 2210 1868 2251 cum
1908 2194 2087 2263 Dacis,
2119 2204 2174 2250 et
2201 2196 2383 2252 witam
2411 2212 2534 2253 cum
2563 2196 2771 2269 Anglis.

1817 2310 1933 2366 XII.
1974 2310 2031 2367 Si
2064 2311 2205 2368 liber
2230 2312 2394 2370 homo
2427 2322 2636 2369 rectum
2655 2312 2924 2385 jejunium
2952 2311 3187 2385 frangat,
3216 2311 3344 2369 red-

1746 2406 1839 2462 dat
1862 2408 2047 2461 vvitam
2077 2406 2163 2462 vel
2199 2406 2445 2477 lashlile;
2481 2407 2527 2465 si
2575 2424 2764 2465 servus
2789 2409 2895 2466 hoc
2935 2408 3120 2477 faciat,
3151 2408 3347 2481 perdat

1750 2497 1958 2555 corium
1990 2515 2146 2554 suum
2177 2499 2263 2555 vel
2291 2500 2614 2571 hidgildum.
3274 2482 3282 2493 ᾗ

1817 2589 1955 2647 XIII.
1998 2590 2275 2648 Ordalium
2323 2601 2380 2649 et
2413 2591 2794 2662 jusjurandum
2848 2593 3004 2651 festis
3051 2590 3241 2650 diebus
3286 2601 3343 2649 et

1743 2682 2002 2755 legitimis
2023 2682 2244 2755 jejuniis
2268 2684 2476 2757 legibus
2498 2697 2583 2742 est
2610 2687 2981 2744 interdictum.
3009 2687 3077 2744 Et
3118 2687 3213 2759 qui
3238 2687 3341 2743 hoc

1745 2774 2004 2847 fregerit,
2065 2777 2255 2835 reddat
2309 2778 2523 2835 laslilite
2572 2796 2697 2838 cum
2733 2780 2934 2851 Dacis,
2976 2783 3165 2839 witam
3218 2797 3343 2839 cum

1743 2869 1985 2942 Angelis.

1818 2962 1957 3020 XIV.
2001 2964 2058 3022 Si
2112 2964 2230 3024 fieri
2271 2965 2465 3039 possit,
2502 2983 2779 3041 nunquam
2821 2969 3106 3047 occidatur
3148 2968 3346 3040 aliquis

1747 3055 1801 3112 In
1858 3055 1997 3113 festo
2060 3056 2357 3116 Dominicze
2432 3060 2579 3128 diei,
2647 3061 2911 3134 quidquid
2985 3060 3338 3134 peccaverit;

1747 3149 1842 3205 sed
1896 3149 2146 3223 capiatur
2218 3161 2275 3209 et
2352 3161 2601 3210 servetur
2663 3154 2839 3211 donec
2893 3162 3135 3214 transeat
3201 3153 3345 3211 festa

1818 3335 1937 3392 XV.
1977 3335 2036 3395 Si
2075 3337 2198 3410 quis
2236 3337 2370 3396 foris
2398 3338 2596 3409 factus,
2626 3348 2682 3397 et
2706 3339 2774 3397 de
2799 3338 3346 3398 membrisdisfactus

1744 3431 2088 3500 dimittatur,
2127 3442 2182 3490 et
2229 3434 2373 3490 idem
2415 3443 2560 3506 post
2585 3433 2932 3492 afﬂictionem
2978 3451 3074 3506 per
3113 3442 3348 3506 quatuor

1744 3534 1935 3583 noctes
1960 3526 2146 3594 vivat;
2171 3534 2355 3599 potest
2396 3526 2447 3582 ei
2492 3526 2747 3598 deinceps
2773 3543 2871 3599 per
2894 3526 3133 3599 episcopi
3179 3525 3349 3583 licen-

1747 3617 1877 3672 tiam
1908 3618 2206 3687 subveniri,
2239 3620 2287 3677 si
2314 3619 2437 3691 quis
2464 3618 2582 3690 ejus
2609 3619 2887 3676 doloribus
2909 3627 2965 3676 et
2993 3619 3189 3676 anima:
3212 3633 3344 3675 con-

1744 3709 2059 3766 descendat.

1814 3799 1954 3857 XVI.
1994 3799 2052 3857 Si
2096 3802 2366 3874 sortilegm
2423 3802 2510 3858 vel
2556 3802 2946 3859 incantatrices
2973 3843 2988 3869 ,
3039 3799 3241 3874 perjuri
3278 3789 3347 3877 ei

1743 3894 1995 3961 venefici,
2021 3893 2199 3962 foedze,
2224 3895 2426 3964 fetidaz,
2451 3897 2537 3953 vel
2562 3898 2880 3953 meretrices
2901 3894 3099 3951 alicubi
3126 3907 3346 3963 compe-

1742 3999 1924 4057 reant,
1953 3989 2266 4063 relegentur
2309 3990 2376 4046 de
2412 3991 2610 4063 patria,
2639 3990 2929 4063 desperent
2970 3985 3150 4045 omnia
3174 4025 3192 4056 ,
3237 3982 3344 4042 nisi

1744 4090 1986 4151 cessent,
2010 4091 2066 4139 et
2094 4082 2418 4156 profundius
2444 4082 2755 4141 emendent.

1701 4251 1704 4254 .
1750 4184 1753 4187 ‘
1816 4197 1978 4257 XVII.
2021 4197 2081 4255 Si
2121 4198 2405 4257 ordinatus
2448 4198 2534 4255 vel
2580 4197 2887 4270 alienigena
2944 4194 3238 4253 seducatur
3282 4188 3340 4249 in

1745 4291 1928 4363 aliquo
1963 4290 2031 4348 de
2065 4291 2321 4363 pecunia,
2354 4291 2441 4347 vel
2469 4291 2599 4346 wita
2622 4330 2638 4358 ,
2685 4299 2818 4346 tunc
2855 4288 3022 4345 debet
3055 4285 3106 4343 ei
3151 4284 3345 4341 adesse

1745 4400 1865 4453 rex,
1891 4385 1979 4442 vel
2006 4400 2192 4443 comes
2214 4385 2362 4442 illius
2390 4392 2573 4452 terrae,
2597 4392 2654 4440 et
2673 4383 2961 4455 episcopus
2999 4378 3176 4453 gentis
3199 4376 3345 4433 illius

1743 4493 1844 4550 pro
1872 4477 2194 4549 cognatione
2234 4485 2293 4533 et
2345 4476 2645 4541 advocato,
2696 4473 2743 4532 si
2771 4473 2991 4547 penitus
3031 4468 3198 4525 alium
3232 4480 3344 4524 non

1744 4572 1966 4639 habeat,
1999 4580 2056 4628 et
2080 4570 2340 4628 emendet
2367 4570 2555 4627 sedulo
2575 4568 2735 4640 juxta
2765 4567 2984 4624 modum
3014 4562 3145 4620 facti
3181 4558 3346 4619 Chri-

137 4654 214 4749 ῙΫΧ-
250 4660 317 4717 Ει
362 4664 410 4720 si
460 4634 587 4736 quis
635 4634 899 4724 decimam
951 4634 1407 4749 contramjeneat,
1448 4682 1640 4741 νείκει
1669 4634 1720 4697 D
1748 4674 1854 4733 sto,
1883 4634 2100 4736 et’regi,
2125 4662 2267 4721 sicut
2295 4663 2533 4730 docebit,
2555 4634 2642 4719 vel
2672 4661 2803 4719 illud
2827 4660 3033 4732 factum
3068 4651 3343 4731 profunde

84 4740 266 4810 laslllite
288 4770 412 4814 cum
455 4757 639 4828 Dacis,
663 4760 849 4819 witam
879 4780 1003 4824 cum
1028 4768 1239 4844 Anglis.
1273 4773 1329 4831 Si
1376 4740 1501 4848 quis
1530 4778 1637 4839 Bo-

387 4929 520 4996 non-
541 4917 809 4996 reperitur
831 4920 889 4979 in
919 4919 1211 4995 Saxonico,
1236 4940 1330 4987 aut
1352 4930 1407 4988 in
1431 4930 1637 4992 foedere

85 4966 308 5040 Miami
327 4966 693 5057 ξιιὶὺῐιόἶῖιῦζ

268 5913 530 5984 Parnm.
564 5919 971 5986 CXXXVIII.

1748 4760 1912 4818 nimis
1939 4757 2195 4827 vindices
2215 4757 2309 4831 qui
2336 4773 2435 4816 rex
2454 4758 2528 4815 sit
2547 4757 2603 4814 in
2622 4754 2844 4829 pepulo.

1749 4935 1901 5064 Ρθςι)
1941 4936 1995 4993 id
2032 4945 2135 5006 est,
2173 4949 2457 4996 nummum
2482 4933 2809 5001 Romanum,
2844 4931 2933 4993 vel
2959 4927 3244 4993 denarium
3271 4924 3338 4991 8.

1854 5024 1916 5064 l'l.

1854 5024 1916 5065 l'l.

2900 5929 2972 5996 15
