3860 5382
82 320 150 376 iBl
728 307 1332 372 ANGLO-SAXONUM
1370 307 1556 369 που

1673 309 1785 368 .EG
1795 309 1877 366 ES
1915 305 2502 366 ECCLESIASTILAb.

3142 298 3250 360 462

79 432 134 484 vel
150 424 444 500 regisjurise
469 425 751 496 opposuit.-
800 426 846 482 si
883 425 986 482 ltoc
1017 424 1332 493 atlirmetur,
1376 421 1556 494 jaceat
1580 423 1632 485 Λ
1657 435 1736 479 αθ
1777 419 1939 488 festo,
1978 419 2069 490 qui
2121 417 2320 488 aliquid
2350 411 2712 487 perpetravit;
2757 407 2850 467 sed
2894 408 3157 481 capiatur,

78 522 156 578 sine
169 517 570 589 compensatione.

375 629 476 686 VII.
503 630 578 686 De
610 631 732 702 festi
768 632 874 688 diei
911 627 1202 703 operibus.

122 745 274 817 Siquis
309 745 386 802 die
423 743 694 802 Dominica
737 731 976 803 mercari.
1005 755 1293 817 praesumat
1317 787 1331 814 ,
1378 745 1566 818 perdat

76 849 310 902 mercatum,
340 848 390 894 et
414 853 485 894 xu
526 855 650 895 oras
693 841 832 911 apud
889 841 1087 906 Danos,
1119 848 1174 896 et
1217 856 1324 894 xxx
1366 839 1565 895 solidos

76 934 167 1002 apud
183 931 368 1002 Anglos.
397 930 452 987 Si
495 931 630 989 liber
658 934 821 990 homo
849 934 935 990 die
965 934 1104 991 festo
1133 942 1411 1004 Operetur,
1435 948 1562 1003 per-

75 1023 134 1078 dat
165 1021 425 1078 libertatem
458 1037 635 1090 suam,
679 1025 765 1082 vel
814 1025 989 1082 solvat
1037 1026 1285 1090 multam,
1333 1033 1389 1079 et
1432 1023 1565 1095 legis

73 1116 218 1171 violatae
237 1131 678 1186 penamzservus
728 1120 892 1176 homo
934 1119 1172 1191 vapulet,
1223 1118 1306 1173 vel
1337 1118 1564 1173 verbera

74 1210 247 1266 redimat.
273 1208 325 1266 Si
365 1210 610 1268 dominus
635 1227 822 1269 servos
853 1227 984 1269 suos
1011 1213 1097 1268 die
1139 1211 1281 1268 festo
1309 1211 1377 1265 ad
1427 1224 1565 1279 opus

72 1308 200 1368 cogat,
237 1298 390 1355 solvat
421 1300 559 1374 legis
605 1303 817 1360 violata:
867 1318 1084 1376 pamam
1121 1303 1369 1360 dominus
1407 1300 1565 1372 juxta

76 1389 188 1462 legem
216 1390 484 1461 Danomm,
513 1403 568 1451 et
601 1395 828 1451 multam
853 1396 993 1466 apud
1021 1395 1245 1468 Anglos.

506 1505 640 1563 Vlll.
680 1507 757 1564 De
783 1509 1027 1580 jejuniis.

115 1599 154 1655 Si
180 1598 290 1656 liber
319 1599 473 1656 homo
514 1601 720 1672 justum
763 1600 1030 1672 jejunium
1081 1598 1361 1664 dissolvat,
1393 1594 1566 1653 solvat

77 1691 226 1748 multam
263 1692 338 1749 vel
365 1694 493 1766 legis
521 1695 734 1753 violatae
762 1711 1000 1768 pmnam.
1033 1694 1092 1751 Si
1127 1708 1314 1751 servus
1336 1693 1438 1747 hoc
1478 1689 1562 1746 fe-

75 1782 172 1849 cerit,
190 1783 394 1856 vapulet,
419 1785 506 1860 vel
528 1788 751 1844 verbera
775 1788 1025 1844 redimat.

330 1899 412 1959 IX.
447 1901 526 1958 De
547 1902 754 1957 ardalio
788 1913 836 1958 et
864 1901 1207 1974 juramentis.

116 1987 320 2049 0rdalium
349 2002 399 2050 et
417 1991 785 2064 juramentum
813 2004 940 2059 sunt
967 1994 1234 2066 prohibita
1264 1993 1452 2049 diebus
1480 1989 1562 2050 fe-

79 2082 150 2148 stis,
169 2092 212 2140 et
243 2084 474 2155 legitimis
509 2087 699 2160 jejunii
738 2088 926 2145 diebus
951 2105 968 2156 ;
998 2098 1053 2144 et
1081 2088 1126 2142 si
1153 2087 1273 2159 quis
1301 2087 1428 2142 illud
1455 2086 1563 2142 dis-

76 2174 196 2239 solvat.
219 2175 370 2236 solvat
415 2178 548 2252 legis
573 2181 786 2238 violata:
813 2196 1030 2255 ptenam
1079 2180 1219 2252 apud
1262 2180 1462 2247 Danos,
1508 2186 1563 2236 et

78 2264 223 2322 malum
241 2270 362 2340 apud
389 2269 614 2345 Anglos.

116 2353 152 2411 Si
170 2358 258 2414 ﬁeri
279 2362 454 2436 possit,
482 2379 755 2436 nunquam
782 2364 1062 2422 occidatur
1101 2363 1155 2421 in
1186 2363 1294 2422 diei
1319 2361 1561 2420 Domini-

1665 524 1914 574 teneatur
1935 513 2233 584 usquedum
2257 512 2372 568 dies
2401 509 2571 566 festus
2602 503 2899 562 transierit.

1665 605 1734 664 Χ.
1761 607 1838 662 De
1860 605 2087 661 πιθηιὸιό
2108 613 2350 659 truncato
2363 611 2479 674 post
2503 598 2712 654 tertiam
2733 595 2870 649 diem
2884 591 3260 648 subveniendo.

1738 699 1795 756 Si
1844 697 2110 770 particula
2152 694 2378 760 membri
2425 688 2782 750 claudicantis
2823 687 2940 758 ejus
2988 685 3079 756 qui
3119 700 3257 741 con-

1664 793 1950 850 demnatus
1994 790 2178 856 fuerit,
2225 787 2569 859 praecidatur,
2607 792 2662 839 et
2710 781 2797 837 ille
2826 786 2949 851 post
2982 778 3098 833 haec
3145 783 3256 828 tres

1664 885 1779 942 dies
1807 885 1971 952 vivat,
1994 891 2170 954 potest
2194 882 2243 937 ei
2271 882 2528 950 deinceps
2555 875 2810 932 auxilium
2844 871 2972 928 ferri
2994 884 3116 926 cum
3141 866 3256 936 cpi-

1662 978 1810 1050 scopi
1843 977 2019 1041 venia,
2056 975 2100 1032 si
2127 975 2249 1046 quis
2276 973 2404 1028 velit
2429 968 2704 1029 doloribus
2725 976 2780 1024 et
2807 965 3001 1020 anim-.1:
3027 959 3252 1016 mederi.

1804 1069 1896 1126 XI.
1926 1069 2001 1125 De
2027 1070 2188 1140 sagis,
2237 1063 2669 1126 incantatoribus,
2698 1059 2926 1132 perjuris
2946 1097 2961 1122 ,
3003 1065 3110 1112 etc.

1736 1160 1792 1218 Si
1819 1177 1959 1232 Saga:
1984 1159 2066 1216 vel
2088 1161 2468 1221 incantatores,
2494 1152 2692 1226 perjuri
2714 1147 3058 1210 velvenelici,
3083 1144 3165 1201 vel
3178 1143 3258 1214 leg

1664 1251 1811 1316 tidze,
1841 1252 2133 1322 inquinata:
2161 1248 2388 1320 publicae
2410 1243 2724 1301 meretrices
2745 1240 2924 1312 aliqua
2952 1238 3004 1292 in
3037 1235 3258 1306 regione

1662 1356 2032 1420 compareant,
2074 1356 2198 1402 tunc
2227 1344 2532 1414 relegentur
2559 1355 2622 1396 ex
2664 1349 2830 1400 terra,
2863 1342 2917 1390 et
2955 1347 3087 1404 gens
3123 1345 3255 1400 pur-

1664 1450 1844 1514 getur,
1870 1440 1955 1496 vel
1985 1440 2056 1495 ibi
2087 1438 2269 1496 omnia
2309 1437 2413 1492 illis
2453 1433 2786 1506 eripiantur,
2820 1427 2924 1484 nisi
2962 1432 3177 1482 cessent
3203 1431 3262 1480 et

1666 1531 1832 1588 altius
1860 1538 2230 1601 compensent.

1916 1621 2032 1678 XII.
2063 1619 2140 1675 De
2160 1619 2327 1674 sacris
2350 1615 2568 1672 initiatis
2593 1623 2639 1668 et
2667 1609 2991 1680 alienigenis.

1741 1713 1800 1770 Si
1825 1713 1995 1769 sacris
2031 1711 2276 1766 initiatus
2303 1707 2388 1763 vel
2426 1706 2727 1777 alienigena
2755 1718 2852 1774 per
2879 1700 3112 1770 aliquam
3141 1711 3258 1754 rem

1586 1793 1637 1856 Β
1664 1807 1952 1864 seducatur
1976 1802 2052 1876 [in
2077 1803 2142 1859 iis
2164 1817 2281 1872 quae
2303 1798 2393 1873 ad]
2416 1797 2696 1870 pecuniam
2720 1794 2804 1849 vel
2831 1793 2899 1847 ad
2922 1792 3089 1846 vitam
3112 1787 3261 1862 [spe-—

1669 1897 1839 1971 ctant]
1871 1908 1998 1954 tunc
2022 1912 2115 1953 rex
2145 1896 2196 1952 ei
2229 1909 2352 1951 esse
2378 1892 2559 1956 debet,
2584 1888 2672 1945 vel
2700 1902 2903 1953 comes,
2951 1883 3042 1954 qui
3076 1881 3130 1937 in
3168 1895 3257 1942 re-_

1667 1992 1847 2064 gione,
1876 1999 1930 2046 et
1956 1990 2240 2060 episcopus
2265 1984 2441 2059 gentis
2465 1980 2603 2052 ejus,
2647 1979 2764 2056 loco
2812 1984 3165 2048 cognatorum
3201 1978 3258 2026 et

1665 2092 2041 2156 patronorum,
2070 2080 2173 2136 nisi
2203 2079 2337 2134 alias
2367 2076 2502 2133 alios
2530 2073 2748 2137 habeat,
2797 2078 2852 2126 et
2879 2066 3066 2124 sedulo
3106 2078 3260 2120 com-

1665 2155 1856 2250 penset
1880 2175 2176 2232 secundum
2199 2174 2252 2229 id
2281 2172 2424 2245 quod
2448 2170 2651 2226 factum
2673 2175 2778 2229 est,
2803 2163 3020 2220 Christo
3040 2168 3094 2216 et
3123 2155 3259 2229 regi,

1665 2269 1823 2332 sicuti
1854 2267 2046 2332 decet;
2097 2265 2185 2321 vel
2213 2264 2306 2335 qui
2354 2277 2447 2320 rex
2471 2260 2636 2318 estin
2673 2255 2812 2333 [illa]
2840 2263 3021 2328 gente,
3049 2250 3261 2311 factum

1667 2361 1771 2417 hoc
1799 2373 1962 2429 quam
1989 2355 2254 2413 acerrime
2291 2353 2529 2410 vindicet

78 2496 3228 2540 .____________________________._——

1001 2609 2235 2765 annuus-ram

1320 2874 1670 2924 ANGLORUM
1712 2875 1895 2921 REGIS

732 3049 1176 3169 LEGES
1257 3015 2460 3168 ECCLESIASTICE.

681 3456 688 3460 ς
788 3398 1456 3494 CONCILIUM
1533 3394 2421 3517 GRATELEANUM

373 3589 471 3654 Ab
509 3588 955 3654 Eruntsrsno
999 3605 1146 3666 rege
1183 3587 1538 3666 Anglorum
1572 3585 1890 3660 habitum,
1921 3585 2090 3648 circa
2122 3599 2360 3646 annum
2399 3579 2665 3645 Domini
2699 3580 2844 3654 928,

72 3705 114 3765 ll
134 3729 209 3784 quo
236 3715 359 3791 leges
380 3717 645 3791 plurima,
683 3731 801 3773 cum
830 3711 1006 3770 civiles
1037 3721 1150 3767 tum
1176 3709 1563 3792 ecclesiasticis,
1599 3717 1911 3834 statuuntur
1936 3719 1956 3760 :
2002 3705 2370 3777 praetermissis
2398 3719 2521 3760 vero
2562 3701 2694 3771 illis,
2720 3701 2970 3759 eollector
2994 3703 3090 3759 Itas
3121 3694 3252 3758 con;

1453 3795 1662 3834 csnnaut
1691 3818 1706 3834 .

1453 3795 1684 3837 csnnauu
1691 3818 1706 3834 .

376 3965 607 4030 TlTULl
639 3961 1152 4024 CAPITULORUM.

70 4048 174 4110 Hie
195 4059 384 4118 decimis
429 4059 724 4126 reddendis,
753 4072 980 4130 paupere
1021 4053 1232 4122 alendo,
1258 4061 1309 4110 et
1337 4050 1560 4109 elemo-

113 4163 202 4217 ψ
223 4168 247 4206 e
267 4153 414 4225 regiis
443 4152 652 4224 prcdiis
676 4151 952 4207 annuatim
977 4145 1244 4221 eroganda
1261 4145 1392 4220 (LL.
1423 4143 1557 4202 Sax.

58 4277 60 4280 μ
112 4238 148 4294 in
173 4247 426 4313 prommio.
452 4245 602 4304 Jorn.
628 4260 749 4315 cap.
783 4244 862 4314 1)-

70 4323 108 4380 ll.
133 4329 188 4386 De
208 4335 478 4406 imptione
504 4339 560 4395 in
581 4335 850 4393 ecclesiam
875 4332 1006 4408 (LL.
1028 4332 1161 4391 Sax.
1184 4346 1308 4405 cap.
1335 4327 1388 4386 5.
1405 4325 1557 4386 Jorn.

111 4434 198 4491 cap.
222 4425 320 4497 ιο).
1287 4471 1294 4475 .

70 4503 121 4562 Ill.
148 4511 207 4568 De
229 4519 353 4588 sagis
380 4519 506 4591 (LL.
538 4518 668 4575 Sax.
701 4534 821 4590 cap.
855 4515 909 4574 6.
936 4517 1087 4574 Jorn.
1117 4529 1237 4586 cap.
1265 4513 1405 4588 ιι).

69 4593 123 4651 Π.
151 4601 211 4658 De
233 4611 518 4666 monetariis
548 4609 677 4682 (LL.
707 4608 836 4666 Sax.
862 4623 981 4680 cap.
1010 4607 1096 4662 i4.
1119 4605 1271 4663 Jom-
1302 4622 1423 4677 039-
1446 4603 1562 4678 20)·

70 4686 112 4741 ἲ.
138 4693 196 4750 De
223 4701 412 4756 ardalio
435 4719 487 4759 se
509 4703 690 4760 sistere
716 4699 1085 4773 spondentibus
1115 4696 1244 4771 (LL.
1278 4695 1408 4754 Sax.
1440 4711 1559 4769 cap.

112 4781 176 4839 33.
200 4787 333 4846 Jorn.
362 4809 477 4866 cap.
503 4794 615 4867 '50).

73 4867 128 4926 Vl.
155 4875 216 4932 De
244 4899 406 4938 rerum
454 4888 703 4958 emptione
745 4886 800 4940 in
835 4885 920 4940 die
967 4881 1242 4938 Dominica
1270 4880 1402 4954 (LL.
1432 4881 1562 4939 Sax.

116 4979 201 5037 cap.
227 4971 308 5025 24.
333 4973 478 5033 Jorn.
508 4992 624 5048 cap.
657 4975 772 5046 52).

175 5058 236 5166 υἱ
250 5046 584 5166 pejerantibus
599 5067 731 5140 (LL.
751 5069 878 5125 Sax.
1037 5064 1432 5166 25.1:lornlcap.
1449 5065 1566 5140 54).

1583 3950 1630 4014 C
1660 3975 1886 4032 regan
1916 3959 1972 4014 in
1997 3958 2212 4020 Domini
2239 3966 2297 4014 et
2319 3958 2562 4014 omnium
2585 3965 2898 4015 sanctorum
2933 3956 3172 4022 nomine,
3197 3965 3254 4013 et

1661 4066 1758 4123 per
1782 4064 2026 4106 amorem
2054 4064 2254 4115 meum,
2293 4057 2353 4104 ut
2381 4048 2458 4105 illi
2498 4049 2649 4120 prius
2684 4061 2819 4103 mea:
2861 4046 3094 4117 propriae
3127 4061 3254 4117 pos-

1663 4141 1925 4199 sessionis
1975 4141 2216 4198 decimas
2262 4140 2514 4207 solvant,
2565 4147 2676 4196 tam
2722 4139 2958 4195 viventis
2998 4139 3254 4195 animalis

1659 4235 1825 4305 quam
1852 4232 2017 4288 annui
2047 4232 2291 4298 fructus;
2322 4239 2380 4286 et
2408 4239 2468 4285 ut
2492 4231 2636 4286 idem
2680 4243 2896 4300 quoque
2938 4227 3142 4284 faciant
3182 4227 3252 4284 de

1661 4339 1762 4381 suo
1787 4324 2006 4396 proprio
2036 4323 2295 4394 episcOpi,
2320 4330 2374 4377 et
2403 4330 2686 4378 senatores
2709 4322 2876 4376 etiam
2896 4321 3001 4377 mei
3027 4330 3084 4376 et
3107 4335 3251 4392 prte'a

1662 4415 1812 4472 iecti.
1847 4415 1918 4471 Et
1951 4415 2075 4470 volo
2119 4424 2177 4469 ut
2203 4413 2447 4484 episcopi
2486 4415 2595 4470 mei
2621 4422 2678 4470 et
2701 4413 2944 4484 praefecti
2983 4414 3087 4469 hoc
3109 4413 3256 4485 judi-

1661 4515 1808 4573 cent,
1843 4505 2115 4570 omnibus,
2148 4503 2241 4573 qui
2269 4503 2376 4558 illis
2399 4503 2625 4560 obedire
2650 4503 2881 4569 debent,
2908 4511 2965 4558 et
3000 4514 3060 4557 ut
3088 4503 3253 4572 quili-

1661 4600 1757 4658 bet
1783 4600 1851 4656 ad
1875 4599 2124 4656 eumdem
2151 4596 2441 4653 terminum
2465 4595 2730 4665 perﬁciat,
2757 4594 2902 4665 quod
2927 4593 3017 4650 hic
3034 4594 3257 4650 ordina-

1664 4705 1820 4758 mus;
1848 4697 1904 4747 et
1943 4689 2048 4746 hoc
2092 4687 2165 4744 sit
2208 4687 2276 4744 ad
2317 4685 2463 4743 diem
2509 4683 2882 4744 decollatiouis
2921 4682 2980 4740 S.
3026 4681 3256 4741 Joannis

1663 4780 1946 4854 Baptistae.

1650 4925 1651 4928 η
1736 4877 1978 4948 Agedum
2006 4874 2381 4941 recordemur,
2405 4871 2551 4944 quod
2563 4869 2807 4932 Jacobus
2823 4864 3137 4940 patriarcha
3159 4867 3265 4922 Do-

1667 4969 1814 5027 mino
1848 4967 2022 5024 dixit:
2055 4967 2170 5037 Ego
2203 4966 2300 5024 tibi
2327 4963 2546 5022 reddam
2591 4963 2848 5025 decimas
2884 4970 3052 5017 meas,
3088 4963 3145 5009 et
3172 4957 3276 5012 ho-

1667 5060 1828 5118 stiam
1851 5073 2026 5114 meam
2059 5058 2386 5128 paciﬁcam:
2419 5062 2474 5110 et
2498 5052 2785 5117 Dominus
2813 5043 3002 5118 ipsein
3026 5041 3282 5110 Evange-

1669 5151 1703 5166 I-
1791 5149 1842 5166 νγ
1868 5148 1902 5166 ο.
1984 5148 2023 5166 n
2045 5147 2160 5166 “-21
2275 5151 2288 5166 ι
2347 5150 2360 5166 1
2393 5143 2593 5166 ---ιιι-η..
2632 5145 2690 5166 ,³-
2712 5152 2733 5166 ι
2763 5150 2774 5161 ι

2809 5154 2872 5166 ...ι
2919 5139 2964 5166 nl
3113 5131 3291 5166 nlxnn_
