3898 6320
105 270 196 330 ωδ
852 262 1087 324 ANGLO
1116 262 1452 323 SAXONUM
1489 261 1736 322 REGUM

1771 261 1993 323 LEGES
2031 263 2613 352 ECCLESIASTICAE.
3248 270 3352 337 166

107 391 3358 432 —-——_——————_—___—_—__—___:____—__.'_

419 662 424 666 .
531 560 866 666 LEGUM
901 562 1853 665 EGCLESIASTICABUM
1910 565 2557 667 [ETHELSTANI
2609 566 2890 670 REGIS

1314 782 1678 864 “RISCA
1740 782 2114 865 vensro
2226 722 2235 731 x

164 960 352 1025 Juxta
392 954 641 1023 codices
687 960 1153 1040 manuscriptos
1195 958 1439 1038 regium
1475 968 1531 1020 et
1571 958 2026 1033 Jornalensem,
2052 959 2258 1040 multa
2295 977 2430 1040 qua
2464 962 2532 1023 in
2555 962 2876 1029 Saxonico
2915 945 3359 1033 desiderantur

771 1038 1117 1121 exemplari
1138 1041 1552 1121 pro/ereum,
1588 1057 1660 1101 ac
1688 1058 1967 1104 seorsum
2001 1038 2162 1125 alias
2199 1038 2642 1124 discrepantes.

468 1314 703 1374 TlTULl
740 1312 1260 1373 CAPITULORUM.

101 1410 133 1470 1.
163 1408 231 1468 De
255 1409 470 1467 decimis
504 1410 730 1466 sollicite
779 1408 1078 1475 reddendis,
1119 1416 1227 1464 etc.
1260 1405 1390 1479 (LL.
1427 1406 1560 1463 Sax.
1602 1407 1660 1465 in

150 1502 432 1574 prommio;
465 1500 627 1559 Jorn.
661 1516 783 1572 cap.
809 1499 884 1571 l).

99 1597 146 1655 ll.
175 1597 246 1654 De
285 1612 441 1653 censu
478 1595 755 1664 ecclesice,
790 1610 947 1667 quem
984 1592 1383 1665 cyricsceattum
1430 1600 1614 1648 vocant
1638 1634 1656 1663 ,

151 1687 393 1745 reddendo
430 1686 569 1759 (LL.
601 1684 733 1744 Sax.
760 1694 814 1743 et
836 1684 988 1743 Jorn.
1020 1700 1143 1756 cap.
1187 1684 1223 1739 2
1261 1684 1314 1740 in
1344 1684 1655 1756 prooemio).

98 1780 165 1839 ΠΙ.
199 1779 260 1838 ω
286 1780 483 1854 singuli
531 1782 666 1851 regis
707 1780 975 1853 pra’positi
1006 1778 1240 1851 singulos
1278 1778 1426 1835 alant
1456 1796 1656 1852 paupe-

149 1892 235 1939 res.
258 1884 360 1932 etc.
393 1873 533 1946 (LL.
563 1872 695 1931 Sax.
729 1889 849 1946 cap.
880 1874 945 1939 5;
975 1871 1126 1929 Jorn.
1156 1889 1276 1944 cap.
1313 1874 1389 1948 5).
1490 1908 1495 1913 -

100 1965 165 2025 IV.
183 1968 250 2026 De
262 1968 582 2039 infractiane
605 1965 949 2024 ecclesiarum
965 1966 1098 2040 (LL.
1127 1967 1257 2024 Sax.
1281 1983 1401 2040 cap.
1420 1967 1454 2024 5
1471 1985 1486 2036 ;
1502 1966 1655 2026 Jorn.

148 2078 247 2136 esp.
273 2062 379 2134 l0).

96 2154 149 2213 Ἴ.
182 2155 249 2213 De
281 2156 418 2229 sagis
466 2164 531 2215 et
579 2146 819 2227 veneﬁcis
868 2152 1002 2229 (LL.
1041 2154 1172 2212 Sax.
1231 2170 1353 2228 cap.
1389 2155 1459 2224 6;
1500 2154 1655 2213 Jorn.

146 2264 249 2321 cap.
288 2249 396 2323 ll).

97 2338 163 2397 VI.
192 2340 259 2397 De
300 2340 621 2397 monetariis
664 2348 714 2396 et
757 2338 1030 2396 cusoribus
1055 2337 1186 2412 (LL.
1217 2338 1348 2396 Sax.
1390 2354 1512 2411 cap.
1564 2339 1656 2409 M;

151 2430 279 2489 Jorn.
305 2449 422 2506 cap.
455 2432 589 2505 20).

103 2520 185 2581 VII.
199 2524 265 2581 De
283 2525 677 2598 ρηιφαταιὶοηε
704 2523 1057 2596 aggredienlis
1078 2524 1345 2580 ardalium
1363 2523 1491 2598 (LL.
1521 2524 1653 2584 Sat.

154 2635 217 2685 0.;
243 2620 386 2677 Jorn.
409 2636 537 2692 cap.
569 2621 682 2692 51).

103 2708 202 2766 VIII.
220 2710 287 2767 De
310 2713 481 2784 forma
505 2711 708 2767 ordalii
736 2711 1034 2768 celebrandi
1049 2711 1412 2784 (desideratur
1440 2712 1495 2767 in
1517 2711 1649 2770 Sax.
1680 2704 1730 2766 Β

157 2811 202 2857 et
230 2802 367 2859 lurn.
400 2803 763 2874 Desumptum
811 2812 896 2859 est
935 2819 1001 2858 ex
1032 2804 1182 2875 regio
1218 2804 1368 2874 ms.).

104 2891 172 2949 1X.
193 2892 247 2950 Ut
270 2899 554 2969 negotiatio
583 2914 689 2953 non
711 2896 809 2967 ﬁat
829 2898 914 2952 die
933 2895 1211 2953 Dominica
1235 2895 1364 2969 (LL.
1382 2897 1512 2954 Sax.
1529 2914 1650 2972 cap.

156 2984 238 3053 24;
262 2986 408 3045 Jorn.
434 3005 566 3061 cap.
606 2987 720 3059 52).

107 3072 156 3130 Χ.
187 3077 253 3134 De
286 3080 648 3153 pejerantibus
686 3078 819 3153 (LL.
863 3078 994 3138 Sax.
1035 3096 1157 3154 cap.
1192 3079 1298 3150 25;
1330 3080 1487 3138 Jorn.
1530 3097 1650 3154 cap.

158 3171 261 3246 δι).

112 3262 175 3319 Xl.
206 3266 274 3323 De
304 3269 463 3342 adicio
496 3270 767 3343 episcopi,
805 3279 856 3326 et
901 3270 1028 3343 quid
1073 3271 1294 3343 pertinet
1322 3270 1392 3326 ad
1430 3272 1655 3344 ofﬁcium

158 3359 251 3430 ejus
275 3362 397 3434 (LL.
432 3364 570 3421 Sax.
598 3379 689 3431 0.;
720 3362 874 3420 Jurn.
898 3378 1019 3436 cap.
1052 3363 1346 3435 sequenti).

108 3447 192 3508 XII.
221 3454 360 3522 Quod
403 3458 555 3514 omni
582 3458 667 3513 die
698 3455 912 3513 Veneris
932 3472 1027 3527 pro
1067 3472 1184 3527 rege
1222 3466 1268 3511 et
1297 3455 1490 3526 populo
1529 3474 1655 3513 can-

160 3551 282 3605 tondi
302 3562 418 3608 sunt
440 3568 474 3608 ι,
497 3550 692 3624 psalmi
718 3551 909 3624 (Cone.
938 3550 1113 3608 Exon.
1154 3550 1207 3605 in
1236 3548 1339 3605 LL.
1365 3549 1500 3606 Sax.
1528 3565 1652 3623 cap.

158 3639 210 3709 5;
242 3640 381 3700 Jorn.
408 3660 539 3717 cap.
575 3644 653 3716 (ἰ).

109 3724 210 3787 XIII.
233 3733 303 3791 De
327 3739 475 3794 tueris
523 3747 572 3793 et
609 3737 899 3809 wergildis,
927 3737 984 3792 id
1023 3744 1099 3793 est
1140 3736 1369 3808 capitum
1416 3722 1651 3792 testium?

165 3823 362 3885 tionibus
399 3827 534 3901 (LL.
574 3827 706 3885 Sax.
748 3842 869 3900 cap.
910 3826 1141 3896 ultimo;
1195 3825 1348 3884 Jorn.
1389 3841 1513 3898 cap.
1561 3839 1652 3883 se-

165 3919 363 3995 quanti).

666 4008 1038 4068 CAPITULA.

160 4096 193 4153 ι.
218 4100 317 4175 Ego
355 4103 688 4163 Adelstanus
714 4119 814 4161 rex
851 4103 1079 4161 consilio
1102 4102 1347 4161 Wll‘elmi
1379 4103 1653 4177 archiepi-
1678 4076 1726 4143 θ

108 4192 221 4262 scopi
243 4198 357 4263 mei,
385 4206 440 4255 et
475 4197 707 4254 aliorum
734 4197 1115 4269 episcoporum
1146 4213 1414 4267 meorum,
1446 4199 1649 4256 mando

106 4288 359 4357 {impositis
404 4292 545 4349 meis
591 4291 847 4348 onmibus
899 4292 954 4347 in
1012 4300 1125 4348 toto
1177 4307 1343 4364 regno
1388 4307 1543 4361 meo,
1596 4298 1652 4348 et

110 4380 318 4452 paecipio
354 4385 408 4441 in
457 4385 679 4442 nomine
708 4384 921 4442 Domini
952 4393 1007 4440 et
1036 4394 1349 4441 sanctorum
1380 4385 1648 4453 omnium,

109 4475 149 4520 et
168 4484 303 4541 super
343 4476 639 4533 amicitiam
666 4491 880 4544 meam,
914 4484 974 4531 ut
1012 4476 1066 4531 in
1095 4476 1287 4549 primis
1324 4477 1553 4533 reddant
1582 4476 1649 4533 de

110 4571 202 4616 meo
228 4568 434 4639 proprio
461 4570 703 4626 decimas
727 4569 873 4639 Deo,
917 4579 1025 4624 tam
1073 4568 1128 4624 in
1160 4568 1358 4625 viventi
1405 4568 1648 4639 capitali,

110 4665 236 4722 quam
268 4662 490 4720 mortuis
538 4663 785 4734 frugibus
821 4671 1002 4719 terrm.
1045 4662 1112 4718 Et
1145 4662 1380 4733 episcopi
1423 4663 1526 4719 mei
1573 4662 1649 4719 si-

110 4746 269 4806 militer
305 4754 505 4812 iaciant
532 4756 599 4813 de
637 4771 735 4812 suo
760 4755 1003 4827 proprio,
1052 4762 1109 4810 et
1139 4754 1477 4810 aldcrmanni
1516 4753 1646 4817 mei.

110 4845 152 4892 ει
187 4849 433 4916 praspositi
477 4850 603 4906 mei.
642 4849 711 4905 Et
739 4847 862 4905 volo
909 4857 970 4904 ut
1000 4848 1239 4921 episcopi
1281 4858 1336 4905 et
1372 4849 1648 4921 praepositi

112 4932 191 4986 mei
216 4935 306 4993 hoc
333 4939 573 4999 indicent
613 4942 869 4999 omnibus
902 4942 994 5013 qui
1038 4942 1122 4997 eis
1174 4956 1370 5013 parere
1403 4942 1644 4998 debent:

110 5030 151 5076 ει
174 5026 270 5085 haec
292 5024 355 5089 ad
383 5037 672 5092 terminum
702 5036 959 5106 expleant
980 5050 1143 5107 quem
1180 5035 1262 5093 eis
1284 5037 1558 5109 ponimus,
1591 5036 1647 5094 id

113 5123 177 5170 est
196 5120 454 5184 deeollatio
475 5128 537 5186 S.
562 5127 789 5185 Joannis
816 5127 1094 5199 Baptistae.

163 5209 438 5287 Cogitemus
483 5222 612 5294 quid
640 5220 874 5278 Iacobus
914 5232 1068 5293 pater
1106 5221 1245 5278 dixit
1290 5221 1403 5278 Deo
1444 5239 1462 5276 :
1497 5220 1650 5278 Deci-

115 5313 201 5355 mus
223 5317 264 5361 et
297 5309 482 5368 hostias
509 5313 757 5386 paciﬁcos
786 5313 1007 5383 o/feram
1045 5314 1141 5368 tibi
1170 5312 1325 5384 (Gen.
1367 5318 1545 5386 xvm).
1578 5313 1649 5370 Et

114 5387 330 5458 Dominus
364 5405 473 5476 ipse
510 5407 641 5463 dicit
666 5407 717 5462 in
746 5406 1040 5479 Evangelio
1070 5424 1084 5461 :
1124 5405 1281 5462 Omni
1308 5408 1520 5463 habenti
1548 5407 1645 5462 da-

119 5479 244 5556 bitur,
271 5504 312 5548 et
348 5496 624 5553 abundabit
661 5496 877 5571 (Matth.
928 5497 1077 5569 xxv).
1112 5496 1477 5553 Recolendum
1508 5513 1645 5569 quo-

118 5587 201 5644 que
238 5587 379 5643 nobis
412 5600 492 5646 est
523 5606 688 5663 quam
734 5589 1049 5645 terribiliter
1094 5590 1147 5645 in
1203 5590 1358 5647 libris
1406 5591 1643 5661 positum

122 5676 216 5725 est:
240 5672 292 5730 Si
314 5678 556 5739 decimam
587 5684 716 5738 dare
749 5681 992 5738 uolumus
1020 5722 1035 5748 ,
1082 5692 1136 5736 ut
1179 5684 1471 5754 o/ferantur
1497 5684 1646 5740 nobis

112 5768 253 5822 norem
277 5784 458 5843 varies,
488 5787 536 5837 et
565 5776 767 5834 decima
796 5773 909 5833 sola
939 5774 1285 5848 relinquatur.

1692 1326 1749 1384 Α
1845 1317 1907 1374 lt.
1947 1317 2014 1374 Et
2043 1318 2187 1385 volo,
2225 1319 2582 1392 cyricsceatta
2626 1321 2923 1380 reddantur
2966 1325 3036 1382 ad
3083 1325 3231 1384 illum
3279 1328 3363 1387 lo-

1764 1425 1889 1467 cum
1921 1411 2008 1467 cui
2042 1422 2193 1467 recte
2220 1412 2533 1484 pertinent,
2579 1425 2634 1470 et
2666 1416 2792 1473 inde
2822 1417 3096 1488 gaudeant
3142 1422 3195 1479 in
3228 1423 3363 1495 ipsis

1763 1503 1917 1565 locis.
1976 1505 2069 1575 qui
2111 1506 2225 1561 bace
2273 1506 2490 1577 dignius
2540 1523 2670 1581 erga
2708 1508 2879 1567 Deum
2929 1522 2986 1569 et
3036 1529 3137 1571 nos
3171 1516 3365 1576 volunt

1762 1596 2060 1652 deservire.
2102 1595 2368 1653 Hortatur
2387 1614 2487 1654 nos
2523 1615 2703 1657 sermo
2742 1602 2979 1671 divinus,
3007 1614 3212 1664 aeterna
3237 1622 3365 1668 cum

1764 1688 2036 1755 terrenis,
2089 1689 2331 1746 caelestia
2378 1706 2502 1746 cum
2560 1693 2784 1750 caducis
2828 1698 3153 1766 promereri.
3206 1698 3365 1759 Nunc

1762 1780 1963 1839 andilis
1994 1783 2123 1854 quid
2162 1785 2215 1839 in
2270 1784 2383 1839 Deo
2407 1786 2720 1858 praecipiam
2744 1827 2760 1855 ,
2809 1796 2866 1843 et
2915 1789 3045 1860 quid
3084 1792 3363 1863 complere

1761 1873 2025 1931 debeatis.
2065 1874 2252 1932 Facite
2281 1876 2446 1935 etiam
2484 1887 2544 1932 ut
2584 1877 2717 1934 mihi
2754 1893 2873 1935 mea
2912 1882 3133 1954 propria
3176 1884 3365 1955 cupia-

1760 1969 1851 2036 tis,
1893 1984 2014 2040 qua:
2047 1969 2177 2025 mihi
2228 1981 2378 2026 recte
2407 1971 2660 2041 poteritis
2709 1974 3015 2044 acquirere.
3068 1974 3205 2031 Nolo
3263 1976 3363 2032 ali-

1759 2060 1889 2133 quid
1939 2060 2137 2131 injuste
2185 2063 2317 2119 mibi
2370 2065 2739 2136 conquiratis,
2793 2067 2890 2123 sed
2945 2070 3131 2125 omnia
3177 2077 3363 2129 vestra

1761 2157 1997 2211 concedo
2039 2156 2195 2212 vobis
2247 2171 2313 2212 eo
2371 2166 2559 2213 tenore
2601 2173 2710 2229 quo
2755 2159 2889 2215 mihi
2938 2175 3061 2217 mea
3105 2161 3364 2220 similiter

1759 2247 2044 2318 cmptetis.
2075 2245 2275 2303 Cavete
2312 2247 2473 2303 simul
2498 2258 2553 2304 et
2575 2249 2751 2317 vobis,
2790 2257 2845 2306 et
2878 2249 2960 2306 eis
3006 2266 3145 2322 quos
3173 2252 3362 2310 admo-

1759 2355 1889 2396 nere
1928 2339 2159 2401 debetis.
2188 2350 2244 2395 et
2276 2338 2345 2393 ab
2390 2340 2469 2395 ira
2519 2339 2613 2395 Dei
2647 2349 2704 2395 et
2750 2342 3188 2413 transgressione
3214 2357 3359 2400 mea.

1830 2431 1919 2487 lll.
1952 2431 2065 2502 Ego
2101 2431 2431 2487 Adelstanus
2475 2446 2573 2487 rex
2608 2431 2830 2488 notilico
2862 2433 3174 2504 praepositis
3219 2433 3360 2492 meis

1760 2524 2012 2580 omnibus
2050 2523 2105 2579 in
2156 2539 2324 2595 regno
2356 2539 2477 2579 meo
2520 2525 2666 2594 quod
2712 2525 2941 2581 concilio
2964 2524 3238 2582 Wollelmi
3268 2540 3362 2583 ar-

1760 2617 2092 2687 chiepiscopi
2142 2617 2271 2683 mei,
2298 2624 2352 2671 et
2379 2616 2624 2671 omnium
2666 2616 3046 2688 episcoporum
3086 2631 3357 2685 meorum,

1759 2720 1814 2767 et
1872 2709 1966 2765 Dei
2016 2710 2384 2765 ministrorum
2410 2751 2426 2777 ,
2481 2708 2547 2764 ad
2584 2709 2964 2765 remissionem
3004 2718 3359 2780 peccatorum

1760 2819 2007 2859 meorum
2055 2810 2110 2859 et
2169 2801 2582 2873 acquisitionem
2631 2802 2756 2856 vitae
2813 2810 3071 2869 aeternae,
3118 2801 3241 2856 volo
3297 2808 3361 2858 ut

1757 2896 1995 2968 pascatis
2029 2894 2176 2950 omni
2222 2895 2308 2949 via
2338 2908 2630 2965 pauperem
2679 2909 2848 2949 unum
2877 2892 3163 2965 Anglicum
3210 2892 3356 2949 indi-

1756 2996 1996 3061 gentem,
2031 2989 2075 3044 si
2128 2987 2326 3053 sit'ibi,
2359 2987 2445 3042 vel
2481 2987 2649 3041 alium
2679 2986 2990 3043 inveniatis.
3021 2986 3098 3042 De
3136 2985 3352 3043 duabus

1756 3082 1883 3139 Nitb
1914 3081 2088 3138 ﬁrmis
2110 3082 2267 3137 detur
2296 3080 2378 3137 eis
2406 3081 2634 3152 singulis
2665 3079 2944 3136 mensibus
2966 3080 3157 3135 ambra
3183 3078 3350 3151 plena

1756 3175 1966 3242 larium,
1992 3185 2047 3231 et
2065 3190 2169 3230 una
2196 3190 2386 3246 perna,
2416 3174 2501 3230 vel
2540 3186 2681 3230 unus
2724 3173 2869 3230 aries
2896 3173 2990 3245 qui
3017 3171 3197 3228 valeat
3218 3186 3354 3244 qua-

1758 3282 1883 3329 tuor
1909 3275 2182 3339 denarios,
2208 3283 2263 3330 et
2285 3275 2426 3331 casei
2455 3283 2692 3346 quatuor
2719 3288 2735 3328 :
2775 3272 2908 3330 etin
2949 3272 3107 3329 tertia
3137 3271 3225 3328 die
3251 3270 3359 3328 Pa-

1760 3371 1906 3425 sclne
1924 3369 2145 3439 triginta
2170 3369 2382 3424 denarii
2407 3368 2474 3424 ad
2489 3368 2746 3424 vestitum
2763 3367 3049 3423 duodecim
3079 3365 3353 3423 mensium

1759 3476 2082 3533 unoquoque
2122 3476 2286 3517 anno.
2335 3462 2400 3517 Et
2436 3461 2677 3518 liberetis
2726 3476 2892 3516 unum
2935 3460 3059 3515 wire
3099 3460 3355 3526 theowne.

1758 3552 1812 3609 id
1850 3564 1954 3618 est,
1983 3552 2321 3610 forlsl‘actum
2346 3568 2585 3609 servum.
2625 3552 2693 3608 Et
2713 3553 2818 3609 hoc
2848 3559 3019 3608 totum
3058 3560 3355 3624 peragatur

1758 3648 1813 3704 in
1843 3647 2220 3705 misericordia
2260 3648 2354 3705 Dei
2401 3657 2458 3703 et
2495 3646 2737 3703 amicitia
2771 3661 2892 3703 mea
2917 3687 2935 3714 ,
2977 3646 3078 3702 sub
3106 3645 3355 3703 testimo-

1758 3742 1850 3799 nio
1893 3742 2132 3814 episcopi
2171 3741 2224 3797 in
2271 3740 2428 3810 cujus
2464 3740 2783 3812 episcopatu
2821 3739 2912 3796 sit.
2945 3738 3015 3795 Et
3051 3738 3096 3795 si
3138 3751 3355 3813 prtepoo

1756 3836 1896 3895 situs
1922 3837 2028 3892 hoc
2054 3843 2407 3907 superteneat
2432 3875 2448 3903 ,
2485 3835 2740 3891 emendet
2764 3849 2871 3889 nx
2898 3832 3001 3889 sol.
3041 3840 3098 3888 et
3133 3832 3351 3889 dividao

1756 3938 1846 3986 tur
1888 3931 2004 3986 haec
2046 3928 2278 4000 pecunia
2314 3942 2412 3998 per
2450 3926 2821 3981 testimonium
2859 3923 3097 3997 episcopi
3141 3937 3354 3995 paupeo

1755 4024 1995 4082 rioribus
2043 4022 2136 4094 qui
2172 4022 2226 4078 in
2283 4021 2402 4092 ipsa
2438 4019 2566 4076 villa
2611 4028 2776 4076 erunt
2810 4019 2904 4076 ubi
2956 4019 3061 4076 hoc
3098 4033 3206 4076 non
3244 4015 3357 4077 fuit

1754 4125 2099 4172 exsecutum.

1824 4206 1916 4263 IV.
1944 4207 2012 4262 Et
2052 4208 2119 4263 de
2158 4204 2475 4262 infracturis
2523 4203 2918 4271 ecclesiarum,
2954 4202 3002 4258 si
3046 4201 3171 4274 quis
3220 4213 3351 4259 reus

1750 4308 2012 4372 appareat
2038 4299 2092 4355 in
2125 4298 2324 4370 triplici
2351 4297 2578 4364 ardalio,
2611 4296 2933 4354 emendetur
2957 4292 3352 4367 sicutjudicia-

1750 4391 1816 4448 lis
1847 4391 1986 4448 liber
2017 4391 2170 4447 dicit.

1823 4479 1887 4539 V.
1923 4482 2278 4540 Deerevimus
2299 4481 2467 4537 etiam
2498 4481 2567 4537 de
2610 4480 2886 4552 sortilegis
2922 4487 2981 4536 et
3024 4475 3259 4544 liblacis,
3294 4480 3355 4532 et

1750 4581 1953 4630 sortem
1998 4572 2288 4640 dantibus,
2319 4573 2364 4627 si
2414 4572 2694 4628 hominem
2737 4571 3012 4635 occidant,
3042 4577 3099 4624 et
3143 4578 3347 4639 negare

1749 4680 1856 4722 non
1893 4666 2123 4738 possint,
2140 4666 2264 4721 vitae
2292 4680 2404 4721 suae
2431 4665 2587 4736 culpa
2608 4662 2944 4733 iudicentur.
2967 4660 3024 4717 Si
3047 4666 3353 4732 pernegare

1749 4757 1938 4823 velint,
1989 4766 2045 4814 et
2076 4758 2129 4813 in
2170 4756 2368 4828 triplici
2400 4756 2613 4812 ordalio
2642 4754 2939 4827 culpabiles
2978 4753 3347 4821 inveniantur,

1752 4850 1864 4906 sint
1891 4857 2108 4907 centum
2142 4850 2333 4923 viginti
2360 4848 2613 4906 noctibus
2643 4848 2696 4903 in
2732 4862 2977 4914 carcere,
3010 4855 3065 4901 et
3095 4844 3351 4917 cognatio

1747 4958 1934 5001 earum
1961 4945 2153 5001 educat
2178 4958 2291 5009 eas,
2326 4951 2382 4998 et
2405 4942 2725 4998 emendetur
2750 4941 2866 5013 regi
2904 4948 3122 4997 centum
3156 4935 3349 5008 viginti

1747 5034 1957 5101 solidis,
1972 5043 2028 5091 et
2053 5034 2293 5090 occisum
2312 5034 2587 5090 hominem
2615 5033 2843 5090 reddant
2871 5032 3186 5105 parentibus
3205 5028 3346 5097 suis,

1748 5136 1804 5181 et
1828 5133 1959 5181 cant
1994 5125 2077 5181 eis
2114 5125 2169 5180 in
2202 5123 2462 5196 plegium,
2503 5123 2646 5196 quod
2675 5137 2838 5195 super
2861 5122 2930 5195 iis
2954 5121 3262 5178 abstineant
3288 5116 3346 5175 in

1747 5225 2035 5273 aeternum.

1821 5308 1910 5365 Vl.
1941 5308 2150 5365 Placuit
2176 5309 2333 5366 nobis
2362 5318 2422 5365 ut
2446 5324 2555 5365 una
2585 5315 2801 5366 moneta
2828 5308 2900 5364 sit
2928 5306 2982 5362 in
3028 5314 3142 5361 toto
3188 5303 3345 5376 regni

1751 5401 2003 5474 imperio,
2030 5410 2086 5455 et
2114 5400 2295 5458 nullus
2323 5408 2563 5456 monetet
2593 5407 2746 5455 extra
2788 5404 3022 5468 portam.
3059 5394 3118 5450 Si
3148 5406 3343 5448 mone-

1751 5494 1920 5551 tarius
1963 5508 2088 5550 reus
2118 5492 2300 5559 fuerit,
2332 5498 2642 5562 amputetur
2687 5490 2737 5546 ei
2778 5502 2990 5556 manus,
3017 5496 3070 5543 et
3102 5493 3342 5559 ponetur

1749 5588 1851 5644 sub
1878 5596 2107 5644 moneta:
2131 5587 2410 5645 fabricam.
2442 5584 2498 5641 Si
2524 5582 2815 5653 inculpatio
2835 5582 2924 5648 sit,
2950 5591 3004 5638 et
3026 5596 3084 5637 se
3106 5593 3341 5653 purgare

1748 5682 1905 5748 velit,
1935 5692 2027 5738 eat
2059 5681 2126 5737 ad
2175 5680 2378 5759 ferrum
2416 5679 2680 5743 calidum,
2722 5686 2777 5734 et
2825 5676 3057 5748 adlegict
3105 5688 3326 5731 manum

1752 5777 1823 5834 ad
1865 5774 2164 5832 canileram
2194 5774 2339 5846 quod
2392 5789 2498 5831 nou
2539 5771 2731 5831 falsum
2778 5770 3009 5829 fecit.Si
3038 5769 3091 5826 in
3121 5765 3334 5849 ordali‘.
