3860 5382
555 250 677 363 467⁷
1267 300 1560 399 ΔΡξΕΝῐ).
1599 301 1694 358 AD
1733 298 1912 361 SEC.
1948 302 2020 359 X.
2056 332 2128 344 —

2254 298 2601 357 ’ΝΠΜΕΝΤΛ
2641 298 3130 362 DIPLOMATICA.
3705 307 3787 372 ιιι

558 439 687 481 reus
703 421 1065 491 fuerit,tlatei
1091 425 1236 496 quod
1265 423 1637 493 supradictum
1655 433 1756 479 est.
1776 422 1831 476 lu
1859 423 2149 477 Cantuaria
2181 401 2230 460 Α
2258 417 2482 488 quando
2504 416 2704 474 ferrum
2730 419 2998 490 projiciet,
3029 427 3084 474 et
3110 416 3175 474 ad
3204 427 3453 476 sanctum
3481 421 3643 480 altare
3669 425 3789 484 festi-

558 527 687 575 sunt
731 528 854 575 octo
907 517 1197 580 monetarii
1247 517 1408 586 regis,
1461 525 1694 586 quatuor
1739 515 1996 586 episcopi,
2039 526 2151 573 [res
2253 517 2364 575 net,
2397 511 2798 582 etinsigilletur
2827 528 3018 566 manus
3044 512 3160 582 ejus
3191 521 3246 566 et
3268 512 3568 582 inquiratur
3607 517 3680 571 die
3703 529 3787 574 ter-

557 610 806 674 abbatis;
855 617 909 664 et
961 609 1015 664 in
1065 608 1388 664 Rcucestria
1427 616 1542 663 tres
1567 608 1730 680 regis,
1758 609 1864 662 duo
1888 608 2147 679 episcopi.

556 702 615 758 lu
647 702 868 758 London
900 710 1046 768 octo,
1075 702 1127 756 in
1164 699 1386 757 Winton
1414 715 1509 756 sex
1533 742 1547 766 ,
1591 701 1643 755 in
1688 698 1878 756 Lewcs
1908 701 2049 770 duo,
2095 701 2149 758 in

557 793 1017 866 Hastingecestria
1049 808 1208 859 unus,
1241 792 1296 848 in
1328 791 1696 863 Scheastbury
1725 792 1921 860 duo,in
1942 790 2152 850 Oxonia

558 886 688 963 duo,
718 894 771 940 et
794 886 850 940 in
888 884 1007 960 aliis
1031 884 1238 956 burgis.
1737 889 1746 963 ί

629 961 739 1031 νιι.
774 973 830 1030 Si
863 977 985 1047 quis
1014 975 1275 1045 judicium
1316 974 1448 1031 ferri
1495 974 1581 1031 vel
1625 961 1779 1046 aqua:
1819 975 2148 1045 vadiaverit,

556 1068 778 1125 accedat
816 1078 942 1124 ante
998 1067 1173 1123 tribus
1219 1067 1470 1123 noctibus
1505 1068 1573 1122 ad
1619 1068 1996 1141 presbyterum
2056 1069 2148 1139 qui

558 1161 904 1216 sanctificare
941 1159 1277 1226 debetcum,
1321 1169 1376 1214 et
1403 1169 1590 1231 pascat
1618 1175 1676 1216 se
1715 1175 1877 1230 pane,
1911 1169 1966 1217 et
2012 1162 2148 1228 sale,

554 1260 611 1307 et
643 1267 813 1322 aqua,
841 1259 894 1308 et
919 1251 1123 1318 herbis,
1161 1259 1216 1318 et
1242 1253 1428 1306 audiat
1467 1252 1663 1308 missas
1693 1253 1936 1324 ipsorum
1965 1254 2149 1328 singu-

555 1339 733 1399 lorum
764 1344 930 1399 trium
961 1345 1192 1411 dierum,
1231 1355 1287 1400 et
1317 1343 1529 1410 offerat,
1558 1355 1612 1401 et
1639 1334 1728 1402 eat
1757 1348 1822 1402 ad
1857 1363 2147 1404 sacrosan-

556 1445 701 1491 'ctam
730 1437 1170 1492 Communionem
1203 1438 1318 1509 ipsa
1361 1439 1448 1493 die
1481 1454 1585 1509 qua
1631 1440 1896 1495 ordalium
1935 1442 2147 1497 exami-

555 1529 678 1584 nari
709 1529 956 1597 debebit;
985 1531 1040 1587 et
1063 1529 1210 1598 juret
1237 1531 1379 1602 quod
1400 1530 1524 1601 jure
1553 1532 1766 1603 publico
1795 1534 1866 1589 sit
1890 1534 2151 1592 innocens

2257 603 2326 658 tia
2363 604 2406 660 si
2436 605 2635 659 munda
2665 603 2746 658 vel
2780 606 3053 664 immunda
3078 606 3150 660 sit
3176 606 3319 660 intra
3349 606 3727 678 sigillationem;
3748 623 3790 668 et

2252 697 2344 767 qui
2367 697 2510 768 leges
2542 697 2675 752 istas
2699 696 2941 768 fregerit,
2965 698 3037 753 sit
3073 698 3336 753 ordalium
3357 738 3372 764 ,
3402 699 3453 752 id
3479 708 3559 754 est
3574 700 3787 770 judicium

2250 787 2335 843 vel
2366 803 2619 855 examen,
2655 787 2885 844 fractum
2904 787 2956 843 in
2985 803 3068 853 eo,
3101 795 3156 843 et
3182 788 3372 843 reddat
3393 789 3502 860 regi
3525 799 3716 847 centum
3735 796 3794 849 vi-

2249 879 2382 951 ginti
2414 881 2614 937 solidos
2650 879 2831 936 Witae.
3626 893 3640 900 ‘

2321 969 2411 1024 IX.
2455 970 2556 1039 Qui
2607 970 2808 1041 aliquid
2844 969 3008 1035 emit,
3060 978 3206 1026 emat
3235 985 3356 1027 cum
3395 971 3645 1038 testibus;
3677 981 3741 1041 et,
3761 976 3794 1031 si

2251 1060 2626 1131 appellandum
2660 1061 2785 1118 inde
2814 1062 2904 1124 sit,
2961 1061 3187 1132 recipiat
3228 1062 3334 1118 hoc
3365 1063 3613 1118 venditor
3643 1079 3751 1119 suus
3773 1082 3794 1121 a

2250 1169 2358 1224 quo
2383 1154 2544 1221 emit,
2576 1155 2648 1210 sit
2672 1154 2829 1221 liber,
2863 1155 2932 1211 sit
2957 1170 3163 1222 servus,
3196 1157 3267 1211 sit
3301 1157 3443 1227 quod
3472 1157 3576 1211 sit:
3626 1165 3674 1211 et
3717 1174 3796 1213 non

2250 1245 2346 1301 fiat
2371 1247 2574 1318 aliquid
2605 1248 2916 1320 negotiatio,
2946 1249 3028 1304 vel
3059 1248 3288 1304 forensis
3339 1248 3484 1304 actio
3534 1249 3617 1306 die
3649 1250 3796 1306 Domi-

2197 1341 2200 1346 ’
2249 1339 2394 1393 nica.
2421 1338 2479 1393 Si
2508 1339 2629 1409 quis
2654 1339 2756 1394 hoc
2779 1351 3087 1410 praesumat,
3116 1341 3308 1410 perdat
3328 1336 3506 1411 ipsum
3520 1341 3740 1413 capitale,
3759 1352 3798 1399 et

2250 1429 2502 1484 emendet
2531 1421 2969 1486 overhirnessam
3002 1445 3201 1486 meam.
3237 1497 3240 1500 ,

2321 1520 2390 1576 Χ.
2430 1520 2530 1589 Qui
2563 1521 2757 1577 falsum
2783 1523 3152 1593 juramcntum
3186 1522 3411 1592 jurabit,
3467 1533 3524 1580 et
3567 1525 3797 1581 convictus

559 1620 708 1678 illius
743 1624 1111 1680 accusationis
1153 1634 1444 1694 antequam
1470 1625 1536 1679 ad
1570 1625 1834 1680 ordaliu‘m
1853 1627 2054 1681 veniat.
2081 1617 2141 1681 Et

2254 1615 2374 1670 inde
2407 1614 2587 1680 fuerit,
2621 1631 2896 1687 nunquam
2936 1624 3120 1686 postea
3148 1617 3461 1688 juramento
3509 1616 3690 1688 dignus
3726 1619 3798 1684 sit,

555 1714 602 1768 si
627 1713 889 1782 judicium
932 1731 1087 1787 aqua:
1125 1715 1334 1786 frigidas
1380 1718 1486 1784 sit,
1529 1727 1660 1775 tunc
1706 1730 1985 1792 mergatur
2038 1736 2145 1775 una

2257 1721 2359 1762 nec
2398 1708 2451 1762 in
2487 1708 2829 1764 sanctiﬁcato
2856 1709 2996 1763 atrio
3019 1707 3198 1779 aliquo
3218 1708 3422 1779 jaceat,
3460 1709 3505 1764 si
3559 1708 3798 1776 moriatur,

553 1805 679 1862 ulna
712 1815 767 1862 et
788 1807 1010 1863 dimidia
1040 1809 1090 1863 in
1124 1808 1271 1864 fune.
1304 1808 1362 1865 Si
1390 1809 1592 1866 ferrum
1624 1811 1859 1866 calidum
1899 1814 2000 1877 sit,
2039 1822 2141 1869 tres

2255 1800 2301 1854 si
2328 1815 2433 1854 non
2473 1802 2672 1856 habeat
2697 1801 2933 1872 episcopi
2959 1801 3326 1856 testimonium
3359 1801 3413 1856 in
3448 1800 3600 1870 cujus
3625 1802 3802 1858 ὀίωοεεὶ

552 1893 745 1956 noctes
775 1909 1058 1958 transeant
1104 1911 1394 1974 antequam
1445 1905 1782 1974 inquiratur;
1814 1915 1870 1962 et
1897 1906 2149 1962 videatur

552 1989 749 2049 manus
791 1992 926 2063 ejus,
956 2003 1010 2049 et
1043 2005 1405 2066 prosequatur
1443 1997 1619 2052 omnis
1649 1997 1809 2053 homo
1855 1999 2148 2068 compella-

552 2081 758 2143 tionem
805 2103 958 2143 suam
997 2103 1108 2160 prae
1151 2088 1503 2159 juramento,
1553 2093 1693 2146 sicut
1731 2107 1892 2162 supra
1941 2092 2144 2148 dictum

550 2161 657 2243 est,
689 2187 743 2233 et
786 2179 896 2234 sint
943 2191 1172 2251 uterque
1209 2180 1381 2250 jejuni
1419 2198 1485 2238 ex
1524 2161 1807 2253 przeccpto
1827 2183 1920 2238 Dei
1968 2193 2021 2238 et
2057 2199 2146 2238 aro

549 2265 914 2341 cltiepiscopi;
950 2279 1137 2326 etnon
1187 2273 1298 2328 sint
1325 2273 1378 2328 in
1411 2274 1671 2329 alterutra
1724 2265 1875 2345 parte
1913 2275 2145 2346 amplius

550 2365 716 2433 quam
745 2365 800 2420 in
834 2364 937 2420 alia
975 2382 988 2419 :
1021 2374 1076 2420 et
1127 2367 1232 2422 hoc
1273 2367 1346 2422 sit
1394 2369 1683 2439 utrobique
1720 2370 2005 2424 duodecim
2047 2371 2142 2424 lto-

2255 1890 2344 1954 sit,
2376 1891 2517 1961 quod
2557 1891 2932 1962 pmnitentiam
2968 1893 3272 1962 exceperit;
3314 1900 3370 1948 et
3423 1893 3698 1964 presbyter
3729 1895 3802 1948 boc

2255 1983 2461 2039 referat
2513 1984 2767 2054 episeopo
2819 1982 2960 2040 infra
3013 1983 3227 2054 triginta
3278 1993 3504 2051 noctes;
3546 1993 3711 2039 utrum
3754 1985 3803 2039 ad

2252 2075 2685 2129 emendationem
2717 2083 2773 2129 et
2802 2073 3232 2130 satisfactionem
3266 2075 3500 2130 venerit.
3531 2073 3589 2130 Si
3618 2090 3714 2130 non
3743 2072 3802 2129 fa-

2251 2167 2359 2223 ciat
2387 2165 2510 2234 hoc,
2541 2175 2838 2238 componat»
2853 2168 2995 2223 sicut
3021 2167 3308 2238 episcOpus
3335 2166 3385 2222 ei
3418 2168 3690 2224 concedet.

2323 2256 2516 2314 Totum
2545 2259 2646 2314 hoc
2674 2258 2999 2322 institutum,
3027 2266 3082 2313 et
3110 2257 3493 2313 conﬁrmatum
3514 2259 3663 2316 estin
3690 2275 3805 2330 mag-

2250 2362 2319 2406 na
2365 2351 2570 2423 synodo
2624 2351 2766 2421 apud
2818 2350 3216 2421 Greateleyam,
3275 2351 3360 2405 cui
3407 2350 3804 2421 archiepiscopus

2248 2442 2537 2498 Wlfelmus
2563 2440 2828 2508 interfuit,
2857 2449 2914 2496 et
2939 2455 3130 2496 omnes
3170 2441 3465 2511 optimates
3493 2449 3550 2496 et
3569 2441 3802 2512 sapientes

544 2455 744 2512 mines.
785 2456 842 2513 Si
891 2466 1069 2514 autem
1112 2468 1401 2516 accusatus
1442 2460 1606 2515 homo
1642 2461 1901 2531 majorem
1956 2463 2144 2518 defen-

2249 2547 2386 2602 quos
2410 2530 2786 2588 Ethelstanus
2813 2547 2907 2588 rex
2928 2546 3259 2603 congregare
3280 2532 3454 2602 potuit

543 2540 754 2605 sionem
789 2550 990 2606 habeat
1017 2567 1178 2623 qttam
1211 2553 1492 2608 duodecim
1530 2555 1834 2621 hominum,
1862 2555 1933 2611 sit
1965 2556 2141 2626 ipsum

543 2640 811 2696 Ordalium
836 2640 1072 2697 fractum
1100 2643 1150 2698 in
1183 2657 1278 2710 eo,
1311 2644 1415 2698 nisi
1446 2645 1704 2699 recedere
1729 2647 1899 2700 velint
1926 2649 1992 2701 ab
2027 2647 2137 2702 illo.

613 2733 746 2791 Vill.
788 2736 862 2790 De
889 2736 1094 2792 ordalio
1115 2737 1452 2809 praecipimus
1478 2739 1531 2792 in
1548 2737 1762 2793 nomine
1794 2739 1905 2806 Dei,
1931 2750 1985 2795 et
2007 2755 2142 2810 prte-

541 2839 698 2899 cepto
737 2830 1150 2902 archiepisc0pi,
1181 2841 1234 2887 et
1271 2832 1512 2887 omnium
1562 2833 1938 2902 episcoporum
1993 2848 2141 2887 meo-

541 2936 686 2988 rum,
718 2937 785 2977 ne
808 2923 1004 2992 aliquis
1033 2923 1198 2978 intret
1225 2923 1534 2991 ecclesiam,
1555 2932 1838 2995 postquam
1867 2924 2005 2996 ignis
2053 2925 2138 2979 iu-

541 3007 717 3066 ferlur
754 3015 897 3069 unde
918 3012 1188 3084 judicium
1214 3015 1512 3069 calefacere
1546 3016 1727 3082 debet,
1755 3025 1949 3094 praeter
2004 3030 2137 3085 pre-
2235 3017 2414 3072 Debet
2439 3017 2603 3094 etiam
2663 3017 2846 3072 sedulo
2885 3033 3072 3088 pacem
3126 3025 3182 3072 et
3232 3015 3577 3071 concordiam
3628 3006 3807 3082 operari

541 3103 817 3174 sbyterum
845 3110 899 3157 et
928 3121 1048 3158 cum
1077 3104 1166 3175 qui
1204 3105 1270 3159 ad
1292 3103 1555 3174 judicium
1589 3107 1760 3160 iturus
1789 3114 1890 3160 est.
1920 3105 1987 3160 Et
2026 3107 2136 3160 sint
2163 3156 2207 3191 ρ
2243 3125 2367 3165 cum
2398 3107 2578 3164 surculi
2607 3109 2886 3179 judieibus
2914 3108 3007 3178 qui
3060 3115 3266 3161 rectum
3319 3103 3458 3160 velle
3508 3098 3806 3191 diligunt,

539 3183 840 3248 mensurati
873 3209 1062 3249 novem
1095 3196 1257 3265 pedes
1312 3187 1518 3252 a'staca
1566 3210 1736 3265 usque
1763 3195 1828 3248 ad
1873 3211 2131 3262 tnercam,
2163 3183 2208 3216 “
2239 3202 2716 3272 cotnpellalionum
2769 3195 3144 3270 allegatibnem
3207 3197 3421 3263 docere,
3476 3211 3548 3251 ne
3593 3193 3705 3266 quis
3737 3183 3805 3245 alii

541 3284 609 3337 ad
642 3298 952 3339 mensuram
984 3286 1176 3355 pedum
1201 3285 1316 3353 ejus
1356 3287 1446 3356 qui
1475 3286 1539 3340 ad
1557 3285 1821 3353 judicium
1853 3287 1932 3341 ire
1953 3287 2133 3344 debet.
2237 3307 2524 3364 perperam
2561 3303 2685 3363 agat
2720 3292 2772 3347 in
2799 3289 3150 3363 jurejurando
3176 3288 3261 3343 vel
3290 3289 3342 3343 in
3371 3285 3602 3343 ordalio.

540 3373 673 3430 Etsi
717 3390 872 3445 aqua:
915 3376 1176 3447 judicium
1231 3379 1319 3442 sit,
1359 3378 1644 3434 calefaciat
1674 3380 1844 3436 donec
1870 3381 2138 3436 excitetur

543 3466 611 3519 ad
642 3465 910 3532 bullitutn,
937 3477 990 3522 et
1013 3469 1082 3522 sit
1109 3467 1330 3523 alfetum
1370 3469 1628 3537 ferreum,
1660 3471 1745 3524 vel
1799 3485 2019 3537 aereum,
2049 3470 2137 3527 vel

539 3550 968 3628 plumbeum,vel
987 3561 1051 3615 de
1070 3561 1349 3632 argilla,et
1367 3562 1411 3618 si
1429 3563 1626 3633 anfealt
1654 3563 1795 3634 tybla
1819 3564 1907 3627 sit,
1925 3564 2138 3618 immer-

539 3653 706 3719 ‘galur
727 3666 919 3719 manus
941 3662 1060 3723 post
1111 3652 1364 3723 lapidem,
1423 3655 1508 3709 vel
1569 3670 1795 3710 examen
1846 3669 2020 3726 usque
2069 3657 2137 3712 ad

538 3749 750 3814 toyrste,
785 3757 836 3800 et
865 3745 907 3800 si
937 3744 1131 3815 triplex
1153 3747 1428 3802 accusatio
1449 3748 1538 3814 sit,
1571 3762 1740 3818 usque
1766 3747 1833 3803 ad
1870 3750 2136 3806 cubitum.

541 3833 610 3888 Et
645 3836 858 3904 quando
885 3834 1146 3906 judicium
1190 3847 1440 3907 paratum
1483 3840 1607 3907 erit,
1653 3840 2028 3911 ingrediantur
2070 3858 2138 3898 ex

539 3936 773 4000 tttraque
798 3939 950 3999 parte
975 3930 1081 3984 duo
1109 3931 1377 3996 homines,
1409 3942 1465 3987 et
1500 3933 1634 3987 certi
1656 3935 1766 3988 sint
1803 3943 1862 3988 ut
1891 3935 1965 3990 ita
2010 3935 2141 3990 eali-

541 4021 669 4075 dum
693 4021 769 4075 sit
803 4023 944 4076 sicut
971 4023 1339 4092 praediximus,
1364 4033 1428 4079 et
1486 4025 1758 4080 introeant
1807 4027 2028 4082 totidem
2071 4042 2139 4083 ex

541 4110 700 4164 amba
730 4120 905 4181 parte,
934 4123 988 4168 et
1009 4115 1310 4168 consistant
1330 4131 1398 4169 ex
1427 4123 1657 4186 utraque
1679 4127 1832 4187 parte
1851 4117 2041 4188 judicii
2073 4120 2142 4176 de

538 4199 701 4271 longo
731 4203 993 4269 ecclesiae,
1025 4213 1080 4259 et
1107 4197 1218 4260 sint
1243 4220 1435 4261 omnes
1452 4201 1648 4274 jejuni,
1681 4216 1737 4262 et
1769 4211 1838 4264 ab
1883 4210 2142 4266 uxoribus

535 4294 654 4349 suis
679 4310 739 4351 se
780 4297 1146 4352 continuet-int
1173 4298 1286 4367 ipsa
1316 4305 1494 4364 noete,
1526 4307 1582 4354 et
1611 4309 1863 4371 aspergat
1911 4303 2144 4375 presby-

539 4394 624 4441 ter
655 4403 852 4458 aquam
879 4389 1218 4446 benedictum
1245 4407 1407 4463 super
1429 4407 1523 4448 eos
1548 4409 1758 4460 omnes,
1777 4405 1832 4451 et
1859 4396 2145 4454 bumilient

2322 2645 2401 2716 (6)
2423 2645 2510 2702 XI.
2537 2647 2801 2718 Episcopo
2822 2644 2943 2715 jure
2966 2645 3198 2716 pertinet
3229 2659 3445 2700 omnem
3473 2642 3805 2700 rectitudineat

2245 2754 2586 2812 promovere,
2612 2739 2704 2794 Dei
2728 2738 2980 2794 videlicet
3007 2753 3071 2793 ac
3125 2736 3326 2792 smculi.
3384 2735 3635 2807 inprimis
3680 2736 3806 2789 debet

2246 2847 2465 2887 omnem
2489 2833 2796 2887 ordinatum
2847 2831 2941 2886 Dei
2992 2831 3284 2897 instruere,
3323 2829 3452 2900 quid
3500 2828 3550 2884 ei
3594 2826 3706 2898 jure
3753 2825 3805 2880 sit

2246 2927 2535 2997 agendum,
2588 2935 2644 2981 et
2699 2925 2827 2996 quid
2875 2925 3233 2980 saecularibus
3280 2923 3532 2996 judicare
3592 2921 3790 2976 debeant

2311 3404 2422 3461 Nec
2447 3407 2558 3476 pati
2586 3405 2744 3461 debet
2769 3403 3006 3475 aliquam
3051 3401 3576 3460 circumven'tionem
3629 3395 3805 3466 injusta:

2238 3517 2508 3558 mensura:
2539 3500 2616 3554 vel
2655 3498 2836 3567 injusti
2879 3495 3165 3567 ponderis;
3211 3497 3306 3552 sed
3337 3494 3594 3551 convenit
3646 3501 3700 3546 ut
3729 3505 3804 3561 per

2240 3595 2524 3654 censilium
2555 3599 2608 3650 et
2637 3592 3001 3649 testimonium
3029 3590 3164 3661 ejus,
3211 3602 3400 3644 omnes
3458 3586 3593 3658 legis
3621 3585 3802 3642 scitum,

2243 3700 2297 3747 et
2327 3691 2480 3758 burgi
2533 3702 2807 3752 mensura,
2851 3693 2906 3740 et
2958 3698 3121 3740 omne
3169 3681 3402 3752 pondus,
3467 3678 3714 3750 ponderis
3750 3673 3805 3728 sit

2242 3761 2537 3839 secundum
2568 3780 2856 3835 dictionem
2908 3777 3023 3849 ejus
3070 3775 3398 3842 institutum,
3428 3773 3587 3828 valde
3610 3778 3802 3826 rectum.

2247 3861 2255 3868 ’
2313 3875 2391 3930 Ne
2417 3874 2538 3944 quis
2563 3872 2864 3942 proximum
2886 3884 3040 3924 suum
3065 3867 3314 3932 seducat,
3345 3880 3445 3936 pro
3476 3879 3586 3935 quo
3610 3860 3796 3918 decidat

2244 3968 2296 4023 in
2319 3975 2624 4038 peccatum.
2659 3962 2725 4016 Et
2754 3974 2966 4030 semper
2995 3959 3154 4013 debet
3173 3957 3517 4013 Christianus
3551 3952 3803 4025 providere

2243 4067 2433 4114 contra
2463 4053 2644 4110 omnia
2675 4067 2796 4122 quae
2821 4049 3083 4122 praedicta
3113 4058 3270 4115 sunt;
3307 4055 3364 4103 et
3425 4047 3548 4102 ideo
3579 4043 3725 4099 debet
3756 4053 3802 4092 se

2245 4147 2420 4219 magis
2447 4145 2514 4201 de
2565 4143 2810 4214 pluribus
2862 4141 3248 4204 intromittere,
3293 4148 3353 4192 ut
3401 4137 3538 4192 sciat
3565 4130 3802 4207 quomodo

2245 4254 2376 4311 grex
2405 4245 2528 4311 agat
2554 4250 2714 4307 quem
2742 4234 2808 4288 ad
2855 4232 2950 4288 Dei
2983 4246 3200 4287 manum
3251 4230 3525 4287 custodire
3573 4223 3803 4293 suscepit,

2244 4331 2317 4387 ne
2345 4329 2591 4386 diabolus
2619 4342 2743 4384 eum
2765 4323 2954 4392 laniet,
2989 4338 3091 4379 nec
3113 4323 3314 4379 malum
3340 4321 3542 4394 aliquid
3583 4329 3804 4390 superse-

2242 4421 2437 4478 minet.

536 4481 1534 4606 ἷῗηῗῖἓῗέ¹¹ἔηῗ⁴ῗηῗῗἳῗᾚῖἒθὲῗῗῗῗῗῗιξῗ’
1568 4498 1622 4606 ff
1646 4489 2136 4606 Ἶῗῖἒξὶθῗῗῗῖἷίῗῗ
2163 4517 2214 4578 ι)
2312 4535 2600 4606 Nunquam
2630 4535 2776 4591 enim
2806 4533 2912 4589 erit
2965 4531 3162 4604 populo
3207 4531 3344 4586 bene
3371 4529 3695 4592 consultum.
3722 4537 3802 4579 ηεο

536 4573 768 4628 osculari
801 4583 1004 4629 textum
1033 4577 1206 4630 sancti
1228 4576 1526 4647 Evangelii,
1568 4587 1624 4634 et
1663 4581 1875 4652 signum
1925 4591 2127 4638 sancte

537 4663 736 4717 crucis.
768 4664 834 4718 Et
864 4680 1023 4720 nemo
1054 4665 1215 4720 faciat
1247 4667 1422 4737 ignem
1452 4669 1651 4724 diutius
1692 4686 1852 4740 quam
1909 4671 2132 4729 benedi-

536 4753 650 4808 ctio
675 4754 914 4825 incipiat,
947 4754 1231 4823 sedjaceat
1256 4757 1459 4813 ferrum
1487 4773 1651 4828 super
1675 4761 1939 4816 carbones
1963 4777 2134 4832 usque

536 4846 605 4899 ad
625 4846 868 4900 ultimam
896 4848 1210 4904 collectam:
1231 4859 1417 4920 postea
1445 4852 1695 4906 mittatur
1715 4866 1880 4922 super
1907 4854 2132 4925 staplas,

535 4947 592 4993 et
616 4954 722 4994 non
748 4941 817 4994 sit
854 4940 963 4998 illic
990 4942 1093 4996 alia
1116 4942 1316 4998 locutio
1345 4959 1507 5014 quam
1536 4954 1595 5000 ut
1621 4955 1914 5016 precentur
1944 4948 2134 5004 sedulo

537 5033 707 5087 Deum
739 5032 956 5089 Patrem
985 5036 1431 5106 omnipotentem,
1476 5045 1538 5091 ut
1562 5039 1844 5094 veritatem
1880 5055 2034 5095 suam
2073 5041 2131 5096 in

537 5141 606 5181 eo
633 5127 988 5181 manifestare
1016 5128 1296 5198 dignetur;
1335 5137 1391 5182 et
1420 5130 1571 5185 bibat
1609 5139 1898 5186 accusatus
1933 5145 2132 5202 aquam

539 5217 904 5282 benedictum,
931 5226 986 5272 et
1010 5218 1135 5273 inde
1184 5228 1576 5290 conspergatur
1622 5237 1818 5276 manus
1865 5222 1985 5291 ejus
2022 5237 2134 5294 qua

536 5305 800 5374 judicium
837 5301 1066 5376 portare
1088 5305 1266 5374 debet,
1301 5318 1355 5364 et
1383 5312 1461 5365 sic
1489 5303 1668 5366 adeat.
1714 5312 1916 5368 Novem
1967 5315 2133 5382 pedes

2233 4627 2396 4700 digne
2419 4625 2530 4682 Deo
2550 4624 2976 4690 conservabitur,
2995 4620 3083 4676 ubi
3099 4622 3306 4677 lucrum
3338 4621 3557 4693 impium
3580 4628 3635 4674 et
3660 4615 3803 4686 magis

2239 4718 2437 4775 falsum
2469 4719 2729 4791 diligitur.
2755 4718 2881 4772 ldeo
2907 4715 3105 4771 debent
3135 4729 3329 4771 omnes
3356 4713 3515 4769 amici
3565 4712 3658 4768 Dei
3681 4705 3801 4780 quod

2239 4812 2485 4883 iniquum
2510 4821 2594 4868 est
2622 4824 2906 4877 enervare,
2937 4808 3078 4878 quod
3098 4807 3307 4878 justum
3343 4815 3427 4862 est
3446 4804 3688 4860 elevare:
3712 4814 3801 4855 non

2240 4908 2355 4980 pati
2381 4915 2441 4962 ut
2464 4914 2687 4978 pr0pter
2715 4902 2909 4958 falsum
2936 4911 2989 4956 et
3020 4901 3262 4972 pecunia:
3292 4909 3551 4970 quastum
3575 4911 3634 4952 se
3665 4893 3802 4949 foris-

2242 5001 2448 5058 faciant
2475 4999 2722 5056 homines
2750 5011 2878 5067 erga
2906 5009 3032 5050 vere
3063 4991 3364 5064 sapientem
3397 4990 3584 5054 Deum,
3610 4987 3692 5044 cui
3711 4983 3801 5040 dis-

2243 5081 2404 5165 plicet
2435 5091 2612 5147 omnis
2653 5087 2937 5160 injustitia.

2258 5224 2260 5227 ·
2311 5205 2634 5264 Christianis
2677 5211 2859 5259 autem
2888 5199 3137 5257 omnibus
3189 5196 3558 5254 necessarium
3612 5199 3710 5254 est,
3753 5194 3799 5241 ut

2244 5308 2452 5357 rectum
2496 5298 2747 5368 diligant,
2801 5304 2858 5350 et
2913 5294 3095 5365 iniqua
3120 5291 3495 5351 condemnent,
3538 5296 3592 5340 et
3631 5281 3796 5338 saltem
