3898 6320
492 413 507 452 ἱ
551 353 656 412 JH

1258 335 1548 405 APPEND.
1587 341 1681 398 AD
1715 337 1888 399 SIEC.
1931 339 2000 396 X.
2041 367 2112 382 —
2150 334 2600 395 MONUMENTA
2638 321 3126 394 DlPLOMATlCA.
3670 337 3749 399 li!

551 471 710 529 detur
749 483 856 524 una
907 466 1067 533 libra,
1115 472 1172 520 et
1219 461 1380 533 digna
1426 457 1746 532 pmnitentia
1793 453 1979 511 sedulo
2018 469 2134 526 per-
2162 442 2211 501 Λ
2309 453 2362 509 9.
2389 452 2454 506 Et
2479 452 2546 506 ad
2574 450 2781 506 ordinis
2831 445 3026 522 [suppL
3077 444 3518 523 emendationem]
3569 448 3752 514 infracta

551 565 818 638 quiratur.

621 657 676 712 5.
700 655 766 710 Et
797 654 864 709 ad
893 649 1328 709 emendationem
1357 647 1583 712 ordinis,
1609 646 1652 702 si
1717 645 1842 700 vita:
1870 644 1940 698 sit
1965 643 2135 698 amis-

551 749 653 812 sio,
684 761 845 817 super
871 752 1072 799 rectam
1097 756 1298 797 weram
1346 739 1396 794 in
1429 739 1665 793 secundo
1704 735 1874 807 gradu
1920 734 2041 789 dua:
2074 733 2138 789 li-

550 838 1122 896 braereddanturcum
1157 832 1265 888 Deo
1294 831 1454 901 digna
1511 827 1853 900 paenitentia.
1933 864 1948 880 .
2027 863 2042 880 .
2118 864 2135 880 .

621 1023 675 1078 5.
704 1021 770 1076 Et
797 1019 864 1074 ad
893 1016 1328 1074 emendationem
1357 1011 1586 1074 ordinis,
1609 1010 1652 1064 si
1683 1009 1842 1080 plena
1888 1004 2141 1061 infractio

552 1118 667 1183 fiat,
711 1131 873 1186 super
902 1128 1105 1170 reetam
1136 1125 1340 1168 weram
1378 1110 1430 1164 in
1459 1117 1654 1178 quarto
1707 1103 1875 1174 gradu
1907 1109 2142 1172 quatuor

551 1208 703 1264 librae
724 1205 1020 1262 reddantur
1041 1219 1164 1258 cum
1189 1199 1536 1273 pteniteutia.

623 1299 674 1354 6.
700 1299 762 1352 Et
787 1297 852 1352 ad
881 1295 1315 1350 emendationem
1338 1290 1564 1352 ordinis,
1596 1302 1759 1358 super
1786 1293 1991 1341 rectam
2032 1301 2144 1339 we-

551 1406 667 1446 ram
698 1390 750 1444 iu
799 1387 987 1458 quinto
1038 1385 1206 1456 gradu
1264 1382 1502 1455 quinque
1555 1379 1706 1435 librae.
1748 1384 2144 1447 componantur

551 1497 675 1536 eum
693 1481 881 1534 idonea
907 1475 1248 1548 pmnitentia.

627 1573 678 1628 7.
709 1570 766 1626 ln
789 1579 940 1625 sexto
965 1570 1133 1641 gradu
1159 1583 1256 1623 sex
1281 1565 1432 1622 librae
1480 1564 1776 1620 reddantur
1805 1576 1927 1618 cum
1969 1559 2146 1631 pumi-

555 1667 747 1722 tentia.

625 1759 681 1813 8.
740 1756 804 1810 Et
850 1755 918 1810 ad
967 1753 1400 1808 emendationem
1431 1749 1659 1814 ordinis,
1696 1748 1926 1818 septimo
1971 1743 2142 1817 gradu

2167 565 2170 568 '
2239 549 2305 604 de
2335 561 2467 618 pace
2496 546 2655 616 digne
2682 552 3042 614 componatur
3086 542 3378 598 secundum
3408 541 3611 600 factum.
3636 544 3755 604 Sem—

2237 657 2334 713 per
2370 641 2513 695 enim
2544 639 2702 693 debet
2725 636 2991 707 judicium
3025 634 3246 699 factum,
3295 643 3351 689 et
3393 635 3659 692 moderatio
3695 654 3756 696 se.

2239 731 2476 787 cundum
2525 744 2835 784 mensuram
2881 743 2982 799 pro
3036 726 3148 782 Deo
3168 724 3433 782 etsreculo
3475 725 3600 793 ﬁeri,
3634 737 3680 784 et
3711 731 3757 788 de

2240 823 2619 880 emendatione
2645 821 2854 876 ordinis
2879 835 2982 874 una
3017 836 3144 891 pars
3173 819 3432 890 episcopi,
3485 819 3685 876 secunda
3707 823 3760 878 sit

2241 916 2423 980 altari,
2452 915 2610 969 tertia
2630 914 2910 970 societate.
2949 910 3080 967 Vide
3101 913 3211 967 [uec
3234 927 3392 982 supra
3415 910 3503 966 sub
3529 911 3687 968 titulo:
3706 913 3761 971 De

2241 1009 2411 1066 sacris
2441 1009 2722 1064 ordinibus
2760 1006 3196 1078 compensaudis.

2242 1143 2314 1199 Et
2339 1146 2396 1200 in
2423 1143 2642 1199 concilio
2666 1144 3025 1213 episcoporum
3055 1139 3426 1213 Lundoniensi,
3457 1155 3564 1210 cap.
3609 1137 3683 1208 12,
3708 1138 3762 1196 sic

2653 1211 2875 1268 habetur
2895 1213 2959 1267 de
2987 1211 3405 1282 congildonibus.

2313 1353 2380 1408 Et
2407 1352 2642 1407 diximus
2670 1351 2835 1405 etiam
2891 1347 3144 1403 omnibus
3192 1343 3299 1400 illis
3341 1342 3431 1414 qui
3485 1343 3535 1398 in
3575 1349 3765 1400 nostram

2243 1445 2568 1517 gildscyram
2599 1438 2978 1515 [sodalitium]
3009 1438 3224 1492 vadium
3267 1435 3551 1501 dederunt,
3592 1435 3629 1490 si
3671 1450 3767 1491 oon-

2246 1538 2416 1606 tingat
2477 1552 2601 1592 eum
2631 1535 2773 1609 [lege
2824 1532 3026 1606 unum]
3061 1532 3214 1595 mori,
3249 1529 3430 1585 omnis
3458 1528 3679 1599 congildo
3701 1527 3768 1583 det

2245 1647 2408 1685 unum
2465 1644 2658 1700 panem
2704 1638 2760 1683 et
2797 1625 3208 1698 companagium
3239 1640 3338 1696 pro
3385 1623 3554 1678 anima
3600 1621 3710 1692 ejus,
3729 1627 3770 1677 et

2245 1731 2429 1778 cantet
2481 1736 2647 1775 unum
2713 1717 3243 1790 quinquagenarium
3317 1712 3648 1784 psalmorum.
3707 1707 3769 1765 vel

551 1849 807 1914 infracto,
838 1857 1042 1918 septem
1088 1848 1239 1903 libris
1284 1861 1447 1918 super
1493 1854 1698 1901 rectam
1726 1858 1929 1898 weram
1967 1800 2146 1897 emen-
2177 1824 2221 1883 Β
2251 1815 2527 1918 Ρθτίίηίξτξί
2552 1813 2880 1918 (ξίξηίδηδυίη
2933 1809 3073 1866 intra
3109 1808 3332 1880 "igima
3378 1816 3574 1861 ηθθίθδ·
3613 1800 3772 1858 ⁴Ῑ⁰⁷³⁰⁹

555 1942 712 1998 detur
731 1957 854 1997 cum
879 1941 1111 2012 iniuncta
1140 1939 1477 2011 ptenitentia.

2247 1908 2402 1962 (ensis
2431 1906 2526 1977 [οι.
2557 1906 2647 1961 44.

572 2093 3772 2146 __________________.__..__._____————————

1677 2239 2231 2355 HOELI
2299 2237 2694 2348 ΒΕΔ

973 2487 1315 2580 REGIS
1385 2487 1602 2577 SEU
1678 2479 2289 2572 PRINCIPIS
2361 2474 2806 2569 TOTIUS
2874 2470 3399 2571 WALLUE

1568 2702 1872 2805 LEGES
1944 2693 2763 2798 ECCLESIASTIGZE.

1819 2908 2022 2990 (Circa
2066 2920 2307 2968 annum
2340 2900 2510 2981 9&0.)

635 3243 732 3301 Dei
763 3235 1099 3314 providentia
1149 3173 1364 3289 llovvel.
1387 3230 1503 3285 Dha
1561 3224 1673 3298 (10)
1735 3221 1878 3277 filius
1939 3217 2145 3314 Gadell,
2174 3201 2220 3266 C
2319 3216 2361 3272 l.
2391 3215 2470 3270 Ex
2495 3229 2603 3286 quo
2631 3214 2827 3270 distein
2852 3213 2931 3285 (id
2961 3222 3036 3269 est
3057 3212 3363 3285 praefectus,
3396 3212 3474 3270 vel
3501 3207 3778 3280 teconomlt)

563 3353 665 3396 rex
710 3312 876 3391 totius
928 3328 1230 3394 Cambrizc,
1279 3325 1468 3379 videns
1513 3334 1640 3376 suos
1689 3316 1952 3372 waleuses
2005 3312 2150 3366 inso-

562 3427 738 3484 lenter
785 3423 993 3494 legibus
1048 3418 1217 3483 abuti,
1275 3411 1496 3469 accivit
1564 3411 1631 3464 de
1693 3405 1931 3477 quolibet
1977 3402 2149 3456 kemut

567 3521 644 3593 (id
679 3527 762 3574 est
809 3517 1068 3583 centuria)
1119 3513 1281 3567 totius
1333 3506 1482 3578 regni
1525 3505 1606 3559 sui
1645 3516 1739 3557 sex
1789 3500 1955 3554 laicos
2003 3496 2150 3553 viros

565 3590 888 3667 auctoritate
916 3617 967 3664 et
1013 3604 1234 3661 scicntia
1267 3601 1546 3672 pollentes,
1578 3607 1632 3652 et
1660 3609 1850 3650 omnes
1889 3590 2146 3646 ecclesia-

565 3705 732 3760 sticos
769 3701 1028 3772 dignitate
1057 3698 1388 3761 bacculosos,
1428 3692 1512 3748 vel
1553 3689 1990 3759 archiepiscopos
2018 3725 2032 3749 ,
2062 3682 2148 3738 vel

543 3791 868 3869 episcopos,
903 3793 1146 3855 abbates,
1175 3789 1262 3845 vel
1291 3788 1498 3860 priores
1535 3785 1603 3840 de
1636 3797 1804 3853 regno
1849 3794 1946 3834 suo
1977 3778 2045 3832 ad
2073 3777 2152 3832 lo-

541 3883 690 3949 cum
719 3890 810 3961 qui
854 3887 1053 3944 dicitur
1097 3883 1233 3938 Guin
1267 3895 1428 3951 super
1460 3877 1588 3948 Taff
1623 3892 1693 3946 yn
1740 3872 1940 3936 dered,
1989 3883 2150 3940 quam

568 3984 788 4042 domum
815 3979 984 4035 voluit
1026 3973 1282 4032 aedificari
1332 3970 1500 4041 virgis
1561 3967 1699 4022 albis
1749 3965 1800 4018 in
1856 3961 2151 4032 hospitium

567 4076 670 4132 sibi
711 4074 779 4130 ad
804 4069 1131 4134 venandum,
1162 4064 1375 4137 quando
1415 4060 1480 4116 ad
1506 4067 1690 4131 partes
1719 4053 1975 4111 Demetia:
2003 4053 2154 4108 veni-

567 4177 677 4231 ret,
717 4175 771 4221 et
801 4163 920 4218 ideo
946 4167 1171 4215 vocatur
1197 4155 1272 4227 Ty
1311 4153 1482 4224 Cngm.

643 4257 758 4312 Rex
795 4262 973 4309 autem
998 4259 1053 4303 et
1092 4245 1403 4317 congregati
1431 4241 1624 4298 morati
1663 4249 1790 4296 sunt
1817 4236 2014 4293 ibidem
2056 4249 2154 4306 per

567 4363 738 4410 totam
794 4341 1312 4414 Quadragesimam,
1381 4344 1602 4391 orantes
1655 4331 1993 4387 Altissimum
2051 4343 2150 4399 per

563 4443 828 4519 jejunium
875 4435 1194 4510 perfectura,
1246 4429 1476 4503 petendo
1503 4426 1735 4499 gratiam
1785 4424 1850 4478 ad
1898 4424 2036 4477 bona
2070 4421 2152 4476 fa-

570 4513 761 4594 cienda
789 4529 1084 4590 secundum
1109 4525 1250 4596 regis
1273 4521 1627 4594 propositum,
1655 4527 1708 4572 et
1728 4517 1794 4570 de
1814 4513 2151 4585 congregatis

547 4630 732 4702 ’elcgit
773 4641 868 4682 rex
911 4620 1191 4679 duodecim
1245 4616 1411 4670 laicos
1456 4611 1832 4671 doctissimos,
1887 4616 1943 4661 et
1985 4623 2151 4660 unum

571 4697 829 4780 clericum
870 4711 1241 4771 doctissimum
1272 4707 1362 4777 qui
1411 4704 1708 4760 vocabatur
1756 4697 2149 4769 Blaugoridus,

571 4808 1008 4869 adinstruendas
1046 4801 1146 4858 sibi
1195 4799 1342 4870 leges
1394 4805 1448 4851 et
1485 4809 1638 4857 usus,
1689 4799 1748 4845 ut
1797 4786 2153 4860 propinquius

568 4911 754 4980 posset
793 4901 859 4955 ad
885 4897 1170 4954 veritatem
1213 4901 1268 4947 et
1301 4888 1567 4958 justitiam
1593 4882 1836 4939 intendi:
1868 4892 1923 4936 et
1957 4881 2010 4934 in
2045 4889 2154 4934 tres

572 4969 758 5072 partes
801 4990 964 5049 scribi
1018 4982 1292 5059 praecepit,
1347 4992 1575 5050 quarum
1626 4974 1820 5044 prima,
1861 4970 1948 5026 lex
1989 4969 2155 5025 curia:

573 5065 686 5150 sua:
735 5083 1083 5161 quotidiana,
1134 5075 1368 5134 secunda
1413 5071 1500 5128 lex
1549 5069 1760 5140 patriae,
1810 5065 1966 5121 tertia
2025 5079 2154 5120 usus

572 5155 877 5252 utriusque.
905 5173 1042 5231 Tres
1061 5177 1237 5227 autem
1264 5166 1430 5222 libros
1452 5162 1584 5234 legis
1603 5157 1857 5231 praecepit
1886 5155 2000 5212 fieri
2027 5170 2156 5211 con-

573 5246 803 5339 similes,
834 5281 999 5325 unum
1031 5263 1098 5319 ad
1150 5259 1359 5317 curiam
1403 5268 1556 5312 suam
1606 5249 1972 5322 quoddianam
2003 5246 2155 5318 sequi

575 5383 813 5440 seraper,
842 5371 896 5419 et
921 5359 1083 5416 alium
1125 5355 1192 5411 ad
1228 5351 1434 5408 curiam
1461 5347 1527 5404 de
1555 5345 1790 5413 Dinewr,
1838 5352 1893 5400 et
1939 5341 2154 5398 tertium

574 5462 643 5518 ad
669 5432 874 5517 curiam
907 5453 975 5509 de
1001 5447 1287 5510 Aberl‘rau,
1316 5442 1401 5497 vel
1439 5439 1674 5511 qualibet
1703 5437 1770 5492 de
1797 5436 1968 5492 tribus
1991 5432 2158 5505 parti-

574 5556 676 5612 bus
703 5548 986 5611 Cambrie,
1017 5541 1223 5600 scilicet
1258 5536 1470 5594 Guenet
1503 5542 1558 5588 et
1603 5531 1817 5602 Powys,
1849 5537 1902 5583 et
1947 5525 2159 5581 Deheu-

513 5686 522 5695 .
575 5642 735 5700 barth
763 5640 986 5696 haberet
1013 5635 1068 5691 in
1109 5646 1172 5689 se
1200 5627 1579 5686 auctoritatem
1616 5620 1770 5694 legis,
1801 5619 1868 5677 ad
1890 5631 2026 5690 opus
2063 5630 2158 5690 pa-

576 5743 773 5792 ratam.

645 5845 760 5924 (l0)
788 5843 846 5902 ιιι
875 5851 961 5902 est
987 5840 1139 5899 Boni.

2252 3310 2306 3366 in
2329 3312 2449 3365 aula
2476 3309 2684 3365 steterit
2708 3316 2832 3380 post
2852 3307 3136 3380 prandium
3169 3307 3222 3362 in
3258 3308 3428 3364 tribus
3464 3305 3606 3362 festis
3625 3300 3780 3378 princi-

2251 3401 2462 3474 palibus
2491 3415 2698 3472 ponens
2729 3400 2780 3454 in
2813 3415 2875 3455 ea
2906 3414 3094 3470 pacem
3121 3407 3175 3454 et
3201 3400 3369 3471 regis,
3395 3399 3585 3471 regium
3610 3405 3658 3452 et
3677 3391 3781 3466 opil-

2253 3504 2456 3550 matum
2487 3494 2673 3560 curiae,
2699 3508 2889 3566 pacem
2932 3493 3075 3548 illam
3128 3493 3779 3565 transgredienti‘nusquan

2251 3587 2356 3641 erit
2382 3585 2646 3657 refugium
2695 3595 2750 3641 et
2790 3594 2928 3640 navi.
2963 3583 3030 3639 ιε’
3067 3585 3119 3640 η’
3169 3586 3412 3640 omnium
3464 3582 3714 3655 refugium.
3736 3577 3779 3635 Si

2253 3678 2373 3748 quis
2410 3694 2538 3748 ergo
2567 3676 2829 3747 refugium
2862 3676 3004 3747 regis
3033 3685 3089 3730 et
3130 3675 3374 3731 omnium
3403 3671 3680 3736 violaverit,
3708 3681 3780 3724 nec

2251 3786 2498 3841 usquam,
2524 3785 2623 3824 nec
2653 3768 2720 3821 ab
2746 3767 2904 3822 unius
2938 3767 3166 3838 refugio,
3195 3767 3283 3822 vel
3311 3783 3343 3822 a
3369 3766 3584 3837 reliquis
3610 3769 3780 3821 sancto-

2251 3878 2371 3919 rum
2401 3861 2610 3916 defendi
2647 3868 2821 3931 potest
2857 3859 2959 3914 nisi
2991 3858 3058 3914 ab
3085 3858 3336 3915 ecclesia.

2321 3953 2384 4008 ll.
2418 3951 2519 4020 Qui
2547 3950 2809 4007 sacerdoti
2838 3950 3064 4005 sar/med
3092 3949 3169 4022 (id
3211 3960 3285 4004 est
3323 3946 3590 4021 iniuriam)
3616 3940 3780 4008 fecerit.

2251 4044 2338 4100 vel
2381 4058 2502 4098 eum
2545 4041 2825 4108 occiderit,
2864 4039 3070 4111 judicio
3118 4039 3311 4112 synodi
3357 4039 3602 4112 puniatur
3631 4041 3784 4108 praeter

2252 4135 2391 4207 gueli
2420 4133 2632 4188 tanavd.

2323 4225 2409 4281 lll.
2442 4225 2740 4296 Hospitium
2771 4222 3068 4280 sacerdotis
3095 4230 3150 4277 et
3175 4221 3496 4279 clericorum
3522 4219 3619 4276 erit
3637 4217 3783 4274 domus

2252 4317 2514 4389 capellani
2547 4315 2702 4371 villae.
2733 4313 3038 4386 Hospitium
3066 4313 3370 4372 sacerdotis
3404 4314 3594 4388 regina:
3627 4317 3697 4367 est
3719 4306 3781 4364 in-

2251 4410 2434 4467 simul.

2325 4505 2412 4560 IV.
2445 4503 2681 4574 Oﬂ‘eirad
2712 4501 2868 4557 'euleu
2905 4500 2979 4573 (id
3008 4501 3110 4565 est,
3153 4500 3410 4557 sacerdos
3455 4494 3610 4571 regis)
3637 4498 3784 4551 contra

2255 4597 2466 4653 Pascha
2499 4596 2638 4668 regis
2666 4595 2976 4651 indumenta
3004 4592 3244 4663 habebit,
3277 4594 3475 4667 quibus
3500 4605 3621 4649 usus
3645 4594 3716 4645 est
3742 4581 3784 4638 in

2257 4691 2700 4763 Quadragesima.

2332 4785 2391 4841 V.
2423 4785 2596 4842 Simili
2629 4785 2788 4841 modo
2810 4783 3063 4840 sacerdos
3090 4782 3288 4854 regina:
3311 4782 3481 4857 ipsius
3511 4773 3707 4838 habebit
3725 4769 3786 4826 in-

2255 4877 2532 4941 dumenta,
2558 4877 2611 4931 in
2636 4877 2833 4947 quibus
2866 4876 3048 4948 regina
3076 4884 3200 4946 agat
3227 4872 3610 4945 paenitentiam.
3635 4867 3786 4924 Sacer-

2256 4969 2353 5025 dos
2385 4969 2584 5040 reginae
2612 4984 2641 5022 a
2668 4968 2856 5039 regina
2885 4982 3082 5038 equum
3110 4965 3270 5023 debet
3313 4965 3531 5021 habere.
3555 4949 3786 5019 Sacerdoti

2253 5071 2310 5116 et
2333 5060 2695 5129 aceipitrario,
2723 5067 2780 5112 et
2794 5057 3073 5130 penkynyl,
3093 5066 3148 5113 et
3171 5055 3360 5128 judicii
3385 5055 3564 5122 curia,
3585 5059 3636 5107 et
3655 5060 3786 5122 gm-

2253 5153 2440 5208 straud
2471 5151 2652 5222 afvyu,
2688 5151 2812 5222 equi
2852 5166 2882 5206 a
2939 5165 3064 5221 rege
3114 5157 3491 5206 restaurautur
3532 5157 3643 5202 cum
3682 5145 3787 5210 opu!

2256 5244 2441 5302 fuerit.
2471 5243 2695 5300 Terram
2722 5258 2873 5298 suam
2903 5241 3103 5298 tenebit
3135 5241 3382 5297 liberam.

2331 5335 2416 5390 Vl.
2445 5334 2658 5407 Triplex
2686 5345 2769 5390 est
2792 5335 3024 5389 cilicium
3048 5332 3347 5388 sacerdotis
3371 5327 3533 5386 curire
3572 5323 3620 5380 in
3656 5313 3786 5392 ριιοὶ·

2259 5429 2351 5490 tis,
2375 5406 2581 5482 scilicet
2603 5426 2722 5482 lites
2741 5425 3002 5480 discretas
3041 5424 3105 5479 de
3139 5423 3340 5494 scripto
3365 5420 3562 5483 delere,
3599 5413 3705 5468 lites
3724 5406 3784 5462 in-

2263 5524 2525 5580 discretas
2559 5523 2624 5577 ad
2641 5521 2900 5593 judicium
2940 5519 2993 5574 in
3035 5518 3239 5590 scripto
3264 5528 3501 5579 servare,
3524 5518 3575 5567 et
3599 5505 3658 5563 ad
3680 5508 3784 5572 οριιί

2262 5617 2422 5686 regis,
2454 5623 2710 5686 quantum
2737 5613 2801 5666 ad
2826 5611 3036 5667 litteras
3073 5610 3266 5665 missas
3289 5618 3341 5665 et
3369 5600 3642 5664 mittendas
3663 5601 3785 5675 paﬂ‘

2263 5716 2378 5770 tum
2407 5721 2550 5778 esse,
2577 5715 2634 5764 et
2655 5718 2930 5784 nunquam
2951 5701 3241 5760 ebriatum.
