3898 6320
133 383 233 446 873

927 377 1529 438 ΑΝΟΙΑΟ-ΒΑΧΟΝΗΜ
1569 377 1718 437 REG

1861 375 2085 434 LEGES
2128 372 2690 433 ECCLESIASTICAE

3295 375 3402 434 ιτι

169 491 303 562 ὛἯ.
329 494 461 560 Ti-ia
484 508 610 559 sunt
628 498 793 572 judici
828 497 1180 570 pertinentia,
1222 496 1429 552 scilicet
1453 499 1710 568 qumstio-
1740 479 1786 536 Α
1815 491 2038 546 brarum
2070 491 2251 545 abbati
2297 490 2560 545 medietas
2592 488 2755 555 cedit,
2789 487 2835 545 si
2865 487 3057 557 legalis
3087 487 3178 557 sit,
3207 489 3264 547 id
3293 500 3401 562 est,

134 613 224 656 nes
255 596 482 663 solvere,
522 594 645 651 lites
692 593 1019 658 discernere,
1058 599 1112 645 et
1149 591 1291 661 quod
1315 604 1412 662 per
1443 589 1706 659 judicium

134 689 460 753 discreverit.
510 703 610 760 per
660 685 1028 742 vadimonium
1083 684 1433 749 confirmare,
1482 685 1526 740 si
1585 695 1712 739 tunc

135 783 334 854 Iitigans
357 782 406 839 ei
433 780 757 839 contradicit
778 795 874 851 per
903 777 1068 834 aliud.
1105 777 1196 834 Sic
1224 781 1334 850 agit
1361 793 1460 849 per
1484 793 1706 833 annum.

133 876 278 934 Anno
319 885 500 931 autem
547 875 731 944 elapso
765 872 1080 942 capellanus
1122 873 1282 928 adeat
1309 872 1617 938 ecclesiam,
1656 879 1712 927 et

135 981 244 1025 cum
270 981 335 1022 eo
358 965 643 1022 duodecim
665 963 919 1020 oiliciales
943 964 1108 1020 curiae
1136 963 1433 1035 digniores,
1457 971 1512 1018 et
1541 963 1709 1018 missa

137 1061 414 1127 celebrata,
453 1068 508 1115 et
533 1058 805 1114 oblatione
827 1058 893 1114 ad
923 1058 1142 1113 missam
1171 1057 1238 1111 ab
1267 1055 1518 1111 omnibus
1543 1054 1712 1123 facta,

138 1153 428 1228 apellanus
465 1151 630 1208 faciat
660 1167 785 1208 eum
821 1152 1008 1223 jurare
1040 1167 1138 1222 per
1158 1165 1373 1206 sacrum
1409 1149 1709 1205 incelebra-

139 1259 259 1310 tum.
284 1256 340 1305 et
361 1261 463 1321 per
489 1247 686 1313 altare,
710 1255 764 1301 et
787 1245 1044 1316 reliquias
1066 1243 1454 1316 superpositas,
1484 1243 1628 1313 quod
1656 1242 1711 1298 in

138 1352 235 1401 tota
265 1342 376 1399 vita
399 1357 497 1398 sua
527 1356 627 1397 nec
652 1355 837 1412 prece,
863 1354 964 1394 nec
1010 1338 1206 1409 pretio,
1248 1351 1347 1392 nec
1376 1351 1582 1400 amore,
1613 1349 1712 1391 nec

137 1437 244 1495 odio
267 1435 461 1491 falsum
496 1433 734 1491 scienter
778 1432 945 1488 faciet
983 1431 1270 1500 judicium.
1305 1428 1423 1496 Quo
1450 1427 1612 1494 facto,
1643 1426 1712 1482 ad

137 1543 298 1602 regem
327 1526 568 1592 venient,
624 1525 927 1580 indicantes
973 1525 1020 1579 ei
1065 1537 1186 1594 quae
1235 1520 1378 1576 circa
1421 1535 1544 1576 eum
1590 1529 1712 1574 acta

135 1629 262 1678 sunt.
295 1619 356 1675 Si
385 1618 497 1689 regi
528 1626 740 1690 gratum
767 1617 836 1670 sit
866 1613 1098 1670 oflicium
1135 1628 1313 1669 suum.
1364 1611 1436 1667 illi
1485 1620 1710 1681 prmsta-

134 1711 218 1779 bit,
247 1721 302 1768 et
329 1710 595 1767 'ocabitur
620 1709 674 1764 in
699 1708 826 1763 sede
874 1706 975 1762 sibi
1016 1706 1214 1761 debila.
1244 1702 1401 1759 Tunc
1443 1703 1713 1758 dabuntur

133 1807 323 1862 eI-ouer
354 1803 579 1875 elysseu,
612 1817 641 1856 a
673 1816 799 1870 rege
851 1797 1121 1864 taulbord,
1169 1812 1200 1852 a
1250 1797 1436 1867 regina
1480 1795 1713 1852 annulus

134 1909 331 1959 aureus,
363 1907 486 1966 quae
532 1893 671 1948 dona
711 1906 810 1946 nec
848 1892 1065 1956 vendet,
1112 1903 1214 1946 nec
1254 1905 1493 1960 unquam
1541 1892 1710 1944 dona-

131 1986 220 2044 bit.
242 1985 360 2042 Non
391 1985 552 2042 debet
584 1982 750 2054 judex
791 1997 929 2048 esse,
981 1981 1087 2037 nisi
1131 1981 1185 2036 in
1228 1981 1322 2036 tali
1370 1981 1713 2036 solemnitate

131 2080 467 2155 approbatur.

189 2191 322 2250 VIII.
346 2192 414 2249 Et
436 2191 483 2248 si
509 2189 703 2262 aliquis
729 2189 795 2245 de
828 2187 1076 2260 gentibus
1123 2185 1409 2242 homicidae
1435 2185 1519 2241 vel
1546 2182 1713 2240 occisi

129 2286 191 2345 sit
211 2285 625 2349 ecclesiasticus,
659 2282 832 2338 sacris
859 2279 1144 2336 ordinibus
1184 2277 1270 2333 vel
1296 2275 1541 2348 religioni
1575 2275 1712 2331 obli-

129 2390 296 2454 gatus,
319 2378 404 2436 vel
426 2378 692 2449 Ieprosus,
720 2376 805 2431 vel
832 2387 1034 2440 mutus,
1070 2373 1154 2428 vel
1182 2371 1398 2439 stultus,
1432 2371 1564 2426 nihil
1594 2370 1716 2425 red-

127 2472 209 2530 det
226 2471 314 2529 vel
343 2471 566 2542 recipiet
592 2485 692 2541 pro
719 2467 939 2540 gaianas
970 2465 1047 2536 (id
1071 2476 1144 2520 est
1169 2457 1360 2536 pretio
1388 2462 1712 2536 homicidii).

123 2563 328 2622 Nullam
352 2573 533 2619 autem
568 2561 861 2617 vindictam
906 2574 1068 2630 super
1101 2573 1197 2615 eos
1234 2559 1315 2613 vel
1357 2557 1423 2613 ab
1477 2559 1558 2613 eis
1587 2572 1717 2628 pro—

121 2667 239 2732 pter
259 2657 503 2715 occisum
533 2656 690 2711 debet
729 2654 868 2719 fieri,
900 2668 967 2708 ne
1001 2652 1132 2708 tales
1171 2653 1379 2724 possint
1418 2667 1515 2722 per
1541 2651 1713 2722 legem

124 2749 283 2806 istam
321 2751 389 2806 ad
429 2747 763 2805 reddendum
807 2746 891 2801 vel
933 2745 1302 2817 recipiendum
1335 2745 1517 2816 aliquo
1555 2737 1714 2799 modo

123 2841 390 2915 compelli.

190 2931 285 2989 IX.
316 2932 374 2989 Si
415 2932 504 2988 fur
550 2948 732 2988 coram
779 2929 1097 3003 presbytero
1142 2930 1320 2986 socios
1369 2943 1496 2985 suos
1531 2926 1719 2983 nomi-

123 3028 304 3084 nando
325 3026 656 3093 manifestet,
702 3033 757 3082 et
795 3024 1024 3081 aﬂirmet
1068 3023 1175 3080 hoc
1216 3021 1450 3092 jurando
1493 3022 1546 3076 in
1574 3020 1714 3076 ostio

123 3120 447 3187 ccemeterii,
487 3121 542 3175 in
577 3119 716 3174 ostio
762 3117 953 3172 chori:
1010 3115 1272 3187 quidquid
1323 3115 1387 3170 de
1412 3113 1502 3168 illo
1527 3123 1714 3184 postea

126 3215 423 3288 contingat,
474 3214 642 3269 verbo
666 3210 966 3284 presbyteri
1021 3210 1218 3265 abinde
1263 3209 1328 3264 de
1384 3207 1530 3264 dicto
1569 3207 1786 3289 illiusc

127 3311 328 3384 absque
360 3311 710 3370 contentione
750 3307 1076 3365 credendum
1114 3315 1216 3364 est.
1249 3305 1425 3362 Simili
1471 3305 1630 3361 modo
1657 3304 1717 3359 Iit

129 3405 342 3474 quando
367 3403 490 3475 quis
513 3417 612 3473 pro
654 3400 905 3456 mercede
945 3399 1090 3454 dicat
1137 3397 1311 3453 furem
1343 3397 1434 3468 qui
1468 3411 1580 3452 rem
1634 3395 1718 3451 fu-

130 3501 282 3549 ratus
308 3501 414 3562 est,
441 3502 496 3549 et
521 3493 624 3548 hoc
655 3491 819 3546 faciat
847 3505 1030 3546 coram
1062 3489 1348 3544 sacerdote
1392 3487 1554 3542 modo
1579 3502 1718 3558 prte-

133 3593 336 3642 notato.
367 3583 424 3642 Si
455 3585 578 3657 quis
603 3585 766 3640 alicui
814 3584 1114 3654 depraedari
1177 3582 1393 3648 dicitur,
1422 3589 1477 3637 et
1510 3581 1596 3636 ille
1621 3595 1718 3637 ne-

133 3677 356 3748 gaverit,
383 3695 414 3734 ι.
447 3677 725 3733 hominum
776 3675 1088 3745 juramento
1143 3673 1309 3729 habet
1367 3688 1585 3742 negare.
1620 3671 1719 3728 Hic

136 3778 216 3824 est
273 3786 414 3826 unus
461 3770 624 3826 homo
662 3783 851 3848 eorum
910 3767 998 3822 cui
1042 3765 1142 3822 soli
1192 3764 1452 3829 creditur,
1510 3763 1719 3819 scilicet

137 3859 416 3935 Μακαρία,
450 3863 685 3920 dictator
708 3861 995 3918 continens
1017 3875 1139 3914 cum
1197 3856 1508 3913 testimonio
1535 3869 1719 3910 sacer-

137 3953 291 4022 dotis,
321 3957 368 4014 si
401 3958 518 4030 ipse
547 3973 672 4013 cum
697 3956 788 4012 illo
821 3954 910 4025 qui
959 3953 1257 4026 perdiderit
1280 3951 1492 4007 venerit
1531 3965 1716 4006 coram

136 4049 410 4104 sacerdote
441 4048 509 4104 ad
541 4047 849 4106 ecclesiam,
901 4053 955 4100 et
988 4045 1131 4100 dicat
1162 4043 1210 4099 ei
1238 4042 1495 4100 sacerdos
1533 4041 1720 4112 prohi-

137 4135 308 4197 bendo
330 4141 602 4206 similiter,
631 4155 698 4196 nc
732 4154 832 4212 pro
861 4138 971 4194 Deo
995 4138 1159 4192 ducat
1188 4153 1310 4192 eum
1337 4138 1389 4191 in
1421 4135 1716 4190 falsitatem

139 4230 240 4291 boc
266 4233 435 4291 faciat
479 4235 532 4290 in
565 4235 707 4290 ostio
750 4233 1014 4298 ecclesiae,
1049 4235 1093 4288 si
1127 4231 1199 4286 ibi
1232 4229 1501 4300 juraverit
1532 4243 1589 4285 se
1621 4244 1718 4284 ve-

137 4339 254 4382 rum
276 4327 480 4394 dicere,
504 4337 682 4384 etnon
705 4326 896 4383 falsum
926 4345 938 4382 :
965 4325 1217 4381 similiter
1236 4324 1400 4379 faciat
1421 4323 1472 4378 in
1493 4322 1719 4377 introitu

140 4420 382 4488 cancelli,
430 4421 625 4478 deinde
680 4435 845 4492 super
900 4419 1071 4474 altare
1122 4417 1263 4472 idem
1311 4416 1498 4484 faciat,
1550 4424 1604 4471 ct
1631 4414 1721 4471 ille

141 4514 228 4584 qui
257 4531 382 4573 reus
437 4514 639 4571 dicitur
689 4515 867 4570 adhuc
919 4511 1243 4580 negaverit:
1278 4511 1532 4566 sacerdos
1579 4507 1722 4563 amr-

143 4615 249 4663 met
293 4607 462 4663 verbo
499 4621 602 4663 suo
633 4614 714 4661 ter
739 4606 884 4676 quod
936 4569 1090 4670 vidit,
1129 4611 1180 4658 et
1207 4601 1435 4664 audivit,
1463 4608 1518 4655 et
1554 4597 1724 4655 semel
1757 4569 1845 4660 1)i

142 4695 366 4769 jurando
396 4699 684 4756 conﬁrmet
710 4696 838 4752 illud
866 4713 880 4760 ;
913 4697 1017 4750 hoc
1046 4693 1210 4758 facto,
1249 4691 1341 4763 qui
1373 4691 1524 4762 prius
1563 4704 1729 4757 nega-

148 4793 280 4850 verit
307 4808 408 4866 pro
435 4792 730 4849 conﬁtente
785 4789 1034 4856 habetur,
1066 4803 1168 4844 nec
1196 4785 1395 4857 poterit
1444 4783 1726 4840 contradi-

151 4896 286 4942 cere.
338 4883 645 4941 Mercedem
700 4881 918 4953 quidem
983 4879 1167 4936 statim
1219 4876 1443 4932 habebit
1499 4875 1585 4931 ille
1629 4874 1723 4945 qui

130 4973 394 5043 dictavit,
420 4985 477 5034 et
505 4977 672 5034 verbo
707 4973 1010 5032 sacerdotis
1062 4970 1407 5028 testificantis
1447 4968 1728 5024 dictatoris

153 5069 502 5128 sacramentis
525 5085 632 5126 non
656 5067 1084 5130 contradicctur,
1112 5063 1294 5119 etaim
1315 5077 1413 5133 pro
1436 5061 1729 5127 confitente

154 5159 398 5230 habetur,
427 5173 484 5220 et
508 5162 712 5218 dicitur
737 5161 841 5216 hoc
866 5158 1251 5232 dogynuariac.

216 5255 282 5315 Χ.
312 5257 444 5315 Tria
468 5266 594 5314 sunt
614 5271 812 5330 genera
841 5255 1006 5325 dirwy
1035 5252 1112 5326 (id
1152 5261 1248 5317 est,
1295 5249 1522 5322 multae),
1564 5263 1730 5305 unum

153 5349 217 5409 de
246 5366 446 5425 pugna,
499 5350 730 5406 alterum
769 5349 912 5411 (reis,
967 5346 1019 5402 id
1051 5355 1134 5402 est
1190 5353 1370 5415 raptu,
1405 5342 1626 5399 tertium
1665 5340 1732 5395 de

155 5444 314 5503 furto.
344 5444 552 5518 Duplex
602 5451 784 5500 autem
834 5442 906 5497 sit
935 5441 1106 5510 dirvy,
1145 5447 1201 5494 et
1229 5436 1425 5518 duplex
1475 5434 1729 5498 omnium,

156 5541 208 5601 in
239 5543 392 5600 curia
429 5549 484 5597 et
518 5541 572 5596 in
602 5539 833 5596 ecclesia
867 5552 988 5608 qua:
1034 5532 1268 5590 ecclesia
1295 5513 1344 5587 ἐἰ
1378 5543 1586 5585 summa
1619 5525 1734 5580 fue-

158 5634 244 5702 rit,
275 5634 342 5690 de
397 5649 574 5706 pugna
623 5646 743 5703 qua:
782 5631 834 5685 in
882 5625 1202 5685 coemetcrio
1239 5623 1438 5694 agitur,
1469 5628 1734 5691 quatuor—

161 5726 328 5785 deeim
369 5725 521 5782 libra:
568 5733 694 5779 sunt
746 5721 1050 5778 reddendae.
1110 5716 1167 5773 Si
1201 5731 1332 5772 vero
1367 5721 1543 5777 extra,
1570 5712 1620 5766 id
1653 5716 1738 5765 est

149 5803 216 5885 in
241 5820 410 5879 nodva
440 5817 518 5888 (id
539 5827 636 5888 est,
683 5814 877 5885 asvloi,
928 5821 1136 5879 sentem
1194 5810 1640 5882 Iibrae;quarum
1669 5800 1736 5861 li-

1813 582 2183 639 ecclesiastica
2207 582 2449 637 doctrina
2482 583 2780 637 instructus
2807 591 2861 638 et
2889 581 3197 640 litteratus:
3230 583 3402 643 altera

1813 676 2077 730 medietas
2105 675 2422 746 presbytero
2462 683 2517 731 et
2555 673 2832 729 canonicis
2862 674 2934 729 ibi
2974 674 3085 731 Deo
3115 655 3407 734 servienti-

1815 767 1933 823 bus.
1967 765 2114 822 Talis
2139 766 2333 822 divisio
2372 766 2444 820 sit
2497 766 2640 820 inter
2673 765 2926 820 abbatem
2971 773 3027 821 et
3053 766 3406 838 presbyteros

1814 859 1882 915 de
1910 875 2087 930 pugna
2124 858 2339 914 illorum
2384 857 2616 923 scilicet,
2648 867 2838 912 navtur
2863 857 2941 928 (id
2962 866 3060 924 est,
3084 857 3402 930 refugium),

1813 953 1908 1025 qui
1940 954 2008 1009 ab
2040 953 2239 1009 abbate
2276 961 2331 1007 et
2377 952 2695 1024 presbytero
2725 949 2994 1021 refugium
3031 949 3348 1021 acceperint
3380 966 3399 1006 :

1814 1049 2004 1117 sicque
2057 1046 2316 1101 dividitur
2350 1061 2513 1100 omne
2565 1046 2708 1115 quod
2765 1044 3140 1100 tantummodo
3188 1051 3403 1111 sancto,

1814 1152 1923 1192 non
1959 1137 2136 1203 alteri,
2199 1151 2300 1192 nec
2340 1135 2430 1190 alii
2483 1133 2741 1189 abbatum
2803 1141 3080 1206 erogatur.
3114 1133 3190 1189 De
3224 1147 3404 1205 pugna

1814 1227 1868 1283 in
1901 1229 2067 1282 nodva
2095 1228 2315 1300 sanguis
2341 1237 2395 1284 et
2423 1226 2547 1282 elei:
2569 1226 2792 1282 stabunt
2816 1240 2916 1298 pro
2943 1225 3173 1282 testibus
3205 1226 3396 1284 abbati

1815 1329 1873 1376 et
1898 1323 2234 1393 presbyteris
2260 1336 2356 1394 per
2393 1320 2709 1393 dignitatem
2753 1318 3191 1375 ecclesiasticam
3238 1317 3406 1375 abha-

1819 1414 1929 1472 tite.

1892 1511 1984 1570 Xl.
2000 1510 2206 1582 Lingua
2230 1517 2493 1580 quantum
2509 1506 2696 1563 omnia
2721 1506 2966 1562 membra
2980 1503 3148 1560 valet.
3172 1502 3404 1560 Summa

1815 1610 2070 1668 valentia»:
2113 1606 2355 1663 omnium
2407 1603 2778 1658 membrorum
2826 1609 2912 1657 est
2958 1599 3236 1669 octoginta
3278 1603 3406 1653 octo

1815 1705 1911 1760 lib.
1981 1698 2214 1770 Sanguis
2287 1693 2576 1764 cujuslibet
2654 1691 2934 1746 hominum
3011 1689 3248 1761 pretium
3320 1693 3408 1743 est

1813 1792 2007 1864 viginti
2094 1797 2330 1861 quatuor
2419 1783 2790 1841 denariorum.
2882 1780 3120 1852 Sanguis
3200 1777 3407 1836 Christi

1815 1885 2049 1958 pretium
2105 1888 2190 1935 est
2248 1877 2468 1949 triginta
2541 1874 2916 1940 denariorum,
2982 1871 3192 1929 scilicet
3261 1868 3408 1926 indi-

1815 1956 1984 2048 gnum
2008 1971 2223 2028 videtur
2244 1977 2304 2024 ut
2331 1966 2426 2024 Dei
2466 1965 2688 2036 sanguis
2729 1963 2969 2020 hominis
2991 1961 3217 2019 minoris
3244 1956 3408 2032 pretii

1817 2075 1922 2124 est.

1890 2160 2006 2217 Xll.
2036 2157 2236 2214 Tribus
2263 2157 2330 2211 de
2377 2153 2560 2210 causis
2606 2149 2811 2223 poterit
2855 2163 2996 2205 uxor
3023 2163 3053 2204 a
3078 2147 3199 2203 viro
3221 2145 3408 2203 diver-

1817 2265 1957 2322 tere,
1987 2263 2043 2310 et
2071 2266 2228 2307 suum
2254 2250 2414 2321 egveti
2446 2247 2524 2320 (id
2553 2255 2648 2308 est,
2679 2243 2884 2315 dctem)
2922 2242 3147 2308 habere,
3199 2239 3410 2296 scilicet

1815 2349 1862 2406 si
1892 2348 2039 2420 lepra
2067 2345 2150 2400 vir
2175 2342 2435 2404 inficitur,
2457 2339 2580 2395 etsi
2605 2337 2836 2392 fetidum
2859 2336 3061 2391 habeat
3083 2331 3407 2399 anhelitum,

1818 2448 1874 2497 et
1901 2439 1948 2494 si
1981 2453 2105 2494 cum
2146 2437 2262 2506 ipsa
2302 2434 2450 2488 coire
2499 2445 2607 2486 non
2649 2429 2848 2484 valeat.
2878 2425 2985 2482 Ter
3015 2441 3047 2480 a
3076 2425 3194 2480 viro
3213 2439 3331 2490 suo,
3361 2421 3409 2479 si

1818 2531 1980 2586 aliam
2009 2526 2346 2598 cognoverit,
2375 2521 2692 2595 vynebwerth
2728 2519 2804 2590 (id
2830 2528 2928 2581 eu,
2954 2511 3409 2586 satisfactionem)

1817 2637 1959 2678 uxor
1999 2619 2252 2674 habitura
2301 2630 2400 2678 esr,
2435 2615 2612 2685 primo
2659 2609 2897 2666 dimidiae
2946 2609 3122 2673 ιιιπω,
3170 2605 3409 2663 secundo

1819 2713 2036 2777 libram,
2068 2709 2230 2765 tertio
2253 2722 2375 2762 cum
2408 2713 2518 2760 toto
2540 2702 2662 2773 jure
2685 2717 2784 2756 suo
2808 2701 2978 2756 libera
3004 2697 3148 2752 ditiis
3175 2694 3410 2770 (publice

1816 2806 1902 2861 vel
1929 2805 2126 2874 soluta)
2162 2800 2358 2872 poterit
2385 2797 2454 2854 ab
2485 2797 2576 2852 illo
2605 2795 2904 2851 discedere.
2951 2792 3022 2848 At
3045 2792 3092 2847 si
3122 2791 3267 2846 ultra
3293 2798 3410 2845 ter-

1817 2903 1949 2956 tiam
2008 2901 2181 2954 vicem
2229 2895 2503 2958 patienter
2549 2890 2840 2953 sustineat,
2873 2887 2939 2942 de
2980 2892 3179 2941 caetero
3220 2883 3410 2954 vyneb-
3489 2915 3492 2922 -

1816 2993 1973 3061 werth
2002 3006 2108 3046 non
2135 2987 2372 3044 habebit.
2407 2983 2604 3038 Redwit
2632 2981 2758 3036 dicit
2793 2977 2938 3051 quod
2984 2977 3144 3033 tertio
3177 2974 3404 3048 triginta

1821 3084 1922 3141 sol.
1954 3089 2150 3154 quarto
2193 3079 2364 3134 libera
2419 3090 2544 3130 cum
2588 3082 2703 3130 toto
2755 3072 2880 3144 jure
2923 3085 3022 3126 suo
3053 3068 3208 3135 abiit,
3236 3067 3283 3123 si
3313 3081 3410 3139 pa-

1823 3178 2021 3232 tienter
2047 3173 2316 3230 sustineat
2361 3168 2429 3224 de
2457 3175 2658 3224 caetero
2711 3163 3038 3235 vynebwerth
3094 3175 3202 3217 non
3235 3158 3411 3216 habe-

1816 3271 1917 3327 bit.

1888 3361 2024 3418 Xlll.
2049 3360 2185 3416 Cum
2207 3357 2399 3431 puella:
2445 3370 2545 3412 suo
2595 3363 2838 3423 tempore
2866 3347 3015 3405 cowll
3065 3341 3406 3417 (vestimenti

1819 3455 2010 3530 genus)
2043 3463 2418 3526 comparetur,
2450 3449 2554 3506 nisi
2605 3461 2767 3503 mune
2811 3446 2878 3500 de
2924 3443 3016 3499 illo
3047 3450 3348 3512 antequam
3375 3452 3408 3494 a

1817 3551 1939 3604 viro
1998 3555 2292 3618 consurgat
2342 3561 2372 3599 a
2407 3543 2550 3598 lecto
2580 3539 2908 3596 voluntatem
2951 3549 3106 3590 suam
3148 3531 3407 3598 declaret,

1819 3642 1964 3698 inter
1992 3640 2167 3695 virum
2192 3647 2247 3694 et
2276 3641 2558 3692 mulierem
2581 3644 2869 3689 commune
2913 3628 3040 3684 erit.
3067 3626 3126 3682 Si
3166 3625 3284 3680 viro
3318 3623 3412 3680 de-

1819 3742 1907 3787 tur
1927 3731 2104 3803 puella
2133 3738 2347 3785 aetatem
2384 3727 2611 3788 habens,
2638 3723 2893 3791 dicatque
2918 3719 3003 3774 vir
3029 3717 3178 3773 illam
3209 3714 3278 3770 ab
3302 3713 3411 3770 alio

1821 3824 2136 3882 deﬂoratam
2179 3821 2510 3894 percepisse,
2558 3815 2758 3888 puella,
2813 3813 2861 3868 si
2909 3812 3101 3883 possit,
3169 3809 3412 3880 quinque

1820 3916 2101 3973 hominum
2139 3915 2449 3986 juramento
2480 3908 2712 3982 (scilicet
2747 3905 2918 3978 patris
2945 3912 3000 3960 et
3051 3903 3264 3966 matris,
3295 3899 3410 3955 fra-

1821 4013 1922 4067 tris
1970 4020 2027 4066 et
2073 4009 2301 4074 sororis,
2341 4015 2396 4061 et
2445 4019 2545 4061 suo
2593 3999 2837 4075 proprio)
2891 3999 2997 4054 hoc
3046 3994 3242 4050 falsum
3290 4006 3414 4050 esse

1823 4111 2036 4160 astruat
2062 4111 2118 4159 et
2141 4116 2200 4157 se
2236 4099 2303 4154 ad
2336 4098 2488 4154 illum
2543 4093 2832 4150 advenisse
2877 4090 3274 4158 incorruptam,
3308 4082 3417 4141 sci-

1819 4200 1968 4264 licet,
2023 4199 2093 4254 sit
2143 4205 2352 4252 matura
2402 4194 2461 4256 in
2502 4191 2624 4263 pilis
2660 4197 2714 4243 et
2751 4186 3030 4250 uberibus,
3080 4192 3138 4238 et
3163 4182 3208 4237 si
3248 4193 3412 4236 venec

1823 4293 1932 4348 rint
1959 4291 2239 4347 muliebria
2267 4290 2406 4359 ejus,
2438 4286 2492 4340 id
2522 4294 2606 4341 est
2635 4282 2801 4345 teithi,
2829 4279 3004 4335 aetatis
3025 4278 3191 4350 gveric
3217 4275 3294 4348 (id
3315 4281 3414 4341 est,

1824 4384 2113 4455 ephebiae).
2141 4381 2194 4436 Si
2228 4380 2402 4451 primo
2434 4375 2687 4439 tacuerit,
2713 4369 3046 4430 et‘secundo
3087 4383 3210 4422 eam
3253 4377 3418 4436 agno-

1823 4475 1987 4541 verit,
2017 4484 2072 4530 et
2099 4473 2179 4530 sic
2209 4485 2380 4542 usque
2400 4469 2465 4524 ad
2497 4481 2657 4522 mane
2684 4479 2806 4520 cum
2839 4461 2928 4517 illa
2954 4457 3258 4522 dormierit,
3289 4455 3418 4512 licet

1852 4568 1976 4622 llam
2029 4575 2338 4635 corruptam
2389 4559 2660 4617 invenerit
2697 4557 2896 4629 primo,
2942 4554 3009 4607 de
3065 4553 3187 4623 jure
3227 4548 3417 4621 puellae

1833 4661 1968 4718 nihil
1996 4670 2174 4732 potest
2203 4657 2441 4712 auferre.
2474 4654 2530 4709 Si
2568 4667 2696 4707 vero
2724 4649 2908 4706 statim
2937 4648 3041 4701 hoc
3076 4645 3311 4710 noverit,
3343 4643 3411 4700 ad

1831 4755 1980 4810 viros
2026 4751 2264 4808 surrexit
2312 4745 2598 4817 nuptiales,
2668 4742 2772 4796 alia
2829 4754 2935 4794 non
2986 4736 3419 4803 contradicente,

1832 4851 1938 4906 hoc
1967 4848 2046 4904 eis
2090 4841 2481 4905 testificaverit,
2527 4835 2662 4892 nihil
2715 4833 2765 4890 ei
2806 4832 2931 4904 jure
2975 4828 3202 4886 reddere
3238 4828 3421 4909 ‘debe-

1831 4945 1930 5001 bit.

1902 5031 2046 5092 XIV.
2074 5029 2132 5086 Si
2162 5027 2314 5097 cujus
2335 5039 2475 5080 uxor
2513 5023 2582 5078 de
2629 5018 2734 5075 alio
2768 5015 3084 5081 infametur,
3119 5022 3175 5068 et
3201 5012 3308 5068 hoc
3337 5017 3422 5066 ta-

1834 5145 1957 5185 men
1990 5127 2062 5183 sit
2081 5127 2370 5184 incertum,
2395 5116 2624 5190 septima
2645 5109 3104 5186 manumulierum
3130 5110 3416 5173 expurget.

1837 5220 1894 5275 Si
1925 5217 2161 5274 secundo
2190 5210 2503 5273 infametur,
2535 5221 2658 5262 eum
2706 5208 3140 5276 qaatuordectm.
3172 5195 3230 5251 Si
3261 5193 3423 5250 tertio

1837 5327 1960 5367 cum
1984 5306 2218 5380 quadam
2269 5301 2591 5359 certitudine
2635 5299 2742 5354 hoc
2796 5295 3028 5359 dicatur,
3055 5289 3424 5360 juramentor.

1837 5402 2125 5460 mulierqu
2164 5413 2222 5453 sc
2245 5393 2588 5468 expurgabit.

1911 5514 2030 5572 XV.
2071 5512 2127 5568 Si
2165 5527 2271 5583 qua
2302 5509 2500 5565 mulier
2546 5507 2764 5561 datores
2800 5496 3078 5563 habuerit,
3113 5495 3185 5552 sit
3207 5495 3292 5552 vir
3322 5491 3424 5550 sub

1843 5613 1969 5669 dote
2013 5623 2112 5664 sua
2155 5620 2326 5675 usque
2363 5603 2426 5657 ad
2474 5607 2682 5670 septem
2736 5608 2949 5661 annos;
2987 5599 3043 5647 et
3084 5590 3130 5646 si
3175 5586 3427 5645 habuerit

1847 5715 1958 5761 trcs
1981 5711 2168 5758 noctes
2192 5701 2258 5755 de
2284 5696 2514 5767 septimo
2549 5706 2712 5774 anno,
2748 5689 2914 5745 totius
2953 5683 3273 5742 substantiae
3305 5679 3428 5751 ejus

1845 5798 2190 5861 medietatem
2214 5793 2266 5850 in
2291 5789 2524 5851 divortio
2565 5800 2755 5847 eorum
2786 5781 2983 5842 mulier
3011 5780 3256 5840 habebit.
3285 5777 3426 5839 Sub-
