3898 6320
544 431 831 487 κδ..

1255 436 1550 498 APPEND.
1590 436 1686 494 AI)
1723 382 1895 494 smn.
1934 434 2001 492 Χ.
2034 465 2101 477 --
2141 431 2576 494 MONUMENTA
2615 429 3095 491 DIPLOMATICA.
3305 486 3313 495 _
3670 382 3761 492 ιῆδπ

546 558 744 619 stantia
769 559 949 615 autem
965 540 1260 614 1hoc‘modo
1283 554 1575 610 dividitur:
1603 553 1700 609 Vir
1726 567 1851 608 sues
1881 553 2124 620 habebit,
2154 541 2200 598 Α
2232 550 2430 607 dicitur
2451 566 2569 608 esse
2591 552 2863 607 desertum
2897 547 3041 621 regis
3066 550 3121 602 et
3149 545 3219 602 ob
3247 543 3349 601 hoc
3375 545 3515 616 regis
3538 547 3683 604 estde
3706 566 3753 606 ea

547 643 739 705 muliei'
773 664 924 704 oves.
955 647 1145 703 Postea
1200 643 1395 699 mulier
1446 643 1676 708 dividat,
1729 643 1813 697 vir
1839 643 2023 714 eligat.
2056 643 2126 698 Et

548 743 723 814 primo
789 741 1032 812 supellex
1077 739 1159 794 sic
1209 737 1520 803 dividatur:
1552 734 1747 791 Omnia
1788 750 1920 790 vasa
1972 734 2129 791 lactis

548 846 745 907 praeter
770 848 938 891 unum
984 832 1186 896 sinum,
1214 828 1268 885 id
1292 838 1377 885 est
1404 826 1551 883 bacol
1579 826 1823 883 mulieris
1860 835 2041 893 erunt,
2075 835 2132 884 et

549 927 729 986 discos
748 936 936 980 omnes
959 921 1181 979 habebit
1203 928 1404 991 pnaster
1426 934 1661 985 unum,..
1686 926 1741 972 et
1770 918 1859 973 illa
1890 918 1995 972 duo
2024 918 2130 974 viri

549 1025 748 1084 erunt;
778 1031 998 1073 currum
1038 1029 1169 1071 vero
1216 1028 1338 1069 cum
1368 1027 1479 1069 uno
1500 1012 1652 1083 jugo,
1684 1020 1739 1066 et
1765 1011 1945 1065 omnia
1975 1026 2131 1078 vasa,

547 1116 705 1180 potus
730 1118 788 1167 et
812 1109 955 1168 dolia
993 1109 1095 1165 viri
1123 1114 1305 1172 erunt,
1336 1121 1458 1176 quae
1494 1106 1726 1175 desuper
1773 1119 1903 1159 vero
1941 1105 2134 1160 mulie-

548 1203 647 1261 ris.
680 1202 740 1261 Si
767 1204 852 1260 vir
882 1202 1237 1260 incontinenti
1264 1201 1426 1256 aliam
1449 1199 1669 1254 duxerit
1689 1215 1935 1264 uxorem,
1966 1199 2133 1254 vesti-

547 1302 730 1354 menta
764 1295 922 1365 primi
951 1294 1099 1358 lecti,
1126 1292 1335 1353 scilicet
1365 1291 1665 1361 repudiatae
1708 1290 1923 1355 mittere
1951 1290 2128 1345 debet.

549 1383 648 1441 Vir
689 1385 911 1442 habebit
966 1384 1262 1440 caldarium
1315 1390 1370 1436 et
1417 1389 1677 1451 tapetum,
1720 1381 1772 1436 id
1813 1388 1898 1435 est
1940 1381 2133 1450 brycan

547 1488 606 1537 et
651 1479 923 1551 pulvinar,
969 1487 1025 1535 et
1071 1476 1329 1542 cultrum,
1362 1482 1421 1532 et
1462 1474 1700 1535 securim
1747 1474 2039 1546 lignorum,
2078 1480 2134 1528 et

550 1572 848 1638 terebram,
872 1579 979 1628 etc.

622 1664 759 1721 XVI.
793 1665 851 1722 Si
883 1678 1108 1722 uxorem
1134 1679 1287 1721 suam
1310 1663 1434 1735 quis
1459 1662 1578 1719 sine
1602 1663 1722 1735 lege
1741 1661 2128 1733 repudiaverit,

550 1765 610 1815 et
633 1756 795 1813 aliam
840 1758 1247 1829 superduxerit,
1297 1757 1577 1828 repudiata
1605 1756 1770 1812 debet
1795 1756 1864 1812 de
1887 1755 2011 1825 jure
2039 1756 2134 1811 do-

552 1850 664 1907 mui
700 1851 898 1915 redire,
922 1859 978 1907 et
1005 1852 1060 1907 in
1087 1867 1154 1909 ea
1185 1866 1507 1922 permanere
1535 1866 1634 1924 per
1662 1867 1860 1909 novem
1907 1853 2047 1917 dies,
2077 1858 2133 1908 et

2230 643 2483 714 amaabyr
2521 644 2596 714 (id
2643 651 2740 710 est,
2791 641 3024 712 pretium
3074 638 3421 710 virginitatis)
3471 637 3667 695 habere.
3712 640 3757 699 Si

2229 734 2462 805 aliquam
2489 736 2607 805 quis
2650 735 2703 789 in
2749 732 2962 788 lat/armi
2993 731 3069 802 (id
3123 740 3222 797 est,
3266 743 3450 801 raptus
3496 730 3757 805 mulierum)

2229 828 2481 893 adducat,
2532 836 2586 880 et
2621 826 2687 881 ad
2719 826 2936 881 domum
2980 821 3205 892 alicujus
3244 823 3516 893 optimatis
3554 838 3661 877 cum
3691 823 3761 881 illa

2230 920 2398 986 vadit,
2427 918 2800 990 Ildejussorem
2830 934 2860 973 a
2890 918 3009 973 viro
3038 917 3104 973 de
3128 925 3242 972 toto
3274 914 3399 986 jure
3425 916 3668 982 abductae,
3689 932 3760 972 an-

2233 1020 2447 1083 tequam
2477 1011 2694 1066 insimul
2732 1010 3025 1077 dormiant,
3057 1010 3289 1080 optimas
3316 1008 3560 1079 accipiat.

2302 1103 2465 1158 XXII.
2508 1101 2641 1159 Tres
2670 1110 2846 1158 autem
2883 1109 3009 1158 sunt
3053 1100 3302 1157 homines
3356 1114 3578 1171 quorum
3623 1098 3763 1157 nullus

2229 1203 2405 1266 potest
2430 1210 2527 1266 per
2560 1209 2741 1267 regem
2773 1193 3137 1264 impignorare
3178 1202 3369 1246 contra
3409 1188 3612 1259 aliquod
3649 1187 3753 1258 judi

2232 1287 2395 1342 cium.
2444 1284 2659 1341 Primus
2696 1291 2779 1340 est
2825 1299 2941 1350 rex,
2988 1283 3078 1338 ubi
3123 1297 3230 1338 non
3275 1280 3475 1354 poterit
3520 1282 3763 1335 secundum

2231 1376 2400 1448 legem
2443 1378 2497 1432 in
2531 1377 2625 1431 lite
2670 1385 2820 1432 stare
2873 1391 3057 1432 coram
3092 1373 3274 1444 judice
3325 1388 3442 1440 suo,
3478 1372 3682 1445 agendo,
3703 1371 3765 1427 vel

2232 1470 2608 1541 respondendo
2647 1486 2745 1542 per
2783 1470 3101 1542 dignitatem
3130 1466 3457 1534 naturalem,
3484 1465 3562 1522 vel
3603 1480 3688 1536 per
3709 1466 3767 1519 di-

2231 1564 2489 1636 gnitatem
2533 1572 2711 1629 terrm,
2759 1572 2820 1619 ut
2858 1562 3090 1634 optimas
3124 1561 3207 1616 vel
3234 1560 3392 1615 alius.
3431 1558 3685 1614 Secundus
3706 1566 3768 1612 est

2232 1655 2634 1712 ecclesiasticus
2664 1656 2837 1712 sacris
2860 1656 3142 1712 ordinibus
3178 1653 3466 1727 obligatus.
3500 1651 3690 1708 Tertius
3707 1658 3769 1707 est

2232 1750 2633 1806 ecclesiasticus
2656 1750 2937 1822 religiosus
2959 1749 3246 1820 obligatus.
3271 1746 3441 1802 Nemo
3465 1747 3599 1803 enim
3621 1762 3772 1802 secun-

2234 1843 2358 1900 dum
2388 1843 2560 1915 legem
2588 1852 2767 1915 potest
2791 1843 2919 1898 dare
2955 1844 3149 1915 pignus
3178 1850 3370 1899 contra
3398 1841 3658 1913 judicium,
3689 1839 3768 1896 nisi

548 1943 609 2000 in
637 1959 782 2000 nono
836 1945 945 2013 die,
978 1946 1024 2002 si
1057 1960 1087 2001 a
1124 1946 1245 2001 viro
1288 1947 1513 2003 omnino
1560 1946 1891 2013 dimittatur,
1942 1947 2125 2001 omnia

2238 1938 2330 1991 sub
2362 1935 2603 2006 periculo
2632 1936 2792 2016 pretii
2816 1951 2926 1991 suae
2958 1935 3159 2015 linguae
3181 1976 3195 2001 ,
3224 1935 3318 1990 sed
3346 1934 3545 1989 nullum
3580 1936 3768 2006 pretium

552 2051 671 2108 qua:
691 2036 834 2093 illius
862 2046 1009 2106 sunt,
1036 2038 1103 2094 de
1153 2038 1312 2094 domo
1361 2038 1515 2109 prius
1564 2046 1763 2094 exeant
1797 2056 1812 2092 :
1852 2044 1910 2093 et
1937 2038 2132 2097 ultima

547 2136 734 2183 rerum
756 2138 977 2185 suarum
1024 2129 1140 2199 ipsa
1189 2128 1257 2184 de
1305 2128 1468 2185 domo
1512 2136 1710 2184 exeat:
1749 2136 1806 2184 et
1832 2136 2019 2199 postea
2050 2127 2134 2182 vir

548 2219 886 2291 repudiatam
938 2222 1203 2293 quietem,
1232 2221 1286 2277 id
1323 2229 1409 2277 est
1447 2220 1584 2293 ἀξίῳ
1625 2221 1903 2289 clamabit,
1940 2236 2130 2291 super-

551 2310 711 2368 ducta
741 2310 868 2378 alia,
893 2313 1020 2382 quia
1046 2312 1113 2369 de
1130 2313 1256 2384 jure
1281 2313 1421 2369 duas
1460 2328 1665 2370 uxores
1704 2313 1926 2370 insimul
1956 2313 2135 2373 nullus

551 2400 713 2459 debet
754 2402 977 2459 habere.
1027 2400 1085 2459 Si
1134 2403 1258 2474 quis
1306 2418 1530 2459 uxorem
1577 2419 1732 2460 suam
1767 2404 2054 2471 dimiserit,
2079 2413 2134 2460 et

546 2504 738 2569 postea
758 2494 934 2567 ipsum
957 2495 1139 2568 operis
1162 2496 1247 2551 sui
1272 2496 1615 2566 pmnituerit,
1639 2505 1695 2553 et
1718 2496 1807 2552 illa
1834 2497 1953 2553 viro
1974 2496 2133 2554 alteri

548 2584 678 2642 data
724 2584 933 2642 fuerit:
986 2587 1033 2643 si
1079 2587 1230 2658 prior
1290 2587 1376 2645 vir
1443 2602 1565 2644 eam
1607 2590 1809 2659 poterit
1867 2590 2136 2662 attingere

544 2678 716 2734 unum
739 2680 932 2751 pedem
959 2695 1084 2737 cum
1118 2679 1238 2736 viro
1266 2679 1438 2737 altero
1473 2682 1528 2737 in
1556 2681 1697 2739 lecto
1726 2683 1795 2738 ba
1807 2682 2052 2750 bentem,
2079 2692 2136 2740 et

546 2770 783 2828 alterum
835 2781 1016 2841 extra,
1065 2772 1242 2844 prior.
1262 2772 1329 2829 de
1370 2768 1494 2846 jure
1542 2775 1702 2832 debet
1752 2790 1873 2832 eam
1907 2791 2135 2848 recupe-

543 2877 697 2922 rare.

622 2953 785 3012 XVII.
822 2953 880 3012 Si
910 2954 1108 3014 mulier
1139 2964 1307 3030 negat
1349 2957 1703 3025 adulterium,
1732 2959 1825 3015 det
1854 2956 2135 3029 juramen-

546 3050 666 3102 tum
715 3062 748 3103 ι.
801 3045 1139 3115 mulierum;
1177 3048 1431 3105 similiter
1475 3049 1689 3106 adulter
1735 3065 1962 3121 negans,
1984 3050 2138 3122 jura-

548 3144 793 3195 mentum
837 3154 870 3196 ι
899 3140 1161 3197 virorum.
1215 3140 1283 3196 Et
1319 3142 1490 3199 tribus
1517 3142 1583 3199 de
1607 3143 1790 3199 causis
1832 3144 1994 3199 datur
2028 3142 2136 3201 tale

545 3225 954 3298 juramentum:
994 3230 1040 3286 si
1080 3231 1366 3287 videantur
1416 3232 1610 3288 mulier
1646 3233 1870 3290 veniens
1919 3233 1987 3289 de
2016 3234 2135 3291 luco

2234 2031 2586 2086 constitutum
2635 2040 2720 2087 est
2757 2031 2812 2085 in
2855 2031 2971 2103 lege
3001 2030 3188 2088 Howel
3232 2045 3401 2102 super
3430 2033 3701 2086 membrum
3729 2036 3770 2085 et

2234 2124 2573 2195 sanguinem,
2595 2123 2679 2179 vel
2699 2126 2888 2181 saraed
2909 2125 3292 2191 ecclesiastici,
3312 2136 3372 2181 ut
3393 2134 3516 2181 sunt
3536 2124 3738 2196 przedicti
3756 2108 3775 2179 ξ

2233 2224 2288 2271 et
2318 2216 2436 2272 ideo
2472 2216 2650 2271 nullus
2699 2231 2887 2273 eorum
2929 2226 3108 2287 potest
3154 2218 3287 2273 dare
3332 2218 3544 2272 vadium
3588 2216 3647 2273 de
3675 2213 3770 2284 jure

2234 2315 2426 2363 contra
2451 2305 2713 2377 judicium
2742 2308 2826 2364 vel
2861 2325 2982 2365 cum
3018 2310 3246 2381 judicio.
3278 2308 3472 2366 Omnia
3511 2316 3670 2365 autem
3697 2321 3771 2362 no-

2235 2410 2489 2457 cumenta
2525 2401 2790 2473 sacrilega
2846 2418 2966 2473 quae
3009 2403 3140 2459 (ient
3184 2403 3585 2469 ecclesiasticis,
3616 2401 3773 2457 debent

2236 2493 2290 2550 in
2340 2496 2545 2568 synodo
2594 2496 2889 2552 secundum
2941 2496 3116 2569 legem
3165 2497 3583 2554 ecclesiasticam
3626 2507 3771 2551 emen-

2235 2589 2376 2644 dari.

2307 2682 2493 2738 XXIII.
2537 2683 2673 2740 Tres
2702 2691 2827 2740 sunt
2870 2684 3121 2741 homines
3146 2699 3381 2756 quorum
3428 2681 3596 2738 nullus
3632 2682 3770 2752 potest

2235 2789 2355 2832 esse
2382 2791 2482 2847 per
2510 2775 2684 2846 legem
2707 2774 2874 2845 judex
2905 2776 3119 2848 dignus.
3150 2775 3371 2831 Primus
3396 2784 3479 2832 est
3511 2773 3768 2837 mendosus,

2235 2866 2291 2922 id
2317 2874 2401 2922 est
2430 2884 2648 2935 annvus,
2680 2867 2765 2923 vel
2811 2882 3018 2934 caecus,
3050 2867 3135 2922 vel
3172 2867 3396 2933 surdus,
3435 2865 3517 2921 vel
3551 2865 3768 2935 leprosos,

2236 2956 2321 3012 vel
2349 2958 2565 3024 stultus,
2598 2958 2690 3030 qui
2720 2958 2792 3013 sit
2835 2957 3003 3013 semel
3050 2958 3248 3030 ligatus
3282 2967 3507 3029 propter
3538 2953 3769 3011 stultitiam

2236 3065 2411 3116 suam,
2471 3050 2524 3105 id
2576 3059 2661 3106 est
2715 3049 3097 3123 goy/fvyllauc,
3144 3049 3231 3105 vel
3278 3051 3377 3121 qui
3427 3034 3618 3106 nesciat
3658 3053 3771 3101 recte

2236 3139 2408 3212 loqui,
2441 3141 2525 3197 vel
2564 3158 2685 3213 rryc
2715 3142 2997 3196 anennual.
3044 3140 3331 3197 Secundus
3380 3148 3464 3196 est
3498 3134 3772 3195 ecclesiasti-

2238 3250 2337 3291 cus
2382 3234 2554 3290 sacris
2580 3233 2862 3290 ordinibus
2889 3233 2975 3289 vel
3014 3234 3258 3305 religioni
3292 3232 3578 3306 obligatus.
3602 3226 3772 3284 Tertius

550 3330 619 3378 ex
638 3333 744 3375 una
770 3326 947 3390 parte,
970 3329 1026 3377 et
1049 3321 1130 3376 vir
1156 3322 1374 3379 veniens
1399 3338 1467 3380 ex
1496 3323 1669 3380 altera
1712 3334 1867 3397 parte
1892 3325 2136 3396 ejusdem
2163 3298 2208 3359 θ
2238 3333 2323 3380 est
2358 3324 2531 3380 laicus
2567 3324 2684 3379 sine
2730 3332 2999 3395 potestate
3040 3298 3324 3396 judicandi
3372 3298 3469 3396 per
3509 3319 3771 3393 dignitatem

550 3408 659 3469 luci
681 3409 736 3467 in
755 3411 944 3467 eadem
963 3410 1118 3478 hora,
1141 3412 1226 3468 vel
1248 3412 1294 3469 si
1330 3413 1617 3470 videantur
1645 3415 1867 3471 insimul
1890 3416 2137 3487 jacentes

551 3500 655 3559 auls
692 3516 801 3557 uno
846 3501 1029 3574 pallio,
1078 3501 1163 3560 vel
1207 3505 1256 3562 si
1302 3505 1548 3563 videatur
1598 3507 1682 3562 vir
1746 3507 1888 3563 inter
1932 3508 2137 3565 femora

544 3592 814 3651 mulieris.

622 3684 803 3743 XVIII.
834 3686 890 3743 Si
913 3702 1019 3760 qua
1059 3689 1254 3746 mulier
1303 3706 1418 3747 rem
1460 3701 1673 3766 turpem
1702 3709 1825 3751 cum
1859 3694 1965 3750 alio
1994 3694 2135 3765 viro,

516 3832 523 3837 .
548 3778 635 3836 vel
663 3780 868 3848 osculo,
904 3781 987 3837 vel
1032 3798 1216 3850 manu,
1244 3785 1327 3841 vel
1364 3794 1554 3856 stupro
1580 3789 1772 3860 egerit,
1802 3789 1868 3843 de
1890 3786 2018 3857 jure
2038 3803 2139 3860 po-

552 3877 658 3929 test
685 3872 959 3944 repudiari
990 3888 1021 3929 a
1047 3875 1165 3931 viro
1195 3891 1317 3941 suo,
1371 3884 1427 3932 et
1454 3879 1637 3934 omnia
1670 3878 1791 3949 jura
1832 3895 1929 3935 sua
1977 3881 2137 3936 debet

550 3966 824 4034 amittere,
859 3968 1025 4025 etiam
1066 3985 1165 4040 pro
1217 3970 1332 4027 solo
1380 3972 1586 4040 osculo,
1615 3976 1811 4030 nedum
1858 3989 1957 4045 pro
1992 3974 2132 4030 aliis.

546 4059 775 4141 Adulter
793 4075 892 4130 pro
920 4069 1108 4133 stupro
1138 4064 1330 4119 reddet
1375 4064 1634 4133 injuriam
1676 4082 1800 4122 cum
1828 4082 1932 4121 una
1962 4066 2137 4122 eleva-

544 4153 700 4210 tione
723 4153 797 4209 illi
820 4154 980 4225 cujus
1025 4170 1251 4210 uxorem
1304 4155 1604 4221 violaverit,
1658 4158 1783 4229 quia
1834 4157 1903 4214 de
1939 4173 2138 4228 genere

546 4242 866 4307 hostilitatis
914 4252 1017 4302 est.
1067 4245 1173 4301 Pro
1231 4246 1536 4317 palpatione
1585 4263 1841 4304 manuum
1870 4251 1921 4304 in
1955 4249 2134 4318 vulva,

536 4351 674 4408 qua:
705 4338 903 4395 dicitur
923 4355 1100 4411 govys,
1130 4339 1320 4396 reddet
1354 4337 1608 4409 injuriam
1663 4343 1778 4397 sine
1817 4341 2136 4396 elevatione.

546 4428 660 4487 'Pro
684 4430 872 4488 osculo
899 4440 1108 4489 tantum
1164 4433 1379 4489 adulter
1412 4433 1666 4505 injuriam
1707 4433 1915 4500 reddet,
1951 4433 2045 4488 sed
2073 4432 2139 4489 de

555 4519 751 4590 injuria
782 4523 939 4579 tertia
969 4538 1101 4594 pars
1124 4525 1301 4590 cadet,
1329 4524 1456 4595 quia
1488 4539 1595 4579 non
1644 4524 1836 4579 habuit
1868 4539 1982 4579 rem
2015 4538 2136 4578 cum

550 4626 620 4668 ea
646 4627 715 4671 ex
744 4623 881 4682 toto,
928 4625 983 4672 et
1010 4616 1113 4672 hoc
1143 4630 1308 4673 causa
1355 4617 1653 4687 decipiendi
1678 4631 1824 4683 eam,
1850 4617 1930 4673 sic
1951 4618 2139 4673 dicunt

540 4708 798 4778 ,quidam,
828 4709 920 4765 alii
956 4724 1083 4766 vero
1111 4711 1292 4769 ntnisi
1345 4720 1766 4783 consequuntur,
1801 4710 2129 4780 declaratur,

532 4788 1004 4873 .eualitercunque
1032 4802 1175 4859 facta
1214 4803 1398 4861 fuerit.

626 4888 764 4952 XIX.
790 4893 894 4963 Qui
922 4911 1140 4951 uxorem
1163 4896 1388 4968 alicujus
1415 4898 1712 4965 osculatur,
1734 4908 1982 4970 quartam
2013 4913 2137 4971 par-

538 4990 665 5040 .tem
705 4984 914 5055 injurias
960 4985 1011 5042 ei
1051 4987 1259 5054 reddet,
1308 4989 1558 5045 similiter
1612 4991 1678 5047 de
1712 5008 1892 5064 govys,
1934 4992 2035 5047 nisi
2082 4993 2135 5047 in

555 5074 681 5131 ludo
719 5076 810 5149 qui
864 5076 1061 5133 dicitur
1101 5095 1265 5150 quare
1305 5081 1502 5152 ra/fau,
1548 5081 1633 5137 vel
1678 5083 1733 5137 in
1763 5084 2027 5149 convivio,
2055 5082 2138 5140 vel

553 5168 773 5239 quando
798 5167 921 5240 quis
944 5169 1011 5224 de
1035 5169 1192 5242 longe
1221 5173 1447 5227 venerit.

625 5256 745 5319 XX.
767 5256 1009 5334 Goronvy
1035 5263 1100 5316 ab
1121 5262 1368 5334 morydyc
1395 5263 1610 5320 dicebat
1633 5265 1776 5336 quod
1803 5264 1886 5321 vir
1915 5264 2138 5321 alterius

555 5365 728 5439 prore
776 5353 891 5425 ipsa
939 5354 1152 5410 volente
1196 5355 1444 5423 abutens,
1497 5356 1631 5413 nihil
1681 5358 1839 5415 debet
1892 5361 2136 5427 reddere,

552 5430 705 5501 dum.
733 5446 924 5519 mulier
964 5448 1046 5517 sui
1081 5447 1208 5504 facti
1247 5448 1426 5504 laudat
1472 5459 1780 5517 auctorem;
1824 5453 1919 5509 sed
1965 5454 2009 5509 si
2056 5453 2138 5509 fa-

555 5526 703 5621 ctum
752 5546 937 5592 uotum
984 5536 1164 5604 fuerit,
1208 5537 1402 5593 mulier
1451 5538 1614 5594 habet
1659 5540 1777 5596 viro
1811 5556 1910 5597 suo
1947 5544 2136 5598 saraed

558 5627 798 5695 reddere,
833 5628 916 5683 vei
946 5629 1031 5684 vir
1073 5645 1191 5686 eam
1233 5629 1401 5686 libere
1433 5631 1696 5702 repudiet,
1729 5639 1783 5687 et
1830 5632 1898 5688 ab
1946 5648 2010 5689 ea
2052 5635 2133 5690 di-

557 5728 754 5793 vertat.

623 5810 765 5868 XXI.
806 5811 973 5869 Nemo
1010 5813 1264 5872 feminam
1291 5817 1379 5873 det
1419 5818 1533 5875 viro
1561 5827 1846 5891 antequam
1878 5821 1945 5875 de
1989 5837 2133 5877 mer-

552 5906 687 6005 pede
711 5906 929 5964 domino
958 5908 1226 5967 reddenda
1269 5910 1635 5982 ﬁdejnssorem
1665 5915 1913 5991 accipiat.
1952 5914 2135 5972 Puella

2241 3424 2422 3482 terra,
2448 3415 2537 3472 vel
2564 3416 2886 3473 servitoriaa.

2309 3506 2500 3564 XXIV.
2537 3508 2674 3564 Tres
2703 3518 2831 3566 sunt
2857 3508 2935 3566 rei
2967 3518 3382 3580 conquestores,
3404 3522 3436 3564 a
3456 3519 3575 3577 rege
3598 3507 3773 3577 propter

2237 3600 2486 3673 querelas
2516 3615 2641 3657 suas
2675 3601 2955 3673 puniendi.
3000 3600 3217 3658 Primus
3263 3609 3355 3658 est
3398 3599 3490 3672 qui
3516 3598 3600 3655 det
3620 3594 3772 3667 piguit!

2238 3706 2427 3750 contra
2458 3695 2718 3766 judicium
2756 3696 2900 3765 quod
2925 3709 3023 3766 per
3050 3694 3218 3763 aliud,
3265 3695 3322 3750 id
3366 3703 3450 3751 est
3472 3682 3770 3766 ghurgvytlyl.

2238 3795 2294 3842 ct
2319 3788 2700 3843 auctoritatem
2746 3787 3003 3857 scriptam
3054 3787 3120 3843 de
3167 3785 3382 3858 legibus
3427 3792 3605 3842 contra
3634 3781 3769 3851 ipsum

2236 3877 2440 3950 poterit
2479 3878 2821 3945 conﬁrmari;
2882 3877 2971 3933 ille
3027 3878 3203 3948 pretio
3256 3878 3457 3948 linguae
3508 3888 3612 3931 sua:
3650 3863 3772 3926 debet

2236 3971 2439 4041 puniri.
2493 3969 2781 4027 Secundus
2828 3971 2921 4043 qui
2975 3972 3064 4026 det
3109 3972 3303 4042 pignus
3343 3978 3530 4028 contra
3558 3961 3770 4036 judicium

2237 4062 2382 4133 quod
2409 4076 2571 4132 super
2601 4061 2834 4134 aliquem
2867 4062 3031 4117 alium
3060 4078 3223 4133 quam
3252 4063 3488 4135 seipsum
3517 4060 3674 4120 detur,
3706 4049 3770 4107 illo

2237 4168 2336 4211 suo
2369 4154 2593 4209 camlvrv
2643 4153 2718 4225 (id
2766 4163 2879 4220 est,
2926 4153 3117 4225 multa)
3162 4155 3324 4211 debet
3365 4153 3556 4228 puniri.
3600 4145 3770 4215 Tertius

2238 4254 2342 4313 est,
2372 4246 2416 4302 si
2447 4246 2569 4317 quis
2595 4255 2782 4303 careat
2820 4246 3081 4318 dignitate
3111 4247 3526 4319 impignorandi,
3568 4238 3769 4323 videlicet

2238 4338 2496 4394 sacerdos
2534 4338 2618 4392 vel
2650 4338 2787 4393 alius
2821 4355 2834 4393 :
2867 4337 3076 4394 licitum
3117 4348 3204 4395 est
3230 4340 3279 4394 ei
3324 4335 3676 4395 contradicere
3699 4326 3766 4397 ju-

2239 4430 2383 4485 dicio
2416 4443 2514 4501 per
2542 4430 2923 4484 auctoritatem
2956 4430 3025 4484 de
3062 4428 3270 4500 legibus
3300 4447 3314 4485 :
3346 4437 3403 4485 et
3432 4428 3477 4484 si
3505 4426 3579 4482 sic
3602 4427 3768 4480 contra-

2239 4521 2403 4587 dicat,
2434 4531 2489 4577 et
2515 4519 2816 4577 auctoritas
2860 4520 2911 4576 ei
2942 4519 3115 4588 fallat,
3142 4519 3371 4576 camlvrv
3396 4519 3615 4576 amittat.
3638 4512 3768 4569 Nemo

2241 4625 2421 4670 autem
2450 4630 2545 4686 per
2582 4615 2848 4686 judicium
2895 4614 3192 4685 litigiosum
3242 4616 3457 4671 amittet
3497 4611 3607 4683 plus
3642 4614 3767 4678 quam

2240 4705 2490 4773 camlvrv,
2520 4705 2624 4761 nisi
2651 4720 2778 4761 vera
2807 4706 2877 4761 sit
2905 4706 3286 4779 intpignoratio
3312 4706 3471 4762 vadio
3505 4710 3674 4761 contra
3697 4710 3767 4749 η’

2236 4800 2404 4857 dium.

2311 4896 2480 4953 XXV.
2518 4896 2577 4952 In
2634 4897 2753 4970 lege
2788 4895 3029 4953 Romana
3062 4898 3330 4969 reperitur
3369 4916 3384 4953 :
3434 4895 3528 4953 Ubi
3557 4894 3768 4950 numerus

2240 4990 2459 5046 testium
2518 5006 2623 5046 non
2685 4992 2983 5058 delinitur,
3054 4992 3126 5047 ibi
3183 4994 3288 5049 duo
3343 4990 3615 5048 sulliciunt.
3662 4979 3768 5038 Dicit

2230 5068 2456 5152 quoque
2508 5080 2593 5136 lex
2643 5100 2656 5135 :
2705 5080 2876 5136 Unius
2928 5083 3292 5139 testimonium
3337 5099 3443 5138 non
3486 5088 3565 5136 est
3610 5071 3766 5130 admit.

2241 5175 2482 5229 tendum.
2535 5174 2650 5230 Hoc
2698 5184 2828 5230 vero
2873 5174 3073 5230 dicitur
3110 5177 3251 5248 quod
3310 5190 3498 5232 novem
3562 5166 3765 5226 homines

2240 5256 2396 5331 eunt,
2427 5280 2655 5335 quorum
2688 5266 2981 5337 unicuique
3009 5276 3063 5322 et
3090 5267 3191 5323 soli
3219 5268 3273 5324 in
3311 5266 3529 5324 ferendo
3560 5261 3764 5323 testiml?‘

2241 5355 2330 5411 nio
2357 5358 2685 5414 credendum
2716 5367 2828 5426 est,
2860 5360 2955 5415 sed
2996 5369 3173 5417 tamen
3210 5359 3568 5434 jurejurando.
3592 5353 3762 5411 Primus

2239 5456 2355 5514 est,
2402 5449 2654 5507 dominus
2700 5451 2844 5506 inter
2869 5451 3004 5508 duos
3042 5454 3322 5521 homines;
3366 5456 3439 5509 ita
3469 5440 3761 5517 tamenquod

2240 5556 2347 5596 non
2375 5542 2448 5597 sit
2481 5543 2758 5615 particeps
2786 5544 2896 5600 litis
2942 5554 2998 5602 et
3043 5548 3122 5603 rei
3159 5562 3226 5603 ex
3272 5548 3361 5603 lite
3388 5537 3755 5614 consequentkei

2238 5642 2293 5689 et
2349 5635 2713 5692 conﬁteantur
2760 5641 3162 5696 contentionem
3217 5658 3366 5697 suam
3421 5640 3561 5713 prius
3612 5641 3756 5690 coram

2239 5729 2457 5786 domino
2506 5746 2605 5787 suo
2656 5731 2853 5800 fuisse,
2901 5743 2955 5789 et
3004 5752 3107 5790 non
3166 5735 3326 5793 fuerit
3375 5731 3554 5789 undull
3605 5724 3671 5799 (id
3701 5725 3757 5774 εει

2237 5820 2568 5893 uniformis).
2599 5824 2670 5877 At
2715 5824 2759 5879 si
2805 5824 2941 5880 alter
2966 5842 3153 5882 eorum
3182 5827 3478 5903 negaverit,
3507 5835 3616 5878 cum
3636 5816 3758 5903 illi"

2240 5921 2427 5969 mento
2476 5915 2720 5987 negabit.
2750 5915 2808 5972 In
2842 5917 2948 5973 alio
2980 5933 3106 5975 casu
3142 5901 3332 5976 novem
3360 5917 3470 5978 dies
3493 5914 3665 5977 dantur
3684 5901 3754 5973 ἀρ’
