3898 6320
190 344 283 455 £77.
364 452 367 453 ν
738 446 743 449 Α
911 398 1511 465 ANGLO-SAXONUM
1550 401 1730 463 REGE

1847 403 1961 463 LEG
1972 405 2053 463 ES
2092 405 2670 467 ΕΟΟΕΕΞΙΑΞΤΙΟᾸΞ.
3311 427 3415 491 478

187 512 344 577 mino,
373 525 472 568 .ao
528 517 1024 574 connumerandum
1081 522 1317 590 qualiter
1362 503 1818 595 jnramentumA
1916 521 2105 579 XXIX.
2149 526 2273 583 Tria
2318 538 2475 598 sunt,
2520 534 2638 589 sine
2680 537 2878 631 quibus
2916 555 3012 599 rex
3054 557 3176 601 esse
3204 557 3382 617 potest
3401 590 3431 631 ,ε

187 604 510 631 ...Μηδείην-ει.
540 607 804 631 ---ι-.--ιρις
852 625 977 631 ..-___
1023 612 1084 631 ,εει
1117 613 1193 631 ·ιΑ
1240 630 1243 631 ,
1307 615 1319 631 ι
1399 626 1409 631 _
1515 616 1527 628 ο
1587 617 1601 631 ι
1677 617 1689 629 ι
1846 612 2043 631 --ει-η.
2307 619 2321 631 .
2470 622 2484 631 .
2590 625 2601 631 -

186 604 510 676 przestiterit;
539 607 805 663 sacerdoti
852 625 985 666 vero
1019 612 1086 666 ad
1116 613 1255 668 idem
1288 615 1484 670 dantur
1514 616 1740 673 inducite

185 709 335 765 usque
360 696 425 749 ad
455 704 665 767 tempus
690 714 797 769 quo
821 702 995 771 possit
1038 704 1260 760 missam
1296 706 1596 777 celebrare.
1638 708 1742 764 Se-

183 783 370 841 cundus
392 794 513 852 εει,
541 795 801 860 patronus
830 792 1085 849 sacerdos
1115 794 1260 852 inter
1286 798 1418 855 duos
1447 800 1739 869 parochia-

182 889 296 939 nos,
324 875 468 930 inter
509 877 644 934 duos
688 883 983 939 monachos
1013 901 1161 942 suos.
1191 887 1407 946 Tertius
1448 900 1554 959 est,
1584 901 1738 964 pater

182 964 307 1019 inter
327 966 462 1021 duos
484 966 655 1038 ipsms
678 968 835 1040 ﬁlios,
861 976 1110 1043 ponendo
1138 994 1356 1033 manum
1385 996 1549 1053 super
1573 992 1742 1055 caput

181 1054 307 1111 illius
353 1065 547 1113 contra
592 1062 736 1131 quod
786 1065 1129 1134 testiﬁcatur,
1175 1070 1529 1130 sie.dicendo
1570 1094 1583 1130 :
1636 1054 1742 1132 Per

180 1143 446 1203 Dominum
494 1150 589 1222 qui
637 1166 726 1208 me
777 1157 979 1212 creavit
1011 1159 1077 1215 de
1107 1169 1293 1231 patre,
1338 1173 1394 1219 et
1422 1174 1474 1222 te
1512 1166 1579 1224 de
1624 1182 1740 1234 me,

181 1249 346 1315 verum
375 1245 519 1295 inter
540 1256 641 1298 vos
671 1242 813 1300 dico.
858 1246 1094 1315 Quartus
1119 1259 1223 1316 est,
1242 1253 1410 1325 judex
1446 1256 1511 1311 de
1531 1253 1741 1325 judicio

178 1308 294 1392 suo,
324 1328 532 1386 scilicet
578 1333 626 1388 si
674 1308 901 1404 quidem
924 1336 992 1394 de
1029 1308 1262 1408 judicio.
1282 1346 1426 1416 quod
1459 1347 1602 1402 inter
1646 1364 1743 1405 eos

172 1418 318 1490 jndex
362 1421 572 1479 dederit
618 1426 931 1486 dubitantes
961 1437 1312 1493 certaverint.
1361 1438 1591 1507 Quintus
1624 1452 1742 1511 est,

183 1508 452 1579 ﬁdejnssor
475 1516 544 1571 de
596 1517 941 1586 ﬁdejnssmne
987 1539 1082 1579 sua
1103 1566 1117 1592 ,
1148 1528 1193 1581 si
1223 1530 1423 1598 partim
1472 1540 1659 1603 negat,
1680 1508 1744 1589 ‘et

173 1602 348 1671 partim
369 1605 674 1663 conﬁtetur.
698 1611 894 1669 Sextus
920 1624 1024 1680 est,
1060 1622 1315 1676 sacerdos
1346 1625 1410 1678 de
1435 1602 1744 1685 testimonio

173 1691 259 1748 sibi
285 1703 534 1753 attestato
565 1700 709 1755 inter
728 1705 860 1760 duos
896 1710 1257 1777 parocltianos
1287 1729 1432 1787 suos,
1470 1716 1743 1789 Septimus

175 1789 263 1847 est,
282 1784 452 1854 puella
480 1788 545 1843 de
565 1791 875 1861 virginitate
906 1812 1020 1863 sua,
1040 1799 1084 1854 si
1099 1800 1182 1854 vir
1197 1804 1281 1856 cui
1299 1784 1420 1859 data
1436 1818 1520 1862 est
1540 1784 1744 1867 dixerit

174 1885 276 1926 eam
304 1873 573 1933 invenisse
599 1893 930 1952 corruptam,
947 1897 1001 1942 ut
1021 1887 1111 1958 jus
1139 1907 1294 1948 suum
1323 1896 1371 1949 ei
1390 1897 1559 1961 tollat,
1576 1899 1666 1967 jus
1687 1903 1736 1958 ei

173 1972 329 2020 tamen
344 1967 430 2022 illa
444 1978 548 2035 est,
563 1972 612 2026 ei
633 1980 809 2030 tamen
828 1979 1154 2037 credendum
1172 1994 1256 2040 est
1272 1997 1557 2060 antequam
1578 1991 1740 2051 fuerit

172 2065 383 2113 matura.
439 2060 571 2117 item
624 2065 691 2119 de
734 2068 943 2137 puella,
995 2073 1039 2127 si
1072 2076 1121 2129 vi
1145 2090 1403 2147 oppressa
1441 2080 1631 2150 fuerit,
1680 2094 1737 2142 et

169 2146 380 2205 violator
425 2150 627 2210 dixerit
667 2172 786 2213 eam
840 2161 1111 2222 invenisse
1156 2146 1500 2237 dieiloratam,
1548 2188 1740 2237 contra

172 2249 279 2292 eum
303 2241 611 2301 testimonio
641 2247 832 2318 puella:
860 2254 1186 2312 credendum
1217 2268 1319 2315 est.
1354 2262 1589 2323 Octavus
1616 2278 1735 2338 est,

168 2334 453 2390 communis
480 2345 664 2405 pastor
693 2340 832 2396 villae
863 2343 929 2399 de
959 2346 1177 2403 animali
1207 2352 1275 2407 ab
1311 2355 1417 2409 alio
1446 2357 1590 2413 inter
1619 2361 1740 2417 ani-

167 2420 308 2476 malia
335 2439 445 2480 suae
479 2430 738 2486 custodiae
765 2435 1113 2493 mortiﬁcato.
1146 2441 1331 2500 Nonus
1356 2456 1440 2502 est
1458 2489 1472 2512 ,
1502 2449 1640 2507 latro
1668 2454 1737 2509 ad

162 2511 441 2581 patibulum
480 2518 708 2588 ductus,
762 2532 817 2584 et
863 2526 931 2583 de
976 2541 1153 2586 morte
1198 2550 1296 2591 sua
1336 2548 1519 2596 certus
1550 2561 1564 2597 :
1596 2544 1738 2602 illius

162 2601 328 2659 verbis
370 2605 485 2662 sine
515 2624 889 2677 sacramento.
944 2618 995 2673 id
1041 2630 1125 2677 est
1158 2627 1313 2695 creir,
1366 2630 1431 2685 de
1478 2635 1625 2689 socio
1654 2637 1735 2692 vel

161 2691 309 2748 sociis
334 2696 661 2755 credendum
691 2712 801 2770 εει,
850 2707 933 2763 vel
963 2709 1029 2764 de
1060 2727 1119 2767 re
1148 2691 1309 2785 quam
1361 2719 1477 2791 ipse
1523 2725 1737 2784 furatus

159 2790 252 2836 est.
280 2784 383 2842 iste
409 2788 619 2846 scilicet
664 2796 845 2852 socius
877 2798 994 2869 ejus
1029 2784 1253 2875 propter
1277 2808 1481 2867 dictum
1511 2813 1736 2875 alterius

158 2886 254 2929 non
299 2878 456 2935 debet
485 2883 594 2938 vita
626 2901 718 2941 seu
773 2893 1031 2951 membris
1069 2900 1434 2958 condemnari.
1490 2907 1564 2962 De
1619 2926 1738 2965 ver-

156 2965 234 3023 bis
260 2978 437 3029 tamen
481 2976 629 3032 illius
664 2981 755 3050 qui
803 2988 1173 3057 suspenditur,
1207 2997 1584 3053 manilestatur
1611 3017 1732 3058 eum

154 3071 265 3115 esse
306 3061 604 3135 latronem,
637 3072 724 3127 cui
774 3078 1101 3136 credendum
1132 3096 1246 3151 est,
1296 3088 1437 3143 sicut
1484 3091 1599 3165 lege
1632 3096 1734 3152 ista

1842 612 2082 703 scilicet,
2132 619 2385 676 sacerdos
2418 622 2484 677 ad
2530 625 2751 682 missam
2794 629 3210 703 celebrandam,
3256 648 3312 694 et
3352 641 3421 697 ad

1842 688 1996 762 escas
2020 709 2161 778 regis
2187 720 2243 766 et
2268 722 2428 782 potus
2458 716 2872 791 benedicendos,
2900 724 3137 794 etjudex
3162 731 3327 786 curia:
3352 734 3421 803 ad

1842 813 2036 879 causas
2062 803 2446 864 discernendas
2500 818 2556 865 et
2584 813 2650 868 ad
2692 814 2870 872 danda
2898 820 3155 891 consilia,
3183 833 3238 880 et
3263 825 3422 884 fami-

1842 870 1913 946 lia
1940 907 2153 963 quoque
2177 897 2243 951 ad
2273 900 2483 969 negotia
2511 904 2656 975 regia
2684 870 3155 977 paratam—mm,
3186 870 3238 880 ﬂ
3287 870 3314 881 —
3379 870 3394 884 .
3433 900 3469 977 ξ’

1913 959 2083 1061 XXX.
2124 1007 2321 1067 Tribus
2352 1012 2660 1074 hominibus
2686 1020 2878 1078 vulmts
2916 1023 3114 1097 lingua:
3140 959 3465 1097 redditur

1842 1098 1956 1168 regi
1982 1114 2223 1173 semper;
2244 1104 2414 1175 judici
2433 1149 2448 1173 ,
2481 1114 2695 1181 quando
2728 1116 2851 1187 quis
2877 1070 3105 1179 con:tur
3131 1126 3211 1182 ire
3233 1070 3462 1187 contr-at

1838 1189 2139 1262 judicium;
2171 1200 2464 1267 sacerdoti,
2493 1207 2709 1274 quando
2743 1208 2906 1268 fuerit
2932 1214 2987 1270 in
3014 1217 3244 1276 ecclesia
3265 1260 3281 1291 ,
3309 1224 3425 1283 sive

1845 1281 1900 1338 in
1932 1284 2103 1343 tribus
2128 1286 2282 1346 festis
2311 1291 2722 1365 principalibus.

1916 1394 2105 1453 XX-Xl.
2148 1400 2467 1476 Ubicunque
2496 1410 2754 1468 sacerdos
2802 1413 3020 1474 familia:
3046 1428 3102 1477 et
3129 1422 3318 1483 dislein
3347 1427 3426 1501 (id

1842 1494 1919 1539 est
1939 1526 1952 1548 ,
1980 1488 2268 1558 praefectus
2299 1495 2483 1563 curiae,
2513 1499 2597 1553 vel
2632 1506 2967 1581 meonomus)
3000 1518 3055 1565 et
3070 1512 3240 1587 judex
3260 1488 3427 1577 curiae

1845 1575 2066 1633 insimul
2092 1580 2317 1651 fuerint,
2347 1585 2420 1641 ibi
2451 1589 2555 1643 erit
2583 1590 2821 1664 dignitas
2850 1575 3036 1667 curiae,
3068 1575 3234 1662 idest
3260 1575 3425 1667 breint

1843 1666 1943 1740 llys
1980 1670 2057 1743 (id
2085 1684 2192 1741 est,
2224 1676 2343 1731 aula
2375 1681 2578 1753 regia),
2611 1684 2736 1741 licet
2778 1705 2873 1745 rex
2911 1666 3107 1751 absens
3135 1707 3241 1755 est.

1916 1759 2129 1818 XXXII.
2170 1764 2359 1824 Nullus
2387 1782 2567 1828 autem
2603 1792 2698 1831 rex
2726 1778 2892 1836 habet
2927 1794 3249 1853 potestatem
3294 1806 3425 1851 con-

1773 1868 1815 1928 B
1844 1853 2100 1912 stituendi
2123 1862 2354 1929 pretium
2378 1881 2542 1931 super
2563 1868 2798 1940 aliquem
2816 1875 3239 1963 ecclesiasticum
3255 1887 3427 1945 sacris

1844 1947 2124 2006 ordinibus
2166 1953 2492 2026 obligatum,
2542 1961 2624 2017 vel
2652 1978 2815 2035 super
2858 1952 3133 2041 membra,
3163 1977 3248 2032 vel
3296 1995 3429 2036 san-

1841 2038 2058 2108 guinem
2077 2081 2092 2107 ,
2118 2043 2201 2098 vel
2228 2049 2417 2100 saraed
2445 2047 2560 2117 ejus
2578 2092 2593 2118 ,
2624 2054 2709 2109 vel
2732 2070 2896 2128 super
2925 2038 3160 2134 aliquem
3187 2067 3253 2123 de
3278 2071 3420 2139 suis,

1841 2132 1968 2201 qttia
1995 2135 2226 2207 quisque
2253 2140 2677 2213 ecclesiasticus,
2706 2158 2765 2205 ttt
2788 2132 3081 2222 praedictus
3101 2200 3117 2225 ,
3149 2132 3429 2237 habet

1842 2231 2093 2281 testatem
2116 2244 2213 2299 per
2229 2229 2399 2301 legent
2417 2236 2840 2299 ecclesiasticam
2863 2249 3124 2317 probandi
3148 2252 3201 2309 in
3224 2229 3429 2329 synodo

1839 2317 2122 2385 quodlibet
2149 2336 2535 2383 nocumcnlum
2577 2333 2663 2387 vel
2689 2336 2941 2395 damnum
2962 2382 2977 2409 ,
3012 2347 3156 2415 quod
3182 2349 3233 2404 ei
3251 2317 3428 2410 laicus

1840 2405 2036 2476 faciat,
2070 2421 2164 2467 aut
2192 2430 2319 2482 rex,
2352 2428 2446 2473 aut
2485 2422 2643 2480 alius.
2678 2426 2809 2486 item
2842 2405 3151 2496 nullatenus
3181 2441 3305 2499 talis
3335 2461 3427 2501 ec-

1841 2499 2179 2561 clesiasticus
2207 2518 2388 2579 potest
2411 2517 2659 2586 compelli
2690 2521 2757 2576 ad
2804 2528 3235 2595 respondendum
3262 2533 3427 2598 alicui

1839 2601 1994 2647 extra
2025 2598 2290 2668 synodum
2319 2603 2386 2658 de
2413 2605 2627 2665 delictis
2652 2611 2755 2667 sibi
2780 2620 3063 2686 oppositis.

1915 2702 2151 2763 XXXIII.
2197 2709 2253 2766 Si
2299 2723 2480 2772 autem
2514 2719 2634 2778 talis
2663 2724 3068 2789 ecclesiasticus
3100 2742 3282 2795 teneat
3320 2746 3441 2799 ter-‘

1840 2814 1956 2856 rant
1989 2802 2091 2858 sub
2119 2820 2244 2878 rege
2272 2824 2370 2879 per
2402 2811 2646 2871 debitum
2668 2858 2684 2884 ,
2732 2819 2800 2877 de
2843 2839 2951 2894 qua
2998 2830 3284 2890 servitium
3308 2836 3425 2909 regi

1838 2896 2115 2963 pertineat
2141 2897 2289 2963 ﬁeri,
2326 2903 2561 2960 incuria
2607 2910 2751 2981 regis
2799 2913 2957 2971 debet
3002 2923 3334 2992 respondere
3356 2896 3430 2987 de

1841 2994 1983 3041 terra
2011 3003 2132 3043 cum
2160 2993 2505 3062 pertinentiis
2523 3037 2539 3062 ,
2584 3001 2709 3071 quia
2745 3006 2889 3076 regis
2913 3017 2998 3065 εει
3025 3018 3135 3067 tota
3167 3022 3311 3072 terra
3334 3033 3428 3075 re-

1839 3079 1927 3149 gni
1951 3080 2067 3147 sui;
2097 3095 2156 3138 et
2181 3085 2284 3140 nisi
2315 3086 2438 3143 inde
2469 3093 2797 3161 respondeat
2830 3098 3109 3159 humiliter
3130 3105 3306 3179 idem,
3338 3123 3425 3169 re-

154 3162 360 3213 cautum
405 3168 509 3215 est.
540 3161 634 3219 Est
679 3178 809 3236 ergo
839 3168 942 3225 iste
1000 3175 1476 3250 condemnandus,
1511 3161 1617 3241 non
1663 3189 1731 3245 ad
1750 3168 1802 3264 ἠ
1839 3173 1923 3243 κίε
1954 3176 2060 3230 om
2110 3184 2251 3234 19"“
2314 3180 2403 3235 in“
2458 3184 2718 3242 ίοῑθιίίθτ·
2771 3189 3030 3258 Ωυθηλνῖε
3063 3206 3243 3255 autem
3297 3202 3427 3264 ῑ³¹ῖ8

151 3243 308 3302 vitam
331 3265 423 3307 seu
454 3255 697 3312 membra
728 3262 1003 3330 perdenda
1028 3306 1043 3331 ,
1075 3270 1170 3324 sed
1201 3273 1266 3325 ad
1299 3275 1727 3347 redemptionem

153 3339 225 3362 an:
256 3339 301 3362 ρ,
319 3343 380 3362 -9-
408 3361 415 3362 κ
452 3346 464 3362 I
618 3349 655 3362 τι
719 3351 772 3362 ..-
842 3355 856 3362 -

2780 3240 3030 3258 Vm"..-
3063 3240 3243 3255 νην...
3301 3240 3426 3264 ιαμ,

1847 3240 2244 3328 ecclesiasticus
2280 3275 2451 3345 possit
2479 3292 2577 3349 per
2609 3281 2927 3352 dignitatem
2958 3296 3115 3346 terrae
3138 3291 3191 3348 in
3215 3291 3426 3362 judicio

151 3339 225 3393 sui
255 3339 581 3401 faciendum.
617 3349 692 3406 De
719 3351 810 3408 illo
842 3355 1082 3425 latrone,
1118 3363 1210 3434 qui
1255 3369 1549 3426 constituto
1571 3372 1730 3441 jnra-

149 3444 324 3492 mento
350 3439 403 3493 in
431 3444 606 3512 patria
628 3485 644 3511 ,
677 3445 961 3506 latrocinio
998 3470 1103 3508 non
1134 3460 1334 3526 poterit
1381 3477 1440 3517 se
1469 3479 1726 3537 purgare.

148 3518 360 3595 Eritqtte
382 3529 599 3603 dirvyus
630 3546 677 3589 et
703 3537 947 3614 n'lleidyr
970 3518 1210 3614 gurerih.

210 3614 396 3676 XXVI.
434 3616 751 3694 Fidejnssor
798 3648 1003 3704 negans
1049 3636 1448 3709 ﬁdejussionetn
1477 3662 1629 3704 suam
1660 3652 1748 3708 de.

145 3708 366 3775 septimo
396 3717 768 3784 proximorum
813 3724 916 3780 sibi
952 3708 1322 3801 redemptione
1362 3737 1609 3809 negabit,
1645 3742 1728 3797 vel

145 3798 287 3856 solus
325 3804 517 3875 jnrans
547 3826 711 3881 super
756 3825 964 3886 septem
1015 3798 1207 3877 altaria
1240 3798 1487 3883 dedicata
1540 3802 1605 3900 of
1646 3835 1725 3890 bri

144 3890 275 3947 dura
301 3896 532 3967 diuuad;
562 3902 609 3957 si
638 3906 836 3975 partim
883 3919 1078 3980 negat,
1107 3914 1388 3986 et'partim
1416 3890 1724 3992 proﬁtetur,

1836 3372 1958 3413 cum
1995 3360 2148 3418 laicis
2196 3379 2317 3421 esse
2360 3383 2532 3439 usque
2563 3372 2630 3427 ad
2679 3383 2892 3447 tempus
2946 3383 3202 3441 narrandi
3254 3386 3421 3457 illud.

1834 3450 2041 3507 nullum
2063 3452 2330 3522 judicium
2363 3459 2527 3517 debet
2556 3462 2764 3521 referre
2788 3467 2934 3525 inter
2958 3470 3262 3545 litigantes,
3292 3450 3423 3551 quia

1833 3559 1940 3599 non
1970 3555 2055 3602 est
2070 3549 2309 3619 pretium
2342 3569 2506 3625 super
2535 3555 2777 3630 linguam
2807 3562 2926 3634 ejus
2970 3566 3025 3623 in
3054 3568 3176 3644 lege
3214 3549 3423 3632 consti-

1832 3645 2043 3705 tutum;
2082 3657 2181 3712 per
2207 3645 2350 3712 quod
2383 3648 2612 3719 quisque
2651 3651 2839 3722 judex,
2878 3658 2924 3712 si
2971 3659 3171 3731 injuste
3189 3665 3419 3738 judicet,

1830 3732 2108 3800 punietur,
2152 3735 2197 3791 si
2243 3738 2529 3797 conﬁrmet
2551 3740 2816 3813 judicium
2845 3748 3104 3821 injustum
3133 3732 3231 3829 per
3270 3732 3422 3818 vadi;

1830 3840 1973 3881 ΙΠΟΠΙ
1983 3843 2011 3880 ll
2021 3844 2067 3881 Ill
2078 3866 2092 3881 ο

1900 3944 2143 4003 XXXIV.
2185 3948 2318 4006 Cum
2354 3952 2425 4010 de
2451 3954 2702 4015 villarum
2737 3960 2852 4019 sive
2882 3978 3138 4037 agrorum
3167 3969 3415 4032 terminis

145 3984 287 4043 solus
312 3993 479 4048 semel
512 3993 755 4065 jurabit,
788 4009 842 4055 et
883 4002 962 4058 sic
1006 3984 1281 4080 kynnopyn
1301 4049 1316 4077 ,
1348 4011 1393 4066 si
1416 3984 1726 4086 ﬁdcjussio-

144 4070 262 4133 nem
291 4086 604 4156 negaverit,
633 4090 841 4148 scilicet
867 4093 933 4149 de
955 4098 1206 4167 septimo.

176 4159 417 4231 ’XXVII.
463 4177 521 4233 Si
572 4182 694 4251 quis
738 4185 961 4242 nomine
992 4159 1284 4261 emptionis
1320 4180 1440 4251 rem
1482 4197 1720 4271 aliquam

142 4261 206 4320 ab
231 4268 411 4341 aliquo
440 4277 748 4347 acceperit,
776 4279 970 4336 deinde
999 4283 1067 4339 ab
1095 4284 1197 4341 hac
1233 4287 1343 4342 vita
1373 4261 1591 4361 ereptus
1632 4310 1721 4351 res

144 4369 268 4415 suas
311 4378 436 4420 cum
466 4367 659 4425 amicis
704 4370 1015 4442 reliquerit,
1063 4391 1186 4431 cum
1236 4378 1351 4448 ipse
1402 4396 1502 4451 pro
1548 4398 1608 4439 se
1652 4386 1720 4441 de

138 4452 309 4515 pretio
338 4456 415 4511 rei
448 4470 689 4530 acceptae
716 4464 990 4531 reddendo
1020 4465 1307 4538 ﬁdejussor
1339 4474 1632 4542 exstiterit,
1665 4470 1741 4532 id‘

140 4549 217 4595 est
260 4560 326 4614 gn
374 4548 510 4603 uaclt
557 4549 868 4626 kynnogyn,
915 4556 983 4612 ab
1030 4559 1545 4632 amicis,prtefatis,
1590 4566 1719 4625 licet

140 4627 335 4692 factum
383 4640 755 4713 ignorantibus
794 4656 851 4703 et
891 4627 1387 4722 obdormientibus,
1439 4657 1505 4712 de
1532 4627 1717 4717 rebus

140 4728 332 4784 mortui
356 4734 587 4802 pretium
621 4736 698 4790 rei
725 4751 838 4793 sua:
861 4741 1111 4798 venditor
1139 4756 1527 4817 consequatur.
1559 4748 1713 4808 Juret

143 4821 312 4877 tamen
339 4823 404 4880 de
431 4827 666 4897 septimo
707 4833 1075 4902 proximorum
1103 4837 1206 4893 sibi
1255 4839 1308 4895 in
1346 4842 1714 4914 redemptione

143 4920 296 4980 super
312 4917 618 4987 sepulcrum
635 4921 911 4989 debitoris,
934 4927 977 4980 si
1001 4929 1173 4997 possit
1199 4930 1442 4988 invenire
1462 4951 1477 5001 ;
1504 4935 1585 4990 sin
1609 4952 1704 4992 au-

145 5006 276 5071 tem,
305 5024 468 5083 super
496 5012 669 5071 altare
698 5016 1036 5087 dedicatum,
1074 5025 1216 5093 quod
1262 5024 1338 5079 illi
1389 5042 1503 5082 rem
1552 5040 1739 5087 suam‘

145 5096 370 5155 Vendidit
390 5143 404 5167 ,
438 5111 493 5158 et
521 5105 662 5174 quod
700 5105 814 5177 ipse
845 5124 942 5179 pro
971 5109 1283 5182 ﬁdejnssore
1308 5115 1432 5171 fttit.

206 5182 431 5247 XXVIII.
472 5190 589 5248 Non
612 5194 770 5252 debet
799 5198 1087 5272 ﬁdejussor
1134 5204 1250 5259 dari
1280 5208 1370 5277 qui
1420 5210 1575 5265 exsul
1603 5220 1707 5281 est,

149 5287 303 5349 neque
328 5285 420 5356 qui
444 5285 640 5343 fortior
660 5299 772 5358 est;
800 5308 977 5364 neque
1000 5298 1319 5368 monachus,
1345 5302 1449 5357 nisi
1476 5318 1709 5361 consen-

150 5366 295 5429 tiente
320 5376 548 5445 abbate;
578 5394 755 5449 neque
793 5385 1092 5455 sebolaris,
1127 5389 1229 5443 nisi
1277 5366 1537 5463 magistro
1579 5411 1709 5452 con-

150 5466 420 5537 sentiente;
453 5486 629 5544 neqtte
653 5473 888 5543 femina,
925 5480 1027 5535 nisi
1057 5482 1273 5538 domina
1316 5482 1478 5540 fuerit
1508 5489 1708 5558 princi-

151 5555 264 5624 palis
290 5562 583 5633 debitoris;
613 5582 788 5639 neqne
816 5571 982 5640 ﬁlius,
1004 5574 1107 5631 nisi
1135 5585 1288 5646 patre
1309 5555 1705 5652 consentiente,

152 5647 254 5706 dum
285 5664 436 5724 pater
454 5659 614 5715 debet
638 5676 760 5717 esse
787 5678 887 5734 pro
915 5666 1045 5721 ﬁlio.
1074 5666 1335 5734 Quamvis
1364 5680 1542 5727 autem
1576 5647 1707 5732 fide;

150 5737 372 5815 jubeant,
404 5749 632 5824 alicujus
660 5769 848 5812 eorum
882 5758 1156 5829 ﬁdejussio
1187 5778 1294 5832 non
1339 5774 1424 5839 est
1472 5768 1708 5840 compel-

154 5833 295 5897 lentia.

1827 4051 1948 4107 qua:
1979 4040 2131 4094 curia
2164 4043 2478 4114 contingat,
2511 4052 2912 4111 contentionem
2954 4057 3107 4115 curia
3157 4061 3417 4121 termina-

1824 4125 1934 4194 bit;
1986 4129 2032 4185 si
2080 4132 2309 4190 ecclesia
2345 4147 2423 4194 ,ει
2469 4153 2575 4195 non
2617 4142 2774 4199 curia
2825 4147 3134 4221 contingat,
3181 4152 3414 4214 ecclesia

1741 4273 1746 4279 ,
1826 4219 2158 4279 terminabit.
2213 4224 2407 4283 Postea
2456 4228 2668 4300 Breml,
2709 4235 2925 4294 demum
2972 4219 3411 4315 Itpgtwarchadtt,

1822 4310 1877 4366 id
1926 4322 2010 4368 est
2036 4331 2099 4369 ar
2153 4316 2495 4393 deﬁcit/1,15;
2548 4341 2610 4378 ac
2661 4327 2798 4399 odyn
2845 4347 2908 4385 ac
2969 4310 3253 4404 yspubaur.
3310 4310 3413 4396 Ve;

1822 4416 1976 4470 rum,
2007 4420 2129 4461 cum
2176 4410 2490 4469 terminabit
2539 4432 2687 4472 maer
2728 4427 2784 4475 et
2830 4419 3152 4492 kygbellaur,
3211 4426 3411 4486 debent

1818 4510 1920 4565 pro
1947 4510 2010 4550 ea
2063 4500 2323 4557 terminos
2370 4505 2672 4577 assignare,
2734 4525 2832 4579 pro
2861 4513 3088 4572 ecclesia
3132 4532 3263 4575 vero
3304 4520 3408 4577 ba-

1744 4592 1976 4684 Dcuius
2028 4604 2084 4650 et
2127 4596 2505 4671 Evangelium.
2552 4604 2649 4661 Sin
2705 4615 2885 4664 autem
2939 4618 3084 4668 terra
3135 4612 3403 4688 litigiosa,

1819 4684 1966 4741 inter
1988 4684 2261 4757 litigantes
2289 4690 2342 4745 in
2369 4690 2478 4749 duo
2510 4695 2800 4753 dividatur.

1890 4775 2109 4835 XXXV.
2148 4779 2206 4837 Si
2241 4776 2385 4854 régia
2409 4784 2571 4842 dante
2602 4786 2820 4846 licentia
2866 4789 2922 4846 in
2963 4793 3236 4859 rusticana
3275 4799 3405 4860 villa

1817 4869 2047 4927 ecclesia
2088 4883 2455 4941 construatur,
2485 4885 2540 4932 et
2572 4877 2625 4934 in
2657 4895 2721 4936 ea
2750 4880 2930 4939 misse
2954 4883 3320 4958 celebrentur,
3347 4902 3407 4957 et

1816 4964 1871 5020 in
1919 4965 2058 5021 atrio
2113 4964 2259 5036 illius
2300 4983 2528 5040 corpora
2578 4971 2929 5045 sepelientur,
2977 4985 3177 5041 extunc
3228 4981 3402 5043 libera

1818 5059 1925 5115 erit
1954 5060 2079 5116 villa
2127 5060 2239 5116 illa.

1892 5168 2133 5228 XXXVI.
2176 5170 2234 5227 Si
2280 5173 2403 5245 quis
2433 5176 2681 5245 nomine,
2727 5194 2836 5251 quo
2865 5182 3066 5239 matrix
3112 5183 3280 5242 fuerit
3310 5200 3401 5245 ec-

1818 5261 2019 5329 clesiae,
2039 5263 2247 5335 judicio
2271 5272 2469 5322 terrant
2499 5270 2567 5325 ad
2593 5269 2740 5326 illaut
2767 5274 3127 5344 pertinentem
3156 5278 3424 5349 petierit,

1817 5371 1994 5413 nonus
2021 5356 2137 5412 dies
2166 5359 2370 5416 mensis
2394 5375 2502 5417 non
2530 5372 2616 5420 est
2638 5370 3053 5437 exspectandus.

1885 5467 2148 5525 XXXVII.
2192 5470 2248 5525 Si
2274 5474 2414 5543 regis
2435 5474 2662 5531 villanus
2681 5490 2811 5561 rege
2829 5486 3099 5535 annuente
3117 5480 3396 5552 optimatis

1815 5559 1987 5615 ﬁlium
2014 5562 2363 5620 nutriendum
2392 5570 2725 5638 susceperit,
2760 5559 3016 5629 defuncto
3044 5573 3244 5631 villano
3269 5590 3394 5675 cum

1815 5650 1939 5675 ΩΙΣΕ-
1971 5654 2158 5675 ..Α----12
2191 5657 2396 5675 ῌΑᾉΔΙΑ--
2422 5674 2427 5675 ,
2492 5659 2531 5675 ει
2942 5665 2955 5675 ι
2998 5673 3006 5675 Α

1814 5650 1941 5707 ﬁliis
1968 5654 2161 5723 aequali
2191 5657 2439 5725 portione
2483 5659 2734 5717 alumnus
2760 5665 3033 5723 succedet.

1883 5763 2167 5821 XXXVIII.
2212 5767 2267 5823 Si
2321 5770 2372 5824 in
2416 5779 2558 5827 terra
2607 5775 2752 5846 regis
2795 5792 2920 5833 cum
2956 5777 3177 5879 homine
3222 5778 3393 5879 ipsius

1813 5855 2062 5915 homines
2084 5860 2319 5931 episcopi
2352 5863 2434 5920 vel
2465 5866 2677 5924 abbatis
2703 5868 2845 5926 inter
2877 5887 2937 5929 se
2967 5871 3273 5933 conﬂictum
3304 5855 3389 5960 fe:
