3860 5382
102 115 187 177 εει

848 110 1447 174 ANGLO-SAXONUM
1482 107 1728 169 REGUM
1763 103 1991 167 LEGES
2023 100 2606 163 ECCLESIASTICA‘J.

3252 93 3364 157 483

103 231 358 293 interfecti
409 233 656 307 cognatis
703 233 1020 290 inimicitias
1081 233 1344 304 capitales
1389 229 1669 300 suscipito,
1703 214 1750 272 Α
1777 242 1872 286 sus
1907 225 2082 298 primo
2122 238 2227 278 non
2278 219 2450 276 solum
2488 217 2648 272 fidem
2694 211 2929 285 przebeat
2959 212 3026 270 de
3054 211 3362 284 praelocutis

103 330 148 387 ni
170 329 430 400 integram
462 305 660 398 capitis
689 327 805 399 ejus
833 327 1249 384 aestimationem
1289 323 1675 396 (cujuscunque
1778 316 2188 392 perimplendis,
2220 313 2313 368 sed
2345 328 2449 366 una
2483 310 2647 364 etiam
2685 306 3012 373 cautionem,
3043 320 3100 360 se
3131 319 3250 360 eam
3287 305 3363 359 ita

103 421 142 480 is
183 419 346 475 fuerit
403 419 752 492 conditionis)
802 421 1097 475 amicorum
1156 433 1258 488 ope
1311 415 1482 471 fretus
1535 415 1676 469 intra

1781 429 1997 485 cupere,
2024 421 2083 467 ut
2110 409 2402 466 secundum
2434 407 2599 476 legem
2629 402 2724 458 Dei
2747 416 2867 458 eam
2896 399 3094 455 habeat
3114 413 3361 464 uxorem,

104 511 372 569 duodecim
404 527 624 568 menses
653 511 994 584 persolverit.
1031 509 1124 566 Sin
1168 524 1289 564 cum
1319 507 1534 577 cognati
1563 503 1679 574 ejus
1779 512 1836 560 et
1862 505 1964 558 hoc
1990 501 2156 557 etiam
2190 499 2408 554 vadient
2445 495 2602 551 amici
2631 493 2769 566 ejus.

103 620 186 678 pro
209 604 475 661 derelicto
507 605 819 670 habuerint,
852 618 1029 673 neque
1058 617 1188 657 vero
1217 599 1509 671 quidquam
1548 613 1680 669 pen-

105 701 214 756 dere
239 698 540 766 voluerint,
574 699 692 770 ipse
735 698 1048 754 inimicitias
1089 696 1266 753 subito
1297 695 1462 761 solus,
1501 708 1565 748 ac
1604 691 1679 747 illi

103 808 185 864 pro
210 792 453 848 inimicis
478 809 588 849 non
615 793 900 848 habentor.
925 791 986 846 Ei
1018 798 1195 846 tamen
1225 788 1440 843 interim
1465 783 1682 858 cognati

104 887 203 956 ejus
233 887 444 942 victum
495 901 566 942 ne
614 886 1010 956 suppeditanto,
1056 897 1191 939 neve
1229 897 1352 938 cum
1397 895 1462 935 eo
1491 892 1680 950 pacein

104 978 372 1044 habento;
407 979 466 1034 id
507 979 652 1050 quod
693 977 738 1033 si
788 979 910 1048 quis
955 993 1142 1033 eorum
1192 975 1404 1038 fecerit,
1455 972 1685 1028 fortunis

107 1073 204 1130 suis
239 1071 499 1128 omnibus
533 1072 647 1141 regi
687 1071 962 1135 multator,
994 1080 1049 1125 et
1086 1069 1176 1140 qui
1215 1067 1366 1139 prius
1396 1073 1684 1137 cognatum

108 1179 243 1219 suum
270 1179 375 1235 pro
401 1162 665 1219 derelicto
693 1161 898 1226 habuit,
929 1161 974 1216 is
995 1158 1110 1229 jam
1141 1157 1386 1229 cognatis
1414 1153 1683 1211 interfecti

107 1272 191 1330 pro
213 1255 435 1311 inimico
458 1255 705 1311 habetor.
720 1252 886 1323 Atqui
913 1252 959 1306 si
980 1253 1141 1307 alium
1160 1264 1534 1323 quemcunque
1552 1263 1686 1317 prae-

108 1357 180 1403 ter
207 1345 611 1402 interfectorem
653 1345 826 1415 ipsum
851 1352 1201 1414 cognatorum
1226 1342 1515 1412 quisquam
1544 1340 1686 1394 ultus

109 1447 525 1513 persecutusque
556 1437 738 1500 fuerit,
771 1436 820 1491 is
850 1435 1084 1490 fortunis
1123 1434 1236 1489 suis
1263 1431 1515 1489 omnibus
1545 1429 1687 1484 mul-

111 1545 293 1597 ctatus,
317 1533 431 1603 regi
470 1541 528 1586 et
555 1531 804 1586 omnibus
831 1543 1017 1584 amore
1049 1543 1172 1584 eum
1203 1523 1682 1597 prosequentibus,

108 1640 202 1698 pro
228 1625 444 1680 inimico
470 1623 742 1695 putandus
769 1631 873 1678 est.

170 1717 235 1772 ll.
275 1716 332 1773 Si
355 1717 482 1787 quis
521 1716 587 1772 ad
621 1716 878 1786 templum
907 1714 1233 1786 oppidumve
1263 1711 1469 1780 regium
1501 1707 1691 1764 confu-

115 1809 263 1881 gerit,
302 1824 541 1879 eumque
580 1807 719 1862 alius
749 1807 1095 1878 oppugnarit,
1135 1806 1399 1861 damnove
1429 1801 1670 1857 all‘eccrit

116 1901 177 1967 is,
211 1911 362 1972 prout
389 1909 549 1955 antea
580 1898 728 1956 effati
754 1914 960 1963 sumus,
996 1907 1232 1953 tenetur.

181 1994 260 2049 111.
303 1993 457 2048 Nulla
482 2007 675 2064 pugnae
722 2001 816 2046 aut
855 1989 1133 2047 homicidii
1179 1989 1399 2045 nomine
1454 1988 1692 2058 irrogata

122 2085 403 2141 retnittitor
432 2083 622 2138 multa.
819 2084 822 2087 ’

183 2175 266 2232 IV'.
306 2176 467 2232 Clare
513 2183 692 2230 autem
742 2174 987 2247 significo
1031 2189 1138 2229 non
1177 2173 1294 2228 fore
1344 2172 1393 2227 ei
1437 2171 1527 2242 qni
1565 2185 1693 2226 san-

122 2269 324 2341 guinem
364 2269 664 2324 humanum
700 2267 951 2324 eﬂuderit
978 2264 1209 2336 suffugio
1244 2266 1461 2320 domum
1495 2277 1692 2328 meam,

123 2363 170 2418 ui
201 2363 348 2434 prius
368 2363 482 2418 Deo
513 2378 576 2418 ac
603 2359 728 2418 caesi
763 2360 1011 2433 cognatis
1038 2358 1310 2416 cumulate
1344 2356 1695 2421 satisfecerit,

125 2463 175 2508 et
212 2463 476 2525 praeterea
533 2453 836 2526 impleverit
897 2459 1258 2524 quodcunque
1305 2451 1354 2506 ei
1408 2447 1574 2503 fuerit
1629 2447 1698 2502 ab

126 2547 385 2619 episcopo,
426 2547 480 2603 in
508 2544 659 2616 cujus
689 2546 742 2602 id
776 2545 997 2602 dioecesi
1038 2543 1322 2609 acciderit,
1353 2543 1695 2612 imperatum.

191 2637 558 2693 [Maximas
606 2647 784 2693 autem
835 2637 945 2694 Deo
997 2646 1054 2692 et
1094 2636 1248 2692 vobis
1303 2635 1556 2690 omnibus
1598 2646 1699 2704 ago

130 2729 336 2800 gratias,
369 2729 463 2801 qui
509 2745 594 2785 me
637 2729 838 2784 auxilio
877 2737 1060 2785 vestro
1104 2728 1157 2783 in
1195 2727 1299 2783 hac
1332 2727 1504 2799 pacis,
1535 2740 1699 2796 quam

136 2839 261 2880 nunc
295 2824 363 2879 ad
393 2822 758 2895 proﬂigantlos
788 2822 934 2879 fures
962 2822 1316 2888 sancivimns,
1350 2820 1466 2893 lege
1495 2818 1700 2890 adjuvi-

135 2916 237 2981 stis,
267 2932 332 2971 ac
358 2915 708 2972 vehementer
739 2914 954 2972 confido
981 2929 1047 2969 eo
1073 2929 1168 2968 vos
1192 2913 1512 2984 propensius
1545 2911 1701 2967 nobis

137 3003 183 3060 in
204 3017 471 3076 posterum
502 3005 893 3078 opitulaturos,
939 3021 1049 3076 quo
1090 3004 1250 3075 hujus
1279 3003 1482 3061 decreti
1511 3003 1699 3060 obser-

137 3099 266 3154 vatio
295 3099 469 3171 magis
497 3098 771 3154 videbitur
803 3097 1130 3154 necessaria.

142 3214 440 3290 Quomodo
465 3212 895 3296 desponsanda
915 3214 1122 3296 virgo,
1147 3221 1202 3276 et
1225 3211 1451 3296 quibus
1465 3209 1706 3289 ritibus

531 3294 990 3376 procedendum
1023 3295 1107 3357 sit
1141 3294 1282 3374 (ll).

201 3394 236 3450 ι.
275 3394 333 3453 Si
359 3396 477 3467 quis
501 3397 766 3470 virginem
799 3395 998 3451 ducere
1035 3403 1130 3450 aut
1162 3391 1422 3450 feminam
1451 3389 1706 3456 voluerit,

1853 596 1915 651 Il.
1957 595 2094 651 Tum
2143 593 2390 650 habenda
2433 591 2608 646 victus
2649 589 2808 654 ratio,
2852 595 2908 643 et
2954 585 3238 644 sciendum
3285 589 3369 639 est

1783 689 1906 760 quis
1949 704 2044 743 eos
2091 684 2428 742 sustinuerit.
2483 681 2780 754 Stipnlctur
2827 680 2929 736 hoc
2972 693 3206 752 sponsus
3253 676 3369 744 ipse

1783 779 2038 849 idemque
2069 777 2273 849 pariter
2302 775 2461 832 amici
2492 773 2626 844 ejus.

1856 873 1940 929 111.
1983 873 2172 929 Edicat
2205 871 2317 942 jam
2361 877 2470 923 tum
2503 883 2731 938 sponsus
2769 882 2877 938 qna
2921 864 3186 920 bonorum
3216 867 3370 931 parte

1785 981 2011 1023 uxorem
2056 965 2249 1030 donat,
2279 972 2480 1034 praeter
2510 961 2649 1016 hanc
2673 975 2835 1031 quani
2875 975 2941 1016 ex
2969 958 3085 1031 ejus
3113 953 3367 1026 benepla-

1785 1061 1896 1118 cito
1932 1061 2046 1132 ipsa
2075 1059 2225 1132 prius
2251 1057 2603 1128 cooptaret-it.

1856 1153 1945 1211 1V.
1990 1153 2086 1210 Sin
2118 1161 2169 1209 et
2204 1152 2316 1222 ipsa
2345 1166 2468 1206 eum
2496 1146 2862 1219 supervixerit
2887 1144 3050 1216 (quod
3078 1143 3122 1200 si
3151 1142 3368 1214 quidem

1789 1250 2023 1324 eveniat)
2063 1259 2188 1305 tunc
2226 1247 2430 1317 justum
2476 1253 2561 1299 est
2606 1250 2664 1297 ut
2700 1242 2813 1314 ipsa
2856 1241 3055 1296 habeat
3094 1237 3371 1294 dimidiam

1788 1353 1999 1416 partem
2051 1340 2295 1396 omnium
2343 1336 2631 1399 bonorutn,
2682 1343 2737 1388 et
2789 1332 2832 1388 si
2878 1330 3082 1402 prolem
3133 1327 3274 1383 inter
3313 1338 3375 1383 se

1791 1436 2152 1508 susceperint,
2197 1433 2562 1504 integritatem
2606 1429 2800 1500 ipsam,
2833 1427 3005 1482 donec
3037 1429 3278 1480 transeat
3309 1419 3378 1476 ad

1795 1527 2063 1586 secundas
2093 1523 2329 1595 nuptias.

1863 1619 1928 1677 ν.
1971 1617 2301 1688 Sponsiones
2343 1622 2522 1669 autem
2560 1611 2664 1677 vir,
2707 1623 2843 1680 quas
2879 1605 2991 1677 jam
3036 1612 3224 1676 pactus
3267 1607 3376 1668 est,

1791 1713 2044 1771 cautione
2093 1710 2406 1783 interposita
2447 1707 2684 1762 illibatas
2725 1718 2943 1775 semper
2985 1698 3278 1764 custodito,
3326 1702 3412 1772 et.

1794 1809 1953 1865 amici
1983 1808 2064 1863 sui
2095 1822 2187 1862 eas
2219 1805 2490 1860 vadianto.

1865 1901 1954 1958 Vl.
1995 1900 2051 1956 Si
2079 1900 2144 1954 de
2165 1899 2416 1952 omnibus
2431 1896 2546 1964 jam
2580 1895 2721 1950 inter
2747 1892 2892 1963 ipsos
2917 1887 3188 1954 convenit,
3220 1899 3384 1957 spon-

1795 1992 1960 2049 deant
2016 1987 2402 2060 consanguinei
2456 2001 2610 2042 suam
2659 1981 3113 2054 consanguineam
3157 1991 3384 2033 uxorem

1796 2085 1846 2142 ei
1884 2083 1974 2154 qui
2028 2081 2171 2137 illam
2207 2079 2384 2151 petiit,
2407 2078 2531 2134 vitae
2561 2077 2723 2131 etiam
2759 2075 3026 2144 integram
3048 2070 3186 2138 fore,
3218 2067 3384 2124 satis-

1796 2178 2179 2246 dationemque
2215 2173 2486 2244 accipiant
2514 2171 2580 2226 de
2609 2167 2953 2225 celebrandis
2983 2163 3207 2234 nuptiis.

1869 2269 1979 2324 Vll.
2022 2267 2079 2324 Si
2128 2266 2357 2321 maritus
2401 2279 2522 2319 eam
2561 2268 2752 2333 postea
2787 2259 2855 2314 de
2891 2255 3169 2313 territorio
3207 2249 3381 2308 Thani

1799 2360 1914 2434 [seu
1945 2355 2180 2428 baronis]
2220 2371 2326 2425 quo
2359 2351 2473 2423 jam
2512 2350 2718 2407 nutrita’
2741 2357 2846 2414 est,
2884 2345 3132 2403 eduxerit
3172 2359 3227 2399 tn
3255 2340 3391 2398 alte-

1799 2433 1913 2508 rius
1934 2449 2107 2506 Thani
2140 2447 2496 2511 territorium,
2530 2443 2778 2501 cautione
2803 2440 3120 2497 satisdatum
3157 2437 3230 2493 sit
3253 2433 3391 2491 ami-

1800 2543 1879 2599 cis
1907 2542 2042 2608 suis,
2079 2539 2221 2611 quod
2246 2539 2440 2594 exinde
2469 2550 2628 2592 nemo
2660 2535 2709 2592 ei
2740 2532 2939 2589 inferet
2966 2529 3255 2602 injuriam;
3285 2525 3389 2584 etsi

1801 2639 1918 2708 ipsa
1949 2645 2137 2692 contra
2171 2633 2295 2689 mali
2325 2633 2453 2703 quid
2481 2628 2798 2702 patraverit,
2834 2625 3068 2700 prompti
3098 2623 3206 2680 sint
3231 2619 3394 2706 amici

1801 2731 1919 2803 ejus
1957 2730 2154 2786 marito
2193 2727 2373 2784 facere
2413 2723 2870 2790 emendationem,
2905 2720 2952 2778 si
2989 2719 3104 2792 ipsa
3141 2733 3249 2775 non
3285 2701 3388 2772 ha-

1802 2823 1980 2881 bucrit
2006 2822 2148 2878 unde
2186 2817 2638 2890 compensaverit.
3334 2807 3339 2813 ’
3367 2814 3372 2828 ⁴

1881 2938 2012 2994 Vill.
2053 2935 2292 3007 antiali
2326 2933 2452 2990 huic
2485 2931 2688 2988 dationi
2724 2927 2961 2987 missalis
3005 2925 3182 2982 aderit
3215 2937 3399 2981 sacer-

1812 3029 1940 3096 dos;
1990 3029 2036 3085 is
2077 3028 2143 3083 de
2177 3025 2303 3097 jure
2345 3040 2533 3082 eorum
2583 3020 3016 3091 conjunctionem
3061 3017 3158 3073 Dei
3180 3015 3404 3073 benedi-

1813 3124 1991 3181 ctione
2040 3122 2094 3179 in
2138 3137 2354 3179 omnem
2410 3118 2684 3175 felicitatis
2743 3115 3132 3190 plenitudinem
3177 3127 3397 3187 promo-

1812 3216 1980 3272 vehit.

1885 3305 1978 3361 IX.
2006 3304 2176 3362 Caute
2205 3304 2366 3361 etiam
2393 3298 2780 3373 providendum
2821 3305 2937 3363 est,
2967 3305 3028 3352 ut
3069 3292 3402 3367 intelligatur

1815 3396 2020 3452 nullum
2054 3396 2194 3452 inter
2224 3411 2316 3451 eos
2343 3409 2464 3450 esse
2493 3387 2976 3463 consanguinitatis
3015 3386 3306 3451 vinculum,
3337 3397 3408 3442 nc

149 3485 244 3557 ipsa
273 3497 326 3545 et
348 3488 534 3544 amicis
559 3488 672 3545 διεὶς
700 3486 1186 3552 consentientibus,
1214 3485 1456 3542 debitum
1477 3491 1561 3540 CSl
1583 3497 1708 3539 cum
1810 3488 1957 3560 justc
1985 3500 2170 3560 postea
2206 3495 2529 3560 separentur
2570 3485 2664 3555 qui
2707 3481 2904 3554 injuste
2941 3480 3190 3553 primitus
3209 3477 3404 3551 iunge.

149 3592 200 3632 ex
216 3578 332 3650 jure
355 3579 556 3648 divino,
581 3589 694 3636 tum
717 3595 785 3636 ex
813 3578 1049 3634 humana
1077 3576 1439 3643 institutione,
1462 3584 1524 3631 ut
1550 3589 1710 3646 spon-

210 3711 316 3785 (il)
339 3712 464 3772 Haec
491 3715 669 3772 addita
697 3723 825 3772 sunt
862 3729 930 3772 ex
966 3713 1072 3772 alio
1102 3713 1494 3784 manuscripto.

184 3892 2643 3920 Μ

1815 3582 2035 3638 bantur.

2651 3887 2874 3907 σι*

638 4047 1040 4141 LEGUM
1141 4039 2297 4140 ECCLESIASTICARUM
2375 4034 2937 4127 EDMUNDI

1435 4237 1728 4304 PRISCA
1776 4232 2095 4302 VERSIO.

391 4449 614 4543 τιτυιι
640 4451 1132 4512 CAPITULORUM
1161 4449 1416 4508 PARTIS
1447 4449 1488 4505 Ι.

233 4563 274 4618 1.
302 4563 376 4620 De
399 4568 625 4625 castitate
646 4571 1027 4626 ordinatorum.

236 4655 298 4711 ll.
327 4658 401 4713 De
431 4659 631 4716 decimis
659 4675 704 4720 et
734 4663 854 4719 aliis
880 4661 1068 4719 debitis
1092 4659 1344 4717 ecclesia’.

237 4747 322 4802 ill.
356 4748 433 4805 De
453 4751 738 4810 homicidio.

243 4836 328 4893 IV.
361 4838 436 4894 De
458 4841 778 4910 fornicatione
805 4863 923 4903 cum
955 4860 1135 4900 nunna
1155 4885 1171 4912 ,
1205 4842 1282 4901 vel
1307 4837 1725 4908 sanctimoniali,

312 4938 362 4984 et
389 4930 452 4985 de
477 4933 734 4992 adulterio.

247 5018 313 5074 ν.
344 5021 419 5077 De
444 5029 746 5094 apparitione
772 5031 1132 5088 ecclesiarum.

249 5110 336 5169 Ἦ.
365 5113 439 5169 De
465 5117 674 5187 pcrjurio
699 5132 744 5178 et
763 5123 976 5180 tiblaco.
1077 5182 1085 5192 ἱ

727 5253 1151 5318 PROOEMIUM.

257 5358 415 5382 1‘1..-”
439 5380 445 5382 _
472 5365 486 5382 I

1751 4409 1806 4470 Ι)
1833 4425 1898 4482 de
1918 4421 2145 4480 consilio
2170 4422 2475 4478 animarum
2506 4427 2840 4485 nostrarum,
2872 4422 2928 4475 et
2955 4429 3146 4472 eorum
3172 4414 3266 4488 qui
3293 4413 3424 4476 sub~

1833 4519 1930 4575 diti
1961 4526 2086 4575 sunt
2112 4517 2236 4573 illis.

2455 4609 2536 4665 CA
2546 4605 2796 4664 PlTULA
2807 4647 2821 4662 .

1904 4705 1946 4760 1.
1998 4702 2252 4774 inprimis
2289 4708 2374 4758 est
2407 4710 2470 4757 ut
2517 4699 2724 4756 sanctis
2771 4693 3054 4755 ordinibus
3099 4693 3306 4759 eVecti,
3338 4688 3433 4761 qui

1830 4797 2044 4872 plebem
2084 4795 2178 4850 Dei
2222 4796 2417 4851 docere
2464 4792 2665 4849 debent
2717 4791 2901 4846 lumen
2938 4787 3094 4850 vitae,
3133 4785 3436 4843 castitatem

1834 4868 2060 4946 teneant
2089 4886 2386 4942 secundum
2417 4884 2670 4941 ordinem
2704 4897 2864 4938 suum
2893 4919 2908 4946 ,
2947 4877 3016 4932 sit
3053 4874 3321 4930 werhades
3364 4868 3436 4925 sit

1835 4983 2094 5054 wifhades
2115 5021 2129 5047 ,
2161 4981 2235 5036 sit
2275 4978 2542 5046 alterum,
2585 4975 2654 5031 sit
2685 4975 2968 5046 alioquin;
3001 4966 3107 5022 sint
3150 4965 3266 5037 ejus
3296 4955 3446 5031 digni

1836 5076 1981 5150 quod
2015 5075 2068 5130 in
2097 5087 2303 5129 canone
2333 5073 2543 5130 dictum
2577 5076 2661 5124 est
2683 5110 2697 5135 ,
2740 5073 2844 5127 hoc
2869 5071 2979 5125 est,
3005 5068 3064 5114 ut
3087 5059 3320 5129 perdant
3343 5067 3449 5109 sa:-

1839 5144 2077 5226 eulareni
2103 5163 2410 5235 pecuniam,
2430 5174 2484 5221 et
2509 5159 2928 5217 sanctificatum
2956 5150 3257 5218 legerstotva
3279 5144 3354 5218 (id
3377 5147 3454 5196 εει

1842 5259 2130 5329 sepultura:
2151 5255 2374 5327 locum),
2394 5257 2447 5311 id
2470 5263 2556 5311 est
2581 5249 2877 5320 positionis
2899 5243 3097 5305 locum,
3125 5239 3174 5294 si
3197 5253 3301 5295 non
3323 5247 3454 5291 cono

2006 5359 2056 5382 nl
2069 5364 2131 5382 nn
2160 5359 2210 5382 nl
2242 5348 2526 5382 Anannr‘nnl
2539 5357 2623 5382 Ill‘-
