3898 6320
514 278 629 343 ιη

1231 278 1525 341 APPEND.
1563 282 1658 338 ΔΙ)
1697 281 1873 341 SEC.
1912 282 1983 338 Χ.
2014 312 2085 326 —
2110 279 2550 340 MONUMENTA
2587 279 3067 341 DIPLOMATICA.

3634 294 3717 371 tu

517 415 665 471 svum
692 398 996 471 pecuniam.
1029 396 1089 455 Si
1125 397 1249 470 quis
1284 398 1389 456 hoc
1426 397 1558 456 dare
1593 396 1849 467 noluerit,
1879 412 2102 455 excomo
2129 383 2182 443 Δ
2205 392 2286 451 De
2309 394 2639 468 sponsalibus
2672 395 3043 452 contrahendis
3078 405 3299 468 tempore
3330 399 3457 472 regis
3476 399 3715 467 Edmundi,

521 490 833 547 ntuuicatus
858 489 951 549 sit.

590 582 678 638 lli.
712 582 769 639 Si
792 582 916 654 quis
942 581 1222 640 sceleratis
1254 582 1505 641 manibus
1524 580 1770 638 eﬂ‘undat
1790 581 2106 654 sanguinem

519 674 911 744 Christianum,
936 691 1042 733 non
1069 684 1328 747 appareat
1349 676 1403 732 in
1433 686 1726 747 conspectu
1759 676 1902 747 regis
1929 676 2106 745 priuse

518 781 681 839 quam
707 770 1141 827 emendationem
1169 770 1338 838 ineat,
1378 770 1520 826 sicut
1547 769 1837 840 episcopus
1866 768 2100 835 docebit,

516 869 576 918 et
598 863 974 933 paenitentiam
1002 862 1265 921 consulet.

587 954 683 1013 IV.
711 954 814 1024 Qui
849 970 974 1013 cum
1012 970 1196 1011 nunna
1237 954 1324 1012 vel
1357 954 1757 1012 sanctimoniali
1803 952 2100 1011 fornicabi-

517 1055 642 1115 tur,
680 1047 1018 1106 sanctiﬁca’to
1051 1047 1195 1104 atrio
1239 1048 1313 1104 sit
1351 1048 1639 1120 indignus,
1687 1047 1791 1104 nisi
1828 1047 2100 1115 emendet,

515 1139 659 1195 sicut
683 1138 997 1207 homicida;
1036 1140 1116 1196 sic
1160 1140 1303 1211 idem
1330 1140 1567 1198 diximus
1594 1141 1661 1197 de
1695 1142 1849 1197 ewice
1875 1140 1936 1213 (ι.
1965 1155 2099 1196 cnv-

513 1227 713 1303 brice),
736 1229 790 1287 id
818 1239 902 1287 est
928 1230 997 1287 de
1026 1229 1292 1287 adulterio
1320 1230 1403 1287 vel
1430 1231 1663 1288 infracto
1688 1231 1954 1303 conjugio.

585 1323 654 1381 ν.
681 1322 932 1396 Amplius
964 1322 1078 1380 dixi
1118 1332 1181 1379 ut
1213 1325 1392 1381 omnis
1429 1325 1716 1396 episcopus
1762 1325 1975 1382 reﬁciat
2004 1325 2100 1381 Dei

511 1414 709 1474 domus
735 1417 789 1473 in
813 1433 913 1475 suo
932 1417 1176 1490 preprio,
1202 1426 1259 1475 et
1284 1434 1469 1490 regem
1497 1419 1804 1487 admoneat,
1832 1428 1890 1474 ut
1910 1434 2098 1477 omnes

507 1507 755 1565 ecclesia
784 1506 881 1566 Dei
922 1509 1031 1567 sint
1073 1509 1212 1567 bene
1239 1516 1459 1582 paratae,
1492 1509 1633 1566 sicut
1662 1525 1916 1582 magnum
1942 1510 2100 1566 nobis

505 1610 647 1674 opus
678 1608 783 1659 est.

585 1692 673 1750 VI.
705 1692 809 1761 Qui
838 1692 1036 1750 falsum
1064 1692 1346 1764 jurabunt,
1368 1703 1425 1750 et
1447 1694 1702 1751 liblacum
1728 1693 1952 1761 facient,
1990 1695 2101 1752 sint

2668 492 2771 565 (Ex
2812 493 2951 550 libro
2977 492 3323 566 Jornalensi.)

2280 582 2342 639 Si
2382 583 2504 655 quis
2528 583 2795 657 virginem
2824 585 2911 642 vel
2946 586 3164 642 viduam
3195 586 3383 645 ducere
3415 588 3548 659 velit,
3575 596 3716 656 ethoc

2209 676 2286 733 illi
2312 678 2524 748 placeat
2547 687 2604 734 et
2629 679 2824 735 amicis
2857 680 2990 744 suis,
3020 690 3147 736 tunc
3176 690 3377 738 rectum
3416 694 3493 740 est
3525 696 3579 742 ut
3602 687 3720 746 brid-

2206 769 2454 839 guinum,
2484 785 2583 842 per
2609 770 2705 826 Dei
2726 769 2996 839 justitiam
3030 787 3087 829 et
3114 774 3296 830 saeculi
3329 774 3415 846 jus
3438 789 3720 849 compotem,

2206 862 2262 921 in
2297 867 2488 936 primis
2524 868 2806 940 promittat
2849 880 2906 925 et
2948 869 3130 926 vadiet
3171 871 3251 928 eis
3289 873 3381 942 qui
3418 875 3720 951 paranymphi

2204 969 2355 1029 sunt,
2385 963 2530 1032 quod
2555 979 2622 1020 eo
2650 964 2811 1022 modo
2843 974 3053 1036 quaerat
3088 982 3232 1034 eam,
3257 977 3319 1024 ut
3355 971 3621 1031 secundum
3645 972 3719 1032 Dei

2202 1062 2414 1110 rectum
2434 1055 2710 1125 pertinere
2736 1056 2884 1127 velit,
2906 1057 3047 1113 sicut
3067 1074 3294 1130 sponsus
3314 1059 3466 1117 debet
3482 1060 3723 1133 legitimam

2202 1160 2481 1217 sponsam,
2503 1155 2558 1203 et
2580 1147 2818 1219 plegient
2837 1148 2941 1204 hoc
2961 1149 3120 1207 amici
3143 1150 3246 1207 sui.
3271 1150 3474 1209 Postea
3495 1155 3723 1212 sciendum

2202 1248 2288 1296 est
2304 1240 2390 1295 cui
2416 1238 2798 1297 fosterleanum
2817 1243 3107 1313 pertineat.
3130 1243 3325 1301 Vadiet
3341 1245 3440 1302 hoc
3457 1245 3720 1319 hridguina,

2201 1330 2257 1388 id
2285 1340 2370 1386 est
2393 1347 2645 1401 sponsus,
2673 1333 2801 1403 quid
2829 1334 2880 1389 ei
2910 1334 3040 1390 dare
3066 1336 3338 1407 disponat,
3366 1353 3459 1393 cur
3477 1338 3581 1407 ejus
3595 1339 3723 1410 eligat

2200 1422 2554 1489 voluntatem,
2567 1432 2623 1481 et
2643 1425 2773 1495 quid
2794 1425 2845 1480 ei
2865 1426 3116 1494 destinet,
3132 1427 3178 1482 si
3199 1429 3545 1500 supervixerit
3565 1430 3722 1500 ipsum.

2201 1513 2261 1571 Si
2288 1516 2366 1572 sic
2389 1532 2604 1587 quoque
2629 1519 2939 1587 conveniat,
2970 1529 3181 1577 rectum
3205 1531 3291 1579 est
3310 1533 3367 1578 ut
3387 1523 3637 1579 dimidiam
3660 1540 3727 1595 pe-

2200 1608 2417 1665 cuniam
2443 1610 2667 1678 habeat,
2695 1620 2752 1668 et
2774 1620 2941 1669 totam
2965 1614 3012 1670 si
3037 1615 3199 1672 simul
3219 1631 3441 1686 puerum
3467 1616 3724 1686 habuerint,

2202 1701 2317 1764 nisi
2340 1702 2596 1775 deinceps
2637 1704 2816 1761 virum
2859 1707 3059 1779 capiat.
3098 1706 3297 1765 Totum
3335 1709 3433 1765 hoc
3459 1709 3602 1765 vadio
3626 1725 3728 1765 con-

509 1782 571 1843 in
595 1792 862 1842 aeternum
898 1801 933 1840 a
974 1762 1078 1841 Dei
1118 1785 1395 1843 consortio
1422 1786 1741 1857 segregati.
1784 1786 1891 1841 niSi
1922 1785 1989 1841 ad
2019 1785 2101 1841 (Π-
2128 1762 2177 1824 Β
2205 1762 2471 1863 iirmetur,
2507 1762 2565 1853 εἰ
2590 1798 2749 1854 amici
2776 1800 2857 1855 sui
2881 1762 3731 1873 plegientJSiﬁ

505 1890 677 1951 pa.
696 1874 1128 1935 satisfactionem
1153 1891 1253 1946 per
1277 1876 1460 1932 omnia
1492 1884 1855 1931 revertantur.

902 1967 1064 2042 (Pars
1092 1984 1130 2024 ll
1173 1969 1275 2023 huc
1301 1968 1432 2023 nihil
1462 1967 1707 2039 confert.)

719 2058 954 2118 TiTULl
988 2058 1484 2134 CAPITULORUM
1512 2057 1764 2115 PARTIS
1790 2058 1877 2115 ill.

580 2151 625 2211 1.
650 2152 726 2210 De
749 2153 1051 2211 homicidio.

536 2286 539 2289 ι
574 2245 641 2304 ll.
667 2245 745 2303 De
767 2243 969 2301 assultu
990 2245 1044 2300 iu
1066 2244 1253 2301 itinere
1272 2261 1450 2301 versus
1478 2244 1751 2301 ecclesiam
1774 2245 1849 2301 vel
1873 2245 2095 2318 burgum

655 2353 711 2392 re
747 2354 812 2392 is.

506 2438 511 2487 ξ
574 2426 665 2487 lii.
691 2353 771 2486 ge
800 2430 1060 2487 lihtevvita
1092 2438 1147 2486 et
1177 2430 1453 2486 manbota.

500 2558 503 2565 π
572 2519 665 2580 ιγ.
692 2521 773 2579 Dc
802 2521 1138 2595 [audentibus
1165 2523 1470 2592 sanguinem
1496 2522 1807 2578 humanum.

1089 2611 1508 2669 PROOEMIUM.

572 2703 687 2780 Ego
715 2706 1030 2763 Edmundus
1059 2720 1157 2762 rex
1193 2708 1390 2762 mando
1415 2715 1472 2762 et
1506 2706 1763 2777 praecipio
1806 2705 1954 2761 omni
1993 2721 2088 2777 po-

496 2797 630 2872 pulo
651 2799 926 2857 seniorum
950 2814 1014 2856 ae
1034 2796 1333 2868 juniorum,
1357 2798 1449 2870 qui
1478 2799 1532 2853 in
1558 2798 1774 2869 regione
1800 2812 1919 2853 mea
1944 2806 2088 2865 sunt,

497 2905 569 2950 ea
601 2908 723 2965 quae
750 2893 1082 2965 investigans
1112 2892 1433 2964 investigavi
1464 2908 1587 2948 cum
1613 2892 1953 2964 sapientibus
1981 2891 2092 2948 cle-

394 2976 401 2983 “
498 2976 637 3047 ricis
664 2994 721 3044 et
746 2985 918 3045 laicis.

1103 3074 1470 3132 CAPITULA.

479 3231 491 3241 ρ
568 3192 611 3249 ι.
626 3192 686 3249 In
700 3190 892 3264 primis
910 3190 1181 3260 quomodo
1200 3204 1416 3260 possem
1431 3188 1894 3245 Christianitatem
1918 3186 2087 3260 magis

484 3283 748 3356 erigere,
794 3290 851 3339 et
901 3295 1155 3351 magnum
1203 3279 1360 3336 nobis
1400 3295 1621 3336 necesse
1661 3280 1835 3335 visum
1876 3288 1993 3343 est,
2026 3286 2087 3333 ut

501 3372 801 3432 amicitiam
831 3382 1065 3427 vestram
1097 3380 1152 3427 et
1177 3371 1608 3427 benevolentiam
1638 3382 1914 3427 teneamus
1945 3371 2089 3426 inter

480 3484 601 3527 vos
634 3469 691 3525 in
720 3476 832 3524 toto
863 3480 1029 3537 regno
1060 3480 1219 3531 meo;
1250 3474 1308 3520 et
1336 3464 1467 3520 mihi
1494 3464 1651 3520 valde
1692 3464 2008 3535 displicent,
2028 3471 2086 3519 et

498 3562 656 3620 vobis
690 3558 973 3623 omnibus,
1024 3557 1349 3628 multiplices
1392 3568 1446 3613 et
1490 3555 1703 3626 injustas
1748 3574 1939 3629 pugna:
1967 3573 2087 3628 qam

476 3655 642 3729 sititer
663 3656 906 3727 vosipsos
934 3655 1092 3720 ﬁunt,
1116 3654 1259 3710 unde
1287 3653 1521 3709 diximus
1547 3672 1560 3708 :
1595 3652 1651 3708 Si
1677 3653 1797 3723 quis
1825 3662 1947 3723 post
1974 3654 2087 3708 lucc

500 3748 777 3807 hominem
800 3749 1035 3814 occidat,
1074 3749 1188 3818 ipse
1216 3747 1317 3802 sibi
1359 3755 1538 3818 portet
1574 3746 1866 3801 inimicitiae
1897 3746 2086 3802 factio-

498 3857 664 3907 nem,
717 3841 825 3897 nisi
870 3840 1165 3895 amicornm
1218 3854 1436 3894 suorum
1488 3838 1687 3893 auxilio
1727 3839 1867 3893 intra
1922 3853 2086 3892 unum

499 3934 773 4008 persolvet
796 3948 917 3988 eum
940 3932 1159 4003 plenum
1183 3929 1511 4002 Weregildo,
1544 3932 1615 3985 sit
1645 3940 1800 3986 natus
1823 3930 1966 3986 sicut
1993 3932 2082 3985 sit.

484 4025 564 4086 Si
587 4042 710 4085 eum
737 4026 990 4098 cognatio
1028 4040 1123 4081 sua
1161 4023 1396 4088 deserat,
1433 4032 1487 4080 et
1524 4038 1622 4094 pro
1655 4040 1720 4078 eo
1754 4023 1961 4095 gildare
1990 4039 2086 4078 no-

495 4118 697 4186 luerit,
731 4127 856 4173 tunc
876 4116 998 4173 volo
1023 4125 1081 4172 ut
1103 4118 1281 4173 omnis
1312 4118 1484 4172 tribus
1513 4108 1595 4170 vel
1624 4116 1874 4186 cognatio
1902 4116 1991 4171 illa
2018 4115 2088 4171 sit

493 4219 651 4267 extra
693 4208 1010 4274 factionem,
1049 4218 1245 4278 praeter
1286 4206 1459 4263 solum
1511 4205 1949 4272 malefactorem;
1991 4205 2085 4261 sed

495 4300 754 4372 deinceps
784 4302 832 4356 ei
863 4314 965 4354 nec
994 4298 1194 4353 victum
1230 4298 1317 4352 det
1348 4312 1448 4352 nec
1477 4312 1685 4367 pacem.
1719 4295 1774 4351 Si
1800 4297 2083 4367 quisquam

494 4390 834 4463 cognationis
863 4404 976 4445 sum
999 4389 1176 4444 lirinet
1203 4403 1325 4443 eum
1350 4397 1556 4460 postea,
1589 4403 1713 4443 rcus
1740 4388 1811 4445 sit
1835 4388 2081 4444 omnium

498 4496 621 4553 quae
648 4480 868 4536 habebit
894 4495 1022 4552 erga
1053 4494 1257 4550 regem,
1284 4487 1339 4534 et
1364 4488 1543 4550 portet
1581 4478 1761 4534 t'udam
1795 4495 1921 4551 erga
1949 4496 2080 4536 con-

454 4573 816 4647 ,tribunales,
848 4573 975 4644 quia
1021 4572 1272 4644 primitus
1318 4572 1704 4643 reprobavcrat
1749 4588 1891 4628 eum.
1926 4574 1983 4629 Si
2014 4590 2081 4630 ex

495 4664 696 4723 mortui
723 4665 1043 4738 cognatione
1071 4665 1194 4735 quis
1233 4664 1525 4719 vindictam
1567 4674 1843 4737 perpetret
1885 4667 1937 4721 in
1985 4666 2084 4721 ali-

495 4774 656 4832 quem
685 4758 847 4815 alium
871 4768 1070 4830 praeter
1094 4757 1265 4828 ipsum
1288 4756 1714 4826 malefactorem,
1742 4760 1813 4815 sit
1833 4760 2082 4816 inimicus

456 4880 471 4893 ο
490 4850 658 4931 regis,
688 4857 743 4906 et
767 4850 959 4923 perdat
986 4858 1155 4905 totum
1180 4849 1441 4922 quidquid
1470 4849 1651 4905 habet.

564 4947 630 5007 ll.
660 4945 719 5004 Si
747 4945 871 5018 quis
904 4943 1192 5002 ecclesiam
1235 4945 1476 5017 requirat
1504 4944 1587 5001 vel
1616 4946 1844 5017 bnrgum
1875 4962 2074 5012 meum,

490 5048 548 5098 et
588 5040 658 5097 ibi
706 5037 1054 5104 assailiatur,
1100 5036 1183 5092 vel
1232 5036 1540 5109 aﬂligatur,
1585 5038 1678 5108 qui
1726 5039 1828 5093 hoc
1865 5037 2079 5105 fecerit,

452 5160 460 5213 ;
489 5135 732 5207 ejusdem
760 5132 1043 5206 culpabilis
1066 5131 1210 5203 quod
1232 5146 1393 5202 supra
1425 5131 1628 5187 dictum
1653 5140 1756 5189 est.

448 5286 453 5293 ,
567 5225 653 5285 ill.
680 5227 746 5285 Et
767 5225 891 5284 nolo
917 5233 976 5281 ut
1004 5223 1183 5295 aliqua
1220 5222 1497 5293 ﬁbtewita,
1530 5223 1613 5279 vel
1647 5224 1921 5292 manbola,
1951 5240 2079 5281 con-

447 5356 459 5395 χ
488 5319 737 5379 donetur.

443 5465 465 5481 ,,
560 5412 652 5470 1V.
682 5410 929 5483 Amplius
961 5408 1161 5477 indico,
1196 5410 1339 5482 quod
1384 5411 1474 5483 qni
1525 5411 1838 5481 sanguinem
1882 5411 2072 5466 fundat

490 5505 810 5569 humanum,
835 5501 959 5557 nolo
981 5518 1201 5559 socnam
1229 5502 1432 5559 habere
1454 5505 1505 5559 iu
1530 5502 1732 5559 farnilia
1759 5521 1898 5572 mea,
1925 5514 2099 5560 ante-.

445 5644 453 5651 .
488 5607 653 5666 quam
677 5592 915 5649 divinam
943 5578 1378 5650 emendationem
1412 5594 1670 5665 suscepit,
1709 5603 1762 5649 et
1805 5596 1868 5651 ad
1913 5610 2074 5651 omne

488 5696 699 5745 rectum
725 5687 1033 5758 inclinetur,
1072 5688 1216 5747 sicut
1245 5688 1531 5763 episcopus
1560 5688 1772 5747 docebit
1818 5691 1868 5746 in
1921 5689 2073 5762 cujus

484 5794 645 5859 σενι-θ
671 5778 853 5840 fuerit.

2114 3150 2161 3215 C

2204 1890 2450 1957 cordeut,
2484 1890 2643 1946 adeat
2668 1893 2920 1963 cognatio
2953 1901 3009 1949 et
3044 1893 3379 1967 despondeat
3421 1908 3534 1951 eam
3561 1905 3607 1949 to
3633 1904 3733 1965 ηις

2202 1989 2258 2038 et
2286 1980 2621 2053 toryglulyte,
2660 1983 2712 2040 id
2742 1992 2823 2040 est
2854 1985 2908 2041 in
2937 2000 3164 2042 uxorem
3192 1994 3249 2042 et
3275 1996 3477 2042 rectam
3500 1987 3672 2053 vitam,
3691 1994 3734 2042 et

2201 2072 2438 2142 excipiat
2467 2073 2592 2129 inde
2624 2073 2859 2145 plegium
2885 2077 2983 2146 qui
2997 2077 3088 2149 jus
3123 2077 3290 2135 habet
3320 2079 3373 2134 in
3400 2078 3563 2136 vadio.
3586 2076 3673 2135 Sed
3695 2077 3732 2134 si

2201 2163 2270 2219 de
2298 2163 2415 2235 ipsa
2451 2174 2595 2221 terra
2626 2167 2753 2223 velit
2778 2167 2950 2241 ipsam
2986 2171 3184 2229 ducere
3218 2171 3277 2227 in
3322 2179 3514 2228 terram
3552 2171 3731 2227 alterius

2200 2256 2394 2311 thani:
2435 2259 2720 2315 consilium
2750 2273 2852 2328 est,
2885 2270 2945 2318 ut
2970 2264 3131 2320 amici
3176 2265 3415 2322 habeant
3452 2265 3728 2335 pactionem,

2198 2364 2270 2404 ne
2293 2350 2414 2419 quis
2441 2351 2490 2406 ei
2518 2350 2679 2409 faciat
2727 2353 3001 2424 iniuriam.
3039 2357 3180 2415 Etsi
3212 2356 3308 2413 illa
3345 2356 3655 2423 forishciat,
3684 2363 3731 2410 ut

2197 2443 2403 2513 possint
2431 2459 2550 2502 esse
2575 2448 2989 2519 propinquiores
3015 2451 3416 2518 emendationi,
3459 2452 3502 2508 si
3537 2467 3628 2508 non
3659 2449 3731 2506 ba-

2192 2535 2324 2592 beat
2352 2538 2494 2595 unde
2537 2549 2844 2612 componat.
2895 2542 3030 2599 Huic
3075 2544 3280 2603 dationi
3322 2543 3477 2602 debet
3517 2544 3732 2599 interesse

2194 2628 2501 2699 presbyter,
2538 2631 2630 2700 qui
2675 2647 2799 2689 cum
2841 2633 2938 2689 Dei
2966 2632 3348 2692 benedictione
3393 2634 3545 2692 debet
3579 2647 3730 2691 conm

2196 2720 2529 2775 consortium
2557 2720 2814 2792 adjuvare
2838 2724 2895 2780 in
2924 2740 3138 2782 omnem
3179 2727 3538 2784 sanctitatem.
3564 2725 3730 2784 Bonna

2193 2819 2279 2865 est
2299 2811 2598 2880 praevidere
2625 2830 2693 2869 ne
2722 2829 2789 2871 ex
2820 2815 3008 2887 aliqua
3025 2819 3494 2891 consanguinitate
3517 2817 3610 2876 sibi
3632 2831 3730 2889 per-

2194 2900 2438 2970 tineant,
2467 2919 2537 2960 ne
2557 2905 2703 2976 juste
2731 2909 3071 2978 postmodum
3107 2921 3432 2983 separentur
3474 2912 3563 2984 qui
3592 2908 3730 2969 scele-

2192 2993 2326 3050 ratis
2354 2996 2557 3066 nnptiis
2587 3011 2999 3058 consenserunt.

2350 3106 2574 3166 LEGES
2613 3111 3172 3175 ECCLESIASTICAE
3205 3118 3297 3177 DE
3323 3119 3600 3179 NUPTIIS.

2505 3201 2685 3273 (Text.
2726 3206 2864 3263 Rotl'.
2896 3225 2966 3266 ex
3004 3228 3140 3268 nova
3170 3215 3468 3288 versione.)

2297 3290 2571 3359 Quomodo
2600 3297 2742 3369 virgo
2766 3300 3141 3379 desponsunda
3162 3346 3177 3370 ,
3209 3314 3261 3361 et
3292 3308 3502 3379 quinam
3535 3307 3649 3361 ritus

2760 3372 2832 3427 ibi
2859 3388 2969 3430 esse
2995 3375 3201 3431 debent.

2264 3455 2321 3510 ι.
2349 3455 2405 3512 Si
2431 3460 2555 3529 quis
2582 3460 2878 3532 virginem,
2911 3465 2995 3521 vel
3037 3483 3262 3524 uxorem
3294 3469 3348 3525 in
3377 3466 3729 3525 matrimonium

2191 3547 2391 3605 ducere
2421 3551 2569 3618 velit,
2603 3562 2657 3609 et
2691 3554 2794 3612 hoc
2826 3556 2902 3611 illi
2932 3573 2997 3614 ac
3038 3561 3233 3617 amicis
3272 3562 3516 3634 placeat,
3541 3557 3733 3630 tuncju-

2190 3653 2333 3698 stum
2361 3654 2443 3699 est
2467 3653 2524 3701 ut
2551 3662 2782 3718 sponsus
2802 3646 2960 3719 juxta
2999 3649 3089 3721 jus
3117 3652 3211 3709 Dei
3238 3662 3295 3710 et
3322 3655 3557 3711 instituta
3584 3648 3729 3709 mundi

2189 3733 2339 3805 prius
2362 3739 2690 3807 promissum
2725 3751 2782 3796 et
2811 3742 2968 3797 [idem
3000 3744 3090 3798 det
3127 3745 3268 3809 viro,
3299 3747 3392 3821 qui
3426 3760 3600 3803 eorum
3626 3756 3731 3814 pro-

2140 3848 2144 3852 -
2192 3823 2406 3881 locutor
2433 3833 2881 3905 (paranymphus)
2913 3844 3016 3899 est,
3050 3837 3192 3906 quod
3220 3837 3311 3893 ille
3341 3840 3442 3895 hoc
3470 3837 3613 3893 modo
3637 3847 3730 3889 eam

2190 3916 2393 3986 cupiat,
2426 3918 2660 3988 utjuxta
2684 3922 2773 3993 jus
2804 3923 2899 3979 Dei
2928 3917 3304 3984 eam'servare
3335 3929 3490 3996 velit,
3525 3929 3648 3984 sicut
3668 3923 3732 3978 vir

2189 4005 2449 4066 feminam
2508 4029 2661 4077 suam
2722 4017 2923 4073 debet:
2980 4028 3033 4076 et
3093 4021 3196 4078 hoc
3263 4024 3558 4094 spondeant
3602 4017 3730 4077 amici

2189 4100 2351 4159 illius.

2261 4194 2323 4249 ll.
2343 4194 2534 4253 Postea
2563 4201 2841 4257 sciendum
2864 4213 2963 4267 est,
3002 4206 3071 4261 ad
3092 4221 3251 4277 quem
3273 4207 3593 4264 cibariorum
3610 4200 3731 4259 exhi-

2188 4282 2324 4340 bitio
2352 4289 2621 4358 pertinet;
2654 4292 2755 4347 hoc
2784 4296 3047 4363 spondeat
3070 4296 3264 4352 deinde
3294 4312 3538 4370 sponsus,
3558 4305 3605 4351 ct
3624 4292 3727 4347 iide-

2183 4375 2410 4447 jubeant
2441 4381 2598 4437 amici
2627 4382 2763 4451 ejus.

2257 4471 2342 4526 ill.
2372 4473 2720 4532 Postmodum
2745 4479 3009 4548 signiticet
3033 4498 3263 4555 sponsus
3312 4487 3442 4558 quid
3466 4487 3514 4543 ei
3545 4485 3730 4540 daturus

2189 4564 2260 4619 sit
2312 4580 2411 4635 pro
2442 4582 2508 4622 eo
2545 4570 2687 4639 quod
2728 4570 2815 4626 illa
2845 4573 3175 4631 voluntatem
3222 4577 3393 4649 ipsius
3436 4576 3659 4649 elegerit,
3687 4576 3731 4626 et

2187 4659 2314 4729 quid
2342 4661 2392 4715 ei
2422 4662 2718 4720 donaturus
2740 4665 2828 4733 sit,
2858 4668 2903 4722 si
2935 4667 3023 4723 illa
3048 4671 3412 4741 supervixerit
3434 4685 3571 4727 eum.

2259 4751 2346 4808 IV.
2381 4752 2436 4809 Si
2476 4755 2578 4811 hoc
2618 4757 2692 4812 ita
2736 4772 2894 4830 pacto
2928 4770 3254 4819 conventum
3281 4774 3386 4832 est,
3418 4775 3540 4821 tune
3556 4762 3726 4833 justum

2185 4852 2288 4910 est,
2312 4853 2370 4899 ut
2397 4860 2459 4902 ea
2489 4847 2764 4905 dimidiam
2794 4850 3062 4909 bonorum
3089 4864 3299 4926 partem
3326 4857 3540 4922 habeat,
3566 4862 3615 4910 et
3635 4866 3727 4908 om-

2184 4936 2273 4992 nia
2302 4938 2345 4992 si
2389 4940 2593 5010 prolem
2623 4941 2851 4999 invicem
2891 4946 3150 5016 babeant,
3179 4948 3283 5005 nisi
3312 4949 3402 5005 illa
3428 4948 3609 5006 deinde
3634 4958 3728 5001 ma-

2180 5027 2348 5083 ritum
2374 5027 2581 5105 (alium)
2614 5033 2796 5105 eligat.

2258 5122 2320 5178 V.
2347 5123 2815 5186 Conﬁrmetomne
2838 5131 3095 5204 quidquid
3115 5135 3437 5206 promiserat
3451 5130 3722 5207 sponsione.

2179 5224 2235 5272 et
2268 5217 2427 5273 amici
2455 5218 2797 5289 lidejubeant.
3532 5234 3537 5237 ’

2252 5309 2338 5366 Vl.
2366 5310 2423 5366 Si
2448 5312 2523 5367 illi
2552 5322 2679 5370 tunc
2701 5314 2752 5370 in
2774 5316 2921 5372 omni
2946 5332 3006 5373 re
3030 5319 3385 5387 concordant,
3406 5328 3530 5374 tunc
3555 5315 3722 5372 adeant

2178 5406 2415 5479 cognati,
2454 5416 2510 5464 et
2535 5409 2836 5480 Spondeant
2870 5411 3320 5484 consanguineam
3355 5426 3505 5468 suam
3534 5408 3582 5464 in
3610 5418 3721 5462 uxo-

2178 5514 2292 5555 rem
2319 5540 2334 5565 ,
2365 5509 2421 5556 et
2446 5500 2512 5555 ad
2540 5510 2745 5555 rectam
2783 5501 2948 5557 vitam
2977 5502 3045 5567 ei,
3079 5505 3170 5574 qui
3209 5504 3353 5559 illaut
3385 5502 3653 5559 desiderat,
3678 5500 3721 5547 ιιι

2178 5595 2445 5666 accipiant
2483 5594 2854 5666 ﬁdejussorem
2887 5595 3055 5669 (eum)
3086 5596 3178 5669 qui
3210 5597 3265 5652 in
3293 5594 3622 5668 sponsionem
3646 5586 3719 5659 jus

2176 5691 2359 5747 habet.

2250 5786 2359 5844 \‘Il.
2396 5784 2453 5843 Si
2481 5800 2601 5843 eam
2631 5799 2697 5843 ex
2737 5793 2880 5842 terra
2926 5782 3015 5842 illa
3054 5784 3252 5842 ducere
3292 5779 3422 5840 velit
3451 5780 3504 5837 in
3528 5771 3725 5860 alterius.
