3860 5382
505 383 613 445 487

1211 387 1484 448 APPEND
1520 389 1614 447 AD
1643 390 1814 449 SEC.
1853 393 1922 450 Χ.
1950 391 2036 435 ’-
2072 391 2508 451 MONUMENTA
2549 391 3032 464 DlPLOMATlCA,
3654 391 3741 456 488

507 499 567 555 ni
605 515 727 556 cum
759 501 875 559 suis
917 500 1268 562 ferocissimis
1300 509 1516 579 regibus
1543 526 1712 581 usque
1743 511 2085 584 Norvegiam,
2117 491 2167 550 Α
2195 511 2372 581 signo,
2401 512 2472 566 ita
2501 511 2685 580 utjam
2715 512 2944 581 amplius
2969 527 3073 565 non
3122 509 3193 567 sit
3242 508 3324 565 fas
3351 523 3526 580 neque
3546 507 3630 580 jus
3654 511 3743 567 cle-

510 591 802 648 maximam
853 604 1065 664 partem
1105 595 1396 666 Hiberniae,
1449 616 1570 654 cum
1617 617 1710 657 sua
1751 603 2086 659 nobilissima

511 679 732 737 civitate
773 683 1023 752 Dublina,
1068 686 1362 758 Anglorum
1415 704 1578 761 regno
1607 691 1925 764 subjugare;
1953 708 2088 762 quos

509 773 671 830 etiam
693 790 880 831 omnes
907 777 1040 832 meis
1060 777 1302 849 imperiis
1321 780 1456 837 colla
1481 783 1731 851 subdere,
1760 784 1854 840 Dei
1874 783 2090 840 favente

500 866 708 942 gratia,
738 867 907 939 coegi.

581 958 918 1030 QuaprOpter
963 970 1018 1017 et
1067 977 1166 1035 ego
1221 964 1425 1023 Christi
1457 968 1681 1040 gloriam
1707 977 1763 1027 et
1794 970 2006 1028 laudem
2033 972 2088 1030 in

509 1062 675 1119 regno
709 1065 828 1107 meo
857 1052 1118 1122 exaltare,
1153 1063 1206 1112 et
1251 1057 1368 1127 ejus
1420 1062 1696 1116 servitium
1733 1065 2087 1134 ampliﬁcare,

508 1139 732 1196 devotus
766 1142 1022 1214 disposui,
1052 1155 1104 1202 et
1133 1161 1230 1217 per
1251 1163 1398 1204 meos
1427 1149 1610 1207 ﬁdeles
1651 1151 1908 1220 fautores,
1938 1154 2089 1210 Dun-

506 1239 722 1285 stanum
764 1233 1014 1291 videlicet
1062 1239 1560 1313 archiepiscOpum,
1608 1252 1661 1300 et
1693 1245 2087 1304 Athelwoldum

506 1333 572 1374 ac
595 1317 901 1377 Osvvaldum
923 1326 1203 1396 episcopos
1220 1327 1377 1399 (quos
1407 1331 1536 1386 mihi
1563 1332 1752 1390 Patres
1781 1336 2088 1405 spirituales

506 1420 562 1468 et
602 1415 976 1474 consiliatores
1003 1419 1161 1492 elegi)
1208 1439 1398 1494 magna
1446 1439 1514 1481 ex
1560 1439 1736 1497 parte,
1789 1432 2087 1488 secundum

506 1507 650 1575 quod
670 1507 932 1578 disposui,
964 1511 1188 1582 perfeci,
1213 1523 1317 1572 etc.

581 1596 638 1653 Si
667 1601 882 1670 quidem
911 1607 1244 1674 temporibus
1279 1619 1684 1670 antecessorum
1729 1632 1974 1673 meorum
2003 1633 2089 1674 re-

513 1705 637 1762 gum
693 1693 1029 1765 Anglorum,
1079 1704 1448 1772 monasteria,
1516 1715 1623 1762 tam
1693 1709 2089 1764 monachorum

511 1799 673 1874 quam
712 1785 1004 1858 virginum,
1035 1791 1330 1866 destructa,
1361 1800 1574 1868 penitus
1625 1802 1827 1874 rejecta
1879 1806 1933 1859 in
1977 1814 2087 1861 tota

507 1873 700 1964 Anglia
723 1888 900 1948 erant,
928 1889 1047 1952 quae
1071 1899 1172 1957 ego
1203 1887 1270 1942 ad
1324 1887 1419 1944 Dei
1476 1890 1687 1947 laudem
1715 1897 1822 1964 ’pro
1853 1898 2090 1953 remedio

512 1963 707 2022 animae
747 1983 879 2024 mete
923 1987 1205 2042 reparare,
1255 1987 1310 2032 et
1349 1995 1624 2036 servorum
1668 1963 1739 2038 et,
1772 1986 2088 2043 ancillarum

514 2053 945 2151 Deinumerum
991 2066 1348 2137 multiplicare
1393 2073 1598 2128 devovi.
1624 2075 1693 2130 Et
1739 2077 1869 2147 ipsis
1895 2095 2088 2151 supra-

515 2146 672 2240 tlictis
735 2158 871 2210 meis
929 2161 1368 2228 cooperatoribus
1413 2173 1632 2222 strenue
1682 2146 2088 2240 annitentibus,

503 2236 619 2309 jam
648 2244 1002 2316 quadraginta
1036 2259 1090 2304 et
1148 2262 1351 2324 septem
1399 2260 1727 2315 monasteria
1755 2278 1876 2316 cum
1901 2236 2091 2319 mena;

511 2332 632 2411 chis
673 2343 730 2390 et
767 2338 1265 2400 sanctimonialibus
1315 2349 1570 2405 constitui
1610 2369 1623 2406 :
1665 2362 1722 2408 et
1761 2353 1806 2409 si
1846 2355 2092 2414 Christus

505 2424 676 2482 vitam
724 2428 856 2485 mihi
908 2432 1088 2490 landiu
1130 2442 1481 2507 concesserit,
1517 2459 1688 2515 usque
1718 2448 1784 2502 ad
1827 2450 2091 2521 quinqua-

512 2523 776 2619 gesimum
822 2530 1158 2589 remissionis
1213 2551 1496 2594 numerum
1543 2540 1637 2612 (id
1687 2552 1761 2598 est
1809 2541 2087 2619 jubilaei),

506 2628 641 2707 mea:
697 2617 903 2677 devotae
942 2621 1038 2679 Dei
1076 2627 1461 2686 muniﬁcentiae
1497 2631 1820 2691 oblationem
1867 2617 2087 2707 proten-

507 2704 636 2764 dere
665 2709 900 2770 decrevi.

547 2800 735 2906 oUnde
759 2823 902 2865 nunc
926 2808 979 2867 in
1016 2817 1271 2884 praesenti
1322 2823 1734 2892 monasterium,
1776 2827 1920 2896 quod
1950 2843 2088 2899 prae-

507 2892 1047 2992 dictus-reverendus
1071 2909 1356 2982 episcOpus
1391 2914 1694 2980 Oswaldus,
1724 2918 1775 2972 in
1793 2892 1928 2975 sede
1950 2892 2089 2992 ’θρῖ-

512 2988 714 3082 scopuli
739 2989 1225 3065 Wiogreceastere,
1257 3002 1309 3057 in
1342 3004 1546 3062 honore
1575 3017 1776 3064 sanctae
1811 3010 1904 3066 Dei
1934 2988 2088 3082 gelli-

516 3080 669 3138 tricis
713 3082 894 3143 Marize
943 3091 1315 3163 ampliﬁcavit,
1343 3107 1397 3154 et
1432 3098 1724 3158 eliminatis
1767 3080 2087 3161 clericorum

2190 601 2318 658 ricis
2346 604 2671 659 reclamandi
2698 605 2992 674 quidquam
3023 603 3181 669 inde;
3227 601 3424 672 quippe
3460 600 3558 672 qui
3596 602 3747 672 magis

2189 694 2489 766 elegerunt,
2536 711 2658 752 cum
2699 696 2784 752 sui
2813 695 3019 751 ordinis
3050 694 3291 765 periculo
3335 701 3391 748 et
3419 691 3747 750 ecclesiastici

2188 785 2438 842 beneﬁcii
2465 787 2769 858 dispendio,
2823 787 2938 844 suis
2981 787 3238 842 uxoribus
3280 785 3559 841 adhaerere
3609 799 3748 854 quam

2190 879 2302 935 Deo
2339 889 2488 936 caste
2530 888 2586 936 et
2631 880 2893 937 canonice
2917 880 3143 935 servire.
3177 878 3243 933 Et
3272 877 3392 934 ideo
3433 885 3623 934 cuncta
3649 891 3750 947 quas

2190 972 2266 1028 illi
2286 972 2354 1029 de
2373 973 2601 1029 ecclesia
2644 974 3020 1044 possederunt.
3054 988 3176 1028 cum
3229 971 3342 1042 ipsa
3373 969 3628 1034 ecclesia,
3653 968 3750 1026 sive

2190 1071 2582 1137 ecclesiastica,
2605 1071 2720 1126 sive
2749 1069 3057 1134 saecularia,
3093 1078 3202 1123 tam
3231 1066 3454 1122 mobilia
3479 1079 3637 1135 quam
3661 1063 3748 1117 im-

2192 1161 2431 1226 mobilia,
2469 1163 2603 1232 ipsis
2652 1162 2747 1217 Dei
2809 1162 2982 1216 servis
3007 1159 3288 1216 monachis
3315 1159 3385 1213 ab
3417 1157 3523 1212 hac
3550 1156 3630 1212 die
3653 1170 3752 1224 per-

2188 1253 2478 1324 petualiter
2494 1253 2653 1325 regiae
2668 1251 3075 1320 munilicentizej
3083 1268 3178 1308 ure
3191 1251 3445 1322 deinceps
3457 1248 3754 1321 possidenda

2192 1346 2348 1401 trado
2379 1355 2436 1401 et
2458 1347 2738 1418 consigno,
2781 1347 2854 1402 ita
2897 1346 3146 1410 ﬁrmiter,
3195 1353 3256 1400 ut
3286 1343 3416 1399 nulli
3446 1327 3750 1413 principum,

2190 1451 2291 1493 nec
2315 1439 2479 1492 etiam
2501 1436 2594 1492 ulli
2616 1439 2870 1508 episcopo
2894 1435 3226 1500 succedenti,
3257 1435 3337 1490 las
3357 1434 3429 1488 sit
3452 1440 3547 1487 aut
3572 1431 3753 1486 licitum

2190 1531 2482 1600 quidquam
2537 1528 2663 1584 inde
2703 1530 3043 1595 subtrahere,
3075 1537 3167 1583 aut
3218 1527 3539 1597 pervadere,
3568 1532 3656 1578 aut
3696 1524 3751 1578 ab

2191 1635 2378 1677 eorum
2427 1620 3047 1692 potestatesubripere,
3106 1629 3160 1677 et
3212 1620 3264 1674 in
3318 1618 3644 1674 clericorum
3683 1614 3756 1684 jus

2191 1713 2387 1769 iterum
2422 1714 2726 1781 traducere,
2781 1714 3019 1784 quandiu
3064 1714 3197 1769 ﬁdes
3246 1711 3564 1768 Christiana
3593 1710 3644 1765 in
3665 1709 3756 1765 An-

2193 1807 2296 1878 glia
2320 1807 2650 1877 perduravit,
2672 1816 2778 1863 etc.
3097 1873 3100 1880 ι

2266 1897 2428 1953 Facta
2459 1907 2587 1954 sunt
2611 1899 2724 1954 haec
2745 1913 2887 1953 anno
2911 1899 3202 1954 Dominicae
3230 1897 3623 1954 incarnationis
3644 1896 3754 1964 964,

2195 1987 2490 2045 indictione
2520 2006 2640 2054 vm,
2676 1991 2824 2054 regni
2872 2006 3002 2045 vero
3047 1990 3243 2060 Edgari
3295 1989 3592 2062 Anglorum
3637 1987 3757 2058 regis

2195 2091 2370 2146 sexto,
2397 2082 2448 2136 in
2479 2083 2624 2154 regia
2654 2081 2788 2136 urbe
2812 2097 2932 2151 quae
2959 2083 3026 2137 ab
3059 2081 3267 2136 incolis.
3312 2119 3325 2134 .
3371 2121 3384 2135 .
3428 2120 3444 2135 .
3491 2121 3506 2135 .
3540 2080 3759 2135 nomina-

2197 2183 2312 2240 tur;
2337 2174 2388 2228 in
2419 2173 2581 2227 natali
2610 2173 2841 2240 Domini,
2868 2173 3159 2229 festivitate
3183 2181 3500 2228 sanctorqu
3521 2171 3758 2226 Innocen-

2195 2265 2350 2332 tium,
2379 2263 2513 2322 feria
2543 2275 2760 2336 quarta.

2751 2375 3212 2417 SUBSCRIPTIONES.

2264 2452 2376 2523 Ego
2401 2452 2631 2524 Eadgar,
2680 2452 2917 2508 basileus
2961 2451 3253 2523 Anglorum
3281 2457 3335 2506 et
3359 2450 3658 2520 imperator
3682 2463 3758 2504 re-

2192 2563 2316 2621 gum
2346 2549 2608 2621 gentium,
2633 2563 2754 2602 eum
2799 2562 3068 2602 consensu
3099 2555 3154 2602 et
3191 2545 3499 2616 principum
3524 2554 3580 2600 et
3602 2543 3758 2598 archi-

2190 2643 2570 2714 episcoporum
2629 2656 2900 2708 meorum,
2951 2642 3096 2696 hanc
3145 2623 3758 2709 muniﬁcentiamlsigno

2189 2735 2370 2792 crucis
2394 2735 2707 2791 corroboro.

2262 2827 2376 2900 Ego
2404 2826 2649 2893 Ellrith,
2669 2827 2852 2898 regina
2877 2824 3149 2894 consensi,
3181 2833 3238 2882 et
3265 2824 3420 2898 signo
3442 2822 3624 2883 crucis
3648 2837 3759 2880 con-

2190 2919 2423 2975 ﬁrmavi.

2261 3013 2373 3084 Ego
2417 3012 2684 3080 Dunstau,
2740 3013 3183 3085 archiepiscopus
3228 3009 3660 3068 Dorobernensis
3678 3001 3769 3064 Ecl

2191 3102 2370 3159 clesiaa
2390 3103 2613 3170 Christi,
2641 3107 2887 3161 consensi
2924 3115 2979 3160 et
3004 3105 3316 3174 subscripsi.

514 3172 712 3229 naeniis
733 3184 790 3231 et
826 3181 1039 3249 spurcis
1077 3183 1331 3252 lasciviis,
1366 3191 1630 3261 religiosis
1657 3193 1749 3249 Dei
1782 3197 1953 3252 servis
1974 3214 2090 3253 mo-

514 3266 703 3291 nnn‘-:-
733 3285 846 3291 μ.--
887 3288 932 3291 __
991 3290 996 3291 ,
1209 3289 1214 3291 _
1261 3282 1283 3291 .-
1575 3284 1593 3291 -
1628 3286 1640 3291 -
1762 3287 1777 3291 -
1828 3289 1835 3291 .
1983 3289 2012 3291 ,Α

2265 3193 2377 3264 Ego
2404 3194 2626 3260 Oscitel,
2657 3196 3098 3269 archiepiscopus
3116 3172 3481 3253 Eboracensis
3504 3192 3759 3258 Ecclesiae,

514 3266 705 3362 nachis
733 3285 852 3326 meo
877 3288 1143 3333 consensu
1168 3289 1222 3335 et
1254 3282 1437 3337 favore
1463 3284 1730 3342 confultus
1761 3287 1880 3362 [al.,
1905 3289 2091 3346 sull‘ulo

513 3356 624 3451 tus]
657 3359 854 3419 locavit
879 3382 892 3420 :
924 3382 1024 3439 ego
1049 3369 1177 3440 ipsis
1210 3377 1522 3434 monasticae
1543 3356 1817 3451 religionis
1843 3384 1974 3440 viris
2004 3401 2086 3442 re-

512 3449 617 3553 gali
646 3455 968 3556 auctoritate
991 3462 1273 3534 conﬁrmo,
1300 3477 1354 3524 et
1377 3471 1600 3529 consilio
1635 3449 1688 3528 et
1710 3477 2092 3548 astipulatione

513 3553 818 3615 prmeipum
843 3559 897 3606 et
920 3553 1237 3622 optimatum
1267 3574 1510 3618 meorum
1555 3567 1849 3625 corroboro
1877 3578 1932 3625 et
1959 3586 2092 3626 con-

2195 3285 2442 3343 consensi
2467 3296 2522 3342 et
2549 3288 2863 3360 subscripsi.

2269 3381 2379 3453 Ego
2409 3380 2611 3447 Aferic,
2646 3381 2776 3437 dux.

2270 3472 2382 3543 Ego
2415 3474 2713 3540 Brutbnod,
2743 3473 2872 3530 dux.

2270 3563 2382 3636 Ego
2408 3563 2682 3636 Adrigari,
2709 3565 2834 3620 dux.

511 3721 3750 3774 MM

1304 3917 1880 4038 CHARTA
1965 3923 2380 4040 REGIS
2461 3925 2990 4044 EDGARI

1401 4180 1538 4224 NOV'O
1575 4184 1860 4226 WlNTOleE
1898 4185 2242 4231 MONASTERIO
2279 4189 2418 4239 QUOD
2458 4192 2638 4234 HYDAI!
2679 4193 2886 4236 VOCAN'I'

1899 4335 2220 4402 Concessa
2237 4383 2253 4414 ,

527 4477 597 4537 In
623 4496 728 4551 qua
757 4483 1059 4555 angelorum
1115 4488 1272 4561 refert
1303 4492 1615 4550 creationem
1647 4505 1801 4569 atque
1838 4497 2064 4572 lapsum,
2093 4501 2353 4558 hominem
2379 4502 2494 4572 ﬁeri
2536 4504 2606 4558 ad
2646 4503 3020 4576 capessendum
3045 4518 3163 4558 cum
3211 4497 3356 4572 prole
3389 4514 3488 4554 sua
3533 4507 3745 4552 vacuant

587 4578 706 4650 jam
747 4580 978 4652 ipsorum
1028 4584 1286 4640 ordinem.
1321 4585 1551 4657 Invidet,
1579 4593 1768 4661 inquit,
1801 4595 1897 4651 hoc
1938 4597 2200 4664 diabolus,
2236 4598 2525 4671 fraudeque
2560 4601 2965 4656 circumventum
2994 4600 3077 4656 sui
3099 4615 3218 4654 cum
3243 4595 3389 4668 prole
3415 4593 3585 4650 reddit
3608 4589 3753 4647 simi-

587 4675 722 4742 lem;
750 4680 844 4735 hos
883 4681 1122 4737 misertus
1171 4683 1410 4740 Christus
1464 4688 1698 4754 redemit,
1753 4700 1802 4746 et
1842 4692 1936 4748 hos
1984 4693 2140 4748 inter-
2165 4695 2336 4765 ipsum
2381 4712 2550 4766 regem
2579 4695 2881 4766 Edgarum,
2909 4695 2998 4766 qui
3031 4703 3180 4749 tanta
3224 4702 3406 4762 raptus
3439 4687 3760 4759 benignitate,

590 4782 754 4829 totum
793 4794 846 4833 se
883 4781 1103 4850 effundit
1138 4787 1193 4841 in
1221 4788 1592 4858 gratitudinem
1616 4802 1662 4846 et
1694 4793 1830 4848 bona
1868 4812 2047 4865 opera.
2077 4794 2284 4851 Christo
2313 4797 2478 4868 igitur
2497 4807 2544 4852 et
2574 4797 2796 4868 familia:
2825 4813 2937 4851 sua:
2959 4798 3185 4868 plurima
3211 4793 3388 4850 condit
3424 4787 3755 4850 monasteria,

589 4883 850 4941 unumque
882 4873 980 4930 hoc
1009 4875 1328 4947 Wintoniae;
1353 4880 1503 4952 cujus
1534 4884 1799 4941 cwnobitis
1824 4885 1942 4942 vita:
1971 4886 2179 4958 regulas
2205 4896 2252 4942 et
2287 4887 2576 4945 honestatis
2597 4888 2840 4960 imponit,
2869 4895 2977 4942 tam
3007 4884 3389 4944 ecclesiasticas
3412 4897 3573 4956 quam
3597 4893 3761 4936 sace-

591 4960 747 5021 lares.

1907 5139 2116 5222 (Anno
2150 5141 2317 5224 966.)
