3898 6320
1074 150 1099 172 ο

190 398 282 465 is!)

875 369 1753 463 ANCLO-SAXONUM-RECUM
1805 393 2025 453 [suas
2061 387 2638 450 eccmsusrtcaa.
2696 356 2701 363 ’

3326 348 3427 443 49o

180 520 269 591 qui
289 528 557 574 comtcrno
578 500 827 574 videlicet
848 516 1047 581 Verbo,
1075 517 1321 588 quaedam
1352 530 1417 571 ex
1444 514 1613 569 nihilo
1641 511 1749 567 edi-
1778 507 1824 564 Α
1856 521 1977 561 cum
2031 505 2257 559 Domino
2291 516 2524 572 regnans
2552 500 2918 591 conscendere
2957 501 3265 556 macrobius
3296 516 3424 555 con-

176 611 291 674 dit,
308 610 554 679 quautam
588 624 654 665 ex
696 609 912 665 infami
942 609 1158 665 subtilis
1197 604 1390 664 artifex
1432 606 1746 677 propagavit

172 701 420 755 materia.
461 700 716 773 Angelica
746 701 942 771 quippe
971 708 1238 762 creatura,
1272 709 1332 753 ut
1363 697 1609 754 informis
1637 710 1748 750 ma-

172 790 326 855 teria,
375 790 539 846 nullis
586 790 747 846 rebus
778 790 1170 855 existentibus,
1212 786 1471 844 divinitus
1511 788 1742 842 formata

170 874 443 939 luculento
480 882 812 953 resplenduit
839 882 1011 937 vultu.
1040 881 1546 953 Male,prohdolor‘1
1579 876 1748 935 libero

171 980 326 1027 utens
356 973 619 1039 arbitrio,
653 973 956 1029 contumaci
1006 982 1267 1042 arrogans
1302 971 1470 1036 fastu,
1501 969 1746 1026 Creatori

172 1063 545 1119 universitatis
573 1062 822 1118 famulari
854 1060 1169 1134 dediguaus,
1203 1061 1551 1133 semetipsum
1580 1058 1749 1116 Crea-

167 1153 272 1210 tori
303 1142 884 1224 aquiparansﬁeterni
912 1151 1155 1209 barathri
1188 1150 1454 1209 incendiis
1479 1136 1601 1208 cum
1637 1151 1749 1207 suis

174 1245 523 1316 complicibus
559 1246 858 1312 demersus,
880 1245 996 1317 jugi
1023 1247 1218 1302 merito
1259 1246 1540 1301 cruciatur
1579 1245 1746 1300 mise-

175 1336 272 1391 ria.
324 1336 440 1397 Hoc
486 1336 669 1408 itaque
720 1330 958 1394 themate
1001 1335 1166 1393 totius
1212 1335 1433 1393 sceleris
1464 1345 1746 1408 peccatum

168 1438 424 1483 exorsum
449 1436 553 1483 est.
998 1447 1003 1453 ·
1508 1438 1514 1443 ‘
1596 1423 1631 1443 ”
1732 1416 1737 1425 ’

238 1519 304 1574 Il.
337 1520 519 1586 Quare
546 1521 805 1576 hominem
832 1522 1143 1587 condidit,et
1174 1522 1301 1594 quid
1327 1524 1375 1578 ei
1397 1522 1672 1577 commisit.
1726 1514 1735 1529 ³

240 1608 513 1665 Evacuata
544 1610 832 1681 animaque
868 1612 880 1683 |
893 1610 1046 1682 forte,
1074 1622 1314 1683 namque
1359 1608 1561 1683 litum]
1596 1611 1748 1681 polo-

177 1710 291 1754 rum
347 1701 496 1763 sede,
553 1709 610 1756 et
665 1701 941 1757 eliminata
996 1702 1185 1758 tumidi
1246 1702 1417 1759 fastus
1465 1701 1745 1773 spurcitia,

164 1802 421 1843 summus
464 1791 630 1847 totius
664 1791 924 1848 bonitatis
973 1791 1193 1848 Arbiter
1220 1792 1435 1849 lucidas
1482 1788 1744 1848 caelorum

1848 594 2065 651 fidebat.
2112 593 2328 648 invidus
2365 593 2527 665 igitur
2555 591 2660 646 hoc
2690 589 3131 646 animadvertcns
3154 591 3418 655 Zabulus,
3483 619 3493 630 -

1848 686 2013 741 nimia
2061 685 2339 756 perculsus
2401 681 2638 746 invidia,
2689 681 2875 737 rimari
2916 682 3108 737 callide
3169 691 3432 738 versutus

1848 786 2111 848 "coeperat,
2153 775 2242 848 qui
2286 775 2518 839 insidiis,
2566 790 2635 829 ne
2672 774 2738 828 ad
2788 782 2991 829 tantam
3025 774 3268 830 numinis
3294 790 3425 847 οοηέ

1848 867 2133 923 scenderet
2184 865 2428 937 gloriam,
2484 863 2742 920 subdolus
2776 863 3080 934 deciperet;
3127 878 3229 934 pro
3280 864 3425 918 nihi-

1848 958 1902 1012 lo
1955 956 2095 1013 forte
2148 957 2350 1011 ducens
2405 969 2681 1022 concessa,
2734 954 2921 1010 illicita
2965 955 3189 1010 nimium
3226 955 3431 1011 allube-

1847 1049 2048 1106 scendo
2095 1047 2343 1112 laudans,
2393 1046 2675 1102 mulierem
2709 1046 2997 1101 admodum
3028 1043 3270 1117 fragilem
3311 1046 3429 1117 pel-

1848 1140 2004 1196 lexit.
2044 1138 2174 1207 Quae
2205 1138 2288 1194 sui
2336 1138 2647 1194 detrimenti
2693 1138 2915 1193 minime
2940 1131 3216 1204 contenta,
3247 1138 3425 1193 virum

1846 1220 2186 1289 muliebriter
2231 1228 2433 1283 victum
2478 1226 2690 1282 blandis
2734 1227 3077 1282 suasionibus
3114 1227 3419 1292 delinitum,

1842 1319 2007 1387 exili,
2046 1318 2295 1376 heumalo
2321 1326 2533 1391 gustato
2559 1319 2661 1374 sibi
2694 1317 2924 1374 similem
2968 1316 3196 1386 faciens,
3226 1318 3409 1389 perdi—

1846 1412 1947 1468 dit.

1844 1511 1913 1598 ἢ.
1945 1541 2216 1608 Quomodo
2246 1543 2299 1597 in
2327 1543 2425 1597 hac
2462 1542 2674 1599 miseria
2722 1542 2962 1611 omnibus
2998 1542 3190 1611 privati
3220 1543 3428 1597 virtuti-

1920 1611 2014 1683 bus
2041 1612 2708 1683 dejiciuntur,_taudemque
2752 1610 3119 1683 cataclysmate
3150 1611 3240 1667 de.
3272 1652 3285 1665 .
3316 1651 3331 1666 .
3366 1652 3381 1666 .
3414 1651 3430 1667 .

1844 1706 1849 1715 ·
1912 1681 2054 1754 {lege
2074 1681 2320 1754 dempti.,
2346 1681 2504 1736 lianc
2520 1681 2595 1754 .].'

1794 1834 1824 1865 .__
1846 1782 1885 1801 “’
1920 1774 2154 1861 Utrique
2190 1791 2404 1847 tandem
2437 1790 2676 1863 praefatis
2702 1791 2894 1863 privati
2935 1793 3229 1857 odouariis,
3262 1808 3426 1865 para-

164 1879 338 1936 ‘sctles
399 1896 508 1936 non
556 1883 672 1938 sine
716 1884 928 1940 cultore
969 1900 1170 1956 passus
1224 1894 1461 1957 torpere,
1502 1885 1754 1941 formatis
1787 1853 1960 1938 "disi
1992 1881 2253 1937 eliminati
2281 1882 2460 1949 metis,
2490 1882 2542 1937 in
2582 1884 2866 1953 prtesenlis
2893 1884 3018 1941 vitae
3041 1900 3282 1941 aerumna
3325 1884 3430 1940 mi-

166 1988 242 2028 ex
308 1972 529 2029 informi
596 1976 820 2030 materia
893 1976 1230 2032 diversarum
1290 1980 1500 2033 rerum‘
1544 1978 1755 2048 specie-

174 2062 307 2127 bus,
367 2064 646 2120 hominem
705 2066 922 2122 tandem
972 2079 1040 2121 ex
1094 2067 1226 2121 limo
1277 2066 1578 2134 conditum,
1630 2067 1754 2122 vita:

170 2155 444 2226 spiraeulo
487 2156 556 2212 ad
593 2157 684 2212 sui
733 2156 991 2213 formavit
1041 2154 1473 2223 similitudinem,
1510 2155 1595 2211 cui
1636 2157 1753 2212 nni-

178 2259 331 2301 versa
393 2248 556 2303 totius
603 2248 773 2304 cosmi
820 2246 1107 2319 superficie
1156 2246 1376 2302 condita
1427 2247 1749 2319 subjiciens,

184 2337 412 2407 seipsum
451 2354 685 2409 suosque
729 2349 979 2411 posteros
1038 2339 1141 2395 sibi
1182 2337 1433 2409 subjecit,
1487 2347 1752 2409 quatenus

185 2424 295 2492 ejus
323 2439 641 2484 exsecutum
668 2418 975 2501 'pOSteritas
1000 2430 1317 2501 angelorum
1349 2428 1624 2500 suppleret
1652 2446 1753 2483 IIII-

184 2512 419 2584 mcrum,
451 2518 714 2575 calorum
751 2521 971 2578 sedibus
1003 2520 1251 2591 superbia
1276 2528 1527 2591 turgente
1570 2518 1758 2575 detru-

182 2619 319 2661 sum.

186 2740 268 2795 nl-
315 2743 551 2812 Qualitcr
572 2750 625 2803 in
651 2749 898 2819 paradiso
931 2751 1042 2805 sine
1069 2749 1286 2804 crimine
1311 2757 1641 2802 conversatus
1659 2744 1750 2805 sit;

253 2875 353 2942 Qui
401 2856 748 2948 paradisiacaa
795 2881 1084 2954 voluptatis
1131 2881 1449 2953 ammnitate
1505 2880 1748 2944 locatus,

182 2966 383 3024 nullius
430 2971 507 3026 rei
551 2972 860 3043 patiebatur
908 2970 1247 3044 dispendium
1274 3014 1290 3039 ,
1337 2972 1433 3027 sed
1487 2972 1535 3027 ei
1585 2971 1751 3028 totius

195 3060 367 3115 mundi
425 3060 492 3117 ad
553 3068 739 3120 ratum
798 3067 1177 3137 suppeditabat
1243 3065 1492 3121 facultas.
1563 3063 1751 3119 Totius

1853 1972 2066 2029 serrimi
2122 1971 2478 2041 dejiciuutur,
2530 1983 2937 2031 contemnentes
2977 1976 3343 2040 conditorem,
3399 1990 3431 2030 a

1853 2064 2064 2121 cunctis
2084 2064 2444 2135 insequuntur
2456 2065 2673 2122 creatis.
2692 2065 2811 2121 Vita
2829 2066 3011 2132 desiit,
3030 2083 3173 2123 mors
3188 2066 3425 2121 inolevit.

1854 2152 2125 2210 Virtutum
2145 2164 2361 2210 caterva
2393 2155 2703 2221 recedente,
2734 2156 2984 2211 vitiorum
3005 2156 3261 2212 cumulus
3300 2171 3425 2211 suc-

1852 2245 2039 2300 cessit.
2072 2244 2408 2302 Succedente
2444 2255 2701 2317 nepotum
2732 2246 3006 2318 prosapia,
3036 2248 3300 2304 successit
3332 2263 3429 2304 cu-

1851 2335 2052 2390 mulata
2087 2336 2372 2391 criminum
2411 2336 2646 2408 collegio
2673 2336 2961 2408 (collectio)
2993 2353 3006 2389 :
3040 2337 3277 2393 universi
3302 2354 3425 2393 cum

1851 2428 1963 2484 suis
2016 2428 2311 2485 sceleribus
2340 2429 2727 2501 cataelysmate
2762 2429 2983 2500 dempti,
3022 2429 3268 2493 tandem,
3303 2437 3427 2485 octo

1850 2518 2131 2588 utriusque
2156 2532 2316 2573 sexus
2344 2519 2657 2582 reservatis,
2684 2519 3007 2574 tabescendo
3029 2518 3302 2575 deficiunt.
3327 2520 3420 2574 Vi-

1852 2607 1945 2662 tiis
1972 2608 2190 2677 copiose
2215 2609 2581 2678 surgentibus,
2597 2607 2856 2663 Conditor
2877 2623 2934 2663 se
2952 2608 3225 2663 hominem
3245 2607 3434 2664 fecisse

1846 2697 2100 2753 indoluit.
2128 2697 2412 2753 Postremo
2440 2699 2753 2753 misericors
2780 2697 3119 2765 mortalibus,
3144 2706 3201 2753 ut
3224 2697 3432 2769 pollici-

1851 2800 1941 2847 tus
1967 2799 2067 2857 est,
2100 2790 2385 2847 succurrit.

1854 2904 1941 2960 Vl.
1966 2905 2235 2972 Quomodo
2260 2905 2497 2981 Christus
2513 2917 2665 2963 natus
2688 2918 2784 2981 sua
2810 2925 2901 2981 nos
2923 2908 3161 2981 passione
3188 2908 3426 2974 redemit,

2259 2989 2304 3031 et
2327 2978 2480 3033 cretus
2507 2980 2850 3033 conscendere
2872 2978 3013 3048 fecit.

1924 3067 2089 3123 Stella
2119 3069 2340 3123 emicuit
2379 3068 2665 3134 matutina,
2716 3085 2836 3140 qua:
2885 3084 2983 3124 suo
3017 3069 3170 3125 radio
3232 3069 3419 3124 mundi

190 3159 415 3220 namque
466 3152 726 3210 bonitatis
785 3156 1033 3212 ubertate
1090 3155 1288 3211 fruenti
1351 3155 1498 3210 nulla
1540 3155 1590 3210 ei
1663 3170 1751 3210 res
1786 3218 1823 3231 η
1851 3161 2110 3215 tenebras
2154 3158 2385 3231 fugaret.
2422 3160 2619 3216 Fausta
2680 3161 3011 3231 resplenduit
3045 3160 3235 3227 Maria,
3277 3161 3429 3229 cujus

188 3235 365 3294 instita
411 3245 713 3301 resistebat.
765 3247 963 3302 Amore
1004 3246 1308 3302 Altithrouo
1353 3247 1544 3303 devote
1594 3245 1751 3301 obse-
1779 3218 1825 3281 C
1852 3261 2016 3308 utero
2072 3218 2319 3323 virginali
2374 3250 2623 3309 Christus
2665 3218 3011 3309 inefl‘ahiliter
3062 3253 3259 3316 editus,
3299 3218 3429 3322 pec-

192 3330 367 3411 quenti
388 3345 850 3393 creatura-cuncta
892 3337 1255 3394 famulabatur
1288 3336 1551 3406 subjecta.
1577 3337 1749 3392 Frue-

190 3418 348 3508 batur
400 3425 733 3485 laetabundus
775 3429 1049 3487 Creatoris
1103 3431 1382 3503 tripudio,
1432 3439 1488 3487 et
1538 3431 1756 3503 angelo-

194 3522 309 3565 rum
348 3514 599 3573 alacriter
651 3520 903 3575 utebatur
935 3521 1243 3576 consortio.
1304 3519 1418 3574 Non
1471 3533 1595 3574 eum
1630 3533 1756 3573 cor-

198 3602 386 3667 poralis
448 3606 768 3665 debilitabat
818 3609 1180 3675 imbecillitas,
1243 3623 1344 3665 nec
1407 3609 1573 3664 animi
1623 3608 1758 3663 δίων

202 3691 347 3759 gebat
368 3699 632 3756 anxietas.
676 3700 792 3756 Non
838 3703 1001 3775 typho
1036 3703 1166 3759 levis
1205 3704 1519 3774 raptabatur
1564 3718 1757 3773 supera

200 3783 309 3850 Βίων
340 3790 430 3845 sed
483 3806 586 3848 suo
628 3808 688 3849 se
726 3794 1058 3867 conjungens
1105 3795 1338 3863 auctori,
1381 3794 1596 3850 humilis
1647 3792 1759 3864 pol-

199 3872 331 3933 lebat
376 3883 627 3939 mirifice.
691 3883 806 3940 Non
844 3901 974 3942 enm
1038 3886 1213 3941 inanis
1237 3885 1499 3941 tumidum
1527 3885 1759 3940 vexabat

202 3966 374 4036 gloria,
426 3974 521 4028 sed
573 3975 825 4031 devotum
878 3976 1155 4032 Creatoris
1201 3976 1580 4047 magnificabat
1638 3990 1746 4029 me-

204 4063 379 4117 moria.
419 4064 537 4121 Non
576 4067 777 4135 invidia
798 4083 927 4124 eum
967 4068 1143 4124 alieno
1182 4068 1466 4137 torquebat
1493 4065 1754 4138 profectu,

200 4152 286 4204 sed
329 4142 805 4227 charitas‘jugiter
852 4156 1137 4213 laetabatur
1184 4156 1454 4226 amplexu.
1504 4154 1616 4212 Non
1678 4157 1760 4211 ira

202 4245 531 4303 cruciabatur
586 4248 848 4315 infestus,
906 4249 999 4306 sed
1045 4249 1328 4305 cbaritatis
1366 4246 1756 4317 tranquillitate

204 4328 492 4393 leviabatnr
542 4340 989 4409 patientissimus.
1033 4341 1147 4397 Non
1199 4354 1323 4395 cum
1367 4340 1586 4394 tristitia
1625 4353 1758 4393 mm~

206 4438 314 4485 rore
373 4431 690 4501 dejiciebat,
754 4436 848 4491 sed
911 4435 1092 4507 gaudii
1155 4435 1412 4506 spiritalis
1477 4449 1574 4504 spe
1647 4433 1761 4502 pol-

1852 3352 2098 3398 catorum
2128 3344 2380 3399 tenebras
2410 3344 2675 3399 mediator
2698 3342 3153 3399 clementissimus
3180 3342 3432 3411 dempsit.

1856 3430 2045 3503 Viguit
2080 3433 2328 3488 Christus
2356 3432 2645 3488 virtutibus
2668 3432 2883 3501 plenus.
2930 3430 3211 3487 lncanduit
3247 3428 3432 3485 Iudaea

1851 3522 2062 3593 ingenti
2111 3530 2337 3580 rancore
2395 3524 2614 3593 repleta.
2658 3521 2901 3578 Carnem
2972 3521 3270 3592 suscipiens
3337 3537 3436 3593 pro

1861 3615 2016 3669 nobis
2035 3615 2141 3685 pati
2170 3615 2368 3680 voluit;
2390 3616 2532 3685 quod
2546 3615 2660 3685 ejus
2676 3614 2939 3685 permissu
2970 3614 3153 3668 infelix
3178 3614 3435 3669 audacter

1854 3704 2407 3775 contplevit‘Judtea.
2462 3705 2634 3777 Ligno
2689 3705 2889 3775 quippe
2944 3704 3250 3774 perditum,
3302 3704 3435 3773 ligni

1860 3799 2128 3856 scandens
2155 3799 2429 3871 gahulum,
2460 3815 2627 3871 genus
2671 3798 2900 3856 redemit
2945 3797 3262 3852 humanum.
3293 3796 3432 3852 Uni-

1862 3907 2050 3948 versas
2103 3909 2336 3963 namque
2398 3892 2671 3947 hominum
2713 3891 2922 3955 daemon
2974 3889 3219 3944 nationes
3262 3887 3436 3942 luditi-

1854 3983 2039 4039 ‘cando
2085 3983 2373 4049 insultans,
2419 3983 2543 4053 jure
2591 3990 2649 4038 ut
2694 3980 2929 4036 mandati
2978 3988 3436 4051 transgressorem

1856 4073 2164 4144 possidens,
2192 4084 2366 4129 morte
2402 4072 2666 4128 multabat
2701 4080 2977 4142 perpetua.
2998 4069 3228 4141 Sanguis
3256 4084 3384 4124 vero
3407 4086 3435 4122 a

1862 4164 2093 4220 mortuis
2119 4169 2350 4219 ultorem
2383 4163 2625 4233 trophaeo
2647 4161 2823 4217 crucis
2854 4159 3056 4216 divisit.
3096 4159 3338 4214 Praedam
3372 4146 3437 4212 de

1861 4253 2052 4324 perfidi
2077 4253 2246 4308 leonis
2260 4267 2355 4307 ore
2377 4251 2517 4318 tulit,
2536 4265 2826 4321 secumque
2841 4264 3006 4320 super
3020 4249 3219 4303 aethera
3237 4246 3440 4301 vehens

1861 4342 2115 4412 superius
2150 4341 2463 4411 angelorum
2491 4340 2721 4396 coetibus
2742 4338 3095 4403 consociavit,
3140 4348 3197 4392 ut
3224 4352 3440 4402 cum_eo

1852 4431 2135 4486 communi
2183 4430 2535 4486 contubernio
2568 4430 2829 4493 fruentes,
2870 4428 3112 4481 bonitate
3141 4425 3437 4496 perspicui,

208 4516 335 4579 lente
391 4527 638 4583 florebat.
689 4527 804 4583 Non
853 4530 1084 4584 avaritia
1136 4527 1363 4583 nimium
1433 4526 1763 4582 incitabatur
1795 4525 2130 4625 Dvirtutum
2188 4521 2433 4576 omnium
2479 4521 2728 4603 ubertate
2782 4517 2990 4582 referti,
3022 4520 3281 4585 "expertes
3313 4530 3439 4583 pec-

207 4616 434 4685 cupidus,
492 4621 589 4675 sed
641 4620 966 4691 dapsilitatis
1025 4620 1203 4675 studio
1257 4618 1609 4674 exercebatur
1655 4617 1765 4671 lar-

208 4706 464 4773 gissimus.
523 4710 636 4767 Non
689 4713 874 4769 illicito
922 4714 1184 4768 massicus
1231 4712 1603 4768 delectabatur
1626 4710 1764 4766 edu-

214 4793 297 4863 lio,
339 4805 438 4864 sed,
468 4804 734 4873 parcitate
762 4805 1068 4859 contentus
1119 4803 1269 4857 licito
1317 4800 1572 4856 utebatur
1617 4799 1765 4854 ciba-

214 4889 303 4944 rio.
350 4893 460 4948 Non
512 4894 722 4949 luxuria
766 4907 891 4949 eum
920 4893 1230 4948 stimulabat
1256 4890 1482 4953 nefaria,
1514 4891 1606 4946 sed
1632 4904 1766 4945 cou-

218 4981 417 5039 tinentia
460 4994 770 5056 competens
798 4985 1197 5056 constringehat
1229 4984 1295 5038 ad
1343 4982 1593 5054 przemia;
1646 4996 1766 5038 om-

184 5096 187 5099 -
220 5070 345 5126 nium
379 5076 686 5144 polycrates
723 5075 1006 5139 virtutum,
1034 5074 1248 5128 cunctis
1284 5087 1477 5127 carens
1502 5071 1765 5136 adversis,

222 5164 445 5222 omnibus
514 5165 710 5221 florens
775 5165 1082 5237 prosperis,
1150 5164 1251 5219 rite
1316 5163 1552 5235 pollebat
1614 5163 1770 5233 iuge-

225 5266 358 5312 “illis.

222 5359 293 5417 ll'.
308 5364 571 5431 Quamodo
588 5366 769 5421 cretam
785 5368 896 5422 sine
916 5376 1081 5423 morte
1103 5366 1443 5423 conscendere
1454 5363 1767 5435 conﬁdebat,

184 5452 197 5457 ‘
343 5449 385 5490 et
409 5438 650 5491 diabolus
672 5439 879 5492 invidus
894 5454 957 5492 ne
980 5440 1273 5491 ascenderet
1292 5437 1622 5506 impediebat.

280 5528 375 5595 Qui
418 5531 572 5598 prole
620 5530 688 5583 ad
743 5544 1023 5584 numerum
1070 5537 1306 5599 patrata,
1346 5527 1770 5596 superhientium

230 5620 513 5689 angelorum
559 5611 809 5675 universa
853 5621 1148 5675 comitante
1183 5619 1463 5690 prosapia,
1509 5618 1613 5672 fine
1663 5617 1773 5671 loto

226 5709 383 5781 Morte,
413 5713 531 5768 sine
557 5711 932 5784 loco.,ll.tuo.]
963 5720 1180 5783 gustato
1210 5712 1339 5782 ligni
1378 5710 1527 5766 vetiti
1569 5709 1771 5774 fructu,

218 5804 472 5860 aethereos
525 5811 740 5856 mternm
787 5802 1133 5857 beatitudinis
1184 5811 1464 5872 suggestus
1510 5800 1772 5855 triniatlm

457 5897 729 5957 Ρλτιιοι.
767 5894 1173 5957 CXXXVIII.

1875 4616 2012 4676 cati,
2073 4613 2221 4669 omni
2290 4611 2611 4682 contagione
2668 4608 2897 4681 privati,
2969 4606 3084 4660 sine
3154 4604 3261 4659 fine
3327 4612 3454 4674 post

1850 4707 2016 4762 idiem
2076 4698 2265 4772 judicii
2341 4702 2662 4758 restauratis
2726 4698 3045 4769 corporibus
3109 4697 3446 4753 exsultantes

1874 4802 2184 4867 regnarent.
2243 4792 2394 4848 lianc
2446 4790 2773 4861 praecipuam
2821 4789 2941 4844 sine
2994 4786 3159 4843 dubio
3218 4785 3445 4857 gloriam

1873 4885 2239 4949 credentibus,
2264 4883 2356 4953 qui
2384 4881 2670 4938 Trinitatis
2715 4894 2966 4949 verteth
3017 4878 3238 4934 unitatis
3284 4876 3449 4931 fidem

1871 4977 2049 5032 bonis-
2083 4962 2398 5030 insudantes
2455 4971 2717 5042 operibus
2738 4975 2749 5038 ζ
2775 4976 3083 5028 sectantur,
3133 4965 3437 5036 pollicitus,

1879 5082 1986 5124 non
2061 5063 2411 5122 credentibus
2485 5058 2805 5130 supplicium
2877 5057 3111 5111 minatus
3179 5063 3443 5130 aeternum

1878 5158 2152 5229 perpetuis
2202 5153 2444 5210 barathri
2507 5151 2802 5215 incendiis,
2859 5148 3160 5217 justissima
3216 5156 3446 5214 spopon-

1872 5248 1973 5302 dit.

2148 5335 2253 5389 νη.
2285 5335 2364 5389 De
2392 5332 2634 5389 benevolo
2666 5334 2800 5403 regis
2831 5327 3184 5385 meditamine.

1858 5474 1863 5481 ,
1945 5430 2083 5485 Hinc
2130 5443 2230 5500 ego
2279 5428 2542 5497 Edgarus,
2592 5425 2773 5481 divina
2818 5422 3033 5476 favente
3078 5418 3255 5489 gratia
3280 5416 3445 5487 totius

1874 5522 2117 5578 Albionis
2157 5518 2414 5583 basileus,
2448 5517 2635 5572 rimari
2664 5526 2988 5584 magnopere
3018 5524 3289 5579 cmpcram
3315 5508 3443 5577 quid

1874 5629 2097 5686 operum
2139 5612 2320 5668 studio
2357 5624 2668 5665 exercerem
2692 5647 2707 5671 ,
2758 5615 2819 5659 ut
2858 5605 2925 5658 ad
2973 5612 3189 5665 tantam
3219 5602 3442 5671 gloriam

1877 5704 2220 5777 perveniens,
2275 5700 2477 5757 Christi
2527 5705 2945 5763 sanctorumque
2993 5692 3110 5763 ejus
3153 5693 3291 5747 curio
3337 5691 3440 5745 cols

1880 5796 2179 5852 locatorum
2242 5788 2603 5846 contubernio
2666 5793 2959 5841 coronatus
3032 5783 3270 5848 fruerer,
3335 5788 3454 5834 tau-

3047 5878 3121 5936 16
