3860 5382
500 303 597 360 £91

1207 304 1496 364 APPEND.
1541 309 1630 364 AD
1669 309 1843 367 SxEC.
1885 311 1956 366 X.
1996 342 2064 352 —

2213 312 2548 373 NUMENTA
2585 316 3063 377 DlPLOMATlCA.
3112 382 3117 387 ,
3619 329 3699 388 ιω

500 423 725 489 tamque
798 414 994 471 inferni
1064 416 1341 472 miseriam
1409 419 1717 476 dit-itarem.
1789 421 2084 495 lustiganle
2113 415 2157 473 Α
2192 425 2256 479 Χ.
2291 426 2369 483 De
2407 427 2623 485 illorum
2653 432 2986 487 anathemate
3014 433 3391 504 quicntonscltis
3413 434 3697 496 insidiantur.

505 507 707 562 etenim
752 507 961 562 Domini
1003 509 1307 574 clementia,
1359 513 1598 568 occurrit
1647 515 1828 569 animo
1868 523 1927 569 ut
1966 517 2081 586 ipse

508 598 832 655 criminibus
875 615 1145 656 cessarem
1204 604 1438 670 cunctis,
1486 612 1650 674 atque
1708 606 1868 663 bonis
1906 609 2084 680 operi-

501 688 608 743 bus
653 688 926 755 insistens,
969 690 1144 746 forma
1196 691 1386 758 factus
1420 696 1591 767 gregi,
1640 712 1923 768 quousque
1983 716 2085 757 no-

504 781 607 864 stri
651 782 926 853 regimiuis
972 785 1361 856 gubernamine
1389 770 1646 858 degentes
1689 790 2084 847 lucrifacerem.

507 872 777 942 Quosdam
835 877 998 947 igitur
1043 879 1386 934 suasionibus
1445 880 1681 936 inritans
1723 881 1789 935 ad
1838 883 2085 953 praemia,

506 970 777 1035 quosdam
826 970 1126 1026 terroribus
1172 972 1504 1043 compellens
1545 974 1610 1027 ad
1642 973 1893 1045 gloriam,
1946 977 2087 1033 bona

505 1060 816 1128 ardilleans,
866 1063 1033 1129 mala,
1082 1073 1140 1118 ut
1194 1065 1423 1120 Domino
1465 1064 1696 1122 faciente
1750 1069 1930 1138 potui,
1979 1069 2089 1125 dis.

507 1155 699 1223 sipavi.
762 1155 1033 1226 Scriptum
1103 1158 1307 1228 quippe
1359 1175 1456 1230 per
1516 1157 1810 1216 .Ieremiam
1866 1164 2088 1219 memini

514 1247 837 1316 prophetam
872 1264 884 1300 :
924 1248 1057 1303 Ecce
1092 1251 1340 1303 constitui
1379 1260 1428 1305 te
1452 1266 1609 1319 super
1634 1261 1813 1321 gentes
1862 1263 1910 1307 et
1938 1270 2095 1324 super

509 1352 687 1408 regna,
720 1353 774 1392 ut
820 1340 1029 1406 evellas,
1087 1350 1134 1395 et
1175 1342 1438 1409 destruas,
1484 1352 1532 1397 et
1577 1343 1871 1413 disperdas,
1913 1355 1961 1400 et
1987 1346 2094 1401 dis-

509 1430 676 1500 sipes,
722 1440 771 1485 et
814 1431 1078 1501 mli/lices,
1124 1443 1173 1487 et
1218 1433 1422 1504 plantas
1478 1434 1695 1506 (larem.
1748 1436 1810 1505 ι).
1875 1436 2095 1496 Talibus

440 1568 443 1571 .
509 1520 677 1593 igitur
723 1521 1043 1578 exhortatus
1091 1522 1418 1588 doctoribus,
1450 1526 1647 1596 quibus
1690 1541 1789 1583 nos
1837 1528 2096 1585 Dominus

501 1620 613 1681 oper
640 1609 955 1682 prophetam
999 1611 1297 1668 clementer
1341 1612 1642 1683 admonuit,
1674 1631 1842 1687 agens
1879 1617 2096 1674 Christo

493 1701 730 1759 ifavente
796 1704 848 1759 in
921 1704 1082 1760 terris
1124 1705 1268 1775 quod
1332 1708 1448 1777 ipse
1506 1707 1653 1777 justo
1704 1709 1814 1781 egit
1866 1709 1922 1765 in
1977 1723 2093 1766 em.-

511 1789 601 1859 lis,
655 1796 928 1851 extricans
972 1796 1221 1853 videlicet
1277 1795 1495 1854 Domini
1546 1799 1758 1856 cultura
1805 1800 2096 1857 criminum
2132 1776 2173 1837 Β

496 1885 823 1955 spurcitiae,
856 1885 1114 1943 virtutum
1161 1888 1365 1944 semina
1413 1886 1635 1947 sedulus
1684 1890 1921 1963 agricola
1949 1891 2095 1947 inse-

504 1994 622 2033 τιιι.

505 2089 648 2157 ,νιιι
674 2091 791 2160 Qua
824 2095 1027 2150 ratione
1056 2094 1273 2152 clericos
1299 2096 1595 2180 eliminatis,
1621 2100 1906 2155 monachos
1937 2099 2100 2155 collo-

1226 2178 1385 2223 cavit.

585 2250 808 2313 Timens
858 2273 925 2313 ne
977 2266 1235 2315 aeternam
1303 2261 1638 2317 iucurrerem
1687 2261 2002 2328 miseriam,
2053 2264 2097 2319 si

500 2344 713 2419 adepta
766 2358 1035 2421 potestate
1074 2369 1179 2408 non
1226 2351 1459 2408 facerem
1490 2354 1635 2423 quod
1675 2354 1813 2424 ipse,
1858 2355 1949 2424 qui
1974 2369 2133 2425 ope»

521 2451 680 2497 ratur
714 2445 906 2499 omnia
968 2462 1090 2517 quae
1132 2445 1185 2501 in
1230 2445 1371 2502 cmlo
1407 2447 1523 2501 vult
1570 2456 1625 2501 et
1669 2448 1721 2501 in
1767 2458 1940 2513 terra,
1988 2449 2101 2504 suis

523 2539 788 2609 exemplis
839 2541 1018 2609 justus
1074 2534 1414 2595 examinator
1460 2540 1731 2604 innotuit,
1781 2540 2099 2597 vitiosorum

521 2644 724 2684 cuneos
777 2630 1166 2686 cauonicorum
1220 2645 1251 2687 e
1302 2631 1535 2686 diversis
1586 2631 1760 2686 nostri
1820 2631 2103 2703 regiminis

521 2720 787 2776 coenobiis
838 2721 1039 2777 Christi
1097 2721 1332 2776 vicarius
1386 2720 1696 2787 eliminavi;
1747 2719 1891 2791 quod
1939 2718 2102 2774 nullis

517 2813 654 2867 mihi
706 2814 1184 2869 intercessionibus
1230 2814 1483 2883 prodesse
1532 2823 1805 2884 poterant,
1856 2809 1950 2865 sed
2006 2825 2104 2879 po-

521 2905 653 2970 tius,
678 2913 736 2958 ut
762 2905 953 2960 beatus
978 2903 1058 2959 ait
1080 2901 1395 2975 Gregorius,
1420 2902 1552 2975 justi
1579 2904 1869 2958 vindictam
1898 2898 2105 2957 Iudicis

518 3007 922 3067 provocarent,
976 2998 1069 3069 qui
1118 2997 1339 3054 vieariis
1386 2997 1640 3052 vitiorum
1699 2995 1868 3050 nutris
1913 3002 2099 3049 conta-

520 3091 750 3158 minati,
791 3106 899 3146 non
940 3098 1162 3161 agentes
1208 3104 1330 3160 quae
1382 3089 1525 3144 Deus
1569 3086 1810 3157 iubendo
1849 3085 2103 3148 volebat,

452 3220 455 3223 λ
522 3183 706 3238 omnia
773 3198 893 3253 qua:
952 3181 1172 3238 nolebat
1239 3179 1468 3235 rebelles
1547 3176 1855 3242 iaciebant;
1916 3174 2109 3230 avidus

438 3290 447 3301 ‘
511 3274 815 3344 inquisitor
868 3273 1158 3329 advertens
1196 3279 1381 3343 gratos
1434 3270 1663 3324 Domino
1718 3266 2105 3322 monachorum

523 3379 764 3429 cuneos,
815 3363 907 3435 qui
980 3378 1078 3432 pro
1148 3360 1303 3419 nobis
1370 3359 1753 3415 incunctanter
1808 3355 2109 3411 intercede-

526 3464 688 3519 rent,
717 3454 889 3511 nostri
926 3452 1065 3523 juris
1093 3451 1441 3508 monasteriis
1468 3450 1695 3507 devotus
1725 3447 1970 3504 hilariter
1995 3446 2109 3502 col-

526 3545 726 3603 locavi.

512 3659 621 3721 3X.
650 3660 806 3743 Quod
839 3660 1007 3743 sancti
1042 3658 1270 3743 Spiritus
1298 3659 1486 3743 gratia.
1496 3666 1848 3743 compunctus
1869 3655 2110 3739 abbatem

697 3742 746 3786 et
762 3732 1055 3786 monachos
1075 3730 1130 3785 in
1159 3747 1290 3785 novo
1304 3730 1307 3731 ⁷
1321 3730 1583 3785 constituit
1612 3730 1948 3782 monasterio.

603 3819 719 3877 Hac
751 3822 938 3892 itaque
965 3813 1215 3886 ratione,
1244 3819 1419 3875 sancti
1467 3817 1701 3888 Spiritus
1741 3824 1974 3871 attactus
2017 3813 2114 3869 lla-

521 3914 704 3981 mine,
732 3913 911 3971 locum
959 3912 1173 3968 Domini
1219 3912 1486 3966 mandans
1512 3908 1909 3965 Wiutoniensis
1934 3907 2112 3964 eccle-

530 4006 649 4070 siae,
676 4005 799 4061 novi
834 4003 1148 4060 monasterii
1184 4001 1524 4056 arcisterium
1556 3999 1735 4071 [{orte,
1763 3996 2111 4055 asceterium.

518 4098 712 4154 illane.
773 4099 871 4151 hoc
926 4104 1043 4158 est,
1101 4090 1536 4163 monasterium]
1596 4100 1786 4147 nostro
1854 4089 2116 4147 salvatori

536 4188 765 4258 ejusque
814 4184 1062 4257 genitrici
1116 4197 1330 4257 semper
1378 4180 1576 4253 virgini
1613 4180 1833 4248 Marite,
1901 4188 1958 4237 et
1999 4195 2116 4236 om-

531 4276 697 4333 nibus
750 4274 1097 4345 apostolicis,
1154 4287 1279 4330 cum
1331 4275 1548 4330 caeteris
1591 4274 1822 4340 sanctis,
1870 4273 2111 4329 dicatum

526 4367 861 4426 restant-avi.
911 4365 1103 4423 Sciens
1146 4364 1408 4436 scriptum
1437 4382 1452 4419 ε
1485 4364 1900 4422 Consentientes
1940 4371 1993 4420 et
2037 4363 2118 4418 fa-

524 4460 747 4515 cientes
787 4457 905 4528 pari
934 4457 1385 4529 constringuntur
1417 4471 1577 4527 pruna
1626 4456 1958 4521 rebellionis,
1984 4454 2115 4512 0m-

535 4550 830 4622 nipotentis
880 4549 1142 4607 voluntati
1192 4548 1497 4605 obviantes.
1548 4548 1956 4609 Possessionem
2015 4548 2118 4603 Do-

535 4642 671 4699 mini
716 4656 981 4711 usurpare
1013 4657 1118 4697 non
1165 4640 1724 4727 sustinens,.clericos
1772 4641 2121 4698 lascivientes

536 4738 737 4810 repuli,
804 4748 867 4794 ac
916 4752 1076 4793 veros
1133 4736 1228 4793 Dei
1283 4735 1520 4792 cultores
1579 4735 1899 4791 monachico
1948 4735 2158 4805 gradu-

534 4829 861 4901 fungentes,
920 4825 1015 4897 qui
1079 4840 1180 4897 pro
1245 4826 1449 4883 nostris
1501 4834 1921 4894 nemorumque
1982 4824 2120 4881 inibi

524 4919 938 5036 iquiescentium
974 4916 1287 4972 excessibus
1339 4916 1526 4972 sedulo
1571 4915 1980 4971 intercederent
2006 4925 2120 4972 ser-

736 5028 838 5034 ι.---
884 5026 1064 5034 Δ--..-.
1105 5020 1581 5032 Ε-ΩΑ-Δαο----οἰςιια
1625 5022 1688 5028 ..Α

2260 518 2318 575 Si
2353 530 2533 577 autem
2567 522 2808 592 qualibet
2852 526 3166 592 occasione,
3196 525 3402 583 diabolo
3440 527 3700 601 instigante,

2187 610 2508 682 contigerit,
2538 623 2596 667 ut
2627 613 2767 669 fastu
2795 616 3161 684 superbientis
3205 618 3532 689 arrogantiae,
3554 618 3705 688 deiecti

2189 704 2465 768 canonici,
2498 705 2888 763 monachorum
2915 708 3153 779 gregem,
3181 723 3341 780 quem
3366 722 3463 780 ego
3483 725 3705 767 venerans

2186 808 2312 849 cum
2354 804 2572 865 pastore
2620 798 2674 852 in
2704 798 2801 853 Dei
2831 799 3087 855 constitui
3130 800 3487 870 possessione,
3515 801 3707 873 dejicere
3794 804 3795 809 “

2190 881 2498 941 insidiando
2521 886 2814 954 voluerint,
2843 897 3036 959 agatur
3073 889 3144 945 de
3177 889 3259 946 eis
3310 898 3368 946 et
3399 889 3466 945 de
3500 892 3705 947 omnibus
3794 912 3795 935 ξ

2191 971 2285 1042 qui
2322 974 2566 1044 quolibet
2603 991 2830 1032 munere
2869 974 3059 1033 carenti
3086 976 3349 1047 juvsmen
3381 979 3460 1035 eis
3492 979 3714 1051 impende
3794 998 3795 1055 ξ

2194 1065 2342 1131 rint’,
2394 1065 2536 1135 quod
2564 1076 2765 1144 pactum
2810 1077 2895 1123 est
2939 1069 3009 1124 de
3060 1070 3267 1142 angelis
3312 1072 3711 1141 superbientihus,
3794 1070 3795 1107 ³

2192 1164 2248 1212 et
2288 1156 2362 1212 .de
2412 1157 2746 1228 protOplasto
2789 1158 2988 1233 diaboli
3045 1161 3235 1217 fraude
3280 1162 3518 1229 seducto,
3557 1170 3609 1216 ut
3644 1178 3714 1232 pa-

2194 1246 2360 1303 radisi
2402 1246 2651 1304 videlicet
2687 1248 2953 1306 limitibus
2996 1250 3193 1323 Vorte,
3234 1252 3519 1309 liminibus.
3558 1253 3715 1325 Illam]
3794 1246 3795 1323 ξ

2194 1337 2622 1409 sublimibusque
2676 1341 2940 1397 ccelorum
2994 1343 3253 1398 sedilibus
3299 1343 3477 1414 ejecti,
3527 1344 3718 1399 curulis
3794 1328 3795 1414 ξ

2195 1428 2288 1498 qui
2359 1429 2572 1485 Domini
2639 1430 2959 1488 famulatum
3025 1443 3384 1504 aspernantes
3436 1442 3718 1503 contempse-

2198 1526 2354 1585 runt,
2400 1518 2645 1576 barathri
2691 1522 2956 1578 incendiis
3012 1524 3255 1591 detrusi,
3297 1522 3415 1597 jugi
3463 1524 3722 1581 crucientur

2200 1610 2438 1669 miseria.
2491 1612 2603 1671 Nec
2655 1616 2783 1671 inde
2840 1617 3011 1675 evulsi
3071 1633 3133 1675 se
3183 1618 3485 1689 glorientur
3534 1618 3723 1674 evasisse

2200 1710 2496 1772 tormenta,
2525 1708 2619 1764 sed
2657 1724 2785 1764 cum
2827 1706 2965 1765 luds
3007 1710 3211 1767 Christi
3245 1709 3520 1780 proditore
3545 1709 3724 1779 eiusque

2202 1797 2582 1868 complicibus,
2597 1799 2908 1875 Acheronte
2927 1801 3311 1874 conglutinati,
3334 1800 3531 1872 frigore
3542 1799 3727 1855 stridea-

2204 1896 2305 1952 tes,
2354 1889 2568 1945 fervore
2610 1892 2843 1962 perusti,
2876 1892 3059 1948 laetitia
3094 1893 3311 1963 privati,
3350 1905 3573 1947 tamen:
3599 1889 3727 1953 anxii,

2204 1980 2417 2037 catenis
2467 1981 2643 2053 igneis
2690 1984 3002 2055 compediti,
3056 1984 3309 2040 lictorum
3369 1992 3508 2039 metu
3557 1980 3727 2053 percul-
3794 1976 3795 2055 ξ

2203 2073 2270 2139 si,
2320 2072 2585 2129 scelerum
2634 2074 2899 2131 tuentoria
2933 2073 3176 2141 mufusi,
3202 2075 3371 2130 totius
3408 2073 3645 2130 bonitatis
3666 2088 3729 2125 re-
3794 2072 3795 2141 ἢ

2202 2169 2519 2226 cordatione
2571 2165 2785 2231 semeti,
2814 2174 3021 2222 aaterno
3050 2165 3308 2237 lugubres
3340 2164 3619 2236 puniantur
3639 2176 3730 2216 eru-

2203 2262 2370 2317 ciatu.

2440 2348 2533 2405 XI.
2558 2347 2693 2404 Item
2723 2347 2791 2403 de
2810 2348 3146 2402 auat/tentate
3176 2346 3561 2401 insidiantium.

2275 2442 2377 2511 Qui
2425 2451 2608 2498 autem
2649 2441 2764 2512 jam
2788 2441 3086 2515 praedictos
3114 2440 3240 2495 novi
3272 2436 3649 2493 Winlouiensis
3668 2449 3733 2489 cc-

2205 2538 2384 2593 clesite
2427 2533 2663 2611 co’fnobii
2712 2534 3042 2599 monachos,
3090 2532 3173 2589 vel
3228 2531 3499 2602 quoslibet
3540 2528 3735 2599 ejusdem
3794 2518 3795 2587 Ξ

2203 2629 2410 2685 ordinis
2450 2637 2638 2682 nostro
2667 2626 2929 2694 regimine
2956 2625 3235 2696 degentes,
3270 2621 3624 2684 monasteriis,
3644 2632 3734 2688 qua:
3794 2610 3795 2623 ¹

2203 2721 2462 2776 vitiorum
2488 2717 2765 2790 spurcitiis
2789 2731 3121 2788 expurgans,
3144 2714 3272 2771 Jesu
3303 2714 3526 2771 Christo
3554 2711 3737 2767 Domino
3794 2744 3795 2751 η

2206 2822 2418 2879 nostro,
2450 2813 2597 2868 victo
2624 2812 2895 2893 daemone,
2943 2809 3231 2878 acquisivi,
3276 2804 3555 2864 eliminare
3581 2792 3739 2875 praesul

2207 2922 2361 2960 mens
2390 2904 2643 2968 voluerit,
2666 2904 2956 2958 anathema
2982 2901 3084 2966 sit;
3107 2908 3162 2956 et
3182 2901 3380 2956 eadem
3413 2893 3739 2953 maledictioue

2207 3011 2314 3066 qua
2344 2994 2487 3065 Cain.
2506 2993 2797 3063 parricida,
2824 2992 2917 3062 qui
2956 2991 3183 3047 fratrem
3223 3004 3391 3046 suum
3427 2985 3570 3049 Abel,
3592 2984 3742 3039 stimu-

2209 3088 2357 3143 lante
2399 3086 2621 3151 invidia,
2664 3084 2860 3141 lividus
2890 3082 3169 3140 interemit
3198 3081 3478 3153 mastigia,
3521 3077 3738 3132 adductus

2210 3166 2314 3245 est,
2358 3179 2477 3234 sine
2520 3177 2756 3234 termino
2789 3184 3040 3232 teneatur
3064 3174 3373 3241 obnoxius;
3415 3181 3570 3243 atque
3606 3169 3652 3223 in
3676 3165 3745 3219 Dei

2210 3272 2585 3343 persecutione
2611 3269 2871 3326 continuo
2894 3278 3270 3339 perseverans,
3301 3266 3358 3321 in
3399 3266 3503 3320 hac
3525 3262 3621 3316 vita
3653 3255 3740 3313 uul-

2214 3364 2325 3420 lum
2350 3362 2633 3434 dignitatis
2663 3360 2915 3433 acquirat
2933 3360 3214 3422 honorem,
3238 3368 3339 3413 nec
3369 3357 3425 3412 in
3462 3355 3629 3410 futuro
3658 3349 3747 3404 sine

2213 3453 2432 3510 miseria
2463 3466 2739 3522 nunquam
2784 3450 3056 3522 persistat,
3090 3449 3187 3506 sed
3221 3463 3343 3504 cum
3380 3446 3583 3503 Anania
3600 3450 3649 3498 et
3671 3437 3747 3494 Sa-

2214 3545 2369 3615 phira
2398 3559 2504 3599 una
2530 3541 2666 3613 Styx
2695 3541 2986 3613 porragine
3010 3538 3171 3612 [forte
3197 3535 3487 3610 voragine]
3506 3533 3748 3606 ejnlantent

2214 3633 2467 3701 crucians
2488 3630 2901 3702 complectatur.
3174 3696 3175 3699 η
3641 3683 3645 3687 .

2345 3725 2460 3781 XII.
2500 3724 2575 3779 De
2602 3723 2956 3779 benedictione
2982 3720 3266 3775 monachos
3296 3716 3656 3774 venerantium.

2285 3816 2607 3885 Quicunque
2640 3812 3000 3884 pmtitulatos
3032 3811 3326 3867 monachos
3372 3810 3531 3865 bonis
3567 3804 3745 3877 quibus

2215 3908 2346 3964 libet
2365 3905 2699 3975 locupletaus
2716 3903 2895 3959 ditare
2913 3888 3167 3965 voluerit,
3181 3899 3415 3957 Creator
3426 3897 3754 3956 cunctitcncns

2216 3998 2512 4058 clementer
2554 4010 2648 4052 eos
2690 4010 2989 4065 eorumque
3015 3993 3328 4064 progeniem
3357 3992 3525 4047 totius
3550 3989 3751 4044 ubertate

2217 4087 2590 4163 prosperitatis
2616 4087 2704 4142 hic
2731 4095 2790 4143 et
2819 4087 2873 4140 in
2897 4084 3084 4143 futuro
3101 4083 3300 4140 sxeculo
3323 4081 3548 4138 ditando
3570 4074 3755 4146 locuple-

2211 4189 2314 4237 tet.
2340 4177 2572 4247 Scriptis
2591 4177 2849 4232 decenter
2862 4188 3052 4230 eorum
3079 4172 3132 4228 in
3157 4173 3297 4229 libro
3320 4172 3449 4226 vita:
3473 4168 3757 4225 nominibus.

2220 4285 2342 4327 cum
2373 4267 2594 4324 Christo
2633 4265 2938 4337 portionem
2969 4262 3025 4319 in
3052 4262 3321 4319 calorum
3346 4257 3660 4316 habitaculis
3683 4254 3756 4306 lxa-

2220 4362 2406 4428 beant,
2436 4360 2529 4431 qui
2558 4359 2858 4415 monachos
2880 4372 3034 4424 suos,
3057 4372 3192 4426 quos
3222 4355 3430 4411 nostris
3452 4356 3763 4421 congregatos

2227 4453 2563 4524 temporibus
2596 4450 2856 4519 possidet,
2881 4449 2964 4505 vel
2991 4447 3194 4513 verbis,
3217 4446 3304 4502 vel
3335 4444 3519 4505 factis.
3547 4437 3763 4498 sanctita-

2232 4548 2300 4604 tis
2327 4543 2508 4602 studio
2535 4534 2945 4600 honoraverint.
3262 4586 3271 4593 .
3352 4557 3354 4559 ’
3586 4560 3589 4561 ν

2229 4660 2367 4717 Xlll.
2418 4662 2615 4726 Quales
2658 4674 2709 4713 et
2743 4660 2971 4729 qualiter
2998 4656 3241 4710 monachi
3278 4672 3331 4710 tn
3361 4654 3458 4709 hoc
3494 4641 3765 4706 monasterio

2826 4737 3211 4782 conseruentur.

2298 4820 2598 4892 Regulares
2619 4821 2784 4891 igitur
2814 4818 3086 4881 monachi,
3116 4831 3224 4872 non
3250 4815 3555 4878 smculares,
3581 4812 3629 4865 in
3653 4819 3765 4878 pm

2226 4911 2366 4976 fato,
2394 4910 2615 4967 Christo
2654 4909 2872 4975 comite,
2906 4907 3167 4977 degentes
3212 4905 3563 4967 monasterio,
3608 4894 3768 4968 result

2230 5002 2472 5051 -ρυι-ιιηις
2491 5002 2888 5068 obtemperent,
2919 4996 3112 5052 Patres
3130 5005 3451 5052 venerantes
3473 4986 3769 5065 spiritualcs.
