3898 6320
163 421 258 477 395

845 423 1430 482 ANGLO-SAKONUM
1470 425 1708 482 REGUM
1749 426 1972 482 LEGES
2012 386 2590 484 ECéLESI.\STIC/E.

3269 436 3372 492 ως

162 535 350 604 paticas
399 533 730 604 lascivasquc
778 537 1116 592 srecularium
1157 538 1380 593 delicias
1410 547 1468 592 ut
1507 537 1705 592 melan-
1736 538 1778 594 A
1805 535 2427 592 vientiumaunibilando
2448 540 2722 607 dejiciens,
2739 541 3049 598 Conditoris
3071 545 3151 599 sui
3180 561 3377 616 pascua

161 625 377 680 choliam
407 625 742 694 aporiantes,
771 627 934 682 licitis
961 629 1284 682 eharitatum
1311 635 1533 681 utantur
1553 628 1702 683 ciba-

162 715 281 779 riis;
312 723 462 770 extra
495 714 834 771 refectorium
857 726 1037 772 autem
1067 718 1306 782 minime,
1335 717 1436 772 nisi
1467 718 1522 772 in
1551 717 1708 772 domn

162 805 486 860 inﬁrmorum
525 807 708 876 aegroti
739 806 1110 872 decubuerint,
1150 807 1372 862 edentes
1412 807 1555 861 Iieite
1586 821 1708 875 quae

151 894 277 964 jassi
323 895 546 952 fuerint.
578 897 733 953 Sacri
779 899 1085 969 summique
1127 899 1336 955 ordinis
1374 900 1633 968 hospites,
1663 899 1706 953 si

161 990 290 1044 ratio
314 991 576 1060 exegerit,
605 998 659 1046 et
679 991 945 1062 peregrini
970 991 1230 1054 ordinati,
1253 991 1414 1060 longo
1439 1000 1706 1046 terrarum

153 1081 320 1151 spatio
363 1081 666 1146 venientes,
711 1081 780 1136 ad
809 1081 1023 1138 abbatis
1057 1097 1298 1138 mensam
1339 1081 1393 1138 in
1422 1081 1709 1138 refectorio

151 1170 452 1228 cautissime
492 1171 817 1237 invitenlur;
862 1171 1016 1228 laicis
1053 1171 1108 1226 iu
1149 1171 1381 1240 hospitio
1407 1171 1709 1226 condecens

148 1262 460 1318 exhibentur
482 1262 810 1322 humanitas.
845 1262 1231 1322 Honaehorum
1265 1264 1530 1334 quispiam
1562 1279 1712 1320 man—

153 1352 367 1410 ducandi
392 1353 478 1408 vel
513 1353 728 1414 bibendi
750 1369 875 1410 cum
915 1353 997 1410 eis
1042 1353 1336 1412 secundum
1368 1353 1588 1408 Patrum
1618 1353 1710 1408 de-

151 1451 286 1497 creta
357 1441 632 1500 licentiam
672 1458 777 1500 non
825 1444 1058 1508 habeat;
1102 1444 1160 1498 in
1199 1443 1490 1500 relectorio
1527 1454 1708 1498 autem

149 1533 328 1590 edendi
372 1549 538 1591 causa
587 1532 668 1587 vel
706 1533 918 1590 bibendi
969 1548 1075 1588 non
1105 1535 1531 1599 introducantur,
1567 1535 1710 1588 Pau-

150 1640 325 1694 pcres,
374 1634 434 1680 ut
480 1626 712 1692 Christi,
755 1625 958 1698 ingenti
1001 1626 1181 1682 cordis
1220 1626 1586 1696 suscipiantur
1615 1626 1710 1681 tri-

151 1715 316 1784 pudio.

509 1804 651 1862 XIV.
692 1807 768 1863 De
799 1809 1048 1864 abbatum
1069 1808 1333 1863 electione.

209 1897 520 1955 Divinarum
595 1901 769 1957 studio
827 1901 1228 1973 Scripturarum
1293 1893 1787 1962 luculentissian

149 1990 362 2051 eruditi,
421 1990 730 2046 orationum
792 1991 1094 2062 frequentia
1158 1994 1370 2052 assidue
1429 1996 1708 2066 occupati,

1808 642 2129 697 gregemque
2162 629 2390 684 sollicita
2419 630 2844 704 inexpugnabilis
2875 643 3086 691 tueatur
3112 639 3376 702 custodia,

1806 727 2070 788 quatenus
2132 723 2199 775 ad
2254 721 2377 776 vitae
2432 723 2677 780 bravium
2739 727 3098 795 perveniens,
3151 731 3367 784 :etcruis

1805 808 2107 877 tripudians
2131 809 2340 864 fruatur
2355 809 2533 875 bonis,
2573 827 2691 881 quae
2721 827 2821 868 nec
2851 814 3038 869 oculus
3063 815 3244 871 videre
3283 818 3380 871 ali-

1807 907 2074 967 quatenus
2113 899 2288 968 potuit
2314 901 2612 966 humanus,
2642 918 2740 957 nec
2773 903 2825 957 in
2872 904 3108 961 hominis
3156 922 3253 962 cor
3306 908 3382 962 ul-

1809 988 2018 1044 latenus
2058 990 2297 1044 ascendit
2335 1005 2452 1060 quze
2496 993 2822 1062 praeparavit
2859 992 3000 1050 Deus
3038 995 3380 1068 diligentibus

1809 1094 1887 1134 se.

1773 1179 1809 1223 τς
1950 1168 2132 1226 XVIII.
2169 1169 2248 1224 De
2277 1171 2577 1226 monasticae
2605 1173 2942 1240 possessionis
2979 1174 3237 1230 libertate.

1881 1259 2004 1315 Sint
2029 1259 2236 1331 praefati
2266 1261 2579 1315 monasterii
2619 1277 2764 1324 rura,
2792 1264 2969 1320 omnis
2994 1267 3380 1322 monachorum

1808 1352 2099 1421 possessio,
2146 1351 2199 1406 in
2253 1351 2414 1406 rebus
2467 1353 2678 1422 magnis
2722 1354 2804 1409 vel
2856 1355 3114 1420 modicis,
3154 1357 3380 1412 internis

1803 1443 1896 1499 .vel
1947 1443 2216 1508 externis,
2246 1443 2299 1498 in
2345 1443 2568 1500 urbanis
2628 1444 2712 1499 vel
2757 1444 3112 1512 suburbanis,
3141 1449 3379 1516 przediis,

1811 1534 2040 1603 campis,
2077 1534 2245 1603 pratis
2267 1574 2282 1598 ,
2315 1534 2560 1604 pascuis,
2589 1534 2772 1600 silvis,
2807 1536 3146 1601 moiendinis,
3181 1539 3382 1592 rivulo-

1812 1639 1932 1678 rum
1966 1624 2238 1690 cursibus,
2266 1635 2467 1680 :eterna
2523 1625 2771 1681 libertate
2818 1627 2871 1680 in
2920 1629 3121 1683 Christi
3166 1630 3382 1684 nomine

1804 1718 2035 1787 ejusque
2065 1717 2356 1774 Genitricis
2387 1718 2575 1774 ditata.

1816 1823 1952 1880 XIX.
1993 1826 2144 1892 Quod
2170 1826 2344 1882 nullus
2398 1829 2728 1904 streitlarium
2772 1834 3074 1888 monasterii
3098 1837 3382 1904 possessio-

2305 1915 2420 1952 nem
2455 1899 2634 1954 illicite
2656 1912 2888 1971 usurpet.

1879 2007 2234 2064 Saecularium
2283 2011 2551 2081 quispiam
2588 2028 2722 2070 ausu
2763 2015 3053 2072 temerario
3083 2015 3174 2085 jus
3201 2027 3385 2088 tyran.

147 2081 412 2137 cbaritatis
454 2081 708 2152 amplexu
737 2082 1035 2148 laetissimi,
1077 2082 1200 2137 ﬁdei
1240 2083 1496 2139 exercitio
1532 2100 1713 2154 prom-
1809 2098 1950 2152 nidis
1991 2113 2097 2153 ηοη
2135 2099 2187 2153 in
2234 2099 2436 2155 ωιτίειί
2489 2101 2704 2156 cultum
2745 2081 3202 2175 ιηιωειιηηιωὸευε
3223 2081 3386 2161 'exer-

149 2172 380 2241 ptissiini.
408 2187 506 2244 spe
544 2173 870 2244 provehente
899 2173 1247 2230 sincerissimi
1274 2215 1288 2232 .
1321 2187 1450 2244 pace
1477 2189 1708 2230 conicer-

149 2263 274 2320 diter
327 2264 453 2328 ﬁxi,
509 2265 860 2334 omniumque
915 2265 1173 2319 virtutum
1241 2264 1374 2321 lore
1435 2265 1706 2330 dccorati,

150 2356 208 2410 ad
249 2355 404 2411 tinem
453 2371 650 2425 usque,
701 2365 934 2426 ereptum
979 2364 1142 2412 tantre
1172 2356 1431 2412 bonitatis
1474 2356 1706 2423 initium,

147 2444 346 2530 Christo
374 2447 628 2516 iuvante,
657 2447 1036 2516 perducentes,
1067 2446 1254 2502 eadem
1279 2447 1494 2518 gloriosi
1527 2447 1711 2502 fruan-

149 2541 228 2588 tur
275 2535 548 2603 libertate,
596 2552 758 2608 quam
819 2537 1009 2592 beatus
1067 2546 1328 2607 patronus
1388 2536 1707 2591 Benedictus

148 2625 380 2682 omnibus
412 2626 616 2700 regulze
663 2637 929 2698 przecepto
978 2627 1235 2696 subjectis
1277 2628 1526 2691 instituit,
1557 2628 1707 2683 scili-

146 2724 223 2770 cet
263 2727 321 2772 ut
371 2727 503 2787 post
559 2716 770 2775 abbatis
813 2720 1018 2774 obitum
1061 2729 1188 2774 tunc
1221 2721 1479 2788 temporis
1515 2734 1708 2791 regen-

149 2807 235 2869 tis,
275 2809 552 2864 abbatem.
583 2848 597 2862 .
632 2847 646 2863 .
682 2847 696 2861 .
728 2849 742 2862 .
774 2810 1022 2865 ordinent
1053 2811 1471 2880 congregatione
1491 2851 1505 2875 ,
1545 2826 1705 2880 quem

151 2895 236 2950 sibi
275 2899 446 2954 omnis
499 2903 731 2954 concors
785 2901 1145 2971 congregatio,
1192 2901 1306 2957 sive
1349 2915 1476 2972 pars
1519 2916 1706 2970 quam-

148 2985 219 3040 vis
246 2989 461 3044 minima
497 2991 938 3062 congregationis
958 3031 972 3056 ,
1001 2991 1286 3048 salubriori
1314 2991 1538 3062 elegerit
1572 3007 1704 3047 eon-

149 3075 268 3130 sitio.

149 3185 246 3242 XV.
292 3190 542 3257 Qualiter
597 3209 692 3248 rex
738 3195 971 3248 abbatem
1027 3206 1074 3250 et
1120 3200 1401 3251 monachos
1457 3211 1705 3251 venerans

809 3281 896 3318 nm
903 3268 1010 3319 aiat
1019 3304 1032 3319 .

205 3349 368 3422 Reges
395 3353 587 3424 itaque
612 3395 627 3420 ,
655 3357 966 3426 quicunque
995 3359 1163 3412 nostri
1187 3357 1391 3414 fuerint
1419 3373 1702 3415 successo-

145 3452 238 3503 res,
254 3441 446 3497 nullam
470 3451 788 3500 extraneum
810 3460 1095 3515 personam
1113 3446 1201 3514 jus
1229 3449 1526 3518 tyrannidis
1545 3463 1706 3517 super

149 3532 413 3589 monachos
453 3544 810 3589 exercentem
850 3536 1144 3606 imponant,
1171 3552 1238 3590 ne
1263 3536 1398 3592 forte
1435 3538 1574 3592 Dens
1608 3555 1702 3606 eos

145 3618 414 3688 damnans,
435 3634 508 3681 et
544 3639 713 3696 regno
736 3626 970 3694 deponat
995 3635 1049 3680 et
1079 3627 1209 3680 vita.
1241 3627 1477 3682 Electum
1506 3643 1634 3683 rem
1671 3643 1702 3682 a

143 3706 382 3770 fratribus
401 3714 616 3770 Christi
631 3715 890 3770 vicarium
917 3716 1197 3785 dignanter
1222 3717 1534 3786 suscipiant,
1559 3731 1702 3772 eum-

143 3811 236 3866 que
247 3803 540 3858 cbaritatis
553 3803 675 3874 igne
692 3805 1328 3876 suecensilocupletando
1343 3819 1698 3874 venerentur;

146 3887 394 3961 jnvamen,
422 3896 748 3965 inqnanwm
801 3897 1109 3967 indiguerit,
1132 3899 1332 3953 Christi
1354 3915 1538 3957 amore
1557 3917 1700 3958 eom~

144 3986 334 4051 puncti,
366 3985 628 4044 alacriter,
651 3986 981 4056 impendant.
1015 3987 1198 4045 Mutuo
1219 4005 1453 4060 namque
1481 3992 1698 4047 confor-

147 4074 226 4127 tati
265 4076 563 4146 putamine,
604 4077 659 4132 in
689 4077 837 4134 nullo
866 4092 901 4132 a
947 4079 1146 4148 regulae
1175 4081 1458 4151 praeceptis
1490 4083 1695 4137 disrnrv

145 4162 332 4232 dantes,
345 4168 564 4224 Domini
586 4183 826 4240 gregem,
847 4185 953 4226 non
979 4172 1324 4236 mercenarii,
1337 4174 1432 4227 sed
1453 4182 1698 4243 pastores

143 4249 366 4313 latissimi
384 4298 400 4323 ,
427 4257 680 4328 luporum
703 4243 929 4315 rictibus
956 4261 1283 4326 eximentes,
1315 4261 1566 4331 intrepidi
1605 4264 1699 4318 deo

146 4341 364 4402 fendant.

146 4449 264 4509 XVI.
291 4457 536 4523 Qualiter
578 4460 738 4514 abbas
765 4469 814 4533 et
855 4463 1094 4515 monachi
1130 4479 1298 4533 regem
1337 4478 1368 4516 a
1398 4461 1692 4517 damonum

630 4531 913 4586 (certatione
931 4531 1199 4606 εῖνὶρὶαηι.⁷
1247 4568 1258 4573 ι

203 4614 370 4672 Abbas
408 4626 591 4674 autem
621 4619 787 4676 armis
813 4621 1120 4676 succinctus
1147 4621 1547 4692 spiritualibus,
1574 4636 1692 4677 mo.

144 4705 415 4764 nachnrum
467 4723 641 4766 cuneo
690 4709 817 4767 hinc
871 4709 992 4766 inde
1023 4711 1690 4774 vallatus,charismatum

147 4793 422 4854 cmlestium
476 4812 600 4854 rore
632 4799 905 4868 perfusus,
946 4813 1136 4859 aerem
1179 4801 1482 4858 daemonum
1529 4816 1694 4870 expu-

148 4897 296 4952 gnans
328 4890 613 4954 versutias,
670 4903 866 4960 regem,
916 4904 1239 4959 omnemque
1287 4891 1367 4944 sui
1418 4889 1695 4959 regiminis

149 4972 356 5037 clerum,
380 4979 615 5043 Christo,
646 4977 801 5047 cujus
847 4977 1046 5032 virtute
1085 4978 1364 5042 dimicant,
1390 4977 1631 5045 iuvante,
1661 4992 1693 5031 a

151 5062 311 5118 rabida
338 5068 566 5122 hostium
593 5068 964 5137 persecutione
988 5067 1329 5122 invisibilium
1355 5069 1579 5123 solerter
1591 5069 1698 5138 spi-

154 5151 268 5205 ritus
295 5153 464 5222 gladia
493 5156 782 5210 defendens
803 5195 816 5220 ,
847 5156 966 5211 fidei
999 5165 1150 5211 scuto
1181 5157 1361 5211 subtili
1413 5166 1696 5227 protegens

145 5251 410 5329 .lulamine,
442 5252 659 5306 robusto
687 5251 936 5322 praelians
979 5252 1273 5320 triumpho,
1314 5252 1465 5307 miles
1502 5253 1698 5321 eripiat

157 5333 543 5405 imperterritus.

153 5441 292 5502 XVII.
322 5451 555 5518 Qualiter
577 5471 668 5510 rex
696 5454 933 5508 abbatem
956 5465 1002 5508 et
1028 5455 1306 5510 monachos
1335 5455 1400 5509 ab
1426 5453 1691 5508 hominum

579 5526 931 5593 persecutione
961 5525 1229 5592 defendat.

216 5605 318 5662 Rex
350 5610 524 5667 itidem
559 5623 827 5679 terrenus,
858 5614 1094 5669 cmleslis
1129 5625 1304 5668 castra
1347 5614 1486 5684 regis
1514 5613 1693 5669 fortis-

153 5693 272 5751 simo
307 5700 554 5758 roboraus
602 5705 934 5768 munimine,
980 5704 1146 5758 armis
1181 5704 1531 5759 smcularihus
1566 5706 1691 5758 visi-

147 5782 262 5843 WL‘S
285 5806 592 5868 expugnans
609 5797 969 5864 adversarios,
996 5796 1337 5867 hostiumque
1361 5796 1565 5851 rabiem
1594 5811 1690 5852 sa:-

1809 2198 1960 2254 ccat;
1991 2205 2096 2243 non
2146 2190 2368 2256 minuet,
2416 2191 2702 2262 instigante
2745 2194 2979 2259 diabolo,
3025 2195 3167 2264 quod
3208 2196 3380 2251 sancti

1805 2276 2043 2348 Spiritus
2069 2277 2324 2334 instinctu
2356 2290 2462 2334 tam
2494 2296 2522 2334 a
2553 2297 2638 2336 me
2663 2297 2823 2352 quam
2851 2298 2880 2336 a
2901 2283 3383 2354 praedecessoribus

1807 2369 1964 2432 meis,
2005 2384 2211 2424 necnon
2241 2385 2271 2424 a
2302 2371 2584 2427 catholicis
2632 2374 2913 2443 utriusque
2953 2390 3114 2431 sexus
3150 2375 3384 2432 homini-

1808 2457 1929 2525 bus,
1957 2459 2200 2530 largiﬂua
2221 2478 2541 2518 concessum
2563 2472 2648 2518 est
2673 2463 2996 2535 dapsilitate.

2114 2576 2233 2631 XX.
2278 2577 2351 2632 De
2379 2579 2731 2635 benedictione
2756 2583 3076 2651 augentium.

1879 2663 2108 2736 Augenti
2163 2667 2364 2722 tribuat
2407 2684 2583 2724 rerum
2630 2682 2947 2726 cunctarum
2994 2671 3183 2743 Opifex
3235 2681 3382 2727 tran-

1813 2755 2034 2824 quillutn
2063 2756 2183 2810 vita:
2215 2758 2495 2826 praesentis
2515 2772 2826 2824 excursum,
2851 2759 3147 2832 Iongmvum
3177 2761 3383 2816 instan-

1809 2849 1880 2902 tis
1914 2848 2194 2919 temporis,
2229 2848 2467 2904 futurum
2497 2860 2710 2906 :eternaz
2734 2853 3080 2909 beatitudinis
3104 2853 3380 2919 talionem,

1809 2937 2160 2994 subicientem
2219 2939 2530 2996 vietualium
2585 2941 2919 3010 ubertatem,
2987 2943 3384 3000 interminabile

1809 3027 2185 3096 prosperitatis
2236 3034 2604 3098 augmentum,
2653 3029 2928 3100 copiosum
2974 3031 3230 3087 virtutum
3267 3047 3386 3086 om-

1808 3117 1958 3171 nium
1989 3116 2263 3187 juvamen.

1731 3246 1781 3308 ε
2077 3227 2214 3283 XXI.
2254 3229 2329 3284 De
2358 3229 2718 3286 maledictione
2751 3232 3118 3289 minuentiuut.

1881 3344 2206 3404 Minuentem
2230 3352 2488 3414 perpetua
2517 3344 2790 3414 possideat
2816 3345 3064 3412 miseria;
3090 3345 3142 3401 in
3169 3345 3379 3402 Domini

1808 3451 2035 3489 manens
2064 3435 2461 3503 persecutione,
2491 3433 2610 3503 ejus
2634 3434 2924 3494 Genitricis
2967 3443 3384 3506 sanctorumque

1804 3526 2046 3580 omnium
2075 3526 2311 3581 incurrat
2343 3525 2635 3592 oliensam;
2678 3527 2959 3596 praesentis
2996 3528 3118 3583 vita:
3144 3529 3385 3586 adversi-

1807 3623 1892 3669 tas
1919 3614 1990 3668 illi
2020 3629 2236 3684 semper
2277 3616 2526 3681 eveniat;
2553 3616 2694 3670 nulla
2735 3616 2816 3672 eis
2867 3617 3121 3674 bonitatis
3167 3619 3384 3690 accidat

1804 3703 2168 3773 prosperitas;
2225 3704 2405 3758 omnia
2457 3703 2576 3772 ejus
2624 3704 2829 3775 peculia
2882 3705 3087 3762 inimici
3139 3716 3381 3764 astantes

1805 3793 2090 3862 diripiant;
2121 3794 2171 3847 in
2195 3794 2374 3850 futuro
2401 3803 2605 3861 autem,
2633 3797 2822 3852 aeterni
2869 3797 3232 3856 miserrimum
3256 3815 3382 3854 cmn

1803 3881 1972 3937 haedis
1996 3882 2047 3936 in
2080 3883 2294 3938 sinistra
2317 3886 2555 3958 positum
2586 3886 2843 3942 damnent
2872 3889 3166 3954 cruciatus,
3198 3889 3243 3944 si
3271 3905 3380 3944 non

1803 3970 2174 4027 satisfactione
2200 3975 2571 4030 emendaverit
2611 3990 2847 4048 congrua
2895 3978 3037 4048 quod
3063 3978 3118 4033 in
3165 3978 3377 4035 Domini

1803 4077 2073 4133 usurpans
2100 4064 2334 4119 detraxit
2363 4080 2615 4121 censura.

1802 4174 1841 4230 Χ
1855 4174 1984 4262 ΧΙΙλ
2005 4175 2211 4262 Quibus
2228 4177 2396 4262 modis
2418 4177 2760 4262 swg‘alaribits
2783 4180 3150 4262 obtemperent,
3171 4190 3219 4262 et
3239 4183 3376 4251 quod

1871 4246 2047 4366 null/us
2106 4258 2277 4301 reatus
2336 4249 2440 4320 hoc
2489 4246 2702 4304 Domini
2759 4246 3083 4320 privilegium
3139 4246 3376 4314 minuere

1873 4332 1931 4366 Μ
1956 4326 2059 4366 eat.

1873 4326 2059 4370 t'aleat.

1870 4431 2070 4488 Tribus
2100 4436 2471 4490 tantummodo
2493 4437 2693 4505 causis,
2728 4436 3076 4493 srecularibus
3102 4415 3377 4510 obtempe-

1800 4532 1922 4577 rent
1953 4527 2258 4594 praeceptis,
2307 4534 2424 4580 rata
2464 4525 2714 4581 videlicet
2767 4527 3125 4600 expeditione,
3175 4528 3374 4596 pontis.

1727 4595 1772 4655 ί)
1799 4612 2011 4667 arcisve
2033 4614 2463 4678 constructione;
2509 4614 2642 4670 alias
2669 4625 2869 4671 {eterna
2897 4617 3052 4672 dilati
3079 4616 3378 4689 glorientur

1799 4702 2073 4758 libertate.
2112 4703 2311 4760 Beatus
2337 4705 2633 4780 ,quidpiam
2682 4706 2749 4770 si,
2807 4706 3066 4762 incitante
3111 4707 3371 4772 dtemone,

1801 4794 2073 4861 seductus,
2106 4795 2190 4849 vel
2216 4795 2406 4861 abbas,
2438 4796 2520 4850 vel
2571 4797 2799 4852 fratrum
2843 4798 3037 4868 aliquis
3088 4797 3371 4868 fragiliter,

1801 4887 1943 4957 quod
1977 4888 2139 4954 absit,
2164 4887 2523 4955 contraxerit,
2555 4887 2764 4958 justitia
2791 4899 3054 4959 purgante
3077 4889 3372 4951 secundum

1799 4977 1998 5046 regula:
2037 4987 2361 5047 praeceptum
2416 4977 2648 5033 abolitus
2695 4979 3003 5044 damnetur,
3055 4988 3374 5048 maneatque

1795 5067 2034 5136 prmfatae
2046 5067 2425 5122 munificentia:
2446 5067 2664 5124 libertas
2679 5069 2784 5124 Alti
2794 5070 2986 5126 throno
3000 5084 3097 5139 per
3119 5077 3360 5122 nostram

1800 5161 2161 5215 humilitatem
2193 5159 2397 5224 oblata,
2430 5161 2494 5214 ad
2540 5161 2925 5216 monachorum
2971 5175 3098 5214 usus
3141 5157 3372 5230 gratuito

1799 5250 1900 5304 sibi
1930 5249 2304 5303 famulantium
2325 5249 2672 5315 inviolabilis,
2690 5260 2889 5306 azterna
2914 5250 3162 5304 libertate
3184 5246 3371 5316 jucun-

1800 5341 1887 5404 da,
1915 5341 2038 5409 quia
2067 5340 2226 5404 Deus,
2263 5341 2352 5410 qui
2384 5343 2523 5398 hanc
2549 5342 2810 5413 privilegii
2855 5340 3152 5412 largiﬂuam
3199 5340 3366 5394 duna-

1799 5431 2022 5496 tionem,
2051 5431 2335 5502 locumque
2361 5448 2481 5488 eum
2509 5435 2760 5489 universa
2793 5434 3178 5496 monachorum
3206 5430 3366 5484 fami-

1794 5522 2137 5594 lia,juraque
2166 5526 2346 5580 omnia
2376 5542 2531 5581 sacro
2557 5525 2794 5594 subjecta
2823 5525 3069 5584 emnobio
3108 5524 3363 5595 possidet,

1795 5629 2069 5683 nunquam
2101 5628 2310 5670 reatum
2341 5616 2630 5682 commisit,
2675 5631 2774 5671 nec
2809 5616 2916 5670 ullo
2955 5631 3190 5686 unquam
3232 5625 3367 5670 tem-

1794 5717 1927 5777 pore
1956 5704 2278 5758 committet.
2309 5705 2390 5758 Sit
2433 5705 2594 5774 igitur
2626 5705 2847 5774 prmfata
2898 5705 3118 5760 libertas
3142 5715 3362 5771 atterna,

1795 5793 1918 5862 quia
1949 5795 2088 5848 Deus
2110 5793 2374 5848 libertatis
2402 5809 2683 5864 possessor
2709 5805 2940 5851 aeternus
2961 5806 3061 5852 est.
