  <div class='ocr_page' id='page_1' title='image "/cluster/home/n/w/nwhite01/storage/ocr_20150623/138/hvd.32044015471774/255.png"; bbox 0 0 3860 5382; ppageno 0'>
   <div class='ocr_carea' id='block_1_1' title="bbox 476 375 584 447">
    <p class='ocr_par' dir='ltr' id='par_1_1' title="bbox 476 375 584 447">
     <span class='ocr_line' id='line_1_1' title="bbox 476 375 584 447; baseline -0.009 1"><span class='ocrx_word' id='word_1_1' title='bbox 476 375 584 447; x_wconf 61' lang='lat'><strong>‘99</strong></span> 
     </span>
    </p>
   </div>
   <div class='ocr_carea' id='block_1_2' title="bbox 1210 363 3048 452">
    <p class='ocr_par' dir='ltr' id='par_1_2' title="bbox 1210 363 3048 452">
     <span class='ocr_line' id='line_1_2' title="bbox 1210 363 3048 452; baseline -0.005 -25"><span class='ocrx_word' id='word_1_2' title='bbox 1210 369 1501 427; x_wconf 80' lang='lat' dir='ltr'><strong>APPEND.</strong></span> <span class='ocrx_word' id='word_1_3' title='bbox 1543 369 1635 424; x_wconf 82' lang='lat' dir='ltr'><strong>AD</strong></span> <span class='ocrx_word' id='word_1_4' title='bbox 1667 366 1841 452; x_wconf 55' lang='grc' dir='ltr'><strong>διες.</strong></span> <span class='ocrx_word' id='word_1_5' title='bbox 1886 366 1952 422; x_wconf 77' lang='grc' dir='ltr'><strong>Χ.</strong></span> <span class='ocrx_word' id='word_1_6' title='bbox 1985 393 2053 408; x_wconf 86' lang='lat'><strong>-——</strong></span> <span class='ocrx_word' id='word_1_7' title='bbox 2086 364 2521 421; x_wconf 76' lang='lat' dir='ltr'><strong>MONUMENTA</strong></span> <span class='ocrx_word' id='word_1_8' title='bbox 2564 363 3048 421; x_wconf 66' lang='lat' dir='ltr'><strong>DII‘LOMATICA.</strong></span> 
     </span>
    </p>
   </div>
   <div class='ocr_carea' id='block_1_3' title="bbox 984 546 3285 739">
    <p class='ocr_par' dir='ltr' id='par_1_3' title="bbox 984 546 3285 739">
     <span class='ocr_line' id='line_1_3' title="bbox 984 546 3285 739; baseline -0.007 -32"><span class='ocrx_word' id='word_1_9' title='bbox 984 591 1527 707; x_wconf 81' lang='lat' dir='ltr'><strong>CANONES</strong></span> <span class='ocrx_word' id='word_1_10' title='bbox 1594 610 1931 739; x_wconf 71' lang='lat' dir='ltr'><strong>eum</strong></span> <span class='ocrx_word' id='word_1_11' title='bbox 2009 609 2228 699; x_wconf 88' lang='lat' dir='ltr'><strong>SUB</strong></span> <span class='ocrx_word' id='word_1_12' title='bbox 2300 546 2862 727; x_wconf 62' lang='lat' dir='ltr'><strong>contnuo</strong></span> <span class='ocrx_word' id='word_1_13' title='bbox 2937 599 3285 726; x_wconf 73' lang='lat' dir='ltr'><strong>REGE,</strong></span> 
     </span>
    </p>
   </div>
   <div class='ocr_carea' id='block_1_4' title="bbox 1603 809 2743 863">
    <p class='ocr_par' dir='ltr' id='par_1_4' title="bbox 1603 809 2743 863">
     <span class='ocr_line' id='line_1_4' title="bbox 1603 809 2743 863; baseline -0.007 -3"><span class='ocrx_word' id='word_1_14' title='bbox 1603 816 1684 861; x_wconf 77' lang='lat' dir='ltr'><strong>ET</strong></span> <span class='ocrx_word' id='word_1_15' title='bbox 1727 817 1810 859; x_wconf 70' lang='grc' dir='ltr'><strong>Αο</strong></span> <span class='ocrx_word' id='word_1_16' title='bbox 1852 813 2052 858; x_wconf 75' lang='lat' dir='ltr'><strong>LEGES</strong></span> <span class='ocrx_word' id='word_1_17' title='bbox 2094 811 2247 856; x_wconf 73' lang='lat' dir='ltr'><strong>SUAS</strong></span> <span class='ocrx_word' id='word_1_18' title='bbox 2288 809 2743 863; x_wconf 70' lang='lat' dir='ltr'><strong>PERTINBNTES,</strong></span> 
     </span>
    </p>
   </div>
   <div class='ocr_carea' id='block_1_5' title="bbox 481 909 3723 1043">
    <p class='ocr_par' dir='ltr' id='par_1_5' title="bbox 481 920 3723 1043">
     <span class='ocr_line' id='line_1_5' title="bbox 481 920 3723 1043; baseline -0.008 -5"><span class='ocrx_word' id='word_1_19' title='bbox 481 976 557 1037; x_wconf 89' lang='lat' dir='ltr'><strong>Ut</strong></span> <span class='ocrx_word' id='word_1_20' title='bbox 589 974 654 1035; x_wconf 90' lang='lat' dir='ltr'><strong>in</strong></span> <span class='ocrx_word' id='word_1_21' title='bbox 691 969 1033 1035; x_wconf 79' lang='lat' dir='ltr'><strong>veterrima</strong></span> <span class='ocrx_word' id='word_1_22' title='bbox 1064 963 1507 1043; x_wconf 84' lang='lat' dir='ltr'><strong>manuscripto</strong></span> <span class='ocrx_word' id='word_1_23' title='bbox 1547 920 1771 1043; x_wconf 68' lang='lat' dir='ltr'><strong>codice</strong></span> <span class='ocrx_word' id='word_1_24' title='bbox 1820 956 2134 1043; x_wconf 76' lang='lat' dir='ltr'><strong>Saxonico</strong></span> <span class='ocrx_word' id='word_1_25' title='bbox 2186 953 2439 1043; x_wconf 60' lang='lat' dir='ltr'><strong>collegii</strong></span> <span class='ocrx_word' id='word_1_26' title='bbox 2495 952 2796 1043; x_wconf 69' lang='lat' dir='ltr'><strong>Qorporis</strong></span> <span class='ocrx_word' id='word_1_27' title='bbox 2830 924 3069 1015; x_wconf 84' lang='lat' dir='ltr'><strong>Christi</strong></span> <span class='ocrx_word' id='word_1_28' title='bbox 3107 946 3526 1029; x_wconf 62' lang='lat' dir='ltr'><strong>Cantabrigiam</strong></span> <span class='ocrx_word' id='word_1_29' title='bbox 3568 968 3723 1032; x_wconf 78' lang='lat' dir='ltr'><strong>repe-</strong></span> 
     </span>
    </p>
   </div>
   <div class='ocr_carea' id='block_1_6' title="bbox 1668 1031 2673 1114">
    <p class='ocr_par' dir='ltr' id='par_1_6' title="bbox 1668 1031 2673 1114">
     <span class='ocr_line' id='line_1_6' title="bbox 1668 1031 2673 1114; baseline -0.007 -14"><span class='ocrx_word' id='word_1_30' title='bbox 1668 1038 1950 1109; x_wconf 81' lang='lat' dir='ltr'><strong>riuntur,</strong></span> <span class='ocrx_word' id='word_1_31' title='bbox 1981 1035 2048 1097; x_wconf 88' lang='lat' dir='ltr'><strong>in</strong></span> <span class='ocrx_word' id='word_1_32' title='bbox 2080 1034 2199 1097; x_wconf 87' lang='lat' dir='ltr'><strong>hoc</strong></span> <span class='ocrx_word' id='word_1_33' title='bbox 2240 1031 2673 1114; x_wconf 76' lang='lat' dir='ltr'><strong>frontispicio.</strong></span> 
     </span>
    </p>
   </div>
   <div class='ocr_carea' id='block_1_7' title="bbox 702 1188 3525 1295">
    <p class='ocr_par' dir='ltr' id='par_1_7' title="bbox 702 1188 3525 1295">
     <span class='ocr_line' id='line_1_7' title="bbox 702 1188 3525 1295; baseline -0.011 -15"><span class='ocrx_word' id='word_1_34' title='bbox 702 1216 842 1280; x_wconf 77' lang='lat' dir='ltr'><strong>Hoc</strong></span> <span class='ocrx_word' id='word_1_35' title='bbox 878 1211 1163 1295; x_wconf 77' lang='lat' dir='ltr'><strong>pertinet</strong></span> <span class='ocrx_word' id='word_1_36' title='bbox 1183 1225 1350 1270; x_wconf 75' lang='lat' dir='ltr'><strong>nunc</strong></span> <span class='ocrx_word' id='word_1_37' title='bbox 1401 1204 1490 1264; x_wconf 73' lang='lat' dir='ltr'><strong>ad</strong></span> <span class='ocrx_word' id='word_1_38' title='bbox 1509 1200 1753 1281; x_wconf 79' lang='lat' dir='ltr'><strong>Edgari</strong></span> <span class='ocrx_word' id='word_1_39' title='bbox 1782 1198 2141 1260; x_wconf 68' lang='lat' dir='ltr'><strong>institutum</strong></span> <span class='ocrx_word' id='word_1_40' title='bbox 2172 1192 2244 1255; x_wconf 81' lang='lat' dir='ltr'><strong>de</strong></span> <span class='ocrx_word' id='word_1_41' title='bbox 2266 1196 2469 1256; x_wconf 79' lang='lat' dir='ltr'><strong>sacris</strong></span> <span class='ocrx_word' id='word_1_42' title='bbox 2506 1194 2906 1257; x_wconf 67' lang='lat' dir='ltr'><strong>inmatarum</strong></span> <span class='ocrx_word' id='word_1_43' title='bbox 2952 1188 3200 1253; x_wconf 74' lang='lat' dir='ltr'><strong>vivendi</strong></span> <span class='ocrx_word' id='word_1_44' title='bbox 3224 1189 3525 1274; x_wconf 73' lang='lat' dir='ltr'><strong>formula.</strong></span> 
     </span>
    </p>
   </div>
   <div class='ocr_carea' id='block_1_8' title="bbox 1891 1363 2304 1386">
    <p class='ocr_par' dir='ltr' id='par_1_8' title="bbox 1891 1363 2304 1386">
     <span class='ocr_line' id='line_1_8' title="bbox 1891 1363 2304 1386; baseline -0.007 0"><span class='ocrx_word' id='word_1_45' title='bbox 1891 1363 2304 1386; x_wconf 66' lang='lat' dir='ltr'><strong>-———-—-—O</strong></span> 
     </span>
    </p>
   </div>
   <div class='ocr_carea' id='block_1_9' title="bbox 553 1476 3739 1583">
    <p class='ocr_par' dir='ltr' id='par_1_9' title="bbox 553 1476 3739 1583">
     <span class='ocr_line' id='line_1_9' title="bbox 553 1476 3739 1583; baseline -0.008 -12"><span class='ocrx_word' id='word_1_46' title='bbox 553 1515 599 1570; x_wconf 73' lang='lat' dir='ltr'><strong>l.</strong></span> <span class='ocrx_word' id='word_1_47' title='bbox 634 1514 900 1569; x_wconf 81' lang='lat' dir='ltr'><strong>Docemus</strong></span> <span class='ocrx_word' id='word_1_48' title='bbox 929 1518 988 1563; x_wconf 93' lang='lat' dir='ltr'><strong>ut</strong></span> <span class='ocrx_word' id='word_1_49' title='bbox 1016 1507 1111 1563; x_wconf 84' lang='lat' dir='ltr'><strong>Dei</strong></span> <span class='ocrx_word' id='word_1_50' title='bbox 1156 1506 1394 1563; x_wconf 77' lang='lat' dir='ltr'><strong>ministri</strong></span> <span class='ocrx_word' id='word_1_51' title='bbox 1442 1504 1553 1583; x_wconf 75' lang='lat' dir='ltr'><strong>sint</strong></span> <span class='ocrx_word' id='word_1_52' title='bbox 1601 1503 1791 1556; x_wconf 80' lang='lat' dir='ltr'><strong>devote</strong></span> <span class='ocrx_word' id='word_1_53' title='bbox 1819 1498 1932 1553; x_wconf 84' lang='lat' dir='ltr'><strong>Deo</strong></span> <span class='ocrx_word' id='word_1_54' title='bbox 1961 1476 2146 1552; x_wconf 52' lang='lat' dir='ltr'><strong>seIuA</strong></span> <span class='ocrx_word' id='word_1_55' title='bbox 2176 1491 2507 1548; x_wconf 71' lang='lat' dir='ltr'><strong>contumelia</strong></span> <span class='ocrx_word' id='word_1_56' title='bbox 2547 1491 2748 1548; x_wconf 78' lang='lat' dir='ltr'><strong>alliciat</strong></span> <span class='ocrx_word' id='word_1_57' title='bbox 2785 1491 3165 1557; x_wconf 77' lang='lat' dir='ltr'><strong>semidoctum,</strong></span> <span class='ocrx_word' id='word_1_58' title='bbox 3213 1488 3309 1546; x_wconf 89' lang='lat' dir='ltr'><strong>sed</strong></span> <span class='ocrx_word' id='word_1_59' title='bbox 3339 1489 3576 1561; x_wconf 77' lang='lat' dir='ltr'><strong>corrigat</strong></span> <span class='ocrx_word' id='word_1_60' title='bbox 3611 1503 3739 1551; x_wconf 72' lang='lat' dir='ltr'><strong>alat.</strong></span> 
     </span>
    </p>
   </div>
   <div class='ocr_carea' id='block_1_10' title="bbox 486 1582 2634 1668">
    <p class='ocr_par' dir='ltr' id='par_1_10' title="bbox 486 1582 2634 1668">
     <span class='ocr_line' id='line_1_10' title="bbox 486 1582 2634 1668; baseline -0.011 -8"><span class='ocrx_word' id='word_1_61' title='bbox 486 1608 718 1668; x_wconf 61' lang='lat' dir='ltr'><strong>ﬂentes,</strong></span> <span class='ocrx_word' id='word_1_62' title='bbox 745 1612 802 1656; x_wconf 89' lang='lat' dir='ltr'><strong>et</strong></span> <span class='ocrx_word' id='word_1_63' title='bbox 834 1600 1228 1661; x_wconf 66' lang='lat' dir='ltr'><strong>ministrantes,</strong></span> <span class='ocrx_word' id='word_1_64' title='bbox 1251 1593 1305 1653; x_wconf 80' lang='lat' dir='ltr'><strong>et</strong></span> <span class='ocrx_word' id='word_1_65' title='bbox 1348 1606 1451 1668; x_wconf 64' lang='lat' dir='ltr'><strong>pro</strong></span> <span class='ocrx_word' id='word_1_66' title='bbox 1475 1594 1623 1651; x_wconf 81' lang='lat' dir='ltr'><strong>omni</strong></span> <span class='ocrx_word' id='word_1_67' title='bbox 1672 1588 1867 1662; x_wconf 86' lang='lat' dir='ltr'><strong>populo</strong></span> <span class='ocrx_word' id='word_1_68' title='bbox 1919 1588 2076 1643; x_wconf 71' lang='grc' dir='ltr'><strong>ειπε-</strong></span> <span class='ocrx_word' id='word_1_69' title='bbox 2175 1583 2220 1639; x_wconf 83' lang='lat' dir='ltr'><strong>si</strong></span> <span class='ocrx_word' id='word_1_70' title='bbox 2263 1582 2456 1638; x_wconf 88' lang='lat' dir='ltr'><strong>melius</strong></span> <span class='ocrx_word' id='word_1_71' title='bbox 2475 1583 2634 1638; x_wconf 89' lang='lat' dir='ltr'><strong>norit.</strong></span> 
     </span>
    </p>
   </div>
   <div class='ocr_carea' id='block_1_11' title="bbox 486 1677 2079 1756">
    <p class='ocr_par' dir='ltr' id='par_1_11' title="bbox 486 1677 2079 1756">
     <span class='ocr_line' id='line_1_11' title="bbox 486 1677 2079 1756; baseline -0.014 -3"><span class='ocrx_word' id='word_1_72' title='bbox 486 1698 667 1753; x_wconf 83' lang='lat' dir='ltr'><strong>stiano</strong></span> <span class='ocrx_word' id='word_1_73' title='bbox 700 1692 1121 1756; x_wconf 83' lang='lat' dir='ltr'><strong>intercedentes,</strong></span> <span class='ocrx_word' id='word_1_74' title='bbox 1142 1700 1197 1744; x_wconf 83' lang='lat' dir='ltr'><strong>et</strong></span> <span class='ocrx_word' id='word_1_75' title='bbox 1213 1698 1271 1744; x_wconf 81' lang='lat' dir='ltr'><strong>ut</strong></span> <span class='ocrx_word' id='word_1_76' title='bbox 1298 1701 1491 1744; x_wconf 85' lang='lat' dir='ltr'><strong>omnes</strong></span> <span class='ocrx_word' id='word_1_77' title='bbox 1530 1685 1604 1741; x_wconf 83' lang='lat' dir='ltr'><strong>illi</strong></span> <span class='ocrx_word' id='word_1_78' title='bbox 1630 1680 1939 1740; x_wconf 65' lang='lat' dir='ltr'><strong>sanioribus</strong></span> <span class='ocrx_word' id='word_1_79' title='bbox 1964 1677 2079 1732; x_wconf 83' lang='lat' dir='ltr'><strong>suis</strong></span> 
     </span>
    </p>
   </div>
   <div class='ocr_carea' id='block_1_12' title="bbox 492 1769 2079 1846">
    <p class='ocr_par' dir='ltr' id='par_1_12' title="bbox 492 1769 2079 1846">
     <span class='ocr_line' id='line_1_12' title="bbox 492 1769 2079 1846; baseline -0.013 -5"><span class='ocrx_word' id='word_1_80' title='bbox 492 1789 605 1841; x_wconf 85' lang='lat' dir='ltr'><strong>sint</strong></span> <span class='ocrx_word' id='word_1_81' title='bbox 633 1784 818 1842; x_wconf 79' lang='lat' dir='ltr'><strong>ﬁdeles</strong></span> <span class='ocrx_word' id='word_1_82' title='bbox 843 1792 899 1839; x_wconf 88' lang='lat' dir='ltr'><strong>et</strong></span> <span class='ocrx_word' id='word_1_83' title='bbox 921 1781 1256 1844; x_wconf 82' lang='lat' dir='ltr'><strong>obedientes,</strong></span> <span class='ocrx_word' id='word_1_84' title='bbox 1284 1788 1341 1833; x_wconf 82' lang='lat' dir='ltr'><strong>et</strong></span> <span class='ocrx_word' id='word_1_85' title='bbox 1373 1791 1566 1833; x_wconf 77' lang='lat' dir='ltr'><strong>omnes</strong></span> <span class='ocrx_word' id='word_1_86' title='bbox 1590 1770 1823 1846; x_wconf 79' lang='lat' dir='ltr'><strong>promoti</strong></span> <span class='ocrx_word' id='word_1_87' title='bbox 1850 1769 1903 1825; x_wconf 87' lang='lat' dir='ltr'><strong>in</strong></span> <span class='ocrx_word' id='word_1_88' title='bbox 1931 1782 2079 1823; x_wconf 89' lang='lat' dir='ltr'><strong>eom-</strong></span> 
     </span>
    </p>
   </div>
   <div class='ocr_carea' id='block_1_13' title="bbox 488 1859 2083 1941">
    <p class='ocr_par' dir='ltr' id='par_1_13' title="bbox 488 1859 2083 1941">
     <span class='ocr_line' id='line_1_13' title="bbox 488 1859 2083 1941; baseline -0.013 -8"><span class='ocrx_word' id='word_1_89' title='bbox 488 1877 638 1933; x_wconf 83' lang='lat' dir='ltr'><strong>muni</strong></span> <span class='ocrx_word' id='word_1_90' title='bbox 670 1875 1018 1939; x_wconf 81' lang='lat' dir='ltr'><strong>necessitate,</strong></span> <span class='ocrx_word' id='word_1_91' title='bbox 1071 1888 1138 1929; x_wconf 83' lang='lat' dir='ltr'><strong>ae</strong></span> <span class='ocrx_word' id='word_1_92' title='bbox 1164 1880 1235 1927; x_wconf 84' lang='lat' dir='ltr'><strong>ut.</strong></span> <span class='ocrx_word' id='word_1_93' title='bbox 1267 1869 1496 1941; x_wconf 73' lang='lat' dir='ltr'><strong>quilibet</strong></span> <span class='ocrx_word' id='word_1_94' title='bbox 1543 1865 1614 1922; x_wconf 89' lang='lat' dir='ltr'><strong>sit</strong></span> <span class='ocrx_word' id='word_1_95' title='bbox 1644 1864 1766 1935; x_wconf 71' lang='lat' dir='ltr'><strong>aliis</strong></span> <span class='ocrx_word' id='word_1_96' title='bbox 1792 1859 1994 1915; x_wconf 79' lang='lat' dir='ltr'><strong>auxilio</strong></span> <span class='ocrx_word' id='word_1_97' title='bbox 2026 1866 2083 1913; x_wconf 85' lang='lat' dir='ltr'><strong>et</strong></span> 
     </span>
    </p>
   </div>
   <div class='ocr_carea' id='block_1_14' title="bbox 489 1953 2080 2038">
    <p class='ocr_par' dir='ltr' id='par_1_14' title="bbox 489 1953 2080 2038">
     <span class='ocr_line' id='line_1_14' title="bbox 489 1953 2080 2038; baseline -0.011 -15"><span class='ocrx_word' id='word_1_98' title='bbox 489 1967 760 2038; x_wconf 75' lang='lat' dir='ltr'><strong>adiutorio</strong></span> <span class='ocrx_word' id='word_1_99' title='bbox 789 1976 898 2022; x_wconf 84' lang='lat' dir='ltr'><strong>tam</strong></span> <span class='ocrx_word' id='word_1_100' title='bbox 926 1980 1111 2020; x_wconf 84' lang='lat' dir='ltr'><strong>coram</strong></span> <span class='ocrx_word' id='word_1_101' title='bbox 1159 1963 1291 2027; x_wconf 85' lang='lat' dir='ltr'><strong>Deo,</strong></span> <span class='ocrx_word' id='word_1_102' title='bbox 1328 1974 1491 2032; x_wconf 81' lang='lat' dir='ltr'><strong>quam</strong></span> <span class='ocrx_word' id='word_1_103' title='bbox 1536 1972 1719 2013; x_wconf 82' lang='lat' dir='ltr'><strong>coram</strong></span> <span class='ocrx_word' id='word_1_104' title='bbox 1750 1953 2080 2017; x_wconf 83' lang='lat' dir='ltr'><strong>hominibus,</strong></span> 
     </span>
    </p>
   </div>
   <div class='ocr_carea' id='block_1_15' title="bbox 488 2041 2081 2115">
    <p class='ocr_par' dir='ltr' id='par_1_15' title="bbox 488 2041 2081 2115">
     <span class='ocr_line' id='line_1_15' title="bbox 488 2041 2081 2115; baseline -0.011 -2"><span class='ocrx_word' id='word_1_105' title='bbox 488 2070 545 2115; x_wconf 85' lang='lat' dir='ltr'><strong>et</strong></span> <span class='ocrx_word' id='word_1_106' title='bbox 573 2068 633 2112; x_wconf 90' lang='lat' dir='ltr'><strong>ut</strong></span> <span class='ocrx_word' id='word_1_107' title='bbox 659 2057 770 2112; x_wconf 89' lang='lat' dir='ltr'><strong>sint</strong></span> <span class='ocrx_word' id='word_1_108' title='bbox 793 2056 958 2111; x_wconf 86' lang='lat' dir='ltr'><strong>etiam</strong></span> <span class='ocrx_word' id='word_1_109' title='bbox 986 2053 1223 2110; x_wconf 88' lang='lat' dir='ltr'><strong>dominis</strong></span> <span class='ocrx_word' id='word_1_110' title='bbox 1250 2052 1365 2107; x_wconf 84' lang='lat' dir='ltr'><strong>suis</strong></span> <span class='ocrx_word' id='word_1_111' title='bbox 1393 2046 1682 2105; x_wconf 81' lang='lat' dir='ltr'><strong>mundanis</strong></span> <span class='ocrx_word' id='word_1_112' title='bbox 1721 2045 1813 2100; x_wconf 83' lang='lat' dir='ltr'><strong>Ildi</strong></span> <span class='ocrx_word' id='word_1_113' title='bbox 1840 2052 1895 2099; x_wconf 89' lang='lat' dir='ltr'><strong>et</strong></span> <span class='ocrx_word' id='word_1_114' title='bbox 1942 2041 2081 2098; x_wconf 85' lang='lat' dir='ltr'><strong>veri.</strong></span> 
     </span>
    </p>
   </div>
   <div class='ocr_carea' id='block_1_16' title="bbox 560 2132 2089 2212">
    <p class='ocr_par' dir='ltr' id='par_1_16' title="bbox 560 2132 2089 2212">
     <span class='ocr_line' id='line_1_16' title="bbox 560 2132 2089 2212; baseline -0.01 -10"><span class='ocrx_word' id='word_1_115' title='bbox 560 2146 625 2202; x_wconf 85' lang='grc' dir='ltr'>ιι.</span> <span class='ocrx_word' id='word_1_116' title='bbox 663 2147 929 2202; x_wconf 83' lang='lat' dir='ltr'><strong>Docemus</strong></span> <span class='ocrx_word' id='word_1_117' title='bbox 955 2144 1147 2209; x_wconf 85' lang='lat' dir='ltr'><strong>etiam,</strong></span> <span class='ocrx_word' id='word_1_118' title='bbox 1193 2150 1255 2196; x_wconf 88' lang='grc' dir='ltr'><strong>ιιι</strong></span> <span class='ocrx_word' id='word_1_119' title='bbox 1275 2138 1511 2212; x_wconf 73' lang='lat' dir='ltr'><strong>quilibet</strong></span> <span class='ocrx_word' id='word_1_120' title='bbox 1548 2137 1783 2193; x_wconf 83' lang='lat' dir='ltr'><strong>honoret</strong></span> <span class='ocrx_word' id='word_1_121' title='bbox 1827 2132 2089 2197; x_wconf 78' lang='lat' dir='ltr'><strong>alterum,</strong></span> 
     </span>
    </p>
   </div>
   <div class='ocr_carea' id='block_1_17' title="bbox 488 2230 2083 2308">
    <p class='ocr_par' dir='ltr' id='par_1_17' title="bbox 488 2230 2083 2308">
     <span class='ocr_line' id='line_1_17' title="bbox 488 2230 2083 2308; baseline -0.011 -14"><span class='ocrx_word' id='word_1_122' title='bbox 488 2249 546 2294; x_wconf 76' lang='lat' dir='ltr'><strong>et</strong></span> <span class='ocrx_word' id='word_1_123' title='bbox 564 2237 810 2308; x_wconf 89' lang='lat' dir='ltr'><strong>iuniores</strong></span> <span class='ocrx_word' id='word_1_124' title='bbox 830 2236 1115 2307; x_wconf 80' lang='lat' dir='ltr'><strong>diligenter</strong></span> <span class='ocrx_word' id='word_1_125' title='bbox 1136 2234 1359 2289; x_wconf 87' lang='lat' dir='ltr'><strong>audiant</strong></span> <span class='ocrx_word' id='word_1_126' title='bbox 1381 2230 1626 2287; x_wconf 85' lang='lat' dir='ltr'><strong>seniores</strong></span> <span class='ocrx_word' id='word_1_127' title='bbox 1645 2241 1773 2284; x_wconf 88' lang='lat' dir='ltr'><strong>suos</strong></span> <span class='ocrx_word' id='word_1_128' title='bbox 1794 2234 1850 2281; x_wconf 89' lang='lat' dir='ltr'><strong>et</strong></span> <span class='ocrx_word' id='word_1_129' title='bbox 1878 2232 2083 2291; x_wconf 69' lang='lat' dir='ltr'><strong>ament,</strong></span> 
     </span>
    </p>
   </div>
   <div class='ocr_carea' id='block_1_18' title="bbox 490 2320 1840 2398">
    <p class='ocr_par' dir='ltr' id='par_1_18' title="bbox 490 2320 1840 2398">
     <span class='ocr_line' id='line_1_18' title="bbox 490 2320 1840 2398; baseline -0.013 -10"><span class='ocrx_word' id='word_1_130' title='bbox 490 2341 545 2388; x_wconf 79' lang='lat' dir='ltr'><strong>et</strong></span> <span class='ocrx_word' id='word_1_131' title='bbox 576 2331 819 2387; x_wconf 86' lang='lat' dir='ltr'><strong>seniores</strong></span> <span class='ocrx_word' id='word_1_132' title='bbox 848 2328 1137 2398; x_wconf 80' lang='lat' dir='ltr'><strong>diligenter</strong></span> <span class='ocrx_word' id='word_1_133' title='bbox 1166 2324 1397 2382; x_wconf 84' lang='lat' dir='ltr'><strong>doceant</strong></span> <span class='ocrx_word' id='word_1_134' title='bbox 1417 2320 1664 2394; x_wconf 88' lang='lat' dir='ltr'><strong>iuniores</strong></span> <span class='ocrx_word' id='word_1_135' title='bbox 1691 2332 1840 2374; x_wconf 91' lang='lat' dir='ltr'><strong>suos.</strong></span> 
     </span>
    </p>
   </div>
   <div class='ocr_carea' id='block_1_19' title="bbox 576 2406 2086 2484">
    <p class='ocr_par' dir='ltr' id='par_1_19' title="bbox 576 2406 2086 2484">
     <span class='ocr_line' id='line_1_19' title="bbox 576 2406 2086 2484; baseline -0.011 -6"><span class='ocrx_word' id='word_1_136' title='bbox 576 2422 661 2478; x_wconf 92' lang='lat' dir='ltr'><strong>Ill.</strong></span> <span class='ocrx_word' id='word_1_137' title='bbox 698 2423 970 2477; x_wconf 87' lang='lat' dir='ltr'><strong>Docemus</strong></span> <span class='ocrx_word' id='word_1_138' title='bbox 995 2418 1184 2484; x_wconf 88' lang='lat' dir='ltr'><strong>etiam,</strong></span> <span class='ocrx_word' id='word_1_139' title='bbox 1210 2426 1271 2472; x_wconf 89' lang='lat' dir='ltr'><strong>ut</strong></span> <span class='ocrx_word' id='word_1_140' title='bbox 1298 2415 1375 2470; x_wconf 89' lang='lat' dir='ltr'><strong>illi</strong></span> <span class='ocrx_word' id='word_1_141' title='bbox 1401 2414 1468 2469; x_wconf 87' lang='lat' dir='ltr'><strong>ad</strong></span> <span class='ocrx_word' id='word_1_142' title='bbox 1496 2410 1795 2483; x_wconf 86' lang='lat' dir='ltr'><strong>quamlibet</strong></span> <span class='ocrx_word' id='word_1_143' title='bbox 1819 2406 2086 2480; x_wconf 80' lang='lat' dir='ltr'><strong>synodum</strong></span> 
     </span>
    </p>
   </div>
   <div class='ocr_carea' id='block_1_20' title="bbox 493 2494 2088 2583">
    <p class='ocr_par' dir='ltr' id='par_1_20' title="bbox 493 2494 2088 2583">
     <span class='ocr_line' id='line_1_20' title="bbox 493 2494 2088 2583; baseline -0.01 -17"><span class='ocrx_word' id='word_1_144' title='bbox 493 2514 716 2582; x_wconf 72' lang='lat' dir='ltr'><strong>(abeant</strong></span> <span class='ocrx_word' id='word_1_145' title='bbox 742 2512 831 2583; x_wconf 83' lang='lat' dir='ltr'><strong>et).</strong></span> <span class='ocrx_word' id='word_1_146' title='bbox 846 2507 1087 2566; x_wconf 73' lang='lat' dir='ltr'><strong>habeant</strong></span> <span class='ocrx_word' id='word_1_147' title='bbox 1098 2505 1388 2579; x_wconf 84' lang='lat' dir='ltr'><strong>quotannis</strong></span> <span class='ocrx_word' id='word_1_148' title='bbox 1412 2505 1580 2561; x_wconf 86' lang='lat' dir='ltr'><strong>libros</strong></span> <span class='ocrx_word' id='word_1_149' title='bbox 1604 2509 1663 2557; x_wconf 90' lang='lat' dir='ltr'><strong>et</strong></span> <span class='ocrx_word' id='word_1_150' title='bbox 1686 2500 2006 2558; x_wconf 81' lang='lat' dir='ltr'><strong>vestimenta</strong></span> <span class='ocrx_word' id='word_1_151' title='bbox 2020 2494 2088 2551; x_wconf 71' lang='lat' dir='ltr'><strong>ad</strong></span> 
     </span>
    </p>
   </div>
   <div class='ocr_carea' id='block_1_21' title="bbox 434 2601 2091 2680">
    <p class='ocr_par' dir='ltr' id='par_1_21' title="bbox 434 2601 2091 2680">
     <span class='ocr_line' id='line_1_21' title="bbox 434 2601 2091 2680; baseline -0.01 -18"><span class='ocrx_word' id='word_1_152' title='bbox 434 2642 439 2646; x_wconf 61' lang='grc' dir='ltr'><strong>ι</strong></span> <span class='ocrx_word' id='word_1_153' title='bbox 490 2605 769 2661; x_wconf 82' lang='lat' dir='ltr'><strong>servilium</strong></span> <span class='ocrx_word' id='word_1_154' title='bbox 796 2601 1250 2680; x_wconf 69' lang='lat' dir='ltr'><strong>ecclesiasticum,</strong></span> <span class='ocrx_word' id='word_1_155' title='bbox 1278 2607 1338 2655; x_wconf 83' lang='lat' dir='ltr'><strong>et</strong></span> <span class='ocrx_word' id='word_1_156' title='bbox 1360 2603 1799 2653; x_wconf 80' lang='lat' dir='ltr'><strong>atramentumac</strong></span> <span class='ocrx_word' id='word_1_157' title='bbox 1814 2604 2091 2662; x_wconf 77' lang='lat' dir='ltr'><strong>pergame-</strong></span> 
     </span>
    </p>
   </div>
   <div class='ocr_carea' id='block_1_22' title="bbox 495 2686 2092 2756">
    <p class='ocr_par' dir='ltr' id='par_1_22' title="bbox 495 2686 2092 2756">
     <span class='ocr_line' id='line_1_22' title="bbox 495 2686 2092 2756; baseline -0.01 -7"><span class='ocrx_word' id='word_1_158' title='bbox 495 2695 677 2751; x_wconf 86' lang='lat' dir='ltr'><strong>nasad</strong></span> <span class='ocrx_word' id='word_1_159' title='bbox 702 2709 889 2752; x_wconf 80' lang='lat' dir='ltr'><strong>eorum</strong></span> <span class='ocrx_word' id='word_1_160' title='bbox 920 2692 1365 2756; x_wconf 84' lang='lat' dir='ltr'><strong>constitutiones,</strong></span> <span class='ocrx_word' id='word_1_161' title='bbox 1405 2699 1461 2744; x_wconf 90' lang='lat' dir='ltr'><strong>et</strong></span> <span class='ocrx_word' id='word_1_162' title='bbox 1493 2687 1656 2743; x_wconf 77' lang='lat' dir='ltr'><strong>trium</strong></span> <span class='ocrx_word' id='word_1_163' title='bbox 1696 2686 1909 2741; x_wconf 80' lang='lat' dir='ltr'><strong>dierum</strong></span> <span class='ocrx_word' id='word_1_164' title='bbox 1945 2696 2092 2736; x_wconf 86' lang='lat' dir='ltr'><strong>com-</strong></span> 
     </span>
    </p>
   </div>
   <div class='ocr_carea' id='block_1_23' title="bbox 490 2762 1959 2843">
    <p class='ocr_par' dir='ltr' id='par_1_23' title="bbox 490 2762 1959 2843">
     <span class='ocr_line' id='line_1_23' title="bbox 490 2762 1959 2843; baseline -0.006 -3"><span class='ocrx_word' id='word_1_165' title='bbox 490 2795 757 2843; x_wconf 85' lang='lat' dir='ltr'><strong>meatum.</strong></span> <span class='ocrx_word' id='word_1_166' title='bbox 1956 2762 1959 2765; x_wconf 27' lang='lat'><em>‘</em></span> 
     </span>
    </p>
   </div>
   <div class='ocr_carea' id='block_1_24' title="bbox 561 2867 2086 2942">
    <p class='ocr_par' dir='ltr' id='par_1_24' title="bbox 561 2867 2086 2942">
     <span class='ocr_line' id='line_1_24' title="bbox 561 2867 2086 2942; baseline -0.01 -9"><span class='ocrx_word' id='word_1_167' title='bbox 561 2874 653 2933; x_wconf 90' lang='lat' dir='ltr'><strong>IV.</strong></span> <span class='ocrx_word' id='word_1_168' title='bbox 692 2878 964 2934; x_wconf 87' lang='lat' dir='ltr'><strong>Docemus</strong></span> <span class='ocrx_word' id='word_1_169' title='bbox 998 2876 1185 2940; x_wconf 82' lang='lat' dir='ltr'><strong>etiam,</strong></span> <span class='ocrx_word' id='word_1_170' title='bbox 1219 2881 1276 2930; x_wconf 88' lang='lat' dir='ltr'><strong>ut</strong></span> <span class='ocrx_word' id='word_1_171' title='bbox 1305 2872 1565 2931; x_wconf 85' lang='lat' dir='ltr'><strong>sacerdos</strong></span> <span class='ocrx_word' id='word_1_172' title='bbox 1587 2870 1817 2942; x_wconf 86' lang='lat' dir='ltr'><strong>quilibet</strong></span> <span class='ocrx_word' id='word_1_173' title='bbox 1860 2867 1926 2921; x_wconf 85' lang='lat' dir='ltr'><strong>ad</strong></span> <span class='ocrx_word' id='word_1_174' title='bbox 1956 2880 2086 2936; x_wconf 82' lang='lat' dir='ltr'><strong>syn—</strong></span> 
     </span>
    </p>
   </div>
   <div class='ocr_carea' id='block_1_25' title="bbox 492 2964 2088 3039">
    <p class='ocr_par' dir='ltr' id='par_1_25' title="bbox 492 2964 2088 3039">
     <span class='ocr_line' id='line_1_25' title="bbox 492 2964 2088 3039; baseline -0.008 -17"><span class='ocrx_word' id='word_1_175' title='bbox 492 2968 660 3024; x_wconf 82' lang='lat' dir='ltr'><strong>odum</strong></span> <span class='ocrx_word' id='word_1_176' title='bbox 702 2965 977 3039; x_wconf 76' lang='lat' dir='ltr'><strong>(abiens).</strong></span> <span class='ocrx_word' id='word_1_177' title='bbox 1016 2966 1218 3023; x_wconf 82' lang='lat' dir='ltr'><strong>habeat</strong></span> <span class='ocrx_word' id='word_1_178' title='bbox 1265 2964 1526 3021; x_wconf 82' lang='lat' dir='ltr'><strong>clericum</strong></span> <span class='ocrx_word' id='word_1_179' title='bbox 1581 2976 1739 3017; x_wconf 86' lang='lat' dir='ltr'><strong>suum</strong></span> <span class='ocrx_word' id='word_1_180' title='bbox 1794 2970 1851 3014; x_wconf 91' lang='lat' dir='ltr'><strong>et</strong></span> <span class='ocrx_word' id='word_1_181' title='bbox 1901 2965 2088 3028; x_wconf 88' lang='lat' dir='ltr'><strong>aptum</strong></span> 
     </span>
    </p>
   </div>
   <div class='ocr_carea' id='block_1_26' title="bbox 493 3050 2089 3132">
    <p class='ocr_par' dir='ltr' id='par_1_26' title="bbox 493 3050 2089 3132">
     <span class='ocr_line' id='line_1_26' title="bbox 493 3050 2089 3132; baseline -0.009 -18"><span class='ocrx_word' id='word_1_182' title='bbox 493 3059 776 3116; x_wconf 82' lang='lat' dir='ltr'><strong>hominem</strong></span> <span class='ocrx_word' id='word_1_183' title='bbox 825 3075 927 3132; x_wconf 88' lang='lat' dir='ltr'><strong>pro</strong></span> <span class='ocrx_word' id='word_1_184' title='bbox 975 3060 1247 3122; x_wconf 78' lang='lat' dir='ltr'><strong>ministro,</strong></span> <span class='ocrx_word' id='word_1_185' title='bbox 1288 3066 1481 3113; x_wconf 88' lang='lat' dir='ltr'><strong>etnon</strong></span> <span class='ocrx_word' id='word_1_186' title='bbox 1536 3054 1779 3125; x_wconf 76' lang='lat' dir='ltr'><strong>ignotum</strong></span> <span class='ocrx_word' id='word_1_187' title='bbox 1828 3050 2089 3121; x_wconf 81' lang='lat' dir='ltr'><strong>aliquem,</strong></span> 
     </span>
    </p>
   </div>
   <div class='ocr_carea' id='block_1_27' title="bbox 494 3143 2088 3223">
    <p class='ocr_par' dir='ltr' id='par_1_27' title="bbox 494 3143 2088 3223">
     <span class='ocr_line' id='line_1_27' title="bbox 494 3143 2088 3223; baseline -0.008 -14"><span class='ocrx_word' id='word_1_188' title='bbox 494 3153 588 3223; x_wconf 76' lang='lat' dir='ltr'><strong>qui</strong></span> <span class='ocrx_word' id='word_1_189' title='bbox 615 3151 896 3209; x_wconf 83' lang='lat' dir='ltr'><strong>stultitiam</strong></span> <span class='ocrx_word' id='word_1_190' title='bbox 931 3163 1098 3219; x_wconf 85' lang='lat' dir='ltr'><strong>amet,</strong></span> <span class='ocrx_word' id='word_1_191' title='bbox 1124 3152 1216 3209; x_wconf 84' lang='lat' dir='ltr'><strong>sel</strong></span> <span class='ocrx_word' id='word_1_192' title='bbox 1240 3149 1654 3221; x_wconf 81' lang='lat' dir='ltr'><strong>proﬁciscantur</strong></span> <span class='ocrx_word' id='word_1_193' title='bbox 1696 3158 1886 3203; x_wconf 79' lang='lat' dir='ltr'><strong>omnes</strong></span> <span class='ocrx_word' id='word_1_194' title='bbox 1914 3143 1968 3199; x_wconf 89' lang='lat' dir='ltr'><strong>in</strong></span> <span class='ocrx_word' id='word_1_195' title='bbox 1993 3157 2088 3197; x_wconf 84' lang='lat' dir='ltr'><strong>or-</strong></span> 
     </span>
    </p>
   </div>
   <div class='ocr_carea' id='block_1_28' title="bbox 494 3240 1594 3313">
    <p class='ocr_par' dir='ltr' id='par_1_28' title="bbox 494 3240 1594 3313">
     <span class='ocr_line' id='line_1_28' title="bbox 494 3240 1594 3313; baseline -0.008 -11"><span class='ocrx_word' id='word_1_196' title='bbox 494 3246 705 3303; x_wconf 22' lang='lat' dir='ltr'><strong>dineiet</strong></span> <span class='ocrx_word' id='word_1_197' title='bbox 741 3245 796 3300; x_wconf 90' lang='lat' dir='ltr'><strong>in</strong></span> <span class='ocrx_word' id='word_1_198' title='bbox 841 3244 935 3302; x_wconf 85' lang='lat' dir='ltr'><strong>Dei</strong></span> <span class='ocrx_word' id='word_1_199' title='bbox 960 3241 1347 3313; x_wconf 80' lang='lat' dir='ltr'><strong>omnipotentis</strong></span> <span class='ocrx_word' id='word_1_200' title='bbox 1373 3240 1594 3296; x_wconf 82' lang='lat' dir='ltr'><strong>timore.</strong></span> 
     </span>
    </p>
   </div>
   <div class='ocr_carea' id='block_1_29' title="bbox 575 3322 2092 3403">
    <p class='ocr_par' dir='ltr' id='par_1_29' title="bbox 575 3322 2092 3403">
     <span class='ocr_line' id='line_1_29' title="bbox 575 3322 2092 3403; baseline -0.005 -14"><span class='ocrx_word' id='word_1_201' title='bbox 575 3333 641 3391; x_wconf 73' lang='grc' dir='ltr'><strong>ν.</strong></span> <span class='ocrx_word' id='word_1_202' title='bbox 678 3335 947 3392; x_wconf 88' lang='lat' dir='ltr'><strong>Docemus</strong></span> <span class='ocrx_word' id='word_1_203' title='bbox 971 3334 1157 3399; x_wconf 88' lang='lat' dir='ltr'><strong>etiam,</strong></span> <span class='ocrx_word' id='word_1_204' title='bbox 1183 3341 1243 3387; x_wconf 91' lang='lat' dir='ltr'><strong>ut</strong></span> <span class='ocrx_word' id='word_1_205' title='bbox 1267 3331 1503 3403; x_wconf 85' lang='lat' dir='ltr'><strong>quilibet</strong></span> <span class='ocrx_word' id='word_1_206' title='bbox 1525 3328 1783 3384; x_wconf 85' lang='lat' dir='ltr'><strong>sacerdos</strong></span> <span class='ocrx_word' id='word_1_207' title='bbox 1802 3327 1854 3382; x_wconf 87' lang='lat' dir='ltr'><strong>in</strong></span> <span class='ocrx_word' id='word_1_208' title='bbox 1885 3322 2092 3396; x_wconf 81' lang='lat' dir='ltr'><strong>synodo</strong></span> 
     </span>
    </p>
   </div>
   <div class='ocr_carea' id='block_1_30' title="bbox 497 3418 2087 3497">
    <p class='ocr_par' dir='ltr' id='par_1_30' title="bbox 497 3418 2087 3497">
     <span class='ocr_line' id='line_1_30' title="bbox 497 3418 2087 3497; baseline -0.01 -14"><span class='ocrx_word' id='word_1_209' title='bbox 497 3425 763 3491; x_wconf 73' lang='lat' dir='ltr'><strong>cunmtiet,</strong></span> <span class='ocrx_word' id='word_1_210' title='bbox 813 3424 857 3480; x_wconf 89' lang='lat' dir='ltr'><strong>si</strong></span> <span class='ocrx_word' id='word_1_211' title='bbox 899 3423 1029 3497; x_wconf 84' lang='lat' dir='ltr'><strong>quid</strong></span> <span class='ocrx_word' id='word_1_212' title='bbox 1065 3422 1119 3479; x_wconf 89' lang='lat' dir='ltr'><strong>ei</strong></span> <span class='ocrx_word' id='word_1_213' title='bbox 1164 3430 1380 3488; x_wconf 85' lang='lat' dir='ltr'><strong>noceat,</strong></span> <span class='ocrx_word' id='word_1_214' title='bbox 1412 3430 1467 3477; x_wconf 89' lang='lat' dir='ltr'><strong>et</strong></span> <span class='ocrx_word' id='word_1_215' title='bbox 1513 3421 1560 3476; x_wconf 89' lang='lat' dir='ltr'><strong>si</strong></span> <span class='ocrx_word' id='word_1_216' title='bbox 1592 3418 1791 3488; x_wconf 83' lang='lat' dir='ltr'><strong>aliquis</strong></span> <span class='ocrx_word' id='word_1_217' title='bbox 1840 3430 2087 3487; x_wconf 78' lang='lat' dir='ltr'><strong>magnam</strong></span> 
     </span>
    </p>
   </div>
   <div class='ocr_carea' id='block_1_31' title="bbox 501 3508 2093 3590">
    <p class='ocr_par' dir='ltr' id='par_1_31' title="bbox 501 3508 2093 3590">
     <span class='ocr_line' id='line_1_31' title="bbox 501 3508 2093 3590; baseline -0.007 -16"><span class='ocrx_word' id='word_1_218' title='bbox 501 3521 613 3590; x_wconf 86' lang='lat' dir='ltr'><strong>ipsi</strong></span> <span class='ocrx_word' id='word_1_219' title='bbox 640 3518 894 3588; x_wconf 83' lang='lat' dir='ltr'><strong>iniuriam</strong></span> <span class='ocrx_word' id='word_1_220' title='bbox 949 3516 1139 3573; x_wconf 80' lang='lat' dir='ltr'><strong>iecerit</strong></span> <span class='ocrx_word' id='word_1_221' title='bbox 1163 3534 1179 3583; x_wconf 84' lang='lat'><strong>;</strong></span> <span class='ocrx_word' id='word_1_222' title='bbox 1204 3525 1260 3571; x_wconf 89' lang='lat' dir='ltr'><strong>et</strong></span> <span class='ocrx_word' id='word_1_223' title='bbox 1310 3528 1439 3571; x_wconf 86' lang='lat' dir='ltr'><strong>tunc</strong></span> <span class='ocrx_word' id='word_1_224' title='bbox 1467 3513 1542 3569; x_wconf 89' lang='lat' dir='ltr'><strong>illi</strong></span> <span class='ocrx_word' id='word_1_225' title='bbox 1572 3527 1763 3568; x_wconf 87' lang='lat' dir='ltr'><strong>omnes</strong></span> <span class='ocrx_word' id='word_1_226' title='bbox 1790 3508 2093 3579; x_wconf 83' lang='lat' dir='ltr'><strong>suscipiant</strong></span> 
     </span>
    </p>
   </div>
   <div class='ocr_carea' id='block_1_32' title="bbox 498 3603 2099 3688">
    <p class='ocr_par' dir='ltr' id='par_1_32' title="bbox 498 3603 2099 3688">
     <span class='ocr_line' id='line_1_32' title="bbox 498 3603 2099 3688; baseline -0.01 -22"><span class='ocrx_word' id='word_1_227' title='bbox 498 3610 655 3688; x_wconf 78' lang='lat' dir='ltr'><strong>quasi</strong></span> <span class='ocrx_word' id='word_1_228' title='bbox 690 3609 794 3666; x_wconf 82' lang='lat' dir='ltr'><strong>sibi</strong></span> <span class='ocrx_word' id='word_1_229' title='bbox 824 3609 1076 3665; x_wconf 82' lang='lat' dir='ltr'><strong>omnibus</strong></span> <span class='ocrx_word' id='word_1_230' title='bbox 1100 3606 1406 3672; x_wconf 65' lang='lat' dir='ltr'><strong>factam,et</strong></span> <span class='ocrx_word' id='word_1_231' title='bbox 1451 3605 1715 3676; x_wconf 67' lang='lat' dir='ltr'><strong>adiuvent</strong></span> <span class='ocrx_word' id='word_1_232' title='bbox 1738 3603 1804 3658; x_wconf 90' lang='lat' dir='ltr'><strong>ad</strong></span> <span class='ocrx_word' id='word_1_233' title='bbox 1833 3613 2099 3669; x_wconf 41' lang='lat' dir='ltr'><strong>compeng</strong></span> 
     </span>
    </p>
   </div>
   <div class='ocr_carea' id='block_1_33' title="bbox 498 3700 1701 3775">
    <p class='ocr_par' dir='ltr' id='par_1_33' title="bbox 498 3700 1701 3775">
     <span class='ocr_line' id='line_1_33' title="bbox 498 3700 1701 3775; baseline -0.007 -13"><span class='ocrx_word' id='word_1_234' title='bbox 498 3706 792 3772; x_wconf 80' lang='lat' dir='ltr'><strong>sationem,</strong></span> <span class='ocrx_word' id='word_1_235' title='bbox 820 3704 1001 3775; x_wconf 78' lang='lat' dir='ltr'><strong>prou;i</strong></span> <span class='ocrx_word' id='word_1_236' title='bbox 1015 3704 1311 3774; x_wconf 77' lang='lat' dir='ltr'><strong>episcopus</strong></span> <span class='ocrx_word' id='word_1_237' title='bbox 1333 3700 1701 3758; x_wconf 82' lang='lat' dir='ltr'><strong>annotaverit.</strong></span> 
     </span>
    </p>
   </div>
   <div class='ocr_carea' id='block_1_34' title="bbox 575 3789 2091 3865">
    <p class='ocr_par' dir='ltr' id='par_1_34' title="bbox 575 3789 2091 3865">
     <span class='ocr_line' id='line_1_34' title="bbox 575 3789 2091 3865; baseline -0.003 -14"><span class='ocrx_word' id='word_1_238' title='bbox 575 3796 669 3855; x_wconf 79' lang='lat' dir='ltr'><strong>Vl.</strong></span> <span class='ocrx_word' id='word_1_239' title='bbox 698 3798 966 3854; x_wconf 85' lang='lat' dir='ltr'><strong>Docemus</strong></span> <span class='ocrx_word' id='word_1_240' title='bbox 1008 3797 1196 3861; x_wconf 79' lang='lat' dir='ltr'><strong>etiam,</strong></span> <span class='ocrx_word' id='word_1_241' title='bbox 1245 3802 1303 3852; x_wconf 83' lang='lat' dir='ltr'><strong>ut</strong></span> <span class='ocrx_word' id='word_1_242' title='bbox 1342 3794 1579 3865; x_wconf 78' lang='lat' dir='ltr'><strong>quilibet</strong></span> <span class='ocrx_word' id='word_1_243' title='bbox 1598 3790 1854 3849; x_wconf 80' lang='lat' dir='ltr'><strong>sacerdos</strong></span> <span class='ocrx_word' id='word_1_244' title='bbox 1880 3789 1937 3845; x_wconf 85' lang='lat' dir='ltr'><strong>in</strong></span> <span class='ocrx_word' id='word_1_245' title='bbox 1962 3802 2091 3859; x_wconf 72' lang='lat' dir='ltr'><strong>syn-</strong></span> 
     </span>
    </p>
   </div>
   <div class='ocr_carea' id='block_1_35' title="bbox 500 3878 2091 3957">
    <p class='ocr_par' dir='ltr' id='par_1_35' title="bbox 500 3878 2091 3957">
     <span class='ocr_line' id='line_1_35' title="bbox 500 3878 2091 3957; baseline -0.009 -12"><span class='ocrx_word' id='word_1_246' title='bbox 500 3891 607 3947; x_wconf 89' lang='lat' dir='ltr'><strong>odo</strong></span> <span class='ocrx_word' id='word_1_247' title='bbox 660 3888 925 3955; x_wconf 84' lang='lat' dir='ltr'><strong>enuntiet,</strong></span> <span class='ocrx_word' id='word_1_248' title='bbox 976 3887 1027 3944; x_wconf 89' lang='lat' dir='ltr'><strong>si</strong></span> <span class='ocrx_word' id='word_1_249' title='bbox 1065 3886 1120 3942; x_wconf 90' lang='lat' dir='ltr'><strong>in</strong></span> <span class='ocrx_word' id='word_1_250' title='bbox 1171 3885 1426 3957; x_wconf 82' lang='lat' dir='ltr'><strong>parocbia</strong></span> <span class='ocrx_word' id='word_1_251' title='bbox 1471 3900 1567 3941; x_wconf 85' lang='lat' dir='ltr'><strong>suo</strong></span> <span class='ocrx_word' id='word_1_252' title='bbox 1616 3888 1806 3938; x_wconf 84' lang='lat' dir='ltr'><strong>noscat</strong></span> <span class='ocrx_word' id='word_1_253' title='bbox 1855 3878 2091 3947; x_wconf 72' lang='lat' dir='ltr'><strong>aliquem</strong></span> 
     </span>
    </p>
   </div>
   <div class='ocr_carea' id='block_1_36' title="bbox 499 3976 2095 4052">
    <p class='ocr_par' dir='ltr' id='par_1_36' title="bbox 499 3976 2095 4052">
     <span class='ocr_line' id='line_1_36' title="bbox 499 3976 2095 4052; baseline -0.009 -16"><span class='ocrx_word' id='word_1_254' title='bbox 499 3996 629 4052; x_wconf 78' lang='lat' dir='ltr'><strong>erga</strong></span> <span class='ocrx_word' id='word_1_255' title='bbox 663 3981 835 4038; x_wconf 86' lang='lat' dir='ltr'><strong>Deum</strong></span> <span class='ocrx_word' id='word_1_256' title='bbox 863 3988 1259 4043; x_wconf 64' lang='lat' dir='ltr'><strong>contumacem,</strong></span> <span class='ocrx_word' id='word_1_257' title='bbox 1286 3977 1369 4034; x_wconf 80' lang='lat' dir='ltr'><strong>vel</strong></span> <span class='ocrx_word' id='word_1_258' title='bbox 1393 3977 1489 4046; x_wconf 82' lang='lat' dir='ltr'><strong>qui</strong></span> <span class='ocrx_word' id='word_1_259' title='bbox 1535 3976 1589 4031; x_wconf 85' lang='lat' dir='ltr'><strong>in</strong></span> <span class='ocrx_word' id='word_1_260' title='bbox 1624 3980 1908 4044; x_wconf 84' lang='lat' dir='ltr'><strong>peccatum</strong></span> <span class='ocrx_word' id='word_1_261' title='bbox 1944 3984 2095 4024; x_wconf 63' lang='lat' dir='ltr'><strong>mor-</strong></span> 
     </span>
    </p>
   </div>
   <div class='ocr_carea' id='block_1_37' title="bbox 503 4058 2094 4139">
    <p class='ocr_par' dir='ltr' id='par_1_37' title="bbox 503 4058 2094 4139">
     <span class='ocr_line' id='line_1_37' title="bbox 503 4058 2094 4139; baseline -0.009 -13"><span class='ocrx_word' id='word_1_262' title='bbox 503 4073 612 4129; x_wconf 82' lang='lat' dir='ltr'><strong>tale</strong></span> <span class='ocrx_word' id='word_1_263' title='bbox 654 4072 796 4131; x_wconf 81' lang='lat' dir='ltr'><strong>male</strong></span> <span class='ocrx_word' id='word_1_264' title='bbox 828 4058 1127 4136; x_wconf 75' lang='lat' dir='ltr'><strong>inciderit,</strong></span> <span class='ocrx_word' id='word_1_265' title='bbox 1149 4082 1311 4139; x_wconf 87' lang='lat' dir='ltr'><strong>quem</strong></span> <span class='ocrx_word' id='word_1_266' title='bbox 1370 4067 1437 4123; x_wconf 85' lang='lat' dir='ltr'><strong>ad</strong></span> <span class='ocrx_word' id='word_1_267' title='bbox 1466 4063 1905 4121; x_wconf 68' lang='lat' dir='ltr'><strong>emendationem</strong></span> <span class='ocrx_word' id='word_1_268' title='bbox 1937 4058 2094 4115; x_wconf 79' lang='lat' dir='ltr'><strong>incli—</strong></span> 
     </span>
    </p>
   </div>
   <div class='ocr_carea' id='block_1_38' title="bbox 503 4154 1904 4237">
    <p class='ocr_par' dir='ltr' id='par_1_38' title="bbox 503 4154 1904 4237">
     <span class='ocr_line' id='line_1_38' title="bbox 503 4154 1904 4237; baseline -0.008 -16"><span class='ocrx_word' id='word_1_269' title='bbox 503 4180 638 4221; x_wconf 86' lang='lat' dir='ltr'><strong>nare</strong></span> <span class='ocrx_word' id='word_1_270' title='bbox 663 4165 872 4237; x_wconf 76' lang='lat' dir='ltr'><strong>nequit.</strong></span> <span class='ocrx_word' id='word_1_271' title='bbox 905 4163 990 4219; x_wconf 66' lang='lat' dir='ltr'><strong>vel</strong></span> <span class='ocrx_word' id='word_1_272' title='bbox 1018 4177 1125 4218; x_wconf 81' lang='lat' dir='ltr'><strong>non</strong></span> <span class='ocrx_word' id='word_1_273' title='bbox 1149 4161 1319 4217; x_wconf 82' lang='lat' dir='ltr'><strong>audet</strong></span> <span class='ocrx_word' id='word_1_274' title='bbox 1341 4168 1577 4230; x_wconf 78' lang='lat' dir='ltr'><strong>propter-</strong></span> <span class='ocrx_word' id='word_1_275' title='bbox 1593 4154 1904 4211; x_wconf 71' lang='lat' dir='ltr'><strong>saeculares.</strong></span> 
     </span>
    </p>
   </div>
   <div class='ocr_carea' id='block_1_39' title="bbox 578 4242 2088 4317">
    <p class='ocr_par' dir='ltr' id='par_1_39' title="bbox 578 4242 2088 4317">
     <span class='ocr_line' id='line_1_39' title="bbox 578 4242 2088 4317; baseline -0.009 -7"><span class='ocrx_word' id='word_1_276' title='bbox 578 4254 686 4313; x_wconf 81' lang='lat' dir='ltr'><strong>VII.</strong></span> <span class='ocrx_word' id='word_1_277' title='bbox 725 4255 992 4311; x_wconf 86' lang='lat' dir='ltr'><strong>Docemus</strong></span> <span class='ocrx_word' id='word_1_278' title='bbox 1038 4253 1227 4317; x_wconf 87' lang='lat' dir='ltr'><strong>etiam,</strong></span> <span class='ocrx_word' id='word_1_279' title='bbox 1272 4258 1332 4305; x_wconf 91' lang='grc' dir='ltr'><strong>ιιι</strong></span> <span class='ocrx_word' id='word_1_280' title='bbox 1378 4248 1581 4309; x_wconf 86' lang='lat' dir='ltr'><strong>nullum</strong></span> <span class='ocrx_word' id='word_1_281' title='bbox 1618 4245 1915 4316; x_wconf 79' lang='lat' dir='ltr'><strong>negotium,</strong></span> <span class='ocrx_word' id='word_1_282' title='bbox 1943 4242 2088 4312; x_wconf 86' lang='lat' dir='ltr'><strong>quod</strong></span> 
     </span>
    </p>
   </div>
   <div class='ocr_carea' id='block_1_40' title="bbox 506 4335 2090 4414">
    <p class='ocr_par' dir='ltr' id='par_1_40' title="bbox 506 4335 2090 4414">
     <span class='ocr_line' id='line_1_40' title="bbox 506 4335 2090 4414; baseline -0.01 -11"><span class='ocrx_word' id='word_1_283' title='bbox 506 4350 652 4404; x_wconf 89' lang='lat' dir='ltr'><strong>inter</strong></span> <span class='ocrx_word' id='word_1_284' title='bbox 666 4347 982 4403; x_wconf 83' lang='lat' dir='ltr'><strong>sacerdotes</strong></span> <span class='ocrx_word' id='word_1_285' title='bbox 993 4353 1107 4414; x_wconf 59' lang='lat' dir='ltr'><strong>est,</strong></span> <span class='ocrx_word' id='word_1_286' title='bbox 1122 4345 1405 4411; x_wconf 66' lang='lat' dir='ltr'><strong>deferatur</strong></span> <span class='ocrx_word' id='word_1_287' title='bbox 1428 4341 1497 4396; x_wconf 84' lang='lat' dir='ltr'><strong>ad</strong></span> <span class='ocrx_word' id='word_1_288' title='bbox 1517 4337 1781 4411; x_wconf 86' lang='lat' dir='ltr'><strong>iudicium</strong></span> <span class='ocrx_word' id='word_1_289' title='bbox 1807 4335 2090 4402; x_wconf 68' lang='lat' dir='ltr'><strong>saeculum,</strong></span> 
     </span>
    </p>
   </div>
   <div class='ocr_carea' id='block_1_41' title="bbox 505 4420 2090 4513">
    <p class='ocr_par' dir='ltr' id='par_1_41' title="bbox 505 4420 2090 4513">
     <span class='ocr_line' id='line_1_41' title="bbox 505 4420 2090 4513; baseline -0.01 -16"><span class='ocrx_word' id='word_1_290' title='bbox 505 4440 602 4497; x_wconf 83' lang='lat' dir='ltr'><strong>sed</strong></span> <span class='ocrx_word' id='word_1_291' title='bbox 630 4446 984 4513; x_wconf 82' lang='lat' dir='ltr'><strong>componant,</strong></span> <span class='ocrx_word' id='word_1_292' title='bbox 1013 4453 1078 4493; x_wconf 90' lang='lat' dir='ltr'><strong>ac</strong></span> <span class='ocrx_word' id='word_1_293' title='bbox 1107 4420 1394 4509; x_wconf 80' lang='lat' dir='ltr'><strong>pacilicent</strong></span> <span class='ocrx_word' id='word_1_294' title='bbox 1418 4432 1594 4507; x_wconf 83' lang='lat' dir='ltr'><strong>(illud)</strong></span> <span class='ocrx_word' id='word_1_295' title='bbox 1631 4430 1839 4502; x_wconf 85' lang='lat' dir='ltr'><strong>proprii</strong></span> <span class='ocrx_word' id='word_1_296' title='bbox 1875 4429 2090 4485; x_wconf 86' lang='lat' dir='ltr'><strong>illorum</strong></span> 
     </span>
    </p>
   </div>
   <div class='ocr_carea' id='block_1_42' title="bbox 506 4521 2018 4598">
    <p class='ocr_par' dir='ltr' id='par_1_42' title="bbox 506 4521 2018 4598">
     <span class='ocr_line' id='line_1_42' title="bbox 506 4521 2018 4598; baseline -0.009 -10"><span class='ocrx_word' id='word_1_297' title='bbox 506 4528 663 4598; x_wconf 86' lang='lat' dir='ltr'><strong>socii,</strong></span> <span class='ocrx_word' id='word_1_298' title='bbox 698 4531 779 4587; x_wconf 87' lang='lat' dir='ltr'><strong>vel</strong></span> <span class='ocrx_word' id='word_1_299' title='bbox 819 4528 1233 4586; x_wconf 84' lang='lat' dir='ltr'><strong>transferantad</strong></span> <span class='ocrx_word' id='word_1_300' title='bbox 1262 4528 1574 4598; x_wconf 75' lang='lat' dir='ltr'><strong>episcopum</strong></span> <span class='ocrx_word' id='word_1_301' title='bbox 1600 4525 1645 4581; x_wconf 88' lang='lat' dir='ltr'><strong>si</strong></span> <span class='ocrx_word' id='word_1_302' title='bbox 1672 4538 1809 4594; x_wconf 89' lang='lat' dir='ltr'><strong>opus</strong></span> <span class='ocrx_word' id='word_1_303' title='bbox 1832 4521 2018 4577; x_wconf 80' lang='lat' dir='ltr'><strong>fuerit.</strong></span> 
     </span>
    </p>
   </div>
   <div class='ocr_carea' id='block_1_43' title="bbox 585 4613 2097 4691">
    <p class='ocr_par' dir='ltr' id='par_1_43' title="bbox 585 4613 2097 4691">
     <span class='ocr_line' id='line_1_43' title="bbox 585 4613 2097 4691; baseline -0.008 -17"><span class='ocrx_word' id='word_1_304' title='bbox 585 4618 714 4675; x_wconf 85' lang='lat' dir='ltr'><strong>VIII.</strong></span> <span class='ocrx_word' id='word_1_305' title='bbox 752 4621 1021 4677; x_wconf 84' lang='lat' dir='ltr'><strong>Docemus</strong></span> <span class='ocrx_word' id='word_1_306' title='bbox 1066 4619 1349 4691; x_wconf 10' lang='lat' dir='ltr'><strong>etiannlut</strong></span> <span class='ocrx_word' id='word_1_307' title='bbox 1393 4614 1574 4670; x_wconf 87' lang='lat' dir='ltr'><strong>nullus</strong></span> <span class='ocrx_word' id='word_1_308' title='bbox 1596 4613 1879 4685; x_wconf 69' lang='lat' dir='ltr'><strong>presbyter</strong></span> <span class='ocrx_word' id='word_1_309' title='bbox 1902 4616 2097 4681; x_wconf 84' lang='lat' dir='ltr'><strong>sponte</strong></span> 
     </span>
    </p>
   </div>
   <div class='ocr_carea' id='block_1_44' title="bbox 505 4704 2099 4775">
    <p class='ocr_par' dir='ltr' id='par_1_44' title="bbox 505 4704 2099 4775">
     <span class='ocr_line' id='line_1_44' title="bbox 505 4704 2099 4775; baseline -0.008 -8"><span class='ocrx_word' id='word_1_310' title='bbox 505 4712 805 4768; x_wconf 80' lang='lat' dir='ltr'><strong>ecclesiam</strong></span> <span class='ocrx_word' id='word_1_311' title='bbox 827 4712 1067 4775; x_wconf 84' lang='lat' dir='ltr'><strong>deserat,</strong></span> <span class='ocrx_word' id='word_1_312' title='bbox 1108 4711 1197 4767; x_wconf 87' lang='lat' dir='ltr'><strong>cui</strong></span> <span class='ocrx_word' id='word_1_313' title='bbox 1231 4716 1579 4768; x_wconf 82' lang='lat' dir='ltr'><strong>consecratus</strong></span> <span class='ocrx_word' id='word_1_314' title='bbox 1602 4714 1747 4774; x_wconf 85' lang='lat' dir='ltr'><strong>erat,</strong></span> <span class='ocrx_word' id='word_1_315' title='bbox 1772 4704 1866 4761; x_wconf 88' lang='lat' dir='ltr'><strong>sed</strong></span> <span class='ocrx_word' id='word_1_316' title='bbox 1902 4704 2099 4761; x_wconf 83' lang='lat' dir='ltr'><strong>haLeat</strong></span> 
     </span>
    </p>
   </div>
   <div class='ocr_carea' id='block_1_45' title="bbox 515 4803 1327 4874">
    <p class='ocr_par' dir='ltr' id='par_1_45' title="bbox 515 4803 1327 4874">
     <span class='ocr_line' id='line_1_45' title="bbox 515 4803 1327 4874; baseline -0.001 -17"><span class='ocrx_word' id='word_1_317' title='bbox 515 4819 637 4858; x_wconf 78' lang='lat' dir='ltr'><strong>eam</strong></span> <span class='ocrx_word' id='word_1_318' title='bbox 668 4818 766 4874; x_wconf 82' lang='lat' dir='ltr'><strong>pro</strong></span> <span class='ocrx_word' id='word_1_319' title='bbox 800 4803 1039 4874; x_wconf 73' lang='lat' dir='ltr'><strong>legitima</strong></span> <span class='ocrx_word' id='word_1_320' title='bbox 1068 4803 1327 4873; x_wconf 58' lang='lat' dir='ltr'><strong>coniuge;</strong></span> 
     </span>
    </p>
   </div>
   <div class='ocr_carea' id='block_1_46' title="bbox 585 4884 2097 4961">
    <p class='ocr_par' dir='ltr' id='par_1_46' title="bbox 585 4884 2097 4961">
     <span class='ocr_line' id='line_1_46' title="bbox 585 4884 2097 4961; baseline -0.007 -12"><span class='ocrx_word' id='word_1_321' title='bbox 585 4894 676 4950; x_wconf 84' lang='lat' dir='ltr'><strong>IX.</strong></span> <span class='ocrx_word' id='word_1_322' title='bbox 718 4894 984 4950; x_wconf 84' lang='lat' dir='ltr'><strong>Docemus</strong></span> <span class='ocrx_word' id='word_1_323' title='bbox 1005 4895 1206 4961; x_wconf 68' lang='lat' dir='ltr'><strong>etiam,</strong></span> <span class='ocrx_word' id='word_1_324' title='bbox 1230 4901 1289 4947; x_wconf 88' lang='grc' dir='ltr'><strong>ιιι</strong></span> <span class='ocrx_word' id='word_1_325' title='bbox 1317 4891 1497 4947; x_wconf 90' lang='lat' dir='ltr'><strong>nullus</strong></span> <span class='ocrx_word' id='word_1_326' title='bbox 1536 4890 1790 4945; x_wconf 81' lang='lat' dir='ltr'><strong>sacerdos</strong></span> <span class='ocrx_word' id='word_1_327' title='bbox 1812 4886 1969 4942; x_wconf 80' lang='lat' dir='ltr'><strong>iaciat</strong></span> <span class='ocrx_word' id='word_1_328' title='bbox 1997 4884 2097 4939; x_wconf 91' lang='lat' dir='ltr'><strong>ali-</strong></span> 
     </span>
    </p>
   </div>
   <div class='ocr_carea' id='block_1_47' title="bbox 510 4976 2099 5056">
    <p class='ocr_par' dir='ltr' id='par_1_47' title="bbox 510 4976 2099 5056">
     <span class='ocr_line' id='line_1_47' title="bbox 510 4976 2099 5056; baseline -0.006 -16"><span class='ocrx_word' id='word_1_329' title='bbox 510 4987 642 5056; x_wconf 90' lang='lat' dir='ltr'><strong>quid</strong></span> <span class='ocrx_word' id='word_1_330' title='bbox 669 5001 879 5051; x_wconf 89' lang='lat' dir='ltr'><strong>corum,</strong></span> <span class='ocrx_word' id='word_1_331' title='bbox 903 4999 1023 5055; x_wconf 67' lang='lat' dir='ltr'><strong>qua:</strong></span> <span class='ocrx_word' id='word_1_332' title='bbox 1051 4984 1116 5039; x_wconf 89' lang='lat' dir='ltr'><strong>ad</strong></span> <span class='ocrx_word' id='word_1_333' title='bbox 1146 4984 1376 5038; x_wconf 89' lang='lat' dir='ltr'><strong>alterum</strong></span> <span class='ocrx_word' id='word_1_334' title='bbox 1408 4989 1686 5051; x_wconf 85' lang='lat' dir='ltr'><strong>spectant;</strong></span> <span class='ocrx_word' id='word_1_335' title='bbox 1713 4995 1819 5033; x_wconf 89' lang='lat' dir='ltr'><strong>non</strong></span> <span class='ocrx_word' id='word_1_336' title='bbox 1847 4979 1898 5033; x_wconf 91' lang='lat' dir='ltr'><strong>in</strong></span> <span class='ocrx_word' id='word_1_337' title='bbox 1927 4976 2099 5032; x_wconf 90' lang='lat' dir='ltr'><strong>cccle-</strong></span> 
     </span>
    </p>
   </div>
   <div class='ocr_carea' id='block_1_48' title="bbox 2249 1674 3741 1743">
    <p class='ocr_par' dir='ltr' id='par_1_48' title="bbox 2249 1674 3741 1743">
     <span class='ocr_line' id='line_1_48' title="bbox 2249 1674 3741 1743; baseline 0.001 -13"><span class='ocrx_word' id='word_1_338' title='bbox 2249 1676 2387 1731; x_wconf 80' lang='lat' dir='ltr'><strong>Xlll.</strong></span> <span class='ocrx_word' id='word_1_339' title='bbox 2427 1677 2690 1733; x_wconf 87' lang='lat' dir='ltr'><strong>Docemus</strong></span> <span class='ocrx_word' id='word_1_340' title='bbox 2717 1676 2908 1743; x_wconf 84' lang='lat' dir='ltr'><strong>etiam,</strong></span> <span class='ocrx_word' id='word_1_341' title='bbox 2944 1685 3003 1732; x_wconf 85' lang='lat' dir='ltr'><strong>ut</strong></span> <span class='ocrx_word' id='word_1_342' title='bbox 3045 1676 3224 1733; x_wconf 86' lang='lat' dir='ltr'><strong>nullus</strong></span> <span class='ocrx_word' id='word_1_343' title='bbox 3261 1676 3522 1734; x_wconf 83' lang='lat' dir='ltr'><strong>sacerdos</strong></span> <span class='ocrx_word' id='word_1_344' title='bbox 3565 1674 3741 1732; x_wconf 79' lang='lat' dir='ltr'><strong>illustri</strong></span> 
     </span>
    </p>
   </div>
   <div class='ocr_carea' id='block_1_49' title="bbox 2180 1767 3740 1834">
    <p class='ocr_par' dir='ltr' id='par_1_49' title="bbox 2180 1767 3740 1834">
     <span class='ocr_line' id='line_1_49' title="bbox 2180 1767 3740 1834; baseline -0.003 -8"><span class='ocrx_word' id='word_1_345' title='bbox 2180 1770 2301 1826; x_wconf 84' lang='lat' dir='ltr'><strong>loco</strong></span> <span class='ocrx_word' id='word_1_346' title='bbox 2332 1779 2514 1834; x_wconf 81' lang='lat' dir='ltr'><strong>natus,</strong></span> <span class='ocrx_word' id='word_1_347' title='bbox 2538 1779 2855 1826; x_wconf 86' lang='lat' dir='ltr'><strong>contemnat</strong></span> <span class='ocrx_word' id='word_1_348' title='bbox 2898 1767 3172 1825; x_wconf 80' lang='lat' dir='ltr'><strong>inferioris</strong></span> <span class='ocrx_word' id='word_1_349' title='bbox 3211 1767 3547 1824; x_wconf 77' lang='lat' dir='ltr'><strong>conditionis</strong></span> <span class='ocrx_word' id='word_1_350' title='bbox 3585 1779 3740 1822; x_wconf 76' lang='lat' dir='ltr'><strong>sacer-</strong></span> 
     </span>
    </p>
   </div>
   <div class='ocr_carea' id='block_1_50' title="bbox 2183 1856 3745 1933">
    <p class='ocr_par' dir='ltr' id='par_1_50' title="bbox 2183 1856 3745 1933">
     <span class='ocr_line' id='line_1_50' title="bbox 2183 1856 3745 1933; baseline -0.004 -15"><span class='ocrx_word' id='word_1_351' title='bbox 2183 1864 2394 1929; x_wconf 88' lang='lat' dir='ltr'><strong>dotem;</strong></span> <span class='ocrx_word' id='word_1_352' title='bbox 2444 1862 2489 1917; x_wconf 88' lang='lat' dir='ltr'><strong>si</strong></span> <span class='ocrx_word' id='word_1_353' title='bbox 2513 1862 2636 1933; x_wconf 85' lang='lat' dir='ltr'><strong>quis</strong></span> <span class='ocrx_word' id='word_1_354' title='bbox 2663 1862 2767 1917; x_wconf 87' lang='lat' dir='ltr'><strong>hoc</strong></span> <span class='ocrx_word' id='word_1_355' title='bbox 2808 1872 2955 1917; x_wconf 88' lang='lat' dir='ltr'><strong>recte</strong></span> <span class='ocrx_word' id='word_1_356' title='bbox 2982 1859 3404 1930; x_wconf 75' lang='lat' dir='ltr'><strong>contempletur,</strong></span> <span class='ocrx_word' id='word_1_357' title='bbox 3454 1856 3745 1915; x_wconf 71' lang='lat' dir='ltr'><strong>omnesne—</strong></span> 
     </span>
    </p>
   </div>
   <div class='ocr_carea' id='block_1_51' title="bbox 2181 1948 3447 2022">
    <p class='ocr_par' dir='ltr' id='par_1_51' title="bbox 2181 1948 3447 2022">
     <span class='ocr_line' id='line_1_51' title="bbox 2181 1948 3447 2022; baseline -0.004 -15"><span class='ocrx_word' id='word_1_358' title='bbox 2181 1953 2357 2008; x_wconf 85' lang='lat' dir='ltr'><strong>mines</strong></span> <span class='ocrx_word' id='word_1_359' title='bbox 2379 1951 2620 2022; x_wconf 86' lang='lat' dir='ltr'><strong>eiusdem</strong></span> <span class='ocrx_word' id='word_1_360' title='bbox 2649 1965 2771 2007; x_wconf 87' lang='lat' dir='ltr'><strong>esse</strong></span> <span class='ocrx_word' id='word_1_361' title='bbox 2798 1950 3098 2007; x_wconf 77' lang='lat' dir='ltr'><strong>nativitatis</strong></span> <span class='ocrx_word' id='word_1_362' title='bbox 3124 1948 3447 2020; x_wconf 82' lang='lat' dir='ltr'><strong>(inveniet).</strong></span> 
     </span>
    </p>
   </div>
   <div class='ocr_carea' id='block_1_52' title="bbox 2254 2036 3747 2112">
    <p class='ocr_par' dir='ltr' id='par_1_52' title="bbox 2254 2036 3747 2112">
     <span class='ocr_line' id='line_1_52' title="bbox 2254 2036 3747 2112; baseline -0.004 -13"><span class='ocrx_word' id='word_1_363' title='bbox 2254 2043 2394 2099; x_wconf 85' lang='lat' dir='ltr'><strong>XIV.</strong></span> <span class='ocrx_word' id='word_1_364' title='bbox 2435 2043 2702 2099; x_wconf 87' lang='lat' dir='ltr'><strong>Docemus</strong></span> <span class='ocrx_word' id='word_1_365' title='bbox 2740 2042 2928 2110; x_wconf 88' lang='lat' dir='ltr'><strong>etiam,</strong></span> <span class='ocrx_word' id='word_1_366' title='bbox 2953 2049 3015 2096; x_wconf 90' lang='grc' dir='ltr'><strong>ιιι</strong></span> <span class='ocrx_word' id='word_1_367' title='bbox 3042 2040 3267 2112; x_wconf 85' lang='lat' dir='ltr'><strong>quilibet</strong></span> <span class='ocrx_word' id='word_1_368' title='bbox 3291 2038 3551 2096; x_wconf 82' lang='lat' dir='ltr'><strong>sacerdos</strong></span> <span class='ocrx_word' id='word_1_369' title='bbox 3574 2036 3747 2094; x_wconf 60' lang='lat' dir='ltr'><strong>decem</strong></span> 
     </span>
    </p>
   </div>
   <div class='ocr_carea' id='block_1_53' title="bbox 2186 2131 3747 2205">
    <p class='ocr_par' dir='ltr' id='par_1_53' title="bbox 2186 2131 3747 2205">
     <span class='ocr_line' id='line_1_53' title="bbox 2186 2131 3747 2205; baseline -0.003 -16"><span class='ocrx_word' id='word_1_370' title='bbox 2186 2142 2269 2189; x_wconf 84' lang='lat' dir='ltr'><strong>ter</strong></span> <span class='ocrx_word' id='word_1_371' title='bbox 2290 2150 2349 2192; x_wconf 89' lang='lat' dir='ltr'><strong>se</strong></span> <span class='ocrx_word' id='word_1_372' title='bbox 2371 2142 2549 2205; x_wconf 72' lang='lat' dir='ltr'><strong>gerat,</strong></span> <span class='ocrx_word' id='word_1_373' title='bbox 2573 2143 2630 2190; x_wconf 91' lang='lat' dir='ltr'><strong>et</strong></span> <span class='ocrx_word' id='word_1_374' title='bbox 2652 2148 2759 2189; x_wconf 88' lang='lat' dir='ltr'><strong>non</strong></span> <span class='ocrx_word' id='word_1_375' title='bbox 2794 2133 2866 2190; x_wconf 89' lang='lat' dir='ltr'><strong>sit</strong></span> <span class='ocrx_word' id='word_1_376' title='bbox 2900 2142 3113 2204; x_wconf 83' lang='lat' dir='ltr'><strong>emptor</strong></span> <span class='ocrx_word' id='word_1_377' title='bbox 3152 2131 3405 2204; x_wconf 80' lang='lat' dir='ltr'><strong>iniustus,</strong></span> <span class='ocrx_word' id='word_1_378' title='bbox 3451 2142 3747 2188; x_wconf 71' lang='lat' dir='ltr'><strong>necaverat</strong></span> 
     </span>
    </p>
   </div>
   <div class='ocr_carea' id='block_1_54' title="bbox 2185 2235 2474 2283">
    <p class='ocr_par' dir='ltr' id='par_1_54' title="bbox 2185 2235 2474 2283">
     <span class='ocr_line' id='line_1_54' title="bbox 2185 2235 2474 2283; baseline -0.003 0"><span class='ocrx_word' id='word_1_379' title='bbox 2185 2235 2474 2283; x_wconf 85' lang='lat' dir='ltr'><strong>mercator.</strong></span> 
     </span>
    </p>
   </div>
   <div class='ocr_carea' id='block_1_55' title="bbox 2258 2309 3750 2387">
    <p class='ocr_par' dir='ltr' id='par_1_55' title="bbox 2258 2309 3750 2387">
     <span class='ocr_line' id='line_1_55' title="bbox 2258 2309 3750 2387; baseline -0.005 -15"><span class='ocrx_word' id='word_1_380' title='bbox 2258 2316 2373 2373; x_wconf 80' lang='lat' dir='ltr'><strong>XV.</strong></span> <span class='ocrx_word' id='word_1_381' title='bbox 2411 2319 2678 2386; x_wconf 84' lang='lat' dir='ltr'><strong>Docemus</strong></span> <span class='ocrx_word' id='word_1_382' title='bbox 2697 2318 2888 2382; x_wconf 84' lang='lat' dir='ltr'><strong>etiam,</strong></span> <span class='ocrx_word' id='word_1_383' title='bbox 2930 2324 2993 2373; x_wconf 83' lang='lat' dir='ltr'><strong>ut</strong></span> <span class='ocrx_word' id='word_1_384' title='bbox 3034 2314 3261 2387; x_wconf 84' lang='lat' dir='ltr'><strong>quilibet</strong></span> <span class='ocrx_word' id='word_1_385' title='bbox 3294 2315 3554 2372; x_wconf 82' lang='lat' dir='ltr'><strong>sacerdos</strong></span> <span class='ocrx_word' id='word_1_386' title='bbox 3596 2309 3750 2382; x_wconf 79' lang='lat' dir='ltr'><strong>bapti-</strong></span> 
     </span>
    </p>
   </div>
   <div class='ocr_carea' id='block_1_56' title="bbox 2187 2403 3748 2482">
    <p class='ocr_par' dir='ltr' id='par_1_56' title="bbox 2187 2403 3748 2482">
     <span class='ocr_line' id='line_1_56' title="bbox 2187 2403 3748 2482; baseline -0.007 -14"><span class='ocrx_word' id='word_1_387' title='bbox 2187 2426 2363 2468; x_wconf 85' lang='lat' dir='ltr'><strong>smum</strong></span> <span class='ocrx_word' id='word_1_388' title='bbox 2390 2419 2643 2482; x_wconf 80' lang='lat' dir='ltr'><strong>peragat,</strong></span> <span class='ocrx_word' id='word_1_389' title='bbox 2659 2409 2821 2464; x_wconf 85' lang='lat' dir='ltr'><strong>simul</strong></span> <span class='ocrx_word' id='word_1_390' title='bbox 2848 2424 2914 2464; x_wconf 87' lang='lat' dir='ltr'><strong>ac</strong></span> <span class='ocrx_word' id='word_1_391' title='bbox 2942 2407 3267 2478; x_wconf 81' lang='lat' dir='ltr'><strong>requiritur;</strong></span> <span class='ocrx_word' id='word_1_392' title='bbox 3290 2414 3347 2462; x_wconf 84' lang='lat' dir='ltr'><strong>et</strong></span> <span class='ocrx_word' id='word_1_393' title='bbox 3373 2404 3575 2461; x_wconf 82' lang='lat' dir='ltr'><strong>deinde</strong></span> <span class='ocrx_word' id='word_1_394' title='bbox 3601 2403 3652 2458; x_wconf 91' lang='lat' dir='ltr'><strong>in</strong></span> <span class='ocrx_word' id='word_1_395' title='bbox 3673 2416 3748 2472; x_wconf 76' lang='lat' dir='ltr'><strong>pa-</strong></span> 
     </span>
    </p>
   </div>
   <div class='ocr_carea' id='block_1_57' title="bbox 2190 2495 3755 2574">
    <p class='ocr_par' dir='ltr' id='par_1_57' title="bbox 2190 2495 3755 2574">
     <span class='ocr_line' id='line_1_57' title="bbox 2190 2495 3755 2574; baseline -0.006 -15"><span class='ocrx_word' id='word_1_396' title='bbox 2190 2504 2377 2559; x_wconf 86' lang='lat' dir='ltr'><strong>rocbia</strong></span> <span class='ocrx_word' id='word_1_397' title='bbox 2426 2518 2523 2559; x_wconf 87' lang='lat' dir='ltr'><strong>sua</strong></span> <span class='ocrx_word' id='word_1_398' title='bbox 2566 2502 2869 2574; x_wconf 72' lang='lat' dir='ltr'><strong>pmcipiat,</strong></span> <span class='ocrx_word' id='word_1_399' title='bbox 2908 2511 2970 2557; x_wconf 90' lang='lat' dir='ltr'><strong>ut</strong></span> <span class='ocrx_word' id='word_1_400' title='bbox 3013 2500 3239 2572; x_wconf 88' lang='lat' dir='ltr'><strong>quilibet</strong></span> <span class='ocrx_word' id='word_1_401' title='bbox 3263 2495 3755 2567; x_wconf 76' lang='lat' dir='ltr'><strong>infansbaptizetur</strong></span> 
     </span>
    </p>
   </div>
   <div class='ocr_carea' id='block_1_58' title="bbox 2191 2584 3752 2659">
    <p class='ocr_par' dir='ltr' id='par_1_58' title="bbox 2191 2584 3752 2659">
     <span class='ocr_line' id='line_1_58' title="bbox 2191 2584 3752 2659; baseline -0.006 -8"><span class='ocrx_word' id='word_1_402' title='bbox 2191 2592 2333 2651; x_wconf 81' lang='lat' dir='ltr'><strong>intra</strong></span> <span class='ocrx_word' id='word_1_403' title='bbox 2377 2594 2444 2649; x_wconf 79' lang='lat'><strong>57</strong></span> <span class='ocrx_word' id='word_1_404' title='bbox 2481 2594 2631 2657; x_wconf 78' lang='lat' dir='ltr'><strong>dies;</strong></span> <span class='ocrx_word' id='word_1_405' title='bbox 2671 2603 2726 2650; x_wconf 73' lang='lat' dir='ltr'><strong>et</strong></span> <span class='ocrx_word' id='word_1_406' title='bbox 2771 2602 2831 2648; x_wconf 89' lang='lat' dir='ltr'><strong>ut</strong></span> <span class='ocrx_word' id='word_1_407' title='bbox 2875 2606 3041 2649; x_wconf 86' lang='lat' dir='ltr'><strong>nemo</strong></span> <span class='ocrx_word' id='word_1_408' title='bbox 3080 2590 3244 2647; x_wconf 85' lang='lat' dir='ltr'><strong>nimis</strong></span> <span class='ocrx_word' id='word_1_409' title='bbox 3279 2589 3372 2646; x_wconf 84' lang='lat' dir='ltr'><strong>diu</strong></span> <span class='ocrx_word' id='word_1_410' title='bbox 3425 2584 3752 2659; x_wconf 70' lang='lat' dir='ltr'><strong>abepiscopo</strong></span> 
     </span>
    </p>
   </div>
   <div class='ocr_carea' id='block_1_59' title="bbox 2191 2685 2755 2764">
    <p class='ocr_par' dir='ltr' id='par_1_59' title="bbox 2191 2685 2755 2764">
     <span class='ocr_line' id='line_1_59' title="bbox 2191 2685 2755 2764; baseline -0.007 -19"><span class='ocrx_word' id='word_1_411' title='bbox 2191 2687 2499 2764; x_wconf 86' lang='lat' dir='ltr'><strong>coutirmari</strong></span> <span class='ocrx_word' id='word_1_412' title='bbox 2523 2685 2755 2743; x_wconf 73' lang='lat' dir='ltr'><strong>rlill‘erat.</strong></span> 
     </span>
    </p>
   </div>
   <div class='ocr_carea' id='block_1_60' title="bbox 2263 2767 3751 2845">
    <p class='ocr_par' dir='ltr' id='par_1_60' title="bbox 2263 2767 3751 2845">
     <span class='ocr_line' id='line_1_60' title="bbox 2263 2767 3751 2845; baseline -0.008 -10"><span class='ocrx_word' id='word_1_413' title='bbox 2263 2777 2402 2835; x_wconf 74' lang='lat' dir='ltr'><strong>XVI.</strong></span> <span class='ocrx_word' id='word_1_414' title='bbox 2445 2778 2715 2834; x_wconf 87' lang='lat' dir='ltr'><strong>Docemus</strong></span> <span class='ocrx_word' id='word_1_415' title='bbox 2755 2776 2946 2843; x_wconf 83' lang='lat' dir='ltr'><strong>etiam,</strong></span> <span class='ocrx_word' id='word_1_416' title='bbox 2975 2783 3038 2831; x_wconf 89' lang='lat' dir='ltr'><strong>ut</strong></span> <span class='ocrx_word' id='word_1_417' title='bbox 3069 2774 3295 2845; x_wconf 85' lang='lat' dir='ltr'><strong>quilibet</strong></span> <span class='ocrx_word' id='word_1_418' title='bbox 3325 2772 3589 2831; x_wconf 76' lang='lat' dir='ltr'><strong>sacerdos</strong></span> <span class='ocrx_word' id='word_1_419' title='bbox 3611 2767 3751 2826; x_wconf 81' lang='lat' dir='ltr'><strong>Chri-</strong></span> 
     </span>
    </p>
   </div>
   <div class='ocr_carea' id='block_1_61' title="bbox 2193 2856 3758 2941">
    <p class='ocr_par' dir='ltr' id='par_1_61' title="bbox 2193 2856 3758 2941">
     <span class='ocr_line' id='line_1_61' title="bbox 2193 2856 3758 2941; baseline -0.008 -15"><span class='ocrx_word' id='word_1_420' title='bbox 2193 2870 2535 2926; x_wconf 85' lang='lat' dir='ltr'><strong>stianismum</strong></span> <span class='ocrx_word' id='word_1_421' title='bbox 2561 2869 2845 2941; x_wconf 79' lang='lat' dir='ltr'><strong>diligenter</strong></span> <span class='ocrx_word' id='word_1_422' title='bbox 2895 2874 3230 2939; x_wconf 54' lang='lat' dir='ltr'><strong>promoveat,</strong></span> <span class='ocrx_word' id='word_1_423' title='bbox 3271 2873 3327 2920; x_wconf 84' lang='lat' dir='ltr'><strong>et</strong></span> <span class='ocrx_word' id='word_1_424' title='bbox 3354 2877 3576 2919; x_wconf 69' lang='lat' dir='ltr'><strong>ornum</strong></span> <span class='ocrx_word' id='word_1_425' title='bbox 3598 2856 3758 2931; x_wconf 67' lang='grc' dir='ltr'><strong>αωιῑ-</strong></span> 
     </span>
    </p>
   </div>
   <div class='ocr_carea' id='block_1_62' title="bbox 2188 2949 3752 3030">
    <p class='ocr_par' dir='ltr' id='par_1_62' title="bbox 2188 2949 3752 3030">
     <span class='ocr_line' id='line_1_62' title="bbox 2188 2949 3752 3030; baseline -0.008 -13"><span class='ocrx_word' id='word_1_426' title='bbox 2188 2961 2405 3018; x_wconf 85' lang='lat' dir='ltr'><strong>Iismum</strong></span> <span class='ocrx_word' id='word_1_427' title='bbox 2451 2962 2675 3017; x_wconf 85' lang='lat' dir='ltr'><strong>omnino</strong></span> <span class='ocrx_word' id='word_1_428' title='bbox 2722 2960 3072 3030; x_wconf 72' lang='lat' dir='ltr'><strong>exstingtIat,</strong></span> <span class='ocrx_word' id='word_1_429' title='bbox 3109 2967 3167 3012; x_wconf 89' lang='lat' dir='ltr'><strong>et</strong></span> <span class='ocrx_word' id='word_1_430' title='bbox 3205 2956 3496 3027; x_wconf 77' lang='lat' dir='ltr'><strong>prohibeat</strong></span> <span class='ocrx_word' id='word_1_431' title='bbox 3544 2949 3752 3010; x_wconf 75' lang='lat' dir='ltr'><strong>fontimt</strong></span> 
     </span>
    </p>
   </div>
   <div class='ocr_carea' id='block_1_63' title="bbox 2188 3042 3756 3119">
    <p class='ocr_par' dir='ltr' id='par_1_63' title="bbox 2188 3042 3756 3119">
     <span class='ocr_line' id='line_1_63' title="bbox 2188 3042 3756 3119; baseline -0.008 -9"><span class='ocrx_word' id='word_1_432' title='bbox 2188 3071 2219 3109; x_wconf 88' lang='lat' dir='ltr'><strong>a</strong></span> <span class='ocrx_word' id='word_1_433' title='bbox 2244 3056 2583 3119; x_wconf 77' lang='lat' dir='ltr'><strong>“orationem,</strong></span> <span class='ocrx_word' id='word_1_434' title='bbox 2613 3064 2666 3108; x_wconf 88' lang='lat' dir='ltr'><strong>et</strong></span> <span class='ocrx_word' id='word_1_435' title='bbox 2689 3050 3137 3115; x_wconf 80' lang='lat' dir='ltr'><strong>necromantiam,</strong></span> <span class='ocrx_word' id='word_1_436' title='bbox 3165 3056 3225 3104; x_wconf 89' lang='lat' dir='ltr'><strong>et</strong></span> <span class='ocrx_word' id='word_1_437' title='bbox 3245 3046 3495 3119; x_wconf 68' lang='lat' dir='ltr'><strong>auguria,</strong></span> <span class='ocrx_word' id='word_1_438' title='bbox 3516 3053 3572 3101; x_wconf 86' lang='lat' dir='ltr'><strong>et</strong></span> <span class='ocrx_word' id='word_1_439' title='bbox 3588 3042 3756 3100; x_wconf 79' lang='lat' dir='ltr'><strong>incan-</strong></span> 
     </span>
    </p>
   </div>
   <div class='ocr_carea' id='block_1_64' title="bbox 2190 3131 3752 3211">
    <p class='ocr_par' dir='ltr' id='par_1_64' title="bbox 2190 3131 3752 3211">
     <span class='ocr_line' id='line_1_64' title="bbox 2190 3131 3752 3211; baseline -0.004 -11"><span class='ocrx_word' id='word_1_440' title='bbox 2190 3146 2445 3211; x_wconf 81' lang='lat' dir='ltr'><strong>tationes,</strong></span> <span class='ocrx_word' id='word_1_441' title='bbox 2488 3154 2545 3200; x_wconf 86' lang='lat' dir='ltr'><strong>et</strong></span> <span class='ocrx_word' id='word_1_442' title='bbox 2586 3143 2827 3199; x_wconf 84' lang='lat' dir='ltr'><strong>divinum</strong></span> <span class='ocrx_word' id='word_1_443' title='bbox 2860 3139 3097 3196; x_wconf 83' lang='lat' dir='ltr'><strong>hominis</strong></span> <span class='ocrx_word' id='word_1_444' title='bbox 3142 3138 3368 3201; x_wconf 81' lang='lat' dir='ltr'><strong>cultum,</strong></span> <span class='ocrx_word' id='word_1_445' title='bbox 3431 3145 3492 3191; x_wconf 84' lang='lat' dir='ltr'><strong>et</strong></span> <span class='ocrx_word' id='word_1_446' title='bbox 3533 3131 3752 3193; x_wconf 59' lang='lat' dir='ltr'><strong>olac&#39;ﬂs,</strong></span> 
     </span>
    </p>
   </div>
   <div class='ocr_carea' id='block_1_65' title="bbox 2187 3223 3755 3311">
    <p class='ocr_par' dir='ltr' id='par_1_65' title="bbox 2187 3223 3755 3311">
     <span class='ocr_line' id='line_1_65' title="bbox 2187 3223 3755 3311; baseline -0.008 -22"><span class='ocrx_word' id='word_1_447' title='bbox 2187 3253 2307 3308; x_wconf 74' lang='lat' dir='ltr'><strong>qua:</strong></span> <span class='ocrx_word' id='word_1_448' title='bbox 2332 3246 2665 3311; x_wconf 75' lang='lat' dir='ltr'><strong>exercentur</strong></span> <span class='ocrx_word' id='word_1_449' title='bbox 2682 3235 2737 3290; x_wconf 87' lang='lat' dir='ltr'><strong>in</strong></span> <span class='ocrx_word' id='word_1_450' title='bbox 2765 3234 2931 3291; x_wconf 83' lang='lat' dir='ltr'><strong>variis</strong></span> <span class='ocrx_word' id='word_1_451' title='bbox 2952 3228 3245 3305; x_wconf 72' lang='lat' dir='ltr'><strong>prestigiis,</strong></span> <span class='ocrx_word' id='word_1_452' title='bbox 3279 3240 3336 3287; x_wconf 89' lang='lat' dir='ltr'><strong>et</strong></span> <span class='ocrx_word' id='word_1_453' title='bbox 3357 3229 3411 3285; x_wconf 90' lang='lat' dir='ltr'><strong>in</strong></span> <span class='ocrx_word' id='word_1_454' title='bbox 3445 3227 3609 3293; x_wconf 83' lang='lat' dir='ltr'><strong>tedis,</strong></span> <span class='ocrx_word' id='word_1_455' title='bbox 3635 3232 3689 3281; x_wconf 85' lang='lat' dir='ltr'><strong>et</strong></span> <span class='ocrx_word' id='word_1_456' title='bbox 3707 3223 3755 3277; x_wconf 82' lang='lat' dir='ltr'><strong>in</strong></span> 
     </span>
    </p>
   </div>
   <div class='ocr_carea' id='block_1_66' title="bbox 2190 3315 3763 3403">
    <p class='ocr_par' dir='ltr' id='par_1_66' title="bbox 2190 3315 3763 3403">
     <span class='ocr_line' id='line_1_66' title="bbox 2190 3315 3763 3403; baseline -0.011 -16"><span class='ocrx_word' id='word_1_457' title='bbox 2190 3329 2483 3403; x_wconf 67' lang='lat' dir='ltr'><strong>sortilegiis</strong></span> <span class='ocrx_word' id='word_1_458' title='bbox 2508 3369 2523 3396; x_wconf 92' lang='lat'><strong>,</strong></span> <span class='ocrx_word' id='word_1_459' title='bbox 2553 3338 2608 3384; x_wconf 88' lang='lat' dir='ltr'><strong>et</strong></span> <span class='ocrx_word' id='word_1_460' title='bbox 2662 3329 2716 3383; x_wconf 86' lang='lat' dir='ltr'><strong>iu</strong></span> <span class='ocrx_word' id='word_1_461' title='bbox 2748 3327 2926 3393; x_wconf 84' lang='lat' dir='ltr'><strong>ulnis,</strong></span> <span class='ocrx_word' id='word_1_462' title='bbox 2965 3334 3023 3382; x_wconf 90' lang='lat' dir='ltr'><strong>et</strong></span> <span class='ocrx_word' id='word_1_463' title='bbox 3072 3325 3241 3380; x_wconf 86' lang='lat' dir='ltr'><strong>etiam</strong></span> <span class='ocrx_word' id='word_1_464' title='bbox 3269 3323 3322 3377; x_wconf 90' lang='lat' dir='ltr'><strong>in</strong></span> <span class='ocrx_word' id='word_1_465' title='bbox 3352 3321 3526 3377; x_wconf 76' lang='lat' dir='ltr'><strong>variis</strong></span> <span class='ocrx_word' id='word_1_466' title='bbox 3549 3315 3763 3375; x_wconf 15' lang='lat' dir='ltr'><strong>“arbori-t</strong></span> 
     </span>
    </p>
   </div>
   <div class='ocr_carea' id='block_1_67' title="bbox 2188 3406 3757 3487">
    <p class='ocr_par' dir='ltr' id='par_1_67' title="bbox 2188 3406 3757 3487">
     <span class='ocr_line' id='line_1_67' title="bbox 2188 3406 3757 3487; baseline -0.006 -9"><span class='ocrx_word' id='word_1_467' title='bbox 2188 3422 2312 3487; x_wconf 85' lang='lat' dir='ltr'><strong>bus,</strong></span> <span class='ocrx_word' id='word_1_468' title='bbox 2359 3430 2414 3476; x_wconf 91' lang='lat' dir='ltr'><strong>et</strong></span> <span class='ocrx_word' id='word_1_469' title='bbox 2444 3422 2496 3476; x_wconf 89' lang='lat' dir='ltr'><strong>in</strong></span> <span class='ocrx_word' id='word_1_470' title='bbox 2521 3420 2699 3484; x_wconf 81' lang='lat' dir='ltr'><strong>saxis,</strong></span> <span class='ocrx_word' id='word_1_471' title='bbox 2728 3429 2785 3475; x_wconf 90' lang='lat' dir='ltr'><strong>et</strong></span> <span class='ocrx_word' id='word_1_472' title='bbox 2814 3417 2869 3474; x_wconf 92' lang='lat' dir='ltr'><strong>in</strong></span> <span class='ocrx_word' id='word_1_473' title='bbox 2903 3416 3089 3472; x_wconf 86' lang='lat' dir='ltr'><strong>multis</strong></span> <span class='ocrx_word' id='word_1_474' title='bbox 3116 3414 3243 3470; x_wconf 87' lang='lat' dir='ltr'><strong>aliis</strong></span> <span class='ocrx_word' id='word_1_475' title='bbox 3278 3406 3757 3484; x_wconf 51' lang='lat' dir='ltr'><strong>phantasmata)“.</strong></span> 
     </span>
    </p>
   </div>
   <div class='ocr_carea' id='block_1_68' title="bbox 2190 3498 3754 3584">
    <p class='ocr_par' dir='ltr' id='par_1_68' title="bbox 2190 3498 3754 3584">
     <span class='ocr_line' id='line_1_68' title="bbox 2190 3498 3754 3584; baseline -0.012 -15"><span class='ocrx_word' id='word_1_476' title='bbox 2190 3515 2389 3584; x_wconf 85' lang='lat' dir='ltr'><strong>quibus</strong></span> <span class='ocrx_word' id='word_1_477' title='bbox 2431 3512 2585 3569; x_wconf 87' lang='lat' dir='ltr'><strong>multi</strong></span> <span class='ocrx_word' id='word_1_478' title='bbox 2619 3525 2807 3569; x_wconf 88' lang='lat' dir='ltr'><strong>eorum</strong></span> <span class='ocrx_word' id='word_1_479' title='bbox 2849 3508 2943 3581; x_wconf 84' lang='lat' dir='ltr'><strong>qui</strong></span> <span class='ocrx_word' id='word_1_480' title='bbox 2993 3520 3102 3563; x_wconf 80' lang='lat' dir='ltr'><strong>nun</strong></span> <span class='ocrx_word' id='word_1_481' title='bbox 3152 3505 3433 3569; x_wconf 76' lang='lat' dir='ltr'><strong>deberent,</strong></span> <span class='ocrx_word' id='word_1_482' title='bbox 3486 3498 3754 3571; x_wconf 80' lang='lat' dir='ltr'><strong>decipiun-</strong></span> 
     </span>
    </p>
   </div>
   <div class='ocr_carea' id='block_1_69' title="bbox 2194 3615 2300 3661">
    <p class='ocr_par' dir='ltr' id='par_1_69' title="bbox 2194 3615 2300 3661">
     <span class='ocr_line' id='line_1_69' title="bbox 2194 3615 2300 3661; baseline 0 0"><span class='ocrx_word' id='word_1_483' title='bbox 2194 3615 2300 3661; x_wconf 73' lang='grc' dir='ltr'>ιιιιι.</span> 
     </span>
    </p>
   </div>
   <div class='ocr_carea' id='block_1_70' title="bbox 2262 3679 3759 3760">
    <p class='ocr_par' dir='ltr' id='par_1_70' title="bbox 2262 3679 3759 3760">
     <span class='ocr_line' id='line_1_70' title="bbox 2262 3679 3759 3760; baseline -0.012 -10"><span class='ocrx_word' id='word_1_484' title='bbox 2262 3694 2423 3751; x_wconf 81' lang='lat' dir='ltr'><strong>XVII.</strong></span> <span class='ocrx_word' id='word_1_485' title='bbox 2464 3696 2731 3752; x_wconf 84' lang='lat' dir='ltr'><strong>Docemus</strong></span> <span class='ocrx_word' id='word_1_486' title='bbox 2753 3693 2940 3757; x_wconf 80' lang='lat' dir='ltr'><strong>etiam,</strong></span> <span class='ocrx_word' id='word_1_487' title='bbox 2975 3698 3036 3745; x_wconf 83' lang='lat' dir='ltr'><strong>ut</strong></span> <span class='ocrx_word' id='word_1_488' title='bbox 3056 3686 3290 3760; x_wconf 74' lang='lat' dir='ltr'><strong>quilibet</strong></span> <span class='ocrx_word' id='word_1_489' title='bbox 3320 3682 3668 3740; x_wconf 76' lang='lat' dir='ltr'><strong>Christianus</strong></span> <span class='ocrx_word' id='word_1_490' title='bbox 3689 3679 3759 3732; x_wconf 79' lang='lat' dir='ltr'><strong>in.-</strong></span> 
     </span>
    </p>
   </div>
   <div class='ocr_carea' id='block_1_71' title="bbox 2192 3773 3766 3846">
    <p class='ocr_par' dir='ltr' id='par_1_71' title="bbox 2192 3773 3766 3846">
     <span class='ocr_line' id='line_1_71' title="bbox 2192 3773 3766 3846; baseline -0.009 -3"><span class='ocrx_word' id='word_1_491' title='bbox 2192 3788 2395 3845; x_wconf 86' lang='lat' dir='ltr'><strong>I&#39;antem</strong></span> <span class='ocrx_word' id='word_1_492' title='bbox 2424 3803 2580 3843; x_wconf 89' lang='lat' dir='ltr'><strong>suum</strong></span> <span class='ocrx_word' id='word_1_493' title='bbox 2622 3787 2691 3842; x_wconf 85' lang='lat' dir='ltr'><strong>ad</strong></span> <span class='ocrx_word' id='word_1_494' title='bbox 2727 3782 3214 3842; x_wconf 73' lang='lat' dir='ltr'><strong>Christianismum</strong></span> <span class='ocrx_word' id='word_1_495' title='bbox 3250 3778 3548 3846; x_wconf 74' lang='lat' dir='ltr'><strong>diligenter</strong></span> <span class='ocrx_word' id='word_1_496' title='bbox 3587 3773 3766 3830; x_wconf 67' lang='grc' dir='ltr'>ιάωθι</span> 
     </span>
    </p>
   </div>
   <div class='ocr_carea' id='block_1_72' title="bbox 2192 3871 3458 3952">
    <p class='ocr_par' dir='ltr' id='par_1_72' title="bbox 2192 3871 3458 3952">
     <span class='ocr_line' id='line_1_72' title="bbox 2192 3871 3458 3952; baseline -0.011 -16"><span class='ocrx_word' id='word_1_497' title='bbox 2192 3889 2328 3942; x_wconf 87' lang='lat' dir='ltr'><strong>seat.</strong></span> <span class='ocrx_word' id='word_1_498' title='bbox 2356 3887 2412 3935; x_wconf 84' lang='lat' dir='ltr'><strong>et</strong></span> <span class='ocrx_word' id='word_1_499' title='bbox 2434 3893 2559 3934; x_wconf 89' lang='lat' dir='ltr'><strong>eum</strong></span> <span class='ocrx_word' id='word_1_500' title='bbox 2592 3878 2749 3952; x_wconf 68' lang='lat' dir='ltr'><strong>Pater</strong></span> <span class='ocrx_word' id='word_1_501' title='bbox 2773 3885 2948 3932; x_wconf 75' lang='lat' dir='ltr'><strong>noster</strong></span> <span class='ocrx_word' id='word_1_502' title='bbox 2970 3885 3027 3930; x_wconf 90' lang='lat' dir='ltr'><strong>et</strong></span> <span class='ocrx_word' id='word_1_503' title='bbox 3048 3871 3218 3928; x_wconf 82' lang='lat' dir='ltr'><strong>Credo</strong></span> <span class='ocrx_word' id='word_1_504' title='bbox 3245 3871 3458 3926; x_wconf 80' lang='lat' dir='ltr'><strong>doceat.</strong></span> 
     </span>
    </p>
   </div>
   <div class='ocr_carea' id='block_1_73' title="bbox 2266 3956 3765 4028">
    <p class='ocr_par' dir='ltr' id='par_1_73' title="bbox 2266 3956 3765 4028">
     <span class='ocr_line' id='line_1_73' title="bbox 2266 3956 3765 4028; baseline -0.009 -4"><span class='ocrx_word' id='word_1_505' title='bbox 2266 3967 2446 4026; x_wconf 79' lang='lat' dir='ltr'><strong>XVIII.</strong></span> <span class='ocrx_word' id='word_1_506' title='bbox 2491 3968 2758 4022; x_wconf 86' lang='lat' dir='ltr'><strong>Docemus</strong></span> <span class='ocrx_word' id='word_1_507' title='bbox 2782 3966 2973 4028; x_wconf 82' lang='lat' dir='ltr'><strong>etiam,</strong></span> <span class='ocrx_word' id='word_1_508' title='bbox 3017 3971 3079 4018; x_wconf 88' lang='lat' dir='ltr'><strong>ut</strong></span> <span class='ocrx_word' id='word_1_509' title='bbox 3124 3960 3329 4017; x_wconf 85' lang='lat' dir='ltr'><strong>diebus.</strong></span> <span class='ocrx_word' id='word_1_510' title='bbox 3365 3956 3527 4015; x_wconf 77' lang='lat' dir='ltr'><strong>festis</strong></span> <span class='ocrx_word' id='word_1_511' title='bbox 3568 3957 3765 4011; x_wconf 70' lang='lat' dir='ltr'><strong>cessent</strong></span> 
     </span>
    </p>
   </div>
   <div class='ocr_carea' id='block_1_74' title="bbox 2194 4052 3224 4133">
    <p class='ocr_par' dir='ltr' id='par_1_74' title="bbox 2194 4052 3224 4133">
     <span class='ocr_line' id='line_1_74' title="bbox 2194 4052 3224 4133; baseline -0.011 -16"><span class='ocrx_word' id='word_1_512' title='bbox 2194 4060 2420 4133; x_wconf 83' lang='lat' dir='ltr'><strong>profana</strong></span> <span class='ocrx_word' id='word_1_513' title='bbox 2449 4059 2681 4120; x_wconf 86' lang='lat' dir='ltr'><strong>cantica.</strong></span> <span class='ocrx_word' id='word_1_514' title='bbox 2706 4065 2764 4113; x_wconf 90' lang='lat' dir='ltr'><strong>et</strong></span> <span class='ocrx_word' id='word_1_515' title='bbox 2789 4056 2900 4111; x_wconf 87' lang='lat' dir='ltr'><strong>ludi</strong></span> <span class='ocrx_word' id='word_1_516' title='bbox 2948 4052 3224 4125; x_wconf 79' lang='lat' dir='ltr'><strong>diaboliei.</strong></span> 
     </span>
    </p>
   </div>
   <div class='ocr_carea' id='block_1_75' title="bbox 2115 4133 3769 4245">
    <p class='ocr_par' dir='ltr' id='par_1_75' title="bbox 2115 4133 3769 4245">
     <span class='ocr_line' id='line_1_75' title="bbox 2115 4133 3769 4245; baseline -0.012 -36"><span class='ocrx_word' id='word_1_517' title='bbox 2115 4183 2162 4245; x_wconf 68' lang='grc' dir='ltr'><strong><em>ε</em></strong></span> <span class='ocrx_word' id='word_1_518' title='bbox 2267 4151 2407 4207; x_wconf 83' lang='lat' dir='ltr'><strong>XIX.</strong></span> <span class='ocrx_word' id='word_1_519' title='bbox 2450 4151 2717 4206; x_wconf 80' lang='lat' dir='ltr'><strong>Docemus</strong></span> <span class='ocrx_word' id='word_1_520' title='bbox 2769 4148 2957 4211; x_wconf 87' lang='lat' dir='ltr'><strong>etiam,</strong></span> <span class='ocrx_word' id='word_1_521' title='bbox 3004 4155 3062 4200; x_wconf 88' lang='lat' dir='ltr'><strong>ut</strong></span> <span class='ocrx_word' id='word_1_522' title='bbox 3095 4150 3338 4245; x_wconf 53' lang='lat' dir='ltr'><strong>“cessent</strong></span> <span class='ocrx_word' id='word_1_523' title='bbox 3398 4139 3597 4197; x_wconf 79' lang='lat' dir='ltr'><strong>diebus</strong></span> <span class='ocrx_word' id='word_1_524' title='bbox 3638 4133 3769 4192; x_wconf 82' lang='lat' dir='ltr'><strong>Solis</strong></span> 
     </span>
    </p>
   </div>
   <div class='ocr_carea' id='block_1_76' title="bbox 2196 4235 3739 4311">
    <p class='ocr_par' dir='ltr' id='par_1_76' title="bbox 2196 4235 3739 4311">
     <span class='ocr_line' id='line_1_76' title="bbox 2196 4235 3739 4311; baseline -0.011 -11"><span class='ocrx_word' id='word_1_525' title='bbox 2196 4253 2517 4303; x_wconf 70' lang='lat' dir='ltr'><strong>merentum:</strong></span> <span class='ocrx_word' id='word_1_526' title='bbox 2536 4251 2593 4299; x_wconf 84' lang='lat' dir='ltr'><strong>et</strong></span> <span class='ocrx_word' id='word_1_527' title='bbox 2619 4248 2925 4297; x_wconf 84' lang='lat' dir='ltr'><strong>conventus</strong></span> <span class='ocrx_word' id='word_1_528' title='bbox 2952 4235 3152 4311; x_wconf 84' lang='lat' dir='ltr'><strong>populi.</strong></span> <span class='ocrx_word' id='word_1_529' title='bbox 3734 4266 3739 4271; x_wconf 63' lang='grc' dir='ltr'><strong><em>η</em></strong></span> 
     </span>
    </p>
   </div>
   <div class='ocr_carea' id='block_1_77' title="bbox 2270 4315 3771 4393">
    <p class='ocr_par' dir='ltr' id='par_1_77' title="bbox 2270 4315 3771 4393">
     <span class='ocr_line' id='line_1_77' title="bbox 2270 4315 3771 4393; baseline -0.01 -5"><span class='ocrx_word' id='word_1_530' title='bbox 2270 4332 2386 4388; x_wconf 81' lang='lat' dir='ltr'><strong>XX.</strong></span> <span class='ocrx_word' id='word_1_531' title='bbox 2427 4333 2695 4388; x_wconf 86' lang='lat' dir='ltr'><strong>Docemus</strong></span> <span class='ocrx_word' id='word_1_532' title='bbox 2748 4329 2937 4393; x_wconf 79' lang='lat' dir='ltr'><strong>etiam,</strong></span> <span class='ocrx_word' id='word_1_533' title='bbox 2979 4336 3039 4383; x_wconf 83' lang='grc' dir='ltr'><strong>ιιι</strong></span> <span class='ocrx_word' id='word_1_534' title='bbox 3078 4332 3301 4383; x_wconf 77' lang='lat' dir='ltr'><strong>cessent</strong></span> <span class='ocrx_word' id='word_1_535' title='bbox 3341 4322 3487 4378; x_wconf 78' lang='lat' dir='ltr'><strong>falsa.</strong></span> <span class='ocrx_word' id='word_1_536' title='bbox 3527 4328 3588 4377; x_wconf 82' lang='lat' dir='ltr'><strong>et</strong></span> <span class='ocrx_word' id='word_1_537' title='bbox 3615 4315 3771 4374; x_wconf 73' lang='lat' dir='ltr'><strong>stulta</strong></span> 
     </span>
    </p>
   </div>
   <div class='ocr_carea' id='block_1_78' title="bbox 2195 4419 3253 4494">
    <p class='ocr_par' dir='ltr' id='par_1_78' title="bbox 2195 4419 3253 4494">
     <span class='ocr_line' id='line_1_78' title="bbox 2195 4419 3253 4494; baseline -0.008 -14"><span class='ocrx_word' id='word_1_538' title='bbox 2195 4422 2483 4494; x_wconf 85' lang='lat' dir='ltr'><strong>colloquia,</strong></span> <span class='ocrx_word' id='word_1_539' title='bbox 2517 4431 2575 4478; x_wconf 90' lang='lat' dir='ltr'><strong>et</strong></span> <span class='ocrx_word' id='word_1_540' title='bbox 2598 4419 2974 4493; x_wconf 75' lang='lat' dir='ltr'><strong>ignominiosa:</strong></span> <span class='ocrx_word' id='word_1_541' title='bbox 2997 4426 3253 4473; x_wconf 64' lang='lat' dir='ltr'><strong>tonsurae.</strong></span> 
     </span>
    </p>
   </div>
   <div class='ocr_carea' id='block_1_79' title="bbox 2267 4502 3766 4576">
    <p class='ocr_par' dir='ltr' id='par_1_79' title="bbox 2267 4502 3766 4576">
     <span class='ocr_line' id='line_1_79' title="bbox 2267 4502 3766 4576; baseline -0.003 -8"><span class='ocrx_word' id='word_1_542' title='bbox 2267 4513 2409 4569; x_wconf 75' lang='lat' dir='ltr'><strong>XXI.</strong></span> <span class='ocrx_word' id='word_1_543' title='bbox 2467 4512 2732 4568; x_wconf 87' lang='lat' dir='ltr'><strong>Docemus</strong></span> <span class='ocrx_word' id='word_1_544' title='bbox 2768 4510 2961 4576; x_wconf 85' lang='lat' dir='ltr'><strong>etiam,</strong></span> <span class='ocrx_word' id='word_1_545' title='bbox 3000 4516 3070 4566; x_wconf 84' lang='lat' dir='ltr'><strong>ut</strong></span> <span class='ocrx_word' id='word_1_546' title='bbox 3097 4518 3316 4566; x_wconf 83' lang='lat' dir='ltr'><strong>cessent</strong></span> <span class='ocrx_word' id='word_1_547' title='bbox 3362 4502 3766 4564; x_wconf 68' lang='lat' dir='ltr'><strong>concubitum.</strong></span> 
     </span>
    </p>
   </div>
   <div class='ocr_carea' id='block_1_80' title="bbox 2197 4601 3000 4675">
    <p class='ocr_par' dir='ltr' id='par_1_80' title="bbox 2197 4601 3000 4675">
     <span class='ocr_line' id='line_1_80' title="bbox 2197 4601 3000 4675; baseline -0.006 -13"><span class='ocrx_word' id='word_1_548' title='bbox 2197 4617 2253 4662; x_wconf 87' lang='lat' dir='ltr'><strong>et</strong></span> <span class='ocrx_word' id='word_1_549' title='bbox 2282 4614 2531 4661; x_wconf 87' lang='lat' dir='ltr'><strong>amentur</strong></span> <span class='ocrx_word' id='word_1_550' title='bbox 2550 4604 2697 4675; x_wconf 87' lang='lat' dir='ltr'><strong>insta</strong></span> <span class='ocrx_word' id='word_1_551' title='bbox 2726 4601 3000 4673; x_wconf 71' lang='lat' dir='ltr'><strong>coniugia.</strong></span> 
     </span>
    </p>
   </div>
   <div class='ocr_carea' id='block_1_81' title="bbox 2272 4681 3764 4762">
    <p class='ocr_par' dir='ltr' id='par_1_81' title="bbox 2272 4681 3764 4762">
     <span class='ocr_line' id='line_1_81' title="bbox 2272 4681 3764 4762; baseline -0.01 -12"><span class='ocrx_word' id='word_1_552' title='bbox 2272 4695 2435 4750; x_wconf 81' lang='lat' dir='ltr'><strong>XXII.</strong></span> <span class='ocrx_word' id='word_1_553' title='bbox 2478 4696 2750 4749; x_wconf 86' lang='lat' dir='ltr'><strong>Docemus</strong></span> <span class='ocrx_word' id='word_1_554' title='bbox 2793 4693 2979 4757; x_wconf 84' lang='lat' dir='ltr'><strong>etiam,</strong></span> <span class='ocrx_word' id='word_1_555' title='bbox 3031 4700 3089 4747; x_wconf 84' lang='lat' dir='ltr'><strong>ut</strong></span> <span class='ocrx_word' id='word_1_556' title='bbox 3117 4690 3342 4762; x_wconf 86' lang='lat' dir='ltr'><strong>quilibet</strong></span> <span class='ocrx_word' id='word_1_557' title='bbox 3394 4687 3567 4745; x_wconf 84' lang='lat' dir='ltr'><strong>discat</strong></span> <span class='ocrx_word' id='word_1_558' title='bbox 3616 4681 3764 4737; x_wconf 73' lang='lat' dir='ltr'><strong>Pater</strong></span> 
     </span>
    </p>
   </div>
   <div class='ocr_carea' id='block_1_82' title="bbox 2202 4770 3775 4856">
    <p class='ocr_par' dir='ltr' id='par_1_82' title="bbox 2202 4770 3775 4856">
     <span class='ocr_line' id='line_1_82' title="bbox 2202 4770 3775 4856; baseline -0.011 -10"><span class='ocrx_word' id='word_1_559' title='bbox 2202 4801 2397 4854; x_wconf 79' lang='lat' dir='ltr'><strong>uoster,</strong></span> <span class='ocrx_word' id='word_1_560' title='bbox 2431 4797 2486 4843; x_wconf 89' lang='lat' dir='ltr'><strong>et</strong></span> <span class='ocrx_word' id='word_1_561' title='bbox 2509 4785 2702 4852; x_wconf 84' lang='lat' dir='ltr'><strong>Credo,</strong></span> <span class='ocrx_word' id='word_1_562' title='bbox 2726 4770 2783 4840; x_wconf 17' lang='lat' dir='ltr'><strong>[si</strong></span> <span class='ocrx_word' id='word_1_563' title='bbox 2809 4786 3028 4856; x_wconf 85' lang='lat' dir='ltr'><strong>quando</strong></span> <span class='ocrx_word' id='word_1_564' title='bbox 3056 4783 3108 4838; x_wconf 89' lang='lat' dir='ltr'><strong>in</strong></span> <span class='ocrx_word' id='word_1_565' title='bbox 3129 4791 3448 4838; x_wconf 86' lang='lat' dir='ltr'><strong>consecrato</strong></span> <span class='ocrx_word' id='word_1_566' title='bbox 3468 4772 3775 4836; x_wconf 70' lang='lat' dir='ltr'><strong>cmmeterio</strong></span> 
     </span>
    </p>
   </div>
   <div class='ocr_carea' id='block_1_83' title="bbox 2198 4865 3767 4952">
    <p class='ocr_par' dir='ltr' id='par_1_83' title="bbox 2198 4865 3767 4952">
     <span class='ocr_line' id='line_1_83' title="bbox 2198 4865 3767 4952; baseline -0.012 -15"><span class='ocrx_word' id='word_1_567' title='bbox 2198 4882 2383 4952; x_wconf 80' lang='lat' dir='ltr'><strong>iacere</strong></span> <span class='ocrx_word' id='word_1_568' title='bbox 2425 4880 2509 4935; x_wconf 87' lang='lat' dir='ltr'><strong>vel</strong></span> <span class='ocrx_word' id='word_1_569' title='bbox 2560 4877 2959 4937; x_wconf 83' lang='lat' dir='ltr'><strong>Eucharistiam</strong></span> <span class='ocrx_word' id='word_1_570' title='bbox 3015 4890 3225 4931; x_wconf 80' lang='lat' dir='ltr'><strong>sacram</strong></span> <span class='ocrx_word' id='word_1_571' title='bbox 3280 4872 3556 4944; x_wconf 74' lang='lat' dir='ltr'><strong>percipere</strong></span> <span class='ocrx_word' id='word_1_572' title='bbox 3617 4865 3767 4928; x_wconf 83' lang='lat' dir='ltr'><strong>velit;</strong></span> 
     </span>
    </p>
   </div>
   <div class='ocr_carea' id='block_1_84' title="bbox 2205 4956 3769 5049">
    <p class='ocr_par' dir='ltr' id='par_1_84' title="bbox 2205 4956 3769 5049">
     <span class='ocr_line' id='line_1_84' title="bbox 2205 4956 3769 5049; baseline -0.026 -1"><span class='ocrx_word' id='word_1_573' title='bbox 2205 4982 2489 5049; x_wconf 68' lang='grc' dir='ltr'><strong>ννοριενειι</strong></span> <span class='ocrx_word' id='word_1_574' title='bbox 2541 4972 2666 5047; x_wconf 55' lang='lat' dir='ltr'><strong>quia</strong></span> <span class='ocrx_word' id='word_1_575' title='bbox 2718 4971 2764 5025; x_wconf 89' lang='lat' dir='ltr'><strong>is</strong></span> <span class='ocrx_word' id='word_1_576' title='bbox 2791 4984 2900 5026; x_wconf 88' lang='lat' dir='ltr'><strong>non</strong></span> <span class='ocrx_word' id='word_1_577' title='bbox 2935 4977 3021 5024; x_wconf 85' lang='lat' dir='ltr'><strong>est</strong></span> <span class='ocrx_word' id='word_1_578' title='bbox 3066 4967 3242 5025; x_wconf 87' lang='lat' dir='ltr'><strong>bonus</strong></span> <span class='ocrx_word' id='word_1_579' title='bbox 3273 4965 3633 5025; x_wconf 85' lang='lat' dir='ltr'><strong>Christianus,</strong></span> <span class='ocrx_word' id='word_1_580' title='bbox 3682 4956 3769 5027; x_wconf 87' lang='lat' dir='ltr'><strong>qui</strong></span> 
     </span>
    </p>
   </div>
   <div class='ocr_carea' id='block_1_85' title="bbox 2863 5050 3768 5088">
    <p class='ocr_par' dir='ltr' id='par_1_85' title="bbox 2863 5050 3768 5088">
     <span class='ocr_line' id='line_1_85' title="bbox 2863 5050 3768 5088; baseline 0 0"><span class='ocrx_word' id='word_1_581' title='bbox 2863 5074 2959 5088; x_wconf 57' lang='grc' dir='ltr'><strong>..Λη</strong></span> <span class='ocrx_word' id='word_1_582' title='bbox 2999 5058 3114 5088; x_wconf 63' lang='grc' dir='ltr'>ἶιισνι</span> <span class='ocrx_word' id='word_1_583' title='bbox 3138 5067 3308 5088; x_wconf 58' lang='grc' dir='ltr'><strong>ἎΛΩΛΑΙ</strong></span> <span class='ocrx_word' id='word_1_584' title='bbox 3358 5057 3488 5088; x_wconf 66' lang='grc' dir='ltr'><strong>Αιῖηο</strong></span> <span class='ocrx_word' id='word_1_585' title='bbox 3527 5070 3556 5088; x_wconf 76' lang='grc' dir='ltr'><strong>Δ</strong></span> <span class='ocrx_word' id='word_1_586' title='bbox 3602 5050 3768 5088; x_wconf 67' lang='grc' dir='ltr'>ινιηΙῖ.</span> 
     </span>
    </p>
   </div>
   <div class='ocr_carea' id='block_1_86' title="bbox 2487 5078 2768 5088">
    <p class='ocr_par' dir='ltr' id='par_1_86' title="bbox 2487 5078 2768 5088">
     <span class='ocr_line' id='line_1_86' title="bbox 2487 5078 2768 5088; baseline 0 0"><span class='ocrx_word' id='word_1_587' title='bbox 2487 5080 2540 5088; x_wconf 59' lang='grc' dir='ltr'><strong>με..</strong></span> <span class='ocrx_word' id='word_1_588' title='bbox 2573 5078 2675 5088; x_wconf 55' lang='grc' dir='ltr'><strong>και-η</strong></span> <span class='ocrx_word' id='word_1_589' title='bbox 2703 5078 2768 5088; x_wconf 70' lang='grc' dir='ltr'>ιιι-</span> 
     </span>
    </p>
   </div>
  </div>
