3860 5382
126 341 209 396 εοι
528 322 536 335 '
842 326 1430 388 auctosaxosuu
1474 322 1683 379 neco:

1803 323 1972 380 EGES
2012 315 2564 377 ECCLESIASTICE
2577 356 2591 372 .

3240 312 3347 369 ἔξω

127 458 185 513 ab
216 468 373 510 uxore
410 467 506 508 sua
557 453 617 506 in
664 450 852 504 diebus
902 447 1054 502 festis
1114 452 1171 499 et
1227 440 1387 496 statis
1430 437 1672 506 jejuniis.
1702 437 1747 493 Α
1848 434 1960 490 XL.
1997 434 2257 487 Doccmus
2285 430 2472 494 etiam,
2513 429 2658 499 quod
2688 428 2942 483 sacerdos
2976 442 3250 497 nunquam
3277 426 3350 481 sit

184 544 355 601 XXVI.
391 544 660 599 Doccmus
705 542 892 604 etiam,
932 548 993 593 ut
1048 534 1351 606 presbyteri
1411 528 1669 585 ecclesias

120 641 398 702 custodiam
416 654 541 694 cum
584 636 731 693 omni
762 633 1108 690 veneratione
1143 630 1210 683 ad
1239 624 1670 682 ecclesiasticum

123 730 474 795 ministerium,
525 734 582 783 et
603 726 670 780 ad
700 737 894 795 purum
926 720 1230 781 servitium,
1277 725 1333 771 et
1378 714 1445 769 ad
1498 711 1674 767 nullas

121 823 235 877 alias
268 834 386 884 res;
424 830 604 887 neque
638 817 712 871 sit
740 813 944 884 aliquid
973 809 1160 866 Inutile
1180 808 1277 874 ibi,
1299 819 1476 876 neque
1502 805 1558 858 in
1586 803 1672 857 vi-

122 914 272 977 cinia;
299 925 405 966 non
452 907 834 979 permittantur
880 918 1014 957 vana
1070 899 1363 969 colloquia,
1402 910 1500 950 nec
1523 908 1674 949 vanas

120 1003 354 1064 actiones,
387 1013 564 1068 neque
591 996 844 1052 indecora
868 990 1221 1061 computatio,
1242 1001 1415 1057 neque
1436 999 1671 1055 unquam

124 1094 210 1149 alia
239 1093 469 1157 vanitas,
496 1104 669 1158 neque
714 1088 853 1142 intra
889 1084 1133 1141 ecclesia
1167 1094 1350 1151 sepem
1392 1077 1545 1132 canis
1571 1076 1673 1131 alI-
1710 1095 1717 1101 -

119 1184 225 1253 quis
248 1183 448 1247 veniat,
476 1193 654 1251 neque
688 1190 975 1249 porcorum
1029 1174 1215 1245 plures
1240 1185 1401 1242 quam
1428 1168 1555 1238 quis
1581 1180 1670 1221 re-

120 1288 231 1345 gere
251 1271 442 1343 possit.

179 1361 373 1418 XXVII.
420 1361 687 1416 Docemns
707 1358 899 1422 etiam,
927 1364 987 1411 ut
1014 1352 1159 1408 nihil
1180 1353 1232 1407 in
1260 1348 1491 1407 ecclesia
1525 1360 1675 1416 repo-

121 1467 276 1515 natur.
300 1456 446 1524 quod
484 1453 683 1508 ibidem
714 1451 972 1506 indecens
999 1449 1093 1503 sit.

178 1543 396 1599 XXVIII.
439 1543 709 1598 Docemns
732 1541 928 1603 etiam,
980 1548 1041 1593 ut
1071 1538 1304 1607 (omnes)
1346 1549 1399 1589 In
1430 1532 1676 1589 ecclesia

120 1635 346 1691 encaeniis
369 1634 532 1689 valde
569 1633 733 1688 sobrii
782 1630 910 1692 sint,
943 1637 1000 1683 et
1038 1628 1335 1698 diligenter
1367 1634 1545 1691 orent,
1572 1636 1674 1678 nec

124 1724 314 1797 pocula,
347 1738 531 1793 neque
556 1722 757 1791 aliquid
798 1718 984 1774 inutile
1005 1718 1081 1773 ibi
1116 1724 1427 1771 exerceant;

1773 524 1967 593 dignus
1993 522 2213 577 missam
2253 518 2565 583 celebrare,
2600 518 2697 587 qui
2725 532 2829 572 non
2880 517 2991 587 ipse
3040 516 3098 571 S.
3138 517 3349 573 Eucha-

1775 613 1982 668 ristiam
2024 610 2288 682 percipit;
2337 622 2439 665 nec
2474 616 2851 665 consecratum
2899 622 3135 677 unquam
3169 606 3350 663 denuo

1772 711 2149 761 οωιεθθτθιυτ.

1845 794 1974 850 XLI.
2012 793 2276 853 [locemus
2306 792 2471 848 etiam
2497 831 2513 858 ,
2551 799 2614 846 ut
2638 790 2873 861 quilibet
2894 790 3033 846 cali:
3064 788 3215 846 fusus
3256 794 3350 856 sit,

1774 887 1829 942 in
1877 899 1984 956 quo
2020 884 2079 940 S.
2131 883 2467 948 Ettcbaristia
2516 889 2898 949 cmtsecrctur,
2956 890 3012 937 et
3064 882 3135 937 in.
3170 882 3352 953 ligneo

1772 991 2047 1046 nunquam
2082 982 2453 1031 consecretur.
3244 1016 3247 1019 .

1780 1052 1795 1061 '
1844 1065 2002 1121 XLII.
2037 1065 2301 1120 Doce-nus
2343 1064 2531 1127 etiam,
2560 1072 2620 1118 ut
2662 1063 2866 1128 omnia,
2897 1078 3022 1135 quae
3054 1062 3211 1117 altari
3256 1076 3353 1132 sp‘

1773 1158 2158 1226 propinquant,
2186 1162 2243 1210 et
2272 1154 2335 1209 ad
2364 1152 2650 1209 ecclesiam
2701 1154 3009 1222 pertinent,
3057 1153 3167 1207 sint
3196 1151 3353 1207 valde

1772 1263 1932 1319 pura,
1971 1256 2027 1302 et
2054 1247 2212 1318 digne
2235 1244 2518 1314 disposita,
2547 1252 2603 1297 et
2651 1242 2782 1298 nihil
2810 1242 3125 1312 (impurum)
3151 1256 3353 1312 appro-

1774 1340 1997 1410 pianet
2025 1338 2171 1402 illud,
2186 1338 2279 1393 sed
2300 1345 2589 1405 reponatur
2615 1336 2980 1389 sanctuarium
3006 1332 3160 1388 valde
3182 1335 3332 1389 bono

1776 1431 1947 1497 riﬂce,
1996 1438 2054 1485 et
2100 1443 2317 1499 setitper
2356 1428 2533 1482 lumen
2575 1426 2765 1481 ardeat
2807 1425 2860 1480 in
2910 1424 3135 1481 ecclesia
3162 1464 3175 1489 ,
3228 1439 3353 1480 cum

1775 1525 1940 1580 missa
1975 1523 2315 1579 decantatur.

1845 1615 2023 1670 XLIII.
2050 1614 2315 1671 Docemus
2344 1614 2508 1667 etiam
2531 1651 2547 1678 ,
2582 1620 2640 1667 ut
2668 1627 2775 1667 non
2804 1611 3109 1683 negligatur
3152 1610 3354 1683 aliquid

1775 1714 2151 1763 consecratum
2176 1746 2191 1771 ,
2245 1719 2350 1760 non
2393 1718 2532 1773 aqua
2584 1713 2924 1763 consecrata.
2960 1718 3061 1758 nec
3097 1704 3176 1758 sal
3200 1744 3214 1771 ,
3254 1716 3357 1760 nec

181 1819 355 1874 XXIX.
399 1787 669 1874 Ducentos
693 1816 882 1881 etiam,
923 1820 983 1868 ut
1016 1813 1070 1866 in
1119 1810 1348 1866 ecclesia
1392 1820 1551 1862 nemo
1586 1819 1674 1860 se-
1705 1787 1750 1849 Β
1780 1799 1923 1862 thus,
1954 1811 2054 1852 nec
2084 1796 2266 1866 panis,
2300 1810 2399 1850 nec
2423 1794 2625 1863 aliquid
2663 1801 2928 1849 sanctum.

122 1911 342 1981 peiialur,
374 1910 484 1966 nisi
510 1910 713 1965 sciatur
724 1906 935 1978 quodin
958 1906 1069 1959 vita
1091 1902 1203 1958 Deo
1224 1903 1362 1957 bene
1384 1899 1672 1970 placuerit,

123 2011 170 2055 ut
195 2001 307 2055 inde
322 2000 626 2070 iudicetur,
647 1997 789 2069 quod
813 1997 883 2053 sit
910 1995 1184 2066 sepultura
1221 1990 1451 2064 dignus.’

178 2090 334 2145 XXX.
378 2090 647 2145 Docemus
674 2089 858 2152 etiam,
887 2095 946 2141 ut
968 2085 1224 2141 sacerdos
1248 2083 1300 2138 in
1332 2081 1475 2136 nulla
1518 2080 1679 2135 domo

124 2181 317 2247 missam
338 2180 604 2245 celebret,
637 2178 740 2237 nisi
782 2178 840 2233 in
874 2175 1215 2232 consecratis
1230 2172 1498 2237 ecclesiis,
1538 2185 1677 2243 pra:-

125 2282 343 2341 terquan
375 2272 451 2327 ob
471 2280 769 2326 extremam
791 2265 1020 2336 alicujus
1036 2263 1432 2336 agritudinem.

181 2360 358 2417 XXXI.
425 2360 689 2416 Docentus
738 2358 940 2423 etiam,
992 2364 1054 2410 ut
1098 2354 1354 2411 sacerdos
1405 2362 1679 2422 nunquam

124 2455 289 2510 saltem
327 2454 553 2509 missam
578 2451 820 2508 celebret
854 2449 960 2505 nisi
987 2464 1152 2521 super
1176 2452 1555 2503 consecratum
1606 2444 1684 2499 al-

127 2551 239 2597 tare.

181 2629 380 2685 XXXII.
446 2630 708 2686 Docetnus
758 2629 956 2689 etiam,
1002 2635 1061 2682 ut
1114 2626 1368 2680 sacerdos
1405 2638 1680 2694 nunquam

128 2718 320 2773 missam
351 2718 593 2775 celebret
628 2718 835 2788 absque
868 2717 1027 2779 libro,
1074 2725 1130 2770 et
1164 2715 1239 2770 sit
1278 2728 1452 2769 canon
1476 2714 1525 2768 ei
1556 2723 1682 2767 ante

128 2809 288 2864 oculos
308 2810 541 2879 positus,
567 2810 614 2864 si
646 2808 805 2871 velit,
838 2821 908 2862 ne
943 2808 1081 2861 forte
1117 2804 1397 2875 impingat.

186 2900 415 2956 XXXIII.
446 2902 711 2958 Docemus
727 2900 924 2966 etiam,
969 2906 1028 2953 ut
1050 2896 1276 2967 quilibet
1298 2895 1549 2950 sacerdos
1586 2895 1687 2950 ba-

129 2989 231 3046 beat
255 2990 594 3063 corporalem
619 2999 820 3047 vestem
844 3029 859 3053 ,
892 3003 1019 3043 cum
1067 2987 1288 3042 intissam
1335 2983 1596 3050 celebrat,
1628 2993 1685 3039 ct

129 3084 418 3139 subuculam
446 3084 547 3139 sub
574 3083 693 3139 alba
720 3095 837 3149 sua,
868 3091 923 3137 et
949 3080 1129 3137 omnia
1153 3078 1474 3134 vestimenta
1502 3077 1682 3134 missa

130 3174 281 3228 debite
310 3182 588 3229 contexta.

186 3263 414 3319 XXXIV.
456 3263 724 3319 [locemus
772 3264 979 3329 etiam,
1040 3273 1100 3316 ut
1152 3259 1380 3330 quilibet
1427 3259 1684 3315 sacerdos

131 3352 389 3424 diligenter
409 3362 567 3408 curet
585 3392 599 3421 ,
645 3363 703 3408 ut
726 3353 924 3408 bonum
953 3361 1007 3409 et
1033 3351 1224 3409 saltem
1245 3352 1455 3421 justum
1481 3350 1682 3406 librum

132 3444 320 3500 habeat.
466 3460 470 3464 ‘
661 3474 685 3489 ο.
1070 3484 1073 3487 λ

188 3537 392 3594 XXXV.
435 3539 700 3594 Docemus
725 3537 887 3593 etiam
906 3578 922 3602 ,
951 3546 1011 3591 ut
1049 3536 1230 3591 nullus
1256 3534 1509 3592 sacerdos
1537 3534 1683 3590 solus

132 3629 328 3685 missam
364 3632 641 3699 celebret,
678 3632 725 3687 si
774 3647 881 3686 non
921 3631 1116 3686 habeat
1155 3643 1280 3685 eum
1322 3629 1416 3697 qui
1456 3628 1554 3697 ipsi
1598 3642 1681 3682 re-

132 3721 385 3788 spondeat.

192 3811 421 3868 XXXVI.
456 3812 722 3867 Docemus
746 3812 932 3877 etiam,
954 3820 1015 3866 ut
1033 3811 1262 3881 quilibet
1296 3808 1548 3865 sacerdos
1573 3809 1687 3863 Eu-

135 3900 424 3958 cbaristiam
476 3902 707 3975 accipiat
761 3901 1055 3974 jejunaus,
1116 3900 1219 3955 nisi
1275 3899 1347 3954 ob
1383 3906 1695 3954 extremam

136 3995 508 4064 :cgritndinetn.

195 4083 443 4139 XXXVII.
497 4083 760 4139 Docemus
803 4082 1011 4145 etiam,
1081 4090 1140 4136 ut
1197 4080 1373 4136 nullus
1428 4080 1688 4136 sacerdos

139 4186 230 4227 uno
261 4174 340 4229 die
371 4172 568 4244 sapius
605 4187 766 4242 quam
801 4180 883 4226 ter
916 4169 988 4226 ad
1023 4184 1295 4226 summum
1332 4170 1553 4225 missam
1591 4184 1683 4225 ce—

140 4260 308 4317 lebret.

196 4351 469 4410 XXXVIII.
510 4352 774 4409 Docemus
811 4349 1008 4418 etiam,
1057 4361 1115 4404 nt
1162 4348 1444 4427 sacerdos.
1471 4362 1690 4418 semper

1849 1889 2032 1944 XLIV.
2058 1889 2323 1944 Docernns
2355 1888 2538 1952 etiam,
2573 1896 2631 1944 ut
2683 1885 2824 1940 nulla
2871 1901 3009 1942 uxor
3051 1888 3221 1943 altare
3258 1902 3354 1960 ap-

1778 1980 2122 2051 propinquet,
2152 1978 2391 2048 (plaudit)
2433 1979 2597 2033 missa
2628 1977 2957 2033 celebratur.

1850 2069 2010 2125 XLV.
2057 2069 2321 2125 Docemus
2370 2068 2573 2134 etiam,
2628 2077 2690 2122 ut
2735 2067 2885 2136 justo
2928 2077 3072 2124 stato
3114 2079 3360 2140 tempore

1780 2178 2040 2233 campana
2094 2162 2368 2232 pulsetur,
2433 2169 2489 2215 et
2541 2160 2795 2215 sacerdos
2852 2160 3077 2230 quilibet
3136 2169 3355 2216 cantum

1780 2270 1934 2310 suum
1989 2253 2263 2308 Itorarium
2323 2252 2377 2305 in
2431 2251 2662 2306 ecclesia
2716 2250 2953 2320 psaliat,
3009 2259 3065 2305 et
3110 2248 3182 2307 ibi
3232 2267 3356 2306 eum

1782 2346 1874 2402 Dei
1907 2346 2104 2403 lituum
2134 2342 2325 2401 sedulo
2360 2350 2481 2400 oret
2506 2382 2522 2410 ,
2558 2351 2616 2398 et
2646 2357 2745 2413 pro
2774 2341 2923 2397 omni
2963 2341 3159 2413 pepulo
3189 2343 3362 2399 inter-

1781 2439 1956 2492 cetlat.

1853 2527 2035 2584 XLVI.
2090 2528 2352 2583 Docemns
2397 2526 2601 2591 etiam,
2640 2534 2701 2580 ut
2757 2525 3014 2580 sacerdos
3056 2524 3358 2588 saecularis,

1783 2619 1866 2672 vel
1915 2615 2284 2673 conventualis
2335 2615 2552 2684 aliquis,
2597 2628 2701 2669 non
2739 2613 2921 2667 veniat
2966 2613 3107 2668 intra
3157 2614 3357 2668 ostium

1783 2707 2045 2772 ecclesias,
2090 2722 2189 2762 nec
2218 2705 2360 2764 intra
2384 2703 2708 2769 sacrarium,
2739 2702 3356 2774 absquesttperpelliceo

1784 2815 1906 2863 suo,
1931 2813 2107 2868 neque
2130 2796 2321 2853 saltem
2350 2796 2418 2852 ad
2448 2795 2640 2861 altare,
2664 2804 2728 2849 ut
2762 2795 2834 2850 ibi
2857 2794 3129 2851 ministret
3152 2796 3361 2869 absque

1783 2890 1981 2946 vestitu
2024 2888 2135 2943 illo.

1855 2978 2062 3037 XLVII.
2086 2980 2358 3035 Doee‘mns
2385 2978 2570 3043 etiam,
2593 2987 2655 3032 ιιι
2694 2976 2873 3032 nullus
2896 2978 3070 3034 saccis
3112 2978 3383 3036 initiatus.

1788 3074 1948 3127 homo
1974 3080 2250 3126 tonsuram
2276 3085 2428 3125 suam
2454 3076 2753 3134 consecret,
2784 3082 2887 3123 nec
2910 3082 3029 3122 eam
3056 3064 3192 3125 male
3239 3080 3377 3125 ιοιι.,

1782 3164 1899 3220 deri
1924 3162 2220 3234 pemittst,
2263 3176 2364 3218 nec
2386 3160 2614 3217 barbam
2652 3172 2803 3215 suam
2830 3171 2929 3229 per
2964 3158 3178 3229 aliquod
3220 3168 3356 3215 tcta-

1782 3272 1883 3328 pus
1909 3257 2042 3321 alat,
2080 3255 2353 3325 siquidem
2391 3244 2823 3310 benedictionem
2858 3251 2971 3319 Dei,
3002 3262 3055 3308 et
3097 3252 3154 3308 ὃ.
3188 3253 3354 3319 Petri,

1781 3356 1837 3404 et
1865 3358 2103 3403 nostram
2138 3349 2344 3404 habere
2375 3347 2525 3403 velit.
3026 3332 3030 3337 V

1851 3437 2078 3494 XLVIII.
2109 3438 2374 3494 Docemus
2405 3438 2593 3501 etiam,
2616 3444 2678 3491 ut
2713 3451 2902 3494 omnes
2943 3436 3252 3495 sacerdotes
3282 3434 3362 3494 ΐο-

1783 3528 1882 3584 stis
1912 3527 2104 3583 diebus
2130 3535 2187 3582 et
2231 3524 2457 3597 jejuniis
2491 3527 2772 3582 unanimes
2794 3527 2924 3593 sint,
2954 3537 3015 3586 et
3034 3542 3223 3585 omnes
3253 3542 3360 3584 uno

1784 3619 1944 3674 modo
1971 3626 2149 3683 orent,
2179 3632 2248 3674 ue
2271 3616 2600 3688 populumin
2626 3630 2871 3672 errorem
2902 3618 3124 3673 ducant.

1854 3709 2032 3764 XLIX.
2075 3709 2364 3764 Docemus.
2390 3709 2552 3762 etiam
2584 3744 2599 3772 ,
2652 3717 2715 3764 ut
2768 3704 3049 3777 quodlibet
3089 3708 3381 3780 jejuniunr

1784 3798 2144 3870 cleemosynis
2190 3798 2600 3863 bonoriticetur,
2644 3799 2748 3853 boc
2776 3807 2888 3862 est,
2924 3808 2988 3853 ut
3010 3801 3258 3870 quisquis
3290 3816 3358 3856 ex
3410 3806 3413 3807 ⁷

1786 3891 2072 3947 devotione
2124 3905 2260 3961 erga
2330 3889 2499 3943 Deum
2548 3888 2959 3961 elecmosyuam.
2996 3891 3182 3947 sedqu
3230 3893 3361 3950 dare

1784 3982 2096 4053 velit,tunc
2118 3978 2378 4052 jejunium
2406 3980 2574 4050 ipsius
2598 3979 2708 4035 Deo
2733 3980 2803 4035 sit
2826 3982 3034 4049 gratius

1854 4093 1917 4148 L.
1960 4093 2226 4148 Docentus
2270 4091 2470 4154 etiam,
2536 4098 2597 4146 ut
2653 4095 2963 4149 sacerdotes
3013 4095 3065 4149 in
3112 4082 3360 4152 ecclesiae

1786 4183 2101 4239 ministeriis
2113 4194 2303 4239 omnes
2322 4181 2482 4237 simul
2498 4197 2717 4252 operam
2742 4192 2961 4250 navent,
2984 4193 3037 4238 et
3062 4186 3133 4240 sit
3154 4188 3363 4256 aequale

1787 4275 2042 4331 salarium
2090 4275 2143 4330 in
2170 4276 2298 4330 anni
2327 4275 2505 4346 spatio
2544 4278 2598 4332 in
2643 4275 2895 4335 omnibus
2925 4276 3167 4339 ecclesia:
3198 4277 3385 4335 tuini-.

1788 4368 1989 4424 steriis.

140 4442 317 4510 habeat
350 4455 589 4515 paratam
628 4445 1049 4508 Encharistiatn,
1075 4451 1236 4512 prout
1264 4457 1400 4512 opus
1428 4441 1608 4507 fuerit,
1632 4449 1685 4496 et
1720 4480 1767 4539 υ
1859 4461 1943 4515 ιι,
1982 4460 2245 4515 uocemus
2271 4460 2454 4525 etiam,
2496 4469 2553 4514 ut
2581 4459 2888 4515 sacerdotes
2916 4459 3250 4529 jut'cntutem
3272 4481 3389 4520 se-

143 4536 269 4593 hanc
293 4537 570 4609 diligenter
600 4537 653 4590 in
683 4534 914 4604 puritate
943 4534 1243 4599 custodiat,
1281 4542 1338 4587 et
1386 4538 1581 4586 caveat
1618 4547 1683 4586 ne

1803 4550 1916 4606 Iulo
1942 4550 2191 4616 doceant,
2236 4558 2289 4602 et
2341 4550 2407 4602 ad
2450 4547 2664 4618 opilicia
2713 4551 2953 4615 trahant,
3000 4560 3061 4605 ut
3108 4551 3364 4612 Ecclesiae

146 4628 497 4691 inveterescat,
522 4627 566 4682 si
599 4616 778 4679 autem
809 4623 1233 4687 inveteraverit,
1280 4632 1340 4677 ut
1382 4621 1552 4690 accipi
1594 4636 1690 4677 ne-

147 4726 448 4784 queat,tunc
471 4717 817 4773 comburatur
847 4715 898 4768 in
928 4727 1065 4784 puro
1095 4713 1237 4783 igne,
1265 4720 1320 4767 et
1355 4712 1565 4766 cineres
1584 4710 1685 4765 sub

149 4808 288 4861 altari
312 4808 622 4869 condantur,
650 4816 706 4862 et
729 4804 1016 4877 diligenter
1038 4802 1181 4876 apud
1207 4803 1379 4857 Deum
1409 4798 1683 4868 emendet,

150 4896 231 4964 qui
252 4897 345 4953 boc
369 4898 615 4971 neglexit.

214 4986 431 5045 XXXIX.
480 4986 750 5046 Docemus
775 4990 938 5044 etiam
967 5028 982 5055 ,
1031 4999 1091 5042 ut
1121 4985 1374 5043 sacerdos
1414 4999 1721 5053 nunquam.

152 5093 410 5151 praesumat
440 5084 669 5139 missam
716 5080 1029 5146 celebrare,
1076 5080 1182 5135 nisi
1226 5079 1408 5135 omnia
1469 5075 1709 5145 habent,

158 5186 261 5196 κη...
286 5171 340 5196 -.1
367 5172 396 5196 ο
460 5171 794 5196 η--κ.ι-....ξ...ε..

806 5187 852 5196 Μ
885 5168 1156 5196 ,ιι-ηιξκιε...
1213 5170 1312 5196 Ιηιιιι
1359 5176 1435 5196 an!
1493 5180 1690 5196 nso-sum

1791 4641 2047 4695 auxilium
2074 4639 2096 4711 (
2119 4639 2282 4711 inde)
2310 4638 2593 4695 habeant..

1862 4749 1967 4805 LII.
2009 4749 2592 4813 Βοςθιιιιιε.ειίιιηι,,υι
2638 4751 2953 4807 saeerdotcs
2998 4732 3238 4821 quolibet
3280 4758 3369 4812 die

1792 4838 1935 4895 Sniis
1969 4840 2035 4894 ad
2076 4839 2327 4911 populum
2366 4838 2679 4909 pnedicent,
2726 4854 2781 4899 et
2808 4857 3027 4912 semper
3068 4843 3271 4901 bonum
3304 4849 3399 4909 iis...

1790 4930 2062 5005 praebcant
2090 4931 2417 5002 exemplum.
2808 4928 2811 4931 ’
2914 4939 2919 4944 ’

1869 5045 1993 5104 LIII.
2036 5046 2309 5101 Docemns
2341 5045 2533 5109 etiam,
2560 5055 2623 5101 ut
2642 5051 2830 5106 nullus
2860 5045 3209 5102 Christianus
3252 5063 3381 5104 san-

1794 5139 2013 5196 guinem
2039 5138 2285 5193 comedat
2312 5136 2538 5196 alicuius
2562 5145 2808 5196 ueneris.
