3876 5326
484 250 597 307 533

1188 246 1478 305 APPEND.
1518 246 1610 300 AD
1648 246 1932 318 3.456.}.
1974 276 2043 286 --
2082 244 2520 307 MONUIIENTA
2564 246 2815 311 DIPLOM
2835 250 3058 307 ATICA.

3634 258 3725 313 δικ

484 361 554 415 ad
599 358 742 413 l‘etrt
802 364 1021 423 testum,
1071 365 1125 411 et
1180 373 1376 412 census
1429 356 1672 414 ecclesia:
1721 356 1792 412 ad
1853 355 2066 413 Martini
2099 342 2144 399 Α
2176 354 2371 426 Magna
2412 358 2495 415 lu'c
2535 359 2768 435 Ιιιειιιιει,Δ
2792 363 2896 421 sive
2939 363 3165 435 spatium
3199 365 3255 435 in
3296 382 3391 421 ms.
3432 368 3622 435 codice,
3651 376 3722 429 αἱ

484 451 705 506 festum.

556 544 667 598 LV.
710 542 994 599 Docemus.
1037 544 1225 606 etiam,
1281 549 1341 596 ιιι
1394 541 1711 606 sacerdotes
1759 542 1830 595 ita
1888 542 2067 612 populi

485 633 884 704 eleemosynam
931 632 1276 695 distribuant,
1310 640 1368 684 ut
1416 630 1521 685 illis
1551 639 1657 684 tam
1690 631 1857 695 Deum
1890 632 2069 702 propi-

486 727 625 782 tium
674 726 917 789 reddant,
959 723 1407 799 quampopulum
1453 723 1520 778 ad
1567 722 1937 795 eleemosynas
1984 741 2070 779 as-

485 829 762 876 suescaut.
1762 864 1769 871 .
2052 862 2055 867 .

554 910 690 967 LVI.
732 911 999 965 Docemus
1051 908 1215 962 etiam
1246 948 1261 973 ,
1323 916 1395 963 ut.
1443 908 1756 963 sacerdotes
1831 909 2067 979 psalmos

483 1010 725 1066 cantent.
758 1017 880 1057 cum
910 999 1299 1073 peleetuosynas
1343 999 1693 1065 distribuunt,
1723 1008 1779 1054 et
1807 1015 2068 1070 pauperes

484 1094 768 1165 diligenter
819 1100 1017 1157 orent,
1055 1099 1127 1145 ,ιιι
1178 1091 1270 1145 his
1313 1106 1412 1160 pro
1477 1091 1676 1161 pepqu
1728 1091 2068 1147 intercedant

482 1185 691 1242 sedulo.
864 1180 871 1187 ³
1160 1230 1163 1233 λ
1248 1230 1251 1233 .
1509 1246 1515 1251 ν
1666 1230 1667 1233 η
1914 1230 1917 1233 ,

554 1276 713 1332 LVII.
753 1275 1021 1331 Docemus
1047 1275 1245 1337 etiam,
1280 1281 1338 1328 ut
1373 1274 1683 1329 sacerdotes
1710 1274 1809 1329 sibi
1838 1285 2068 1330 caveant

484 1368 557 1424 ab
582 1366 867 1428 ebrietate,
903 1373 956 1418 et
999 1364 1145 1418 illam
1174 1363 1461 1434 diligenter
1510 1365 1953 1434 reprehendendo
1985 1365 2067 1419 in-

484 1460 753 1517 terdicant
777 1457 901 1512 aliis
927 1456 1254 1511 hominibus.
1534 1504 1537 1509 ,

557 1550 737 1610 LVIII.
780 1549 1043 1605 Docemus
1069 1547 1253 1608 etiam,
1301 1555 1361 1600 ut
1389 1546 1569 1602 nullus
1600 1549 1855 1604 sacerdos
1881 1549 1952 1603 sit
1979 1564 2067 1604 ce-

483 1641 837 1704 Γθνιειςιιξίιιδ,,
869 1653 968 1693 nec
998 1638 1177 1706 aliquo
1213 1637 1373 1691 modo
1417 1652 1665 1693 scurram
1709 1648 1835 1707 agat
1881 1654 2065 1693 secum

482 1734 625 1802 ipso,
668 1729 751 1785 vel
800 1729 966 1794 aliis;
1009 1730 1101 1782 sed
1151 1727 1239 1790 sit,
1278 1728 1417 1782 sicut
1460 1727 1706 1787 ordinem
1738 1706 1867 1796 ejus.
1888 1730 2064 1795 decet,
2102 1706 2141 1765 Β

483 1822 719 1893 prudens
742 1830 794 1875 et
819 1819 1177 1877 venerandus.

557 1912 690 1967 LIX.
734 1912 996 1971 Docemus
1028 1911 1216 1973 etiam,
1259 1918 1315 1964 ut
1351 1909 1663 1964 sacerdotes
1691 1927 1720 1962 ιι
1747 1909 2066 1980 jar-amento

484 2004 672 2062 sedulo
722 2004 824 2059 sibi
877 2012 1139 2067 caveant,
1199 2012 1253 2057 et
1281 2001 1410 2061 illud
1458 2001 1613 2059 valde
1668 2004 1832 2058 etiam
1889 2005 2070 2074 prohi-

484 2099 669 2156 beant.
1058 2140 1061 2145 »

555 2189 678 2249 LX.,
708 2191 974 2247 Docemus
1007 2188 1212 2253 etmm’,
1250 2199 1310 2243 ut
1360 2188 1539 2244 nullus
1575 2189 1830 2244 sacerdos
1878 2187 2072 2244 mulie-

485 2299 606 2338 rum
646 2281 978 2339 consortium
1011 2280 1178 2336 nimis
1218 2289 1385 2346 amet,
1415 2282 1508 2336 sed
1539 2280 1724 2350 diligat
1770 2281 2067 2353 legitimam

484 2387 636 2429 suam
665 2388 916 2436 uxorem,
948 2370 998 2425 id
1029 2380 1112 2425 est
1140 2370 1432 2426 Ecclesium
1472 2386 1647 2426 suam.
1828 2362 1835 2373 ’

556 2462 692 2518 LXI.
736 2462 1001 2535 Docemus
1043 2461 1230 2527 etiam,
1256 2469 1337 2527 ,ιιι
1383 2462 1560 2518 nullus
1604 2464 1858 2520 sacerdos
1893 2466 2070 2520 adstet

488 2543 626 2614 falso
656 2557 985 2624 testimonio,
1018 2571 1191 2626 neque
1221 2571 1253 2610 a
1284 2555 1522 2621 consiliis
1550 2556 1727 2610 furum
1754 2558 1845 2611 sit.

555 2648 714 2704 LXII.
754 2649 1021 2705 Docemus
1046 2649 1235 2713 etiam,
1278 2658 1336 2702 ut
1361 2648 1617 2703 sacerdos
1651 2664 1928 2719 nunquam
1979 2665 2068 2703 or-

484 2739 625 2801 dalia
657 2739 859 2804 visitet,
888 2747 979 2794 aut
998 2740 1328 2810 jurameuta.
1954 2782 1959 2787 .

550 2829 736 2885 LXIII.
779 2829 1046 2885 Docemus
1090 2830 1277 2895 etiam,
1324 2839 1383 2884 ut
1430 2831 1687 2887 sacerdos
1715 2842 1907 2888 contra
1948 2834 2066 2889 tha-

385 2978 390 2985 ,
482 2935 750 2978 nummon
770 2918 918 2988 juret
950 2919 1007 2974 in
1048 2921 1521 2988 compurgatione,
1572 2922 1674 2977 nisi
1708 2923 1903 2977 thanus
1935 2939 2068 2994 prte-

476 3006 763 3077 juraverit.

555 3097 744 3158 LXIV.
789 3098 1054 3157 Docemus
1080 3100 1273 3166 etiam,
1316 3109 1376 3156 ut
1403 3103 1658 3159 sacerdos
1679 3117 1784 3157 non
1813 3105 1883 3159 sit
1909 3117 2069 3159 vena-

483 3200 594 3262 tor,
629 3204 801 3260 neque
827 3191 1230 3259 accipitrarius,
1276 3192 1452 3263 neque
1475 3202 1707 3264 potator,
1739 3196 1834 3252 sed
1865 3198 2071 3253 incum-

485 3282 581 3338 bat
610 3282 765 3337 libris
789 3282 918 3345 suis,
952 3283 1094 3338 sicut
1118 3284 1364 3340 ordinem
1389 3286 1557 3355 ipsius
1578 3286 1752 3342 decet.
1998 3344 2010 3356 ,

558 3366 723 3423 LXV.
760 3367 1024 3424 Docemus
1062 3369 1250 3434 etiam,
1285 3378 1342 3425 ut
1385 3371 1610 3439 quilibet
1657 3373 1909 3428 sacerdos
1938 3388 2070 3429 con-

485 3459 774 3521 fessionem
835 3467 893 3513 et
962 3459 1337 3528 pmoitentiam
1400 3463 1588 3518 doceat
1654 3480 1780 3520 eum
1830 3468 1926 3537 qui
1968 3468 2069 3538 ipsi

486 3550 798 3615 comitetur,
837 3559 903 3611 et.
922 3551 989 3604 ad
1036 3552 1467 3611 emendationem
1499 3571 1713 3627 quoque
1747 3558 1983 3629 adjuvet,
2015 3572 2072 3616 et

486 3653 690 3714 aegroto
722 3642 779 3698 S.
819 3643 1217 3701 Eucharistiam
1249 3647 1509 3715 praebeat,
1541 3665 1665 3704 cum
1703 3651 1754 3703 ei
1795 3666 1931 3721 opus
1962 3662 2066 3718 est,

487 3743 543 3788 et
573 3744 737 3804 ungat
766 3734 916 3790 illum
936 3749 1173 3805 quoque,
1202 3736 1246 3791 si
1278 3738 1381 3793 hoc
1402 3739 1687 3804 desideret,
1720 3751 1773 3796 et
1823 3753 1944 3812 post
1975 3745 2073 3800 ob—

488 3826 625 3885 itum
659 3813 947 3899 diligenter
985 3826 1264 3893 involvat;
1296 3844 1471 3898 neque
1492 3832 1839 3900 permittatur
1865 3835 2071 3906 aliquid

488 3934 688 3974 vanum
719 3918 868 3977 circa
919 3932 1137 3989 corpus,
1181 3921 1275 3975 sed
1306 3936 1440 3983 cum,
1459 3920 1555 3977 Dei
1595 3924 1791 3979 timore
1818 3925 2075 3981 decenter

486 4012 797 4081 sepeliatur.
1044 4004 1047 4007 “
1182 4078 1185 4083 _
1998 4070 2005 4079 .

559 4101 741 4157 LXVI.
786 4102 1053 4159 Docemus
1076 4102 1259 4170 etiam,
1292 4114 1348 4159 ut
1368 4107 1591 4174 quilibet
1612 4111 1866 4168 sacerdos
1892 4113 2070 4169 nicum

488 4195 690 4247 habeat
719 4200 833 4252 tam
861 4193 928 4248 ad
973 4194 1321 4265 baptismum,
1353 4211 1514 4265 quam
1555 4200 1621 4252 ad
1647 4210 1876 4270 aegrotos
1908 4203 2067 4257 iuun-

2364 439 2549 483 ca’tera
2582 428 2716 483 alias
2750 428 3038 495 insertum;
3074 433 3339 499 ridebatur
3369 439 3560 521 scribe.

2210 576 2213 577 ν
2242 536 2543 593 Praeveniat
2584 540 2724 596 hunc
2766 541 3022 601 famulum
3060 553 3235 607 tuum.
3271 562 3476 617 quaeso,
3509 548 3723 617 Domine,

2173 630 2545 685 misericordia
2582 639 2707 700 tua,
2752 641 2814 689 ut
2847 649 3039 692 omnes
3082 636 3389 706 iniquitates
3430 640 3549 708 ejus
3587 645 3725 701 celeri

2170 720 2501 795 indulgentia
2527 724 2808 787 deleantur
2833 742 2930 796 per
2953 725 3135 787 Iesum
3160 729 3435 788 Christum
3468 735 3724 793 Dominqu

2172 823 2437 872 nostrum.
2484 873 2489 877 _
2827 874 2831 878 ,
3020 875 3024 879 4

2239 906 2478 976 Exaudi,
2525 928 2731 981 quaeso,
2776 914 3022 982 Domine,
3064 918 3365 990 supplicum
3415 936 3605 992 preces
3638 926 3730 981 cia-

2169 1001 2433 1055 mamium
2461 1003 2528 1061 ad
2556 1013 2628 1069 te,
2659 1022 2866 1075 quaeso,
2897 1007 3143 1065 Domine.
3376 1068 3377 1071 η

2240 1088 2305 1144 ιι.
2338 1090 2664 1165 Quicunque
2685 1107 2769 1153 est
2796 1101 3041 1156 medicus
3059 1103 3361 1169 animarum
3393 1106 3661 1163 hominum
3684 1119 3731 1165 et

2167 1196 2356 1236 carum
2386 1186 2630 1242 actiones
2663 1192 2835 1256 norit,
2872 1191 3089 1247 studeat
3125 1195 3445 1251 divisionem
3479 1206 3537 1254 ct
3560 1199 3731 1257 disctio

2169 1285 2315 1336 men,
2367 1277 2641 1344 quomodo
2691 1280 2973 1338 hominum
3025 1286 3329 1343 actionibus
3377 1290 3729 1358 pmoitentiam

2168 1359 2440 1432 iujuugat;
2490 1375 2728 1425 attamen
2773 1386 2881 1430 non
2927 1375 3253 1431 condemnet
3293 1393 3414 1446 eos,
3458 1394 3626 1452 neque
3652 1384 3732 1439 de

2169 1464 2388 1520 sperare
2431 1454 2613 1521 faciat.
2654 1460 2788 1521 Cum
2832 1463 2996 1520 homo
3035 1466 3227 1524 delicta
3272 1485 3369 1527 sua
3416 1472 3473 1526 ei
3511 1474 3732 1532 confiteri

2170 1541 2302 1634 vult,
2337 1548 2590 1611 exaudiat
2626 1566 2751 1608 etim
2794 1554 2971 1627 primo
2997 1558 3291 1627 patienter,
3315 1577 3478 1631 quam
3520 1567 3731 1634 prudens

2172 1629 2342 1700 ipsius
2372 1636 2442 1697 sit
2471 1636 2726 1708 intentio;
2757 1643 2800 1698 si
2832 1643 2959 1699 velit
2984 1655 3039 1700 et
3067 1647 3240 1716 possit
3281 1629 3558 1708 humiliter
3587 1656 3733 1711 actio-

2171 1737 2266 1777 nes
2291 1738 2420 1793 suas
2452 1729 2720 1796 confiteri,
2767 1742 2821 1789 et
2869 1744 2922 1790 tu
2971 1739 3260 1809 percipias,
3303 1744 3450 1812 quod
3496 1747 3733 1814 pcenitcat

2170 1824 2514 1884 peccatorum
2552 1834 2793 1889 suorum,
2851 1824 2984 1883 doce
3026 1828 3198 1897 ipsum
3243 1842 3495 1888 amanter
3537 1846 3591 1890 et
3625 1852 3730 1892 eum

2171 1905 2563 1973 misericordia.
2596 1912 2652 1969 Si
2694 1931 2799 1971 non
2842 1918 3013 1987 possit
3053 1922 3295 1979 actiones
3321 1940 3455 1981 suas
3510 1929 3734 1986 conﬁteri

2169 2005 2223 2052 et
2260 2009 2453 2059 reatus.
2475 2018 2601 2061 suos
2633 2008 2972 2077 examinare,
2996 2060 3001 2063 _
3520 2058 3523 2061 .

2178 2136 2181 2139 .
2241 2090 2327 2147 Ill.
2368 2092 2645 2186 Interroga
2671 2112 2794 2155 eum
2823 2101 2888 2157 de
2915 2105 3156 2163 moribus
3185 2109 3373 2180 ipsius,
3407 2123 3466 2171 et
3493 2124 3731 2186 extorque

2171 2192 2355 2235 reatus
2389 2183 2554 2251 illius,
2579 2196 2635 2241 et
2663 2202 2872 2261 expone
2900 2195 3146 2252 actiones
3166 2197 3300 2267 ejus,
3323 2211 3379 2257 ct
3408 2206 3587 2276 cogita
3608 2183 3731 2277 quod

2172 2288 2447 2344 nunquam
2487 2278 2688 2336 debeas
2728 2284 2921 2339 eodem
2966 2289 3124 2343 modo
3169 2290 3419 2360 judicare
3467 2298 3651 2355 divites
3686 2310 3734 2355 et

2173 2380 2455 2437 pauperes,
2485 2370 2685 2429 liberos
2719 2386 2776 2430 et
2800 2391 3007 2445 servos,
3038 2386 3199 2438 ’senes
3228 2396 3283 2439 et
3310 2385 3565 2461 juvenes,
3595 2408 3735 2450 sanos

2171 2469 2228 2513 et
2259 2461 2521 2530 infirmos,
2555 2465 2787 2523 humiles
2818 2480 2872 2525 et
2911 2475 3191 2543 superbos,
3236 2476 3403 2537 fortes
3436 2493 3489 2537 et
3531 2483 3734 2552 debiles,

2170 2553 2340 2609 sacris
2368 2555 2609 2612 initiatos
2634 2567 2689 2614 et
2716 2559 2898 2618 laicus.

2176 2692 2185 2697 κ
2240 2642 2525 2710 Quodlibet
2558 2647 2760 2705 factum
2795 2652 2960 2723 judex
2994 2656 3230 2725 prudens
3257 2660 3569 2721 discernere
3595 2666 3732 2724 debet

2170 2738 2489 2807 prudenter,
2524 2741 2737 2810 quando
2778 2743 2980 2802 factum
3011 2749 3098 2812 sit,
3145 2759 3201 2805 et
3244 2736 3353 2816 ubi,
3388 2755 3474 2809 vel
3505 2758 3731 2826 quando;

2172 2830 2320 2885 nullo
2345 2842 2591 2903 tempore
2609 2834 2867 2903 injustum
2894 2840 3214 2909 per-missum
3242 2855 3344 2911 est,
3370 2856 3606 2903 attamen
3628 2852 3735 2920 quis

2171 2921 2361 2979 diebus
2405 2923 2557 2981 festis
2586 2934 2642 2981 et
2676 2926 2896 2999 jejuniis
2923 2943 2978 2986 et
3009 2931 3144 2989 locis
3190 2933 3398 2992 festivis
3430 2953 3592 3009 quam
3628 2941 3730 2995 diti-

2093 3062 2138 3126 Ο
2172 3015 2486 3083 gentissime
2515 3018 2584 3073 ab
2623 3031 2695 3074 eo
2734 3019 2836 3075 sili
2880 3031 3087 3078 caveat.
3118 3024 3185 3079 Et
3214 3038 3415 3095 quanto
3445 3031 3734 3099 potentioris

2168 3114 2224 3160 et
2264 3106 2486 3175 majoris
2522 3109 2728 3165 ordinis
2770 3111 2930 3168 homo
2976 3113 3067 3180 sit,
3113 3123 3279 3171 tanto-
3307 3120 3529 3188 gravius
3568 3136 3729 3191 coram

2117 3271 2120 3274 .
2168 3195 2279 3250 Deo
2336 3207 2392 3252 et
2420 3204 2605 3253 coram
2640 3202 2838 3257 mundo
2886 3191 3200 3284 injustitiam
3251 3213 3547 3266 emendare
3573 3211 3730 3276 debet,

2070 3324 2073 3331 ς
2167 3287 2423 3355 quoniam
2463 3298 2655 3357 potens
2694 3300 2748 3346 et
2798 3292 3064 3362 impotens
3110 3295 3215 3351 nou
3261 3309 3491 3367 possunt
3529 3300 3728 3370 aequalia

2167 3394 2332 3433 onera
2364 3381 2582 3445 habere,
2634 3399 2735 3438 nec
2778 3383 3024 3441 infirmus
3068 3387 3223 3457 firmo
3261 3391 3459 3448 similis
3502 3396 3645 3459 csse';
3682 3393 3729 3447 hi
3808 3462 3817 3471 )

2167 3486 2296 3540 ergo
2325 3484 2451 3527 sunt
2478 3473 2869 3545 distinguendi
2896 3486 2953 3532 et
2977 3478 3211 3535 discreto
3238 3480 3595 3540 discernendi.

2238 3563 2326 3617 IV.
2379 3563 2626 3625 Postbzee
2679 3579 2869 3639 surgat
2926 3571 3325 3630 humiliterad
3384 3557 3728 3634 confessorem

2170 3672 2344 3719 suum,
2397 3666 2452 3711 et
2497 3658 2641 3713 dicat
2683 3661 2859 3731 primo
2903 3681 2915 3715 :
2965 3663 3077 3734 Ego
3123 3665 3285 3722 credo
3338 3668 3390 3722 in
3447 3656 3733 3735 Domitian,

2170 3746 2438 3803 summum
2467 3749 2702 3817 Patrem,
2734 3756 2981 3810 omnium
3012 3742 3192 3813 rerum
3227 3760 3661 3829 gubernatorem,
3685 3772 3730 3818 et

2172 3841 2224 3894 in
2267 3842 2484 3902 Filium.
2517 3853 2569 3898 et
2619 3845 2673 3898 in
2719 3846 2977 3917 Spiritum
3020 3848 3301 3919 sanctum;
3350 3863 3403 3909 ct
3446 3870 3547 3926 ego
3591 3858 3731 3911 credo

2168 3932 2353 3987 vivere
2380 3943 2502 4004 post
2532 3945 2796 4003 mortem;
2837 3948 2891 3995 et
2928 3955 3029 4013 ego
3071 3944 3235 4000 credo
3264 3961 3545 4016 resurgere
3584 3950 3631 4004 in
3658 3949 3729 4002 die

2165 4022 2370 4091 judicii,
2411 4034 2467 4080 et
2511 4041 2670 4082 omne
2716 4029 2818 4084 hoc
2864 4033 3025 4087 credo
3070 4049 3171 4104 per
3217 4035 3309 4092 Dei
3352 4040 3643 4108 potentiam
3685 4049 3737 4095 et.

2172 4115 2595 4170 misericordiam
2620 4120 2736 4189 ejus
2764 4124 2981 4177 mereri.

2244 4204 2307 4258 V.
2349 4205 2415 4258 Et
2446 4214 2572 4261 tunc
2598 4209 2741 4263 dicat
2768 4211 2950 4266 animo
2987 4214 3268 4284 preuitcnti
3312 4228 3366 4273 et
3409 4219 3595 4276 humili
3621 4237 3729 4277 eon-

491 4282 728 4353 gcndos;
776 4282 845 4337 sit
873 4283 1035 4336 etiam
1067 4294 1286 4353 paratus
1319 4284 1409 4352 jus
1442 4288 1623 4357 populi
1657 4299 1711 4343 et
1747 4291 2079 4351 Christiaui-
2174 4293 2462 4351 fessionem
2488 4312 2639 4353 suam
2664 4282 3000 4357 conl'essario'
3022 4319 3136 4373 suo,
3167 4308 3431 4366 inclinans
3458 4313 3727 4375 lmmiliter,

491 4388 669 4427 sinum
723 4372 913 4429 sedqu
961 4387 1278 4443 promovere
1331 4377 1520 4447 quovis
1562 4380 1719 4436 modo
1773 4390 1886 4439 tam
1931 4384 2069 4441 bene
2099 4393 2228 4473 Det
2254 4387 2330 4442 sic
2360 4388 2538 4443 dicat:

491 4467 837 4537 praedicando
865 4509 880 4534 ,
931 4483 1092 4541 quam
1143 4469 1338 4525 bonum
1392 4473 1692 4543 exemplum
1741 4478 2068 4544 praebendo;

496 4569 628 4612 tunc
653 4558 911 4629 largietur
932 4560 979 4614 ei
1008 4561 1148 4614 Deus
1173 4561 1513 4630 omnipotens
1542 4566 1684 4635 quod
1713 4566 1811 4635 ipsi
1840 4568 2079 4624 maxime

496 4659 776 4717 acceptum
805 4650 929 4705 erit.

571 4736 778 4792 LXVII.
818 4739 1082 4795 Docemus
1107 4743 1379 4810 etiam,ut
1400 4745 1626 4813 quilibet
1655 4748 1907 4805 sacerdos
1935 4753 2079 4807 norit

496 4831 848 4898 respondere,
878 4845 1000 4885 cum
1032 4831 1270 4887 chrisma
1304 4833 1458 4899 tollit,
1499 4835 1626 4905 quid
1658 4837 1712 4894 in
1741 4839 2079 4896 orationibus

497 4935 597 4992 pro
624 4933 748 4990 rege
773 4927 827 4974 et
854 4921 1107 4990 episcopo
1137 4921 1349 4978 fecerit.

985 5054 1073 5109 DE
1109 5052 1594 5115 CONFESSIONE.

526 5250 527 5253 η
569 5188 610 5245 ι.
662 5188 887 5253 Quando
932 5187 1128 5258 aliquis
1179 5191 1409 5246 voluerit
1458 5192 1848 5251 confessionem
1901 5198 2078 5255 facere

498 5288 844 5326 m‘ccatm'nm
879 5294 1120 5326 stmrnm-
1151 5281 1377 5326 viriliter
1404 5292 1544 5326 nam.
1575 5291 1629 5326 et
1664 5300 1770 5326 mm
1796 5290 2078 5326 ,ιιι-ιιιηαρση

2251 4478 2373 4549 Εςοι
2415 4482 2675 4537 conﬁteor
2720 4486 3076 4557 otunipotcnti
3124 4490 3268 4556 Deo,
3318 4503 3373 4549 et
3424 4495 3727 4553 confessario

2183 4584 2322 4634 meo,
2357 4572 2621 4640 spirituali
2654 4575 2884 4642 medico,
2922 4580 3100 4635 omnia
3132 4595 3351 4653 peccata
3390 4603 3530 4655 mea,
3558 4588 3730 4659 quibus

2181 4674 2280 4729 per
2307 4661 2688 4732 malignitatem
2716 4668 2942 4735 spiritus
2964 4687 3197 4741 unquam
3224 4677 3462 4745 pollutus
3504 4679 3609 4744 fui,
3630 4680 3728 4734 sive

2183 4752 2235 4805 in
2269 4752 2442 4817 factis,
2478 4754 2590 4811 sive
2621 4756 2672 4810 in
2704 4758 3140 4831 cogitationibus,
3170 4765 3283 4821 sive
3319 4783 3442 4824 cum
3479 4769 3724 4834 masculis,

2184 4844 2299 4899 sive
2327 4859 2448 4900 cum
2480 4844 2718 4913 feminis,
2756 4850 2839 4903 vel
2876 4867 2998 4906 cum
3035 4853 3211 4925 aliqua
3241 4867 3508 4928 creatura,
3533 4867 3727 4932 peccati

2183 4935 2451 4990 naturalia
2482 4936 2595 4993 sive
2623 4936 3105 5008 prmtcrnaturalia.

2255 5027 2339 5081 Vl.
2379 5026 2659 5107 Confiteor
2696 5034 3125 5108 gastrimargiam
3156 5039 3396 5098 ciborum
3446 5054 3548 5100 tam
3591 5055 3726 5097 mane

2184 5131 2343 5186 quam
2371 5112 2612 5190 vespere.
2640 5119 2916 5180 Confiteor
2938 5140 3153 5184 omnem
3182 5134 3495 5200 avaritiam,
3526 5145 3577 5191 et
3608 5135 3728 5189 invi-

2184 5208 2350 5271 diam,
2387 5212 2442 5265 et
2482 5211 2895 5282 detractionem,
2934 5219 3253 5293 ct-bilingue
3282 5224 3491 5292 vitium,
3532 5228 3726 5282 menda-

2186 5298 2325 5326 Διὶ-..κ
2382 5308 2429 5326 Α.
2484 5301 2677 5326 κλμ-.-
