3898 6320
132 349 231 406 505

197 461 303 518 VII.
344 462 619 519 Confiteor
644 462 808 518 animi
836 463 940 517 mei
971 462 1341 525 homicidium,
1366 469 1421 515 et
1446 460 1701 531 pPI'jtll‘Itl,
1734 493 1779 551 Α

127 564 177 608 et
216 552 561 619 seditionem,
591 565 647 608 et
682 552 1012 623 superbiam,
1043 552 1345 623 neglectum
1376 559 1703 620 praeceptum

128 643 238 699 Dei.
281 641 562 701 Confiteor
601 644 804 709 omnia,
845 659 967 713 qua:
995 659 1232 714 unquam
1273 642 1445 715 oculis
1488 642 1592 696 vidi
1636 644 1703 697 ad

126 733 405 787 avaritiam
434 733 517 788 vel
547 733 613 788 ad
641 734 1056 802 detractionem,
1084 733 1167 788 vel
1192 733 1415 789 auribus
1440 734 1508 787 ad
1538 732 1706 788 inuti-

127 821 191 874 lia
224 814 429 887 audivi,
458 822 542 876 vel
570 838 665 878 ore
694 838 814 878 meo
842 838 975 878 vana
1008 825 1220 880 locutus
1247 841 1387 880 sum.

138 974 143 981 _
192 913 326 969 VIII.
366 914 646 970 Confiteor
665 917 844 970 omnia
872 916 1117 985 corporis
1143 917 1246 971 mei
1273 927 1513 987 peccata,
1544 918 1702 983 cutis,

125 1016 175 1060 et
202 1005 410 1072 carnis,
442 1015 498 1060 et
525 992 664 1076 opis,
694 1018 751 1062 et
784 1023 1097 1083 nervorum,
1123 1018 1180 1065 et
1217 1023 1427 1076 renum,
1455 1021 1506 1066 et
1544 1022 1705 1066 carti-

124 1095 382 1165 laginum,
413 1104 470 1150 et
492 1096 711 1167 linguae,
734 1106 790 1153 et
816 1096 1105 1164 labiorum,
1133 1109 1186 1154 et
1212 1099 1470 1167 faucium,
1494 1111 1550 1155 et
1573 1102 1709 1156 den-

123 1186 276 1248 tium,
324 1194 383 1240 et
408 1202 578 1242 comae
614 1195 671 1242 et
718 1188 980 1253 medullai,
1012 1198 1069 1243 et
1114 1191 1190 1247 rei
1233 1190 1496 1260 cujusque
1529 1192 1706 1248 mollis

124 1274 202 1328 vel
226 1274 394 1341 duras,
420 1275 653 1332 humida:
671 1276 753 1331 vel
776 1277 953 1332 siccze.
980 1278 1252 1336 Confiteor
1272 1282 1414 1351 quod
1437 1281 1705 1351 baptisma

124 1378 300 1417 meum
321 1365 475 1436 pejus
496 1367 824 1422 servaverim
851 1383 1014 1437 quam
1042 1368 1268 1425 Domino
1293 1386 1414 1426 meo
1441 1387 1559 1428 sum
1590 1371 1704 1440 pol-

124 1448 317 1517 licitus,
344 1464 400 1508 et
437 1456 682 1511 ordinem
713 1472 917 1523 meum,
945 1473 1105 1528 quem
1151 1459 1205 1513 in
1247 1475 1487 1517 amorem
1524 1462 1617 1517 Dei
1649 1472 1705 1519 et

123 1551 428 1598 sanctorum
473 1545 642 1616 ipsius
683 1546 945 1602 debebam
988 1550 1281 1612 custodire,
1328 1560 1382 1605 et
1428 1551 1479 1606 in
1526 1566 1703 1606 meam

126 1631 288 1702 ipsius
329 1644 589 1691 azternam
638 1638 867 1693 salutem
913 1655 1014 1712 ego
1058 1656 1165 1695 non
1212 1642 1473 1698 custodiri
1519 1642 1705 1698 debito

126 1726 297 1780 modo.
336 1725 611 1784 Conﬁteor
638 1731 783 1799 quod
812 1731 975 1797 horas
1013 1748 1162 1788 meas
1188 1733 1478 1791 canonicos
1508 1735 1704 1804 smpius

128 1814 561 1892 neglexerim,et
606 1819 957 1889 pejoraverim
989 1823 1044 1877 in
1071 1823 1413 1880 dominorum
1456 1839 1700 1894 ineorum
1733 1840 1776 1900 Β

135 1905 380 1983 animam,
403 1917 458 1963 et
480 1910 690 1987 Domini
719 1912 820 1966 mei
845 1928 1039 1968 nomen
1064 1914 1114 1969 itt
1137 1930 1333 1970 vanum
1354 1917 1699 1985 sumpserim.

191 1995 279 2051 IX.
315 1998 567 2055 Omnium
591 2002 989 2075 (peccatorum)
1008 2020 1137 2075 rogo
1164 2020 1192 2059 a
1218 2006 1445 2069 Domino
1471 2022 1591 2062 meo
1618 2023 1703 2062 re-

132 2087 432 2143 missionem
465 2099 524 2145 ut
552 2107 826 2162 nunquam
854 2094 1099 2151 diabolus
1137 2096 1267 2150 mihi
1309 2096 1615 2159 insidietur,
1644 2104 1711 2151 ut

134 2180 322 2252 absque
341 2182 684 2259 confessione
718 2193 773 2241 et
794 2188 1169 2243 emendatione
1188 2203 1350 2258 pecca
1360 2199 1534 2245 torum
1557 2205 1705 2246 meo-

136 2285 242 2324 rum
266 2272 392 2344 (non
424 2274 673 2349 moriar),
704 2275 1021 2333 sicuthodie
1046 2279 1307 2334 confiteor
1337 2294 1524 2349 onines
1552 2294 1702 2335 meos

138 2370 303 2418 reatus
332 2380 513 2419 coram
550 2365 775 2421 Domino
805 2366 1087 2422 Salvatore
1111 2368 1353 2433 Christo,
1384 2370 1475 2438 qui
1502 2370 1701 2440 guber-

140 2460 223 2505 nat
247 2452 434 2508 cmlum
461 2464 515 2509 et
545 2464 767 2523 terram,
799 2465 853 2510 et
882 2472 1063 2511 coram
1091 2457 1193 2513 hoc
1219 2468 1407 2515 sancto
1437 2459 1618 2524 altari,
1647 2467 1711 2525 et,

139 2541 212 2597 bis
237 2543 502 2615 reliquiis,
550 2554 605 2602 et
652 2563 834 2602 coram
861 2549 1196 2605 confessario
1231 2566 1369 2617 meo,
1408 2561 1464 2607 et
1490 2550 1714 2631 Domini

142 2636 453 2706 presbytero,
486 2647 542 2693 et
564 2654 682 2694 sum
710 2638 763 2693 in
787 2655 918 2710 pura
946 2648 1001 2694 ct
1031 2639 1082 2695 in
1110 2656 1241 2697 vera
1267 2632 1622 2705 confessione,
1645 2648 1702 2695 et

143 2724 188 2776 in
214 2726 342 2782 bona
372 2729 645 2784 voluntate
672 2730 851 2784 omnia
893 2746 1011 2785 mea
1050 2741 1268 2802 peccata
1306 2732 1617 2796 emcmlare,
1646 2740 1700 2785 et

147 2814 315 2871 deinde
343 2816 521 2872 taliter
542 2818 832 2885 abstinere,
860 2820 1090 2889 qualiter
1112 2838 1348 2893 unquam
1380 2822 1602 2891 possim.

203 2906 264 2961 Χ.
304 2908 368 2964 Et
399 2920 478 2976 tu,
514 2909 765 2966 Salvator
792 2911 1026 2977 Christe,
1056 2914 1132 2968 sis
1170 2913 1699 2969 misericors'aninne

150 2992 282 3058 arcte.
304 3008 350 3054 et
383 3003 596 3059 remitte
618 3018 681 3058 ac
701 2992 818 3059 dele
838 3015 1055 3075 peccata
1081 2989 1225 3071 mea,
1247 3014 1301 3061 et
1323 2990 1503 3061 reatus
1526 3021 1696 3072 meos,

152 3101 252 3154 qua:
280 3089 404 3144 olim
444 3092 527 3147 vel
554 3108 789 3162 unquam
816 3105 969 3150 antea
1012 3097 1277 3160 commisi,
1308 3103 1362 3150 et
1388 3082 1491 3152 duc
1519 3112 1604 3152 me
1632 3098 1698 3151 ad

155 3178 350 3238 sublime
378 3191 525 3237 tuum
566 3199 815 3256 regnum,
851 3196 905 3241 et
933 3185 1282 3257 ibi-habitem
1325 3203 1451 3242 cum
1491 3188 1696 3244 sanctis
1727 3203 1772 3266 ρ

158 3271 245 3327 tuis
264 3283 315 3329 et
338 3275 525 3331 electis
550 3276 755 3347 absque
799 3277 988 3333 ﬁne-in
1017 3288 1298 3333 aeternum.
1347 3278 1464 3333 Jam
1511 3290 1563 3335 te
1606 3296 1704 3335 oro

158 3362 417 3434 humiliter,
447 3369 703 3424 sacerdos
735 3369 968 3434 Domini,
993 3379 1052 3424 ut
1077 3371 1330 3426 sis'lestis
1357 3386 1507 3426 mens
1536 3372 1588 3426 in
1619 3374 1707 3427 die

151 3450 329 3522 indicii,
358 3468 418 3513 ut
474 3459 719 3515 diabolus
750 3470 981 3530 nequeat
1028 3462 1080 3515 in
1125 3477 1212 3517 me
1247 3471 1571 3532 potestatem
1609 3463 1704 3518 ba-

157 3543 281 3602 bere.
319 3556 367 3602 et
410 3560 470 3603 ut
510 3557 563 3602 tu
600 3550 740 3619 apud
785 3549 1065 3605 Dominum
1099 3551 1175 3607 sis
1198 3538 1495 3609 advocatus
1530 3568 1703 3618 meus,

159 3635 275 3703 quod
307 3652 520 3707 peccata
567 3654 683 3695 mea
723 3648 780 3694 et
823 3630 1004 3696 reatus
1047 3656 1194 3696 meos
1221 3642 1525 3704 "emendem,
1554 3652 1608 3695 et
1637 3643 1715 3697 ab‘

162 3724 257 3781 aliis
288 3727 583 3798 hujusmodi
625 3732 925 3805 abstineam
956 3748 969 3785 :
1003 3733 1067 3785 ad
1098 3733 1202 3786 hoc
1242 3730 1457 3800 adjuvet
1485 3747 1574 3787 me
1602 3731 1709 3785 Du-

164 3818 325 3887 minus,
354 3822 441 3891 qui
469 3822 599 3876 vivit
624 3833 676 3877 et
707 3834 898 3893 regnat
921 3824 971 3877 in
995 3832 1277 3877 :eternum.
1310 3822 1502 3877 Amen.

321 3933 552 3991 MODUS
590 3932 959 3990 IMPONENDI
997 3933 1516 3989 PmNI'I‘ENTlAM.

215 4022 247 4074 1.
283 4024 449 4082 Senex
482 4036 537 4082 et
563 4026 794 4095 juvenis,
828 4026 1060 4081 tlivcset
1095 4038 1317 4096 pauper,
1348 4041 1511 4080 sanus
1536 4036 1588 4080 et
1620 4025 1701 4079 in-

160 4109 336 4181 ﬁrmus,
361 4127 415 4172 et
440 4118 808 4188 cujuscunque
828 4116 1058 4181 ordinis,
1086 4124 1141 4170 et
1168 4117 1210 4171 si
1241 4116 1361 4183 quis
1388 4115 1585 4185 aliquid
1619 4116 1702 4169 iu-

156 4204 274 4261 titus
302 4209 628 4278 peccaverit,
660 4224 766 4264 non
798 4208 871 4263 sit
899 4205 1092 4261 similis
1117 4207 1165 4260 ei
1197 4207 1288 4276 qui
1316 4205 1617 4259 voluntarie
1650 4214 1705 4260 et

156 4306 316 4364 sponte
341 4300 404 4363 de
428 4301 692 4373 industria
717 4300 990 4370 peccavit;
1023 4307 1077 4352 et
1101 4298 1144 4353 si
1174 4296 1296 4367 quis
1322 4298 1483 4351 etiam
1514 4311 1704 4352 neces-

157 4388 288 4444 sitate
319 4400 539 4447 coactus
597 4390 915 4461 deliquerit,
963 4390 1036 4445 sit
1086 4388 1421 4459 protectione
1480 4402 1537 4442 et
1579 4403 1704 4443 cor-

155 4482 362 4536 rectione
403 4484 536 4554 legis
579 4498 793 4553 semper
819 4483 1032 4554 dignus,
1075 4483 1204 4552 quia
1245 4482 1567 4536 necessitate
1607 4496 1702 4535 co-

152 4579 286 4627 actus
306 4584 423 4643 erat
448 4575 515 4629 ad
547 4575 601 4628 id
626 4574 766 4644 quod
795 4575 1140 4645 perpetravit.

211 4661 264 4716 ll.
301 4664 819 4731 Quodlibet'factum
846 4663 1284 4735 distinguendum
1311 4671 1395 4719 est
1421 4671 1577 4718 caute
1607 4677 1703 4717 co-

154 4764 249 4807 ram
278 4756 382 4812 Deo
408 4766 465 4811 et
494 4772 676 4812 coram
708 4757 928 4811 munda.

295 4846 364 4899 Hi
394 4848 528 4901 ritus
555 4849 892 4902 observantur
920 4856 1066 4900 trans
1094 4861 1259 4910 mare,
1289 4846 1385 4899 hoc.
1411 4853 1487 4898 est
1516 4847 1564 4897 :‘

214 4933 289 4991 ιιι,
328 4935 395 4992 Ut
418 4936 648 5005 quilibet
668 4938 952 5006 episcOpns
970 4936 1042 4990 sit
1066 4940 1118 4991 in
1145 4937 1274 4992 sede
1298 4950 1394 4991 sua
1416 4935 1706 5006 episcopali

162 5022 232 5079 die
256 5025 518 5092 Ilercurii,
544 5042 712 5095 quem
756 5026 1087 5097 appellamus
1129 5034 1292 5096 caput
1323 5025 1549 5096 jejunii;
1584 5034 1712 5079 tunc

167 5116 357 5182 quilibet
380 5119 622 5185 illorum,
641 5119 734 5187 qui
756 5119 993 5188 peccatis
1014 5118 1330 5173 mortalibus
1351 5117 1584 5187 pollutus
1603 5125 1706 5180 est,

170 5204 210 5260 iu
242 5208 319 5263 illa
354 5210 627 5281 provincia
668 5210 734 5263 ad
766 5222 888 5263 eum
930 5209 1110 5262 veniat
1144 5209 1234 5263 illo
1267 5209 1372 5270 die.
1401 5218 1457 5262 et
1491 5217 1712 5276 peccata

172 5308 244 5349 tua
266 5298 312 5353 ei
333 5298 587 5360 fateatur,
616 5308 671 5354 et
694 5299 781 5355 ille
801 5307 928 5354 tunc
952 5299 1145 5354 doceat
1165 5314 1286 5354 eum
1317 5294 1709 5369 ptententiam,

171 5382 288 5451 iuxta
314 5391 605 5461 quamlibet
634 5401 815 5446 reatus
860 5391 1156 5455 rationem;
1190 5390 1283 5460 qui
1327 5391 1372 5445 si
1404 5404 1612 5456 magna:
1642 5389 1712 5443 sit

176 5482 502 5555 euortuiettis,
545 5489 892 5552 removeatur
937 5482 1006 5536 ab
1054 5480 1420 5536 ecclesiastica
1466 5494 1711 5535 commit.

178 5568 316 5636 nione,
346 5581 584 5625 attamen
618 5571 683 5625 ad
713 5572 983 5642 propriam
1015 5572 1390 5631 necessitatem
1425 5572 1717 5635 excitetur,

178 5663 592 5730 etadmoneatur,
635 5673 689 5721 et
735 5665 845 5735 ipse
890 5665 969 5719 sic.
997 5681 1118 5721 eum
1166 5666 1319 5720 venia
1352 5664 1711 5733 t‘jus'domttut

181 5767 457 5813 terertatur.

881 339 1477 405 ANGLO-SAXOXUM
1516 332 1759 394 REGUM
1799 331 2020 389 LEGES
2052 333 2643 393 ECCLESIASTICIE.

3274 335 3385 393 506

1878 450 1976 504 IV..
2010 451 2074 505 Et
2101 450 2224 507 inde
2252 450 2337 506 die
2357 448 2504 505 Jovis
2529 458 2656 509 ante
2681 449 2887 507 Pascha
2920 464 3108 506 omnes
3128 451 3198 505 ad
3225 466 3382 505 suum

1809 540 2031 608 quilibet
2062 539 2234 595 locum
2279 549 2692 612 congregemur,
2733 550 2788 597 et
2828 549 3011 597 cantet
3054 556 3216 613 super
3257 556 3385 598 eum

1806 629 2113 699 episcOpns,
2155 638 2212 684 et
2254 618 2648 686 absolutionem
2691 631 2814 697 det;
2864 639 2919 686 et
2955 630 3043 686 ille
3084 632 3165 686 sic
3198 641 3385 702 poStea

1805 718 2021 787 domum
2051 726 2355 773 revertatur
2382 734 2505 774 cum
2546 720 2782 791 episcopi
2823 720 3195 776 benedictione
3226 738 3241 774 :
3281 721 3387 778 hcc

1806 805 1877 860 ita
1907 806 2301 860 observandum
2325 818 2410 861 est
2439 807 2509 862 ab
2535 811 2681 864 omni
2707 808 3137 865 Christianorum
3162 810 3382 881 populo.

1850 894 1941 949 κν.
1980 897 2233 951 Attamen
2277 898 2531 954 sacerdos
2577 898 2861 968 diligenter
2906 900 3251 956 considerare
3290 901 3386 956 de-

1803 985 1916 1053 bet,
1941 987 2085 1057 quali
2116 1002 2240 1043 cum
2268 989 2611 1056 contritione,
2640 997 2697 1045 et
2720 989 2865 1060 quali
2896 1005 3019 1046 cum
3050 990 3386 1061 perfectione

1802 1077 2208 1146 penitentiam,
2238 1093 2357 1148 qua:
2397 1079 2498 1148 ipsi
2540 1081 2793 1150 imposita
2825 1089 2973 1148 erat,
3003 1096 3388 1153 compensave-

1802 1168 1898 1249 rit,
1926 1178 1982 1223 et
2004 1172 2277 1239 quomodo
2307 1169 2410 1240 ipsi
2438 1170 2812 1228 remissionem
2835 1172 2963 1229 dare
2995 1173 3203 1249 debeat.

1874 1260 1962 1316 Vl.
2005 1261 2063 1316 Si
2110 1260 2281 1317 laicus
2308 1261 2472 1317 alium
2519 1262 2731 1319 occidat
2782 1263 2902 1319 sine
2949 1248 3137 1329 causa,
3175 1263 3389 1335 jejunet

1802 1363 1878 1403 vn
1919 1365 2126 1417 annos,
2163 1366 2223 1406 ιιι
2256 1366 2398 1422 pane
2432 1359 2487 1407 et
2512 1367 2676 1421 aqua,
2713 1368 2787 1417 tv,
2817 1353 2979 1408 sicuti
3021 1354 3387 1415 confessarius

1804 1456 1928 1496 eum
1966 1443 2246 1508 docuerit,
2300 1452 2356 1503 et
2399 1450 2523 1521 post
2568 1451 2776 1514 septem
2825 1458 2998 1500 annos
3042 1456 3385 1517 compenset;

1802 1542 1992 1602 postea
2021 1533 2310 1606 diligenter
2340 1534 2521 1607 lugeat
2547 1534 2801 1591 delictum
2830 1550 3009 1604 suum,
3047 1550 3149 1607 qua
3186 1526 3397 1607 poterit

1804 1622 2096 1697 industria,
2121 1624 2376 1694 quoniam
2401 1624 2736 1701 incognitum
2757 1634 2842 1682 est
2866 1627 3135 1697 quomodo
3155 1627 3391 1698 accipia-

1807 1721 1894 1769 tur
1921 1715 2240 1782 paenitentia
2266 1714 2384 1784 ejus
2406 1715 2547 1787 apud
2579 1715 2772 1787 Deum.
3080 1774 3085 1779 _

1878 1804 1990 1861 Vll.
2032 1805 2087 1861 Si
2127 1806 2250 1876 quis
2286 1806 2527 1863 alterum.
2557 1806 2808 1863 occidere
2849 1809 2995 1872 velit,
3043 1817 3100 1865 et
3152 1820 3391 1882 nequeat

1803 1890 2134 1973 voluntatem
2165 1912 2317 1953 suam
2345 1894 2817 1973 implere,‘jejunet
2842 1905 2956 1971 tres
2993 1912 3188 1966 annos,
3216 1916 3388 1955 unum

1803 2002 1940 2058 pane
1962 1969 2016 2042 et
2040 2003 2202 2059 aqua,
2231 1997 2287 2044 et
2308 1969 2445 2046 duos
2456 1969 2626 2051 sicuti
2651 1969 3018 2044 confessarius
3041 1990 3213 2062 ipsius
3258 2007 3391 2049 eunt

1802 2078 2068 2151 docuerit.
2194 2128 2199 2131 _
2255 2130 2267 2153 η,
2351 2110 2357 2116 —
2484 2110 2487 2117 -
2554 2125 2559 2131 .
2623 2110 2656 2156 -λ
2768 2148 2769 2153 γ
2985 2124 2989 2128 .
3052 2130 3057 2137 ,

1876 2169 2007 2224 Vlll.
2051 2169 2107 2224 Si
2149 2169 2320 2227 laicus
2355 2171 2558 2247 invitus
2602 2175 2840 2248 aliquem
2885 2175 3121 2242 occidat,
3179 2172 3395 2244 jejunet

1803 2266 1917 2329 tres
1954 2276 2165 2328 annos;
2198 2278 2362 2333 unum
2393 2279 2532 2336 pane
2562 2274 2617 2322 et
2646 2284 2813 2338 aqua,
2838 2277 2895 2324 et
2919 2269 3055 2324 duos
3091 2267 3231 2323 sicut
3260 2281 3391 2323 con-

1802 2350 2063 2409 fessarius
2111 2353 2255 2408 illius
2301 2369 2424 2410 eum
2475 2355 2742 2426 docuerit,
2802 2368 2858 2416 et
2902 2358 3087 2431 lugeat
3131 2357 3390 2413 delictum

1802 2458 1959 2498 suum
1990 2459 2226 2513 semper.
2771 2488 2791 2517 ,η
3390 2484 3395 2510 -.

1824 2594 1833 2599 ,
1871 2532 1967 2587 IX.
2008 2533 2068 2589 Si
2108 2535 2181 2589 sit
2216 2536 2604 2609 subdiaconus,
2626 2537 2835 2610 jejunet
2866 2554 2960 2596 sex
3000 2553 3191 2594 annos.
3227 2536 3283 2593 Si
3317 2537 3389 2591 sit

1804 2624 2100 2703 diaconus,
2152 2623 2360 2695 jejuuet
2405 2636 2611 2698 septeni
2656 2645 2846 2686 annos.
2894 2629 2953 2685 Si
3004 2628 3382 2689 sitsacerdos.

1800 2713 2238 2793 jejunetldecem
2282 2730 2476 2784 annos,
2518 2728 2575 2773 et
2622 2719 2907 2789 episcopus
2954 2734 3056 2785 HI,
3102 2726 3159 2775 et
3204 2717 3390 2789 lugeat

1802 2818 2036 2875 semper.

1876 2894 1946 2947 x.
1990 2894 2228 2965 Siquis
2281 2897 2538 2954 infantem
2604 2916 2761 2956 suum
2822 2902 3090 2958 occiderit
3145 2902 3389 2970 invitus,

1796 2982 2012 3055 jejunct
2072 2989 2314 3059 quinque
2374 3005 2579 3061 annos,
2638 3002 2750 3047 tres
2797 3008 2936 3063 pane
2995 3002 3051 3049 et
3103 3008 3281 3064 aqua,
3330 3003 3392 3050 ut

1804 3095 1986 3149 Supra.
3122 3145 3127 3151 .

1876 3168 1965 3223 XI.
2011 3168 2065 3225 Si
2089 3171 2375 3242 episc0pus
2406 3172 2489 3228 vel
2530 3174 2784 3229 sacerdos
2826 3174 3058 3246 aliquem
3101 3176 3387 3239 occiderit,

1807 3261 1995 3329 perdat
2040 3264 2287 3319 ordinem
2339 3280 2523 3330 suum,
2573 3276 2630 3321 et
2680 3275 2867 3333 postea
2914 3267 3197 3340 diligenter
3240 3283 3395 3324 com—

1803 3366 2016 3425 penset.

1876 3445 1989 3499 ne.
2032 3444 2091 3500 Si
2132 3462 2272 3501 uxor
2304 3447 2569 3523 infantem
2598 3465 2754 3521 suum
2783 3457 2972 3506 enecet
3006 3450 3148 3505 intra
3183 3465 3264 3515 se.
3303 3451 3393 3507 vel

1803 3522 2107 3605 postquam
2137 3546 2296 3592 natus
2340 3539 2440 3603 sit,
2491 3550 2619 3607 potu
2662 3540 2743 3593 vel
2776 3540 2912 3611 aliis
2952 3542 3146 3607 rebus,
3175 3540 3392 3613 jejunet

1804 3625 1989 3680 decem
2017 3640 2212 3691 annos,
2246 3635 2355 3683 tres
2396 3643 2537 3696 pane
2580 3637 2636 3683 et
2678 3645 2840 3699 aqua,
2877 3639 2933 3702 et
2964 3639 3173 3700 septem
3210 3632 3389 3701 prouti

1804 3713 2168 3793 confessarius
2209 3714 2326 3781 ejus
2371 3734 2436 3771 ex
2471 3718 2843 3775 misericordia
2886 3720 2936 3774 ei
2982 3722 3297 3793 sanciverit,
3332 3711 3399 3778 et

1706 3848 1713 3855 .
1804 3790 2007 3861 deinde
2029 3807 2156 3861 illud
2186 3808 2389 3877 lugeat.
2432 3876 2439 3882 θ

1824 3961 1831 3965 ”
1876 3895 2010 3951 XII.
2053 3897 2108 3951 Si
2158 3898 2283 3966 quis
2339 3899 2671 3971 mancipium
2722 3916 2876 3971 suum
2937 3901 3220 3969 occiderit,
3271 3903 3390 3969 sine

1805 3987 1962 4056 culpa
1996 3989 2048 4041 in
2079 3987 2260 4066 furore
2280 4004 2411 4063 suo,
2436 3989 2643 4067 jejuuet
2675 3984 2785 4063 tres
2806 3982 3004 4061 annos.
3394 4054 3397 4059 λ

1876 4077 2012 4132 XIV.
2056 4077 2112 4134 Si
2176 4079 2370 4134 mulier
2425 4081 2678 4135 maritum
2734 4098 2918 4154 suum
2998 4083 3252 4139 verberet
3321 4098 3399 4148 ex,

1806 4168 1985 4240 aliqua
2031 4170 2325 4245 ‘zelotypia
2355 4210 2371 4235 ,
2422 4180 2480 4243 et
2528 4171 2614 4225 ille
2659 4172 2785 4227 inde
2837 4172 3137 4238 moriatur,
3205 4183 3260 4228 et
3300 4173 3392 4228 ille.

1806 4262 1877 4316 sit
1911 4262 2196 4328 innocens,
2234 4263 2445 4333 jejunet
2489 4272 2697 4332 septem
2744 4280 2935 4330 annos,
2984 4272 3039 4319 et
3087 4264 3132 4319 si
3185 4264 3272 4343 ille
3321 4265 3394 4319 sit

1806 4368 1954 4418 reus,
1988 4353 2199 4423 jejunet
2244 4363 2355 4410 tres
2384 4369 2576 4420 annos,
2624 4365 2681 4410 et
2718 4354 2899 4427 lugeat
2928 4354 3187 4410 dilectum
3235 4369 3392 4411 suum

1806 4459 2038 4513 semper.

1733 4544 1780 4602 ι)
1880 4533 1996 4589 XV.
2039 4533 2094 4587 Si
2133 4534 2255 4605 quis
2301 4535 2536 4604 seipsum
2585 4545 2776 4606 sponte
2822 4537 3035 4593 occidat
3070 4539 3257 4604 armis,
3308 4538 3392 4593 vel

1812 4626 1994 4695 aliqua
2031 4627 2226 4682 diaboli
2265 4628 2636 4699 instigatione,
2682 4644 2789 4684 non
2839 4642 2926 4686 est
2977 4632 3299 4701 permissum
3333 4642 3395 4685 ut

1810 4733 1910 4789 pro
1943 4718 2032 4773 tali
2072 4719 2288 4774 homine
2334 4719 2512 4775 missae
2540 4729 2847 4785 cantentnr,
2900 4738 3084 4792 neque
3130 4738 3251 4778 cum
3295 4723 3397 4778 ali-

1708 4876 1714 4883 ,
1810 4828 1920 4882 ιιιιο
1968 4812 2159 4882 psalmi
2214 4823 2374 4889 cantu
2425 4828 2623 4883 corpus
2663 4821 2821 4868 terrae
2869 4813 3153 4881 inferatur,
3220 4830 3398 4886 neque

1813 4904 1865 4957 in
1896 4920 2026 4973 pura
2068 4903 2344 4974 sepultura
2384 4900 2566 4971 jaceat
2599 4902 2862 4974 sepultus.
2907 4905 3041 4959 Illud
3083 4905 3223 4969 idem
3248 4903 3405 4972 judic.
3440 4942 3453 4949 η

1812 4994 1954 5049 cium
1996 4993 2302 5049 faciendum
2351 5001 2439 5049 est
2481 4992 2556 5059 ei,
2602 4994 2691 5064 qui
2738 5009 2837 5064 pro
2888 5005 3037 5050 reatu
3085 5010 3183 5051 suo
3228 4995 3395 5050 vitam

1815 5068 1969 5141 Suam
2005 5085 2289 5139 tormentis
2330 5084 2473 5150 linit,
2504 5084 2693 5155 quales
2721 5095 2847 5140 sunt
2876 5084 2983 5157 fur,
3037 5084 3302 5142 homicida
3341 5092 3396 5138 et

1818 5177 2026 5234 domini
2054 5177 2321 5248 proditor.

1834 5335 1843 5346 .
1884 5289 2022 5344 XVI.
2066 5289 2123 5344 Si
2159 5289 2284 5361 quis
2320 5305 2380 5345 se
2408 5302 2533 5345 cum
2564 5290 2740 5347 bestia
2768 5289 2977 5361 polluit,
3006 5288 3089 5343 vel
3125 5287 3396 5343 masculus

1813 5397 1937 5437 cum
1975 5380 2102 5446 alio,
2159 5382 2205 5436 si
2260 5382 2332 5436 sit
2381 5398 2456 5436 xx
2505 5397 2791 5445 annorum.
2837 5381 3044 5452 jejunet
3085 5379 3393 5450 quindecim

1815 5487 2026 5535 annos;
2067 5480 2124 5528 et
2151 5471 2197 5528 si
2242 5472 2326 5527 vir
2355 5486 2579 5527 uxorem
2616 5486 2770 5527 suam
2814 5471 3031 5536 habeat,
3076 5478 3132 5526 et
3175 5469 3290 5539 ipse
3325 5467 3401 5522 40

1823 5579 1999 5620 annos
2029 5574 2189 5619 natus
2218 5564 2311 5629 sit,
2345 5572 2399 5619 et
2438 5563 2544 5617 tale
2582 5563 2710 5633 quid
2739 5563 3063 5627 committat,
3104 5559 3398 5624 abstineat,

1818 5667 1872 5715 et
1913 5657 2119 5726 jejnnet
2155 5655 2392 5724 quandiu
2442 5653 2496 5707 in
2546 5653 2680 5708 vivis
2711 5661 2816 5718 est,
2853 5660 2907 5706 et
2953 5667 3058 5705 non
3105 5658 3398 5721 prazsumat

1822 5749 2038 5807 Domini
2093 5764 2289 5818 corpus
2346 5747 2646 5818 percipere,
2705 5735 3207 5814 antequam'mors,
3240 5740 3407 5799 illum
