3876 5326
567 306 669 365 507

1270 305 1559 362 APPEND.
1601 303 1691 359 AD
1730 302 1902 361 ΒΕΘ.
1939 304 2011 360 X.
2052 316 2123 345 -—‘
2152 296 2321 356 MON.
2348 294 2583 357 M'ZN'I‘A
2628 298 3111 357 DIPLOIIATICA.
3693 299 3781 355 SOI

569 423 778 473 avocet.
808 414 1033 473 Iuvenis
1068 424 1123 472 et
1149 415 1410 488 insipiens
1434 419 1635 473 acriter
1672 417 2007 483 verberetur,
2041 416 2131 487 qui
2165 403 2213 461 Α
2311 416 2545 480 XXVIII,
2572 413 2627 468 Si
2655 414 2940 485 presbyter
2963 413 3045 467 vel
3095 411 3386 468 monachus
3412 410 3682 466 hominem
3708 427 3786 467 oc-

570 508 678 564 tale
703 509 832 578 quid
858 507 1215 566 commiserit.

637 596 799 652 XVII.
835 596 901 653 Si
934 598 1059 667 quis
1098 596 1424 654 adulterium
1453 596 1764 664 committit,
1797 613 1897 668 per
1925 606 2138 667 septen-

568 689 717 743 nium
752 688 924 744 tribus
952 687 1141 744 diebus
1184 688 1237 743 in
1283 687 1620 743 hebdomade
1659 684 1866 758 jejuuet
1911 701 2049 757 pane
2086 693 2143 742 et

567 795 728 851 aqua,
762 779 877 834 sive
904 779 974 835 sit
1002 794 1157 843 uxor,
1187 779 1301 854 sive
1327 779 1574 833 maritus.

636 870 821 927 XVIII.
865 868 923 926 Si
954 872 1075 941 quis
1108 870 1392 942 conjugem
1425 886 1578 925 suam
1621 870 1845 934 deserit,
1894 877 1950 924 et
1993 868 2142 925 ducit

567 962 727 1017 aliam
753 978 998 1028 uxorem,
1039 962 1358 1017 adulterium
1389 961 1698 1026 cmnmittit,
1742 976 1853 1015 non
1880 959 2144 1016 conceda-

566 1065 658 1113 tur
696 1057 746 1113 ei
795 1057 997 1127 aliquid
1027 1071 1216 1112 eorum
1252 1053 1482 1125 jurium,
1530 1069 1652 1125 quae
1692 1055 1757 1108 ad
1805 1053 2143 1110 Christianos

562 1150 867 1221 pertinent,
916 1164 1018 1205 nec
1065 1159 1310 1214 mortuo,
1359 1164 1461 1203 nec
1508 1148 1653 1213 vivo,
1705 1162 1803 1202 nec
1834 1144 2146 1217 'sepeliatur

565 1242 727 1296 homo
754 1240 842 1295 hic
870 1255 992 1295 cum
1019 1239 1360 1297 Christianis.
1393 1238 1462 1293 Et
1489 1237 1630 1292 idem
1652 1236 1818 1293 etiam
1850 1236 2003 1291 uxori
2030 1236 2141 1290 Iial.

564 1331 632 1386 Et
659 1337 1034 1400 cognatorum,
1082 1330 1171 1400 qui
1210 1329 1349 1384 idem
1393 1326 1643 1392 fecerint,
1686 1327 1881 1396 perdat
1912 1324 2142 1395 quilibet

554 1418 647 1488 jus
692 1434 882 1487 suum,
931 1419 1035 1474 nisi
1083 1418 1245 1475 citius
1287 1417 1486 1474 reverti
1539 1426 1595 1472 et
1638 1416 1826 1472 sedulo
1870 1416 2145 1485 corrigere

559 1506 750 1561 velint.

632 1598 773 1654 XIX.
828 1596 885 1655 Si
947 1598 1067 1668 quis
1135 1597 1334 1652 habeat
1407 1611 1628 1651 uxorem
1684 1604 1738 1652 et
1786 1596 2144 1652 concubinam

560 1690 764 1755 etiam,
812 1688 992 1745 nullus
1038 1687 1293 1745 sacerdos
1329 1687 1379 1744 ei
1427 1688 1596 1743 ullum
1644 1689 1862 1760 aliquod
1908 1689 2144 1746 oilicium

2243 506 2455 569 chlcrit,
2471 506 2657 575 perdat
2667 505 2912 560 ordinem
2938 521 3115 568 suum,
3131 514 3181 559 et
3203 503 3406 575 jejunet
3421 504 3608 558 decem
3621 517 3785 568 annos;

2241 594 2480 665 quinque
2517 609 2653 664 pane
2676 605 2731 650 et
2754 609 2919 665 aqua,
2945 607 3001 649 et
3026 595 3266 665 quinque
3303 594 3477 648 tribus
3501 591 3685 647 diebus
3711 607 3791 662 per

2242 687 2663 753 hebdomadam;
2696 697 2754 743 et
2788 689 3009 759 reliquis
3036 688 3247 743 fruatur
3270 687 3391 743 cibo
3417 699 3541 753 suo,
3568 693 3623 739 et
3643 684 3793 758 lugeat

2242 777 2493 833 delictum
2521 793 2677 833 suum
2706 794 2941 850 semper.

2312 868 2582 924 Diaconus
2602 877 2728 925 octo
2756 883 2894 939 pane
2923 877 2978 926 et
3005 883 3165 940 aqua,
3193 870 3501 942 et-reliqnis
3537 877 3598 925 ut
3636 884 3793 941 supra.

2312 958 2558 1014 Clericus
2584 975 2639 1014 tv
2663 973 2864 1027 annos;
2896 975 2948 1015 vr
2988 974 3125 1031 pane
3147 970 3203 1016 et
3232 977 3390 1032 aqua.

2312 1047 2513 1104 Laicus
2533 1064 2565 1102 v
2594 1056 2800 1116 annos;
2834 1064 2893 1104 ill
2923 1064 3061 1119 pane
3087 1058 3140 1105 et
3165 1064 3324 1121 aqua,
3354 1059 3415 1107 ut
3440 1063 3627 1120 supra.

2317 1138 2508 1196 XXIX.
2566 1140 2623 1196 Si
2677 1142 2809 1213 quis
2869 1142 3040 1197 sacris
3092 1143 3362 1197 initiatum
3407 1144 3688 1206 occiderit,
3726 1144 3795 1199 vel

2242 1234 2520 1303 proprium
2557 1234 2865 1303 proximum
2912 1243 3222 1306 cognatum,
3260 1234 3483 1291 deserat
3517 1243 3712 1290 terram
3754 1246 3797 1290 et

2244 1325 2643 1394 possessionem
2670 1342 2846 1393 suam,
2874 1336 2929 1382 et
2953 1326 3117 1383 faciat
3140 1326 3299 1382 sicuti
3327 1342 3475 1400 papa
3506 1328 3800 1383 instruxerit

2243 1430 2391 1480 eum,
2421 1424 2477 1471 et
2503 1415 2681 1487 lugeat
2702 1433 2935 1489 semper.

2315 1504 2484 1560 XXX.
2513 1507 2567 1561 Si
2599 1509 2881 1580 presbyter
2905 1508 2987 1563 vcl
3038 1509 3340 1567 monachus
3369 1507 3711 1566 concubitum
3734 1508 3797 1562 la-

2245 1597 2450 1651 scivum
2494 1608 2763 1662 exerceat,
2815 1598 2903 1656 vel
2946 1599 3253 1669 conjugium
3321 1599 3511 1665 violet,
3540 1596 3732 1669 jejunct
3770 1614 3803 1652 x

2246 1700 2439 1753 aIIIIOS,
2468 1695 2524 1743 et
2569 1688 2747 1759 lugeat
2775 1704 3007 1759 semper.
3064 1690 3333 1747 Diacouus
3361 1706 3465 1758 vit,
3492 1690 3714 1747 clericus
3736 1706 3799 1756 vi,

558 1787 779 1850 praestet
824 1794 951 1835 cum
998 1778 1365 1845 Christianis,
1424 1778 1529 1834 nisi
1583 1780 1651 1835 ad
1705 1779 2136 1835 emendationem
2176 1770 2222 1831 Β
2250 1779 2443 1834 Laicus
2481 1795 2510 1833 v
2539 1778 2743 1854 [annis]
2769 1790 2831 1837 ut
2861 1790 3081 1851 propter
3104 1781 3487 1838 homicidium.

560 1876 896 1934 revertatur,
927 1884 1091 1924 unam
1140 1870 1375 1925 retineat
1419 1869 1523 1925 sibi
1567 1868 1682 1925 sive
1721 1883 1984 1934 uxorem,
2032 1869 2148 1926 sive

560 1958 937 2013 concubinam.

631 2047 749 2103 XX.
791 2048 849 2105 Si
891 2051 977 2104 vir
1019 2065 1140 2105 cum
1185 2051 1410 2108 alterius
1465 2052 1702 2124 legitima
1753 2067 1924 2111 uxore
1966 2063 2143 2123 coeat,

559 2137 648 2193 vel
694 2153 837 2193 uxor
885 2154 1010 2194 cum
1060 2140 1285 2197 alterius
1340 2143 1527 2198 uxoris
1586 2142 1825 2215 legitimo
1882 2144 2143 2216 conjuge,

553 2229 763 2301 jejunet
805 2239 1010 2302 septem
1042 2248 1231 2299 annos,
1276 2241 1387 2291 tres
1433 2250 1573 2305 pane
1616 2244 1670 2290 et
1698 2250 1863 2305 aqua,
1911 2244 1967 2291 et
2011 2251 2147 2307 qua-

561 2330 687 2375 tuor
714 2320 855 2377 sicut
879 2321 1247 2380 eonfessarius
1274 2339 1398 2380 eum
1426 2325 1690 2394 docuerit,
1721 2334 1776 2381 et
1827 2325 2008 2398 lugeat
2050 2326 2145 2382 de-

560 2409 746 2467 lictum
774 2428 930 2467 suum
957 2428 1193 2486 semper.

630 2499 773 2555 XXI.
827 2500 884 2556 Si
908 2516 1028 2573 quae
1051 2518 1188 2558 uxor
1212 2504 1348 2561 duos
1373 2503 1567 2562 fratres
1601 2508 1656 2563 in
1702 2505 2015 2579 conjugium
2048 2521 2142 2561 su-

556 2601 693 2657 mat,
719 2607 883 2646 unum
915 2600 1035 2662 post
1060 2593 1245 2661 alium,
1271 2596 1478 2668 judicio
1519 2598 1737 2654 obnoxii
1769 2610 1895 2655 sunt
1940 2596 2039 2665 illi,
2089 2604 2145 2652 ct

558 2680 728 2739 seduli
785 2682 839 2737 in
902 2683 1222 2751 paenitentia
1276 2686 1386 2741 sint
1433 2688 1670 2758 quandiu
1724 2687 1935 2755 vivunt,
1984 2696 2145 2760 prout

557 2771 921 2827 confessarius
933 2780 1119 2827 eorum
1143 2774 1385 2831 docuerit
1411 2776 1588 2847 ipsos;
1614 2787 1671 2834 et
1699 2779 1750 2834 in
1776 2794 1963 2835 eorum
1991 2778 2143 2836 obitu

558 2866 813 2923 sacerdos
840 2863 1007 2919 faciat
1044 2864 1112 2921 iis
1133 2865 1389 2936 cilicium,
1422 2869 1562 2925 sicut
1590 2868 1923 2927 Christianis
1956 2872 2050 2940 iit,
2096 2872 2142 2927 si

556 2955 910 3027 promiserint
939 2970 999 3012 se
1030 2957 1224 3014 melius
1247 2961 1539 3017 emendare
1569 2961 1827 3028 voluisse,
1864 2963 1911 3019 si
1941 2963 2144 3020 diutius

559 3051 845 3110 vixissent.

2317 1870 2507 1926 XXXI.
2565 1870 2623 1928 Si
2680 1872 2963 1944 presbyter
2991 1873 3078 1929 vel
3108 1875 3408 1932 monachus
3435 1873 3525 1930 vel
3573 1873 3797 1929 diaconus

2244 1961 2538 2033 legitimam
2563 1976 2783 2018 uxorem
2819 1964 3000 2032 habet,
3031 1971 3321 2034 antequam
3347 1974 3695 2021 consecratus
3715 1964 3794 2024 sit.

2243 2067 2364 2108 eam
2391 2053 2606 2107 deserat
2654 2060 2704 2107 et
2742 2052 2963 2109 ordines
2991 2052 3238 2124 recipiat,
3263 2062 3319 2109 et
3370 2063 3563 2125 postea
3611 2062 3797 2123 prepter

2243 2145 2586 2201 concubitum
2639 2144 2789 2199 illam
2849 2159 2994 2217 saepe
3046 2144 3295 2216 recipiat,
3339 2143 3555 2217 jejunet
3601 2141 3794 2215 quilibet

2242 2252 2428 2293 eorum
2454 2245 2708 2299 tanquam
2730 2252 2827 2299 nro
2853 2237 3166 2305 homicidio,
3191 2247 3247 2293 et
3265 2236 3421 2294 valde
3447 2237 3679 2310 lugeant.

2310 2348 2526 2406 XXXII.
2561 2348 2618 2406 Si
2664 2351 2939 2416 sacerdos,
2987 2350 3070 2407 vel
3117 2350 3415 2408 monachus
3453 2348 3538 2406 vel
3573 2349 3793 2405 diaconus

2242 2442 2328 2498 vel
2379 2442 2547 2498 laicus
2571 2440 2652 2497 vel
2680 2442 2909 2498 clericus
2939 2459 3059 2498 cum
3111 2443 3372 2499 monacha
3420 2450 3598 2507 coeat,
3619 2440 3792 2513 jejunet

2242 2533 2489 2606 quilibet,
2543 2533 2722 2606 prouti
2772 2533 2948 2589 ordini
2993 2548 3092 2590 suo
3139 2533 3390 2588 convenit
3426 2541 3673 2603 tauquam
3714 2545 3789 2600 pro

2244 2626 2558 2695 homicidio,
2611 2635 2667 2682 et
2716 2634 2932 2697 semper
2965 2641 2995 2680 a
3033 2639 3197 2679 cairne
3231 2624 3502 2680 abstineat
3533 2642 3549 2691 ;
3610 2631 3661 2678 et
3702 2637 3792 2676 nio-

2243 2720 2402 2777 nialis
2431 2721 2616 2777 decem
2648 2734 2819 2776 annos
2846 2759 2864 2787 ,
2918 2719 2994 2775 uti
3019 2719 3179 2773 etiam
3210 2718 3488 2780 sacerdos.
3528 2726 3583 2775 et
3609 2716 3789 2787 lugeant

2244 2830 2477 2887 semper.

2315 2927 2549 2984 XXXIII.
2583 2928 2641 2986 Si
2668 2927 2792 3000 quis
2817 2943 2940 2985 cum
2970 2927 3192 2983 moniali
3241 2927 3386 3015 coire
3413 2927 3595 2994 vellet,
3626 2935 3676 2982 et
3699 2925 3789 2994 ipsa

2245 3020 2435 3086 nollet,
2485 3020 2692 3092 jejunet
2738 3035 2904 3075 unum
2954 3036 3156 3076 annum
3209 3035 3310 3091 pro
3358 3018 3557 3087 injusta
3603 3018 3683 3073 illa
3722 3031 3789 3071 vo-

631 3140 796 3198 XXII.
831 3144 889 3202 Si
918 3146 1040 3218 quis
1087 3147 1139 3201 in
1175 3134 1355 3216 aliquo
1386 3144 1614 3200 nefando
1642 3145 1844 3215 peccati
1870 3145 2143 3202 consortio
2168 3129 2213 3192 (ἶ
2244 3110 2451 3218 “tua,”
2498 3122 2740 3218 planam
2785 3127 2948 3184 aqu"
2998 3111 3057 3168 Si
3112 3113 3236 3218 qf"?
3281 3112 3785 3218 ωηθι,,⁰ξ³ί¹’ῗ,ῳ¹¹ξ

559 3237 941 3304 permanserit,
981 3238 1278 3309 usquedum
1330 3237 1493 3291 vitam
1549 3253 1701 3291 suam
1742 3238 1895 3292 iluiat
1942 3237 2143 3319 absque

561 3324 671 3378 ulla
696 3326 1103 3398 resipiscentia;
1131 3344 1235 3382 nou
1268 3327 1515 3410 novimus
1541 3327 1756 3399 aliquod
1780 3328 1827 3383 ei
1860 3327 2143 3384 consilium

562 3416 926 3487 suppeditare,
951 3419 1056 3474 nisi
1081 3418 1223 3490 quod
1242 3419 1343 3475 hoc
1363 3418 1429 3474 ad
1456 3416 1550 3474 Dei
1563 3416 1824 3488 judicium
1848 3419 2143 3490 pertineat,

561 3522 739 3577 neque
768 3518 946 3578 potest
970 3509 1194 3565 absolvi.
1294 3512 1297 3515 '
2070 3511 2076 3517 ”

632 3597 819 3653 XXIII.
848 3598 904 3654 Si
934 3615 1072 3654 uxor
1102 3599 1277 3669 aliqua
1310 3599 1631 3669 desponsata
1672 3597 1762 3662 sit,
1790 3613 1897 3652 non
1929 3598 2000 3653 sit
2025 3614 2146 3669 per-

560 3689 787 3745 missum
813 3700 871 3746 ut
902 3691 1095 3762 aliquis
1120 3692 1257 3747 alius
1286 3693 1372 3747 vir
1392 3707 1514 3749 eam
1545 3690 1619 3746 illi
1659 3692 1890 3762 eripiat;
1922 3691 1968 3747 si
2021 3692 2145 3763 quis

560 3779 665 3836 hoc
693 3779 898 3845 fecerit,
927 3782 995 3838 sit
1018 3783 1537 3838 excommunicatus.

631 3868 823 3926 XXIV.
852 3870 907 3927 Si
941 3872 1064 3943 quis
1088 3888 1211 3928 cum
1263 3872 1453 3927 fraude
1489 3886 1584 3927 sua
1613 3887 1837 3926 uxorem
1868 3873 1950 3926 vel
1978 3872 2145 3943 virgi-

2243 3202 2467 3258 alterius
2520 3203 2762 3273 legitima
2827 3219 3046 3283 uxore,
3102 3213 3161 3260 et
3212 3204 3328 3276 ipsa
3386 3203 3573 3270 nollet,
3614 3199 3789 3270 jejuni

2243 3306 2407 3346 unum
2456 3307 2656 3349 annum
2702 3309 2801 3365 pro
2853 3295 3053 3364 iujusta
3109 3294 3201 3353 illa
3248 3295 3530 3352 voluntate
3580 3305 3706 3364 pane
3745 3300 3788 3345 et

2243 3397 2403 3453 aqua.

2317 3474 2552 3531 XXXIV.
2589 3475 2647 3532 Si
2677 3478 2799 3548 quis
2828 3478 2976 3535 coire
3005 3478 3170 3534 vellet
3187 3479 3560 3534 cuma.terius
3585 3474 3783 3545 legitima

2244 3563 2490 3636 conjuge,
2536 3574 2594 3627 et
2635 3566 2750 3637 ipsa
2782 3566 2971 3633 nollet,
2995 3568 3205 3638 jejunet
3234 3578 3351 3623 tres
3381 3565 3785 3638 quadragesima

2243 3670 2384 3726 pauc
2426 3666 2481 3711 et
2522 3671 2687 3727 aqua,
2707 3673 2871 3714 unam
2922 3659 2975 3714 in
3003 3668 3223 3726 testate,
3252 3660 3414 3716 aliam
3448 3660 3506 3716 in
3545 3667 3785 3719 autumni).

2245 3751 2459 3821 tertiam
2491 3750 2544 3804 in
2574 3750 2774 3807 hieme.

2315 3858 2532 3915 XXXV.
2567 3860 2625 3917 Si
2654 3864 2777 3932 quis
2804 3863 2934 3920 velit
2962 3879 3086 3920 cum
3115 3881 3286 3922 uxore
3320 3867 3524 3939 injuste
3560 3862 3784 3932 οοίτοιὶεο

560 3978 687 4018 nem
724 3962 948 4018 invitam
982 3962 1220 4033 rapuerit
1267 3962 1334 4017 ad
1383 3961 1629 4017 illicitum
1674 3961 2041 4028 concubitum,
2076 3961 2149 4016 sit
2239 3950 2397 4020 ilmel
2426 3967 2494 4006 XI.
2519 3952 2637 4008 dies
2666 3969 2808 4023 pane
2838 3963 2894 4009 et
2921 3970 3083 4026 aqua.

561 4051 651 4107 ille
675 4052 1193 4106 excommunicatus.

634 4137 804 4193 XXV.
836 4138 893 4194 Si
926 4139 1049 4209 quis
1098 4139 1365 4195 illecebris
1394 4140 1511 4195 suis
1536 4139 1763 4194 alterius
1795 4138 2029 4195 hominis
2053 4154 2148 4210 pe-

558 4227 870 4297 dissequam
912 4230 979 4284 ab
1006 4244 1071 4283 eo
1097 4230 1319 4284 seducat
1345 4230 1694 4285 scortatiouis
1720 4246 1904 4296 causa,
1929 4240 1984 4287 et
2021 4246 2144 4286 cum

565 4317 655 4371 illa
683 4316 847 4372 invita
880 4328 1067 4385 coeat;
1099 4321 1143 4376 si
1172 4321 1243 4375 sit
1272 4322 1442 4377 sacris
1472 4321 1716 4378 initiatus
1746 4328 1921 4386 homo,
1953 4325 2146 4395 perdat

560 4410 806 4466 ordinem
838 4426 1026 4479 suum;
1060 4414 1104 4469 si
1134 4416 1205 4469 sit
1232 4415 1422 4483 laicus,
1453 4417 1523 4471 sit
1545 4420 2043 4476 excuinmunicatus
2075 4420 2144 4476 ab

559 4500 814 4557 omnibus
850 4501 1172 4560 Christianis
1199 4505 1409 4562 ciliciis.

636 4584 825 4673 XXVI.
858 4593 917 4650 Si
949 4610 1070 4667 qua:
1098 4598 1249 4667 virgo
1279 4598 1599 4668 desponsata
1632 4608 1737 4665 est,
1768 4609 1823 4655 et
1858 4602 1961 4657 hoc
2011 4611 2144 4657 tem-

562 4686 714 4755 poris
741 4686 1025 4745 intervallo
1047 4689 1366 4757 abducatur,
1392 4691 1477 4746 vel
1526 4691 1627 4746 sub
1661 4692 1843 4764 aliquo
1882 4703 2142 4763 praetextu

563 4776 843 4834 auferatur
883 4779 951 4835 ab
974 4796 1040 4835 eo
1066 4783 1149 4836 cui
1201 4784 1522 4853 desponsata
1549 4792 1667 4838 erat
1686 4824 1702 4849 ,
1738 4794 1792 4839 et
1836 4785 2027 4840 deinde
2055 4801 2147 4841 ac-

563 4867 709 4920 cidat
735 4877 794 4921 ut
823 4869 909 4923 illa
944 4870 995 4924 in
1027 4880 1369 4942 conspectum
1411 4873 1528 4945 ejus
1579 4874 1779 4942 veniat,
1833 4889 1956 4929 cum
1988 4877 2143 4930 venia

565 4957 638 5011 illi
668 4968 890 5027 possunt
913 4962 1080 5025 coire,
1110 4964 1361 5033 quoniam
1392 4972 1578 5019 contra
1607 4965 1938 5021 voluntatem
1993 4982 2144 5022 suam

567 5046 654 5103 illa
688 5050 756 5103 ab
788 5063 854 5104 eo
876 5051 1079 5106 aberat.

2316 4040 2558 4098 XXXVI.
2598 4043 2655 4099 Si
2684 4044 2806 4113 quis
2834 4044 2999 4099 alium
3019 4060 3144 4101 cuin
3173 4046 3279 4102 lilia
3307 4063 3406 4105 sua
3436 4048 3783 4119 deprehendat.

2247 4144 2559 4203 compenset
2589 4137 2730 4206 apud
2762 4134 2997 4209 [puellas]
3028 4139 3264 4205 amicos,
3287 4150 3343 4194 et
3370 4147 3597 4211 uterque
3612 4137 3781 4207 jcjunet
3816 4160 3817 4211 χ

2247 4240 2411 4277 unum
2450 4241 2649 4280 annum
2677 4227 2866 4283 diebus
2911 4227 3161 4283 Mercurii
3211 4239 3268 4285 et
3318 4231 3542 4288 Veneris
3585 4225 3780 4299 quandiu

2246 4317 2462 4382 vixerit,
2491 4329 2545 4374 et
2568 4319 2746 4391 lugeat
2772 4335 2991 4391 semper
3012 4322 3263 4378 delictum
3292 4340 3472 4380 suum.

2319 4409 2584 4466 XXXVII.
2634 4414 2690 4467 Si
2738 4415 2861 4483 quis
2906 4431 3029 4469 cum
3078 4417 3251 4472 bestia
3278 4429 3475 4483 coeat,
3513 4418 3695 4490 jejunet
3727 4427 3778 4467 xv

2253 4517 2456 4566 annos;
2487 4514 2610 4557 octo
2640 4520 2780 4574 pane
2802 4514 2858 4560 et
2881 4521 3047 4577 aqua,
3081 4517 3138 4563 et
3168 4519 3375 4580 septem
3416 4512 3552 4567 alios
3582 4506 3777 4580 quolibet

2254 4608 2396 4646 anno
2427 4592 2597 4649 tribus
2622 4594 2812 4649 diebus
2839 4598 3286 4669 quadragesimis,
3323 4610 3379 4656 et
3409 4602 3592 4657 diebus
3610 4599 3776 4654 Hercu-

2254 4683 2318 4737 rii
2346 4693 2401 4738 et
2434 4682 2673 4749 Veneris,
2700 4686 2941 4756 quandiu
2971 4689 3190 4756 vixerit,
3214 4701 3270 4747 et
3292 4690 3468 4763 lugeat
3496 4704 3688 4763 semper
3704 4685 3777 4740 de.

2252 4776 2435 4831 lietqu
2466 4792 2644 4833 suum.

2324 4867 2605 4924 XXXVIII.
2648 4871 2704 4926 Si
2743 4871 2866 4941 quis
2911 4873 3150 4943 seipsum
3186 4876 3402 4947 propria
3444 4877 3511 4934 de
3548 4874 3771 4931 voluntate
3806 4942 3807 4955 χ

2253 4956 2486 5025 polluat,
2513 4957 2717 5028 jejunet
2761 4963 2933 5018 tribus
2960 4965 3148 5031 annis;
3193 4968 3435 5035 quolibet
3479 4970 3636 5023 tribus
3670 4977 3771 5032 qua-

2252 5048 2569 5118 dragesimis
2600 5067 2737 5122 pane
2761 5063 2817 5107 et
2843 5069 3014 5124 aqua,
3059 5066 3114 5111 et
3158 5059 3424 5117 abstineat
3449 5078 3479 5116 a
3506 5071 3653 5117 carae
3687 5054 3771 5111 sin-
3804 5088 3805 5124 ;
