3898 6320
62 396 143 455 5ὓ9

62 504 411 570 hebdomadam
454 518 589 578 pane
634 509 690 558 et
744 514 913 571 aqua;
967 504 1022 554 et
1076 495 1123 551 si
1168 493 1330 548 homo
1369 494 1591 559 propter
1620 474 1664 530 Α

62 603 276 679 paxillum
304 598 454 658 illum
481 596 760 659 moriatur,
786 601 914 648 tunc
935 589 1374 679 jejunetseptem
1398 579 1584 645 annis;

61 677 189 752 sicuti
228 689 314 750 hic
351 690 642 760 ascriptum
670 693 778 752 est,
820 692 875 741 et
917 682 1099 761 lugeat
1133 677 1388 736 delictum
1429 686 1586 729 suum

62 798 260 853 αωηκπ.

114 873 231 935 XLI.
270 876 327 934 Si
358 874 481 946 quis
509 869 768 929 veneﬁcio
800 876 983 924 utatur
1004 863 1070 922 ad
1096 862 1321 920 alterius
1346 870 1587 914 amorem

64 966 162 1036 (sibi
187 957 589 1035 conciliandum)
629 970 687 1018 et
721 961 769 1016 ei
813 958 991 1032 (illud)
1040 955 1133 1011 det
1176 953 1230 1008 in
1278 966 1374 1007 esu
1416 947 1502 1002 vel
1534 947 1587 1001 in

65 1071 185 1134 potu,
210 1059 287 1114 vel
327 1058 379 1113 in
423 1065 539 1112 arte
591 1050 930 1116 incantandi,
971 1047 1017 1103 si
1052 1047 1145 1134 sit;
1166 1042 1355 1134 laicus,
1380 1037 1592 1134 jejunet

66 1131 299 1208 dimidium
339 1146 465 1202 anni
504 1144 696 1201 diebus
733 1137 982 1196 Mercurii
1021 1147 1078 1193 et
1104 1131 1329 1189 Veneris
1357 1141 1499 1200 pane
1536 1132 1594 1181 et

66 1256 194 1310 aqua,
219 1246 269 1293 et
295 1236 415 1293 aliis
443 1235 634 1291 diebus
668 1240 851 1289 utatur
873 1229 994 1287 cibo
1019 1241 1139 1290 suo,
1159 1229 1379 1291 excepta
1406 1230 1589 1273 carne.

67 1330 261 1386 Clericus
284 1343 447 1383 unum
475 1340 715 1391 annum,
744 1331 805 1379 ut
838 1336 1001 1391 supra
1019 1360 1036 1387 ,
1079 1316 1249 1373 tribus
1283 1313 1471 1369 diebus
1498 1325 1595 1381 per

67 1418 406 1475 hebdomadam
430 1430 572 1487 pane
600 1423 657 1470 et
682 1429 842 1485 aqua.
873 1412 1147 1465 Diaeonus
1172 1417 1284 1463 tres
1314 1418 1508 1466 annos,
1538 1412 1595 1457 ut

69 1527 208 1581 supra.
234 1509 519 1581 Presbyter
544 1506 785 1576 quinque
811 1515 1018 1568 annos;
1049 1513 1213 1553 unum
1243 1511 1429 1551 eorum
1458 1508 1595 1564 pane

69 1610 266 1668 etaqua,
310 1605 363 1652 et
407 1602 645 1665 quatuor
683 1591 923 1664 quolibet
967 1590 1053 1645 die
1094 1587 1320 1645 Veneris
1358 1599 1498 1656 pane
1542 1588 1599 1638 et

71 1704 192 1759 aqua,
219 1695 268 1742 et
297 1687 417 1742 aliis
444 1686 639 1741 diebus
664 1684 932 1739 abstineat
961 1697 993 1735 a
1017 1696 1203 1743 carne.

119 1780 248 1835 XLII.
280 1781 333 1837 Si
368 1784 492 1853 quis
517 1782 751 1852 turpiter
781 1781 831 1836 in
872 1775 1401 1850 prteternaturalibus
1434 1774 1597 1830 rebus

73 1881 215 1927 contra
240 1870 327 1928 Dei
355 1882 667 1928 creaturam
714 1886 811 1942 per
855 1868 1088 1941 aliquam
1120 1883 1233 1924 rem
1262 1882 1321 1922 se
1346 1864 1598 1937 polluerit

74 1960 224 2029 ipsum,
259 1958 431 2032 lugeat
469 1975 689 2032 semper
724 1958 961 2030 quandiu
1011 1956 1224 2021 vixerit,
1272 1954 1424 2026 juxta
1468 1951 1600 2009 illud

73 2050 177 2121 quod
202 2049 385 2107 factum
407 2062 513 2107 est.

125 2140 270 2197 XLIII.
307 2143 361 2199 Si
390 2145 520 2216 quis
555 2144 610 2200 in
656 2157 847 2199 somno
877 2140 1137 2198 in'fantem
1176 2154 1333 2196 suum
1369 2136 1602 2208 compri-

75 2244 171 2299 mat,
198 2243 251 2289 ut
276 2235 559 2302 moriatur,
583 2234 793 2303 jejunet
817 2243 927 2289 tres
952 2247 1151 2297 anuos;
1182 2246 1347 2285 unum
1378 2243 1518 2299 pane
1546 2234 1604 2282 et

75 2340 194 2394 aqua,
216 2335 266 2381 et
291 2326 573 2381 biennium
617 2325 788 2379 tribus
816 2324 1012 2379 diebus
1048 2336 1146 2393 per
1172 2319 1603 2383 bebdomadem;

74 2414 163 2469 etsi
190 2429 274 2489 per
300 2415 625 2472 ebrietatem
658 2413 836 2470 factus
874 2414 977 2479 sit,
1015 2418 1332 2482 compenset
1358 2406 1603 2479 gravius,

75 2504 178 2560 sicut
214 2506 571 2563 coufessarius
616 2504 784 2576 ipsius
830 2501 1096 2567 docuerit,
1142 2508 1199 2556 et
1248 2498 1430 2572 lugeat
1471 2496 1603 2552 illud

75 2611 258 2668 semper.

126 2687 273 2745 XLIV.
309 2688 365 2746 Si
404 2689 658 2747 inﬁrmus
697 2687 878 2746 infans
907 2687 1157 2742 ethnicus
1184 2684 1259 2757 (id
1286 2692 1371 2741 est
1398 2682 1604 2753 absque

74 2774 308 2854 baptismo)
341 2782 599 2847 decedat,
621 2790 678 2837 et
699 2780 802 2836 hoc
827 2793 893 2835 ex
919 2775 1217 2835 sacerdotis
1240 2773 1605 2845 procrastina-

77 2869 185 2926 tioue
208 2872 290 2939 sit,
325 2875 526 2945 perdat
551 2873 795 2929 ordinem
822 2887 1012 2937 suum,
1042 2879 1096 2925 et
1125 2868 1311 2924 sedulo
1339 2869 1447 2922 hoc
1482 2882 1604 2922 cor-

79 2960 209 3030 rigat;
245 2973 295 3018 et
324 2965 367 3019 si
397 2963 450 3020 id
483 2979 586 3034 per
628 2961 1013 3033 negligentiam
1046 2959 1343 3015 amicorum
1377 2957 1491 3023 llat,
1518 2956 1604 3026 je-

76 3051 219 3121 iuneat
243 3066 340 3114 tres
368 3071 570 3125 annos,
595 3071 757 3111 unum
786 3070 924 3129 pane
948 3065 1003 3110 et
1032 3069 1170 3124 aqua
1193 3094 1209 3119 ,
1240 3062 1294 3109 et
1323 3050 1602 3107 biennium

83 3145 209 3203 tribus
233 3147 410 3205 diebus
438 3164 546 3221 per
583 3146 962 3220 septimanam,
989 3155 1045 3202 et
1073 3144 1290 3218 lugeant
1315 3143 1417 3199 hoc
1453 3156 1599 3199 sem-

81 3255 164 3311 per.
1394 3298 1395 3301 η

130 3330 260 3388 XLV.
296 3333 351 3391 Si
394 3336 527 3406 quis
567 3333 937 3393 Christianum
964 3334 1033 3391 ad
1065 3333 1450 3392 etbnicismum
1481 3346 1607 3387 ven-

81 3418 162 3488 dat,
186 3440 276 3480 non
304 3427 372 3482 sit
403 3428 607 3503 dignus
634 3425 816 3496 aliqua
863 3426 1050 3497 requie
1096 3441 1220 3482 cum
1260 3422 1607 3503 Christianis,

82 3510 156 3567 nisi
196 3513 348 3586 ipsum
398 3500 603 3574 deinde
645 3517 867 3574 domum
908 3517 1224 3582 redemerit,
1266 3500 1425 3587 quem
1451 3522 1611 3569 antea

83 3604 337 3664 vendiderat
362 3609 537 3677 foris;
578 3616 633 3664 et
687 3609 732 3665 si
761 3609 865 3667 hoc
891 3607 1071 3666 facere
1094 3607 1307 3679 nequit,
1344 3605 1613 3662 dividatur

85 3686 267 3761 pretium
303 3700 429 3757 illud
463 3708 672 3768 totum,
702 3699 797 3755 Dei
833 3700 1030 3769 gratia,
1078 3707 1134 3756 et
1174 3698 1341 3754 alium
1382 3697 1615 3753 redimat

86 3784 162 3840 alio
181 3792 352 3860 pretio,
382 3801 439 3848 et
471 3807 598 3847 eum
626 3802 754 3848 tunc
789 3792 1048 3857 dimittat,
1078 3800 1136 3848 et
1160 3792 1227 3847 ad
1272 3792 1388 3847 haec
1422 3796 1619 3861 augeat

86 3884 531 3948 compensationem
562 3890 675 3938 tres
701 3897 872 3938 annos
911 3883 1173 3954 integros,
1211 3881 1373 3938 sicuti
1402 3878 1615 3935 confes-

88 3967 220 4025 sarius
268 3970 410 4027 illum
455 3971 730 4028 docuerit.
777 3972 913 4028 Etsi
955 3972 1238 4043 pecuniam
1277 3986 1384 4026 non
1424 3970 1620 4025 habeat

89 4068 164 4122 qua
184 4059 434 4118 hominem
466 4061 736 4117 redimere
765 4071 980 4133 posset,
1016 4069 1330 4131 eompenset
1361 4059 1581 4130 gravius
1602 4097 1618 4126 ,

89 4141 163 4198 hoc
182 4157 269 4210 est.
298 4161 507 4223 septem
533 4167 704 4207 annos
732 4144 990 4222 integros,
1012 4161 1069 4207 et
1093 4151 1273 4221 lugeat
1296 4166 1529 4220 semper.

136 4235 293 4295 XLVI.
327 4243 382 4298 Si
413 4243 542 4315 quis
567 4242 804 4312 seipsum
824 4242 978 4298 valde
1000 4241 1288 4297 labefactet
1317 4239 1624 4296 multifariis

89 4330 298 4398 peccatis,
344 4343 400 4389 et
453 4331 545 4389 ille
567 4331 762 4386 deinde
806 4331 873 4386 ab
919 4330 1000 4386 eis
1029 4331 1296 4387 abstinere
1335 4338 1392 4385 et
1441 4328 1625 4386 sedulo

90 4421 314 4493 corrigere
339 4425 497 4491 velit,
525 4424 748 4480 inclinet
778 4422 843 4479 ad
873 4422 1259 4479 monasterium
1279 4462 1295 4488 ,
1325 4429 1381 4476 et
1429 4421 1627 4476 serviat

1628 1825 1672 1885 Β

1627 3197 1674 3261 C

91 4507 143 4563 ibi
166 4528 359 4587 semper
387 4518 502 4573 Deo
533 4526 589 4571 et
617 4512 959 4579 hominibus,
1003 4515 1161 4569 sicuti
1202 4513 1448 4577 docetur,
1478 4510 1564 4567 vel
1595 4527 1625 4566 a
1658 4544 1704 4605 υ

89 4604 227 4666 patria
252 4606 403 4679 longe
431 4605 830 4680 peregrinetur,
862 4614 916 4662 et
935 4605 1309 4677 pmnitentiam
1335 4611 1456 4676 agat
1480 4617 1626 4659 sem-

91 4702 181 4756 Per.
203 4700 424 4766 quandiu
461 4698 687 4761 vixerit,
737 4705 897 4767 atque
939 4696 1167 4752 salutem
1204 4705 1411 4766 quairat
1435 4694 1628 4748 animat

93 4792 178 4836 smn
208 4786 385 4842 saltem
417 4789 474 4843 in
505 4797 647 4842 terra
676 4802 773 4858 per
819 4789 1193 4859 gravissimam
1235 4785 1630 4857 compensatio-

94 4884 209 4941 nem,
231 4891 384 4948 quam
415 4894 653 4949 unquam
689 4879 922 4947 experiri
961 4877 1151 4947 possit,
1184 4876 1360 4947 prouti
1384 4876 1627 4932 docetur.

545 4968 632 5024 DE
668 4967 1134 5025 ΡΟΕΜΤΕΝΠΑ.

146 5052 180 5108 l.
213 5055 263 5111 lu
288 5059 387 5115 hac
414 5059 758 5116 confessione
784 5057 936 5114 valde
955 5056 1208 5114 conducit
1232 5056 1458 5126 alicujus
1480 5058 1630 5114 theo-

97 5138 177 5212 iugi
217 5151 573 5206 necessarium
627 5148 914 5212 auxilium,
974 5148 1133 5204 sicuti
1181 5148 1402 5205 omnino
1457 5149 1632 5204 bonus

100 5237 300 5294 medicus
320 5251 399 5296 est
429 5240 614 5313 :egroti
643 5239 874 5295 hominis
899 5238 1125 5294 medela.

155 5319 206 5377 ll.
251 5326 350 5383 Per
395 5330 883 5401 concupiscentiam
931 5330 1091 5384 homo
1136 5344 1277 5399 smpe
1322 5336 1533 5398 peccat,
1581 5338 1637 5384 et

106 5409 217 5469 haud
248 5433 362 5475 raro
388 5436 483 5491 per
504 5421 697 5477 diaboli
723 5420 1157 5492 iustigationem;
1188 5429 1243 5475 et
1280 5422 1384 5475 hoc
1419 5430 1501 5474 est
1526 5429 1636 5474 ter;

107 5502 251 5572 Iibile,
273 5512 410 5579 quod
448 5513 616 5567 sacris
651 5512 845 5567 initiati
881 5521 989 5567 tam
1026 5509 1263 5583 graviter
1305 5510 1442 5582 apud
1472 5509 1636 5563 Deum

110 5608 313 5666 peccent,
340 5613 397 5657 ut
425 5606 662 5660 ordinem
689 5605 961 5659 amittant.

166 5686 236 5742 Ill.
273 5691 335 5746 Et
357 5693 539 5751 adhoc
568 5693 945 5767 corrigendum
972 5709 1107 5764 opus
1149 5702 1231 5749 est
1268 5686 1438 5763 rigida
1468 5689 1640 5759 paeni-

112 5780 268 5846 ίοίιιὶλι
292 5797 501 5859 semper
530 5797 705 5844 tamen
734 5784 888 5859 juxta
918 5785 1121 5842 ordinis
1158 5795 1209 5839 et
1234 5784 1390 5857 juxta
1431 5780 1640 5853 peceati

753 371 1355 443 ANGLOQSAXONUM
1393 368 1633 429 REGUM
1667 366 1892 425 LEGES
1920 360 2494 422 ECCLESIASTICE.

3161 359 3267 416 510

1694 481 1935 546 modum,
1959 479 2254 536 secundum
2289 477 2433 548 leges
2460 475 2770 532 canonicas.
2815 474 2883 531 Et
2924 483 3089 533 etiam
3118 487 3269 544 qure-

1690 574 1915 629 rendum
1939 580 2023 628 est
2046 571 2111 627 de
2149 568 2382 625 hominis
2409 567 2634 634 viribus,
2661 575 2716 624 et
2740 568 2805 623 de
2835 565 3268 639 [satisfactionis]

1689 664 1805 735 ejus
1853 664 2032 729 modo,
2078 670 2137 726 et
2180 661 2248 717 de
2294 659 2575 731 ipsiusmet
2616 658 2781 713 animi
2826 658 3266 728 compunctioue.

1689 758 1869 828 Aliqui
1895 754 2265 828 paenitentiam
2292 760 2455 823 agant
2485 767 2716 818 annum;
2757 751 2919 822 aliqui
2949 751 3067 822 plus
3090 766 3272 817 anno;

1690 861 1746 906 et
1768 850 1955 905 deinde
1976 864 2071 919 pro
2092 847 2269 904 delicti
2301 845 2482 911 modo,
2504 844 2667 916 aliqui
2689 845 2985 916 pceniteant
3005 858 3275 908 mensem,

1692 940 1860 1011 aliqui
1894 940 2015 1011 plus
2044 954 2261 1006 mense;
2317 937 2481 1010 aliqui
2526 937 2882 1008 septimanam
2931 936 3275 1007 pmniteant,

1693 1030 1857 1101 aliqui
1888 1030 2007 1102 plus
2033 1031 2363 1102 septimana;
2391 1029 2557 1101 aliqui
2583 1027 2726 1084 diem
2754 1028 3074 1098 pmniteant,
3099 1037 3154 1086 et
3173 1028 3274 1084 ali-

1694 1121 1785 1194 qui
1819 1122 1938 1193 plus
1969 1123 2076 1188 die,
2104 1130 2159 1178 et
2186 1121 2349 1192 aliqui
2388 1136 2577 1177 omnes
2603 1121 2727 1179 vitae
2759 1135 2869 1176 sua:
2895 1120 3034 1176 dies.

1766 1214 1856 1268 Ν.
1889 1212 1951 1287 Si
1973 1212 2212 1268 medicus
2237 1211 2423 1283 gravia
2453 1210 2679 1267 vulnera
2706 1211 2846 1267 bene
2869 1225 3062 1267 curare
3091 1209 3275 1278 debet,

1696 1305 1952 1361 adhibeat
1981 1312 2196 1375 oportet
2237 1303 2378 1360 bona
2407 1302 2840 1370 medicamenta;
2875 1302 3021 1358 nulla
3052 1303 3282 1359 vulnera

1695 1407 1823 1452 sunt
1851 1396 1985 1465 adeo
2016 1386 2165 1451 mala'
2184 1410 2347 1467 quam
2377 1393 2603 1450 vulnera
2629 1395 2861 1467 peccati,
2906 1396 3163 1466 quoniam
3207 1395 3278 1452 iis

1695 1491 1859 1547 homo
1888 1498 2128 1546 meretur
2152 1498 2413 1546 aeternam
2452 1498 2709 1555 mortem,
2731 1488 2836 1544 nisi
2859 1504 2957 1560 per
2981 1486 3280 1545 confessio-

1696 1596 1820 1636 nem
1844 1621 1859 1646 ,
1908 1592 1962 1637 et
1989 1596 2085 1651 per
2115 1577 2501 1636 abstinentiam
2526 1619 2543 1644 ,
2573 1588 2630 1637 et
2656 1594 2752 1652 per
2780 1578 3158 1650 paenitentiam
3186 1594 3281 1634 sa~

1697 1679 1875 1725 ltelut‘.
2364 1732 2367 1733 ν

1770 1758 1832 1813 ν.
1875 1756 2026 1814 Tunc
2054 1743 2294 1814 medicus
2327 1758 2485 1815 debet
2513 1775 2634 1816 esse
2675 1760 2891 1831 sapiens
2917 1769 2976 1816 et
2998 1761 3236 1831 prudens
3257 1801 3277 1828 ,

1701 1848 1792 1920 qui
1843 1848 2065 1904 vulnera
2110 1864 2304 1905 curare
2352 1849 2528 1906 debet.
2576 1849 2680 1905 Per
2725 1852 2926 1907 bonam
2972 1850 3279 1908 doctrinam

1702 1940 1854 2012 prius
1895 1949 2153 2006 curetur,
2217 1950 2273 1997 et
2313 1942 2416 1996 hoc
2457 1940 2598 1997 facto
2637 1952 2967 2013 expurgetur
3010 1958 3281 2000 venenum

1701 2034 1848 2104 quod
1873 2033 1927 2087 in
1951 2049 2015 2090 eo
2043 2042 2147 2098 est,
2177 2032 2280 2090 hoc
2302 2042 2409 2099 est,
2437 2041 2499 2089 ut
2521 2033 2761 2103 seipsutn
2783 2033 2942 2103 prius
2967 2041 3161 2105 purget
3183 2047 3281 2104 per

1703 2122 2121 2181 confessionem.

1773 2237 1861 2293 Vl.
1898 2235 2086 2293 Omnis
2113 2235 2276 2291 boum
2313 2249 2566 2292 evomere
2607 2236 2770 2293 debet
2796 2248 3016 2308 peccata
3045 2252 3144 2308 per
3182 2239 3285 2294 be-

1703 2344 1829 2382 nam
1869 2326 2171 2383 doctriuam
2218 2341 2341 2383 eum
2390 2326 2757 2395 confessione,
2789 2328 2984 2384 eodem
3020 2334 3181 2385 modo
3219 2344 3287 2386 ac

1704 2419 1767 2475 tit
1793 2419 2011 2476 letbalis
2039 2420 2261 2476 morbus
2287 2434 2386 2489 per
2416 2421 2615 2475 bonam
2640 2421 2938 2491 potionem.

1775 2511 1885 2568 VII.
1924 2511 2045 2567 Non
2070 2519 2251 2581 potest
2294 2511 2492 2582 aliquis
2525 2513 2766 2568 medicus
2793 2513 2931 2568 bene
2969 2527 3165 2575 curare
3189 2529 3293 2570 an-

1704 2611 1925 2673 tequaru
1966 2618 2233 2659 venenum
2277 2604 2575 2659 excesserit
2599 2643 2619 2670 ,
2648 2619 2823 2675 neque
2878 2606 3040 2661 homo
3088 2606 3287 2676 aliquis

1703 2698 1868 2755 etiam
1894 2697 2267 2767 paenitentiam
2287 2697 2425 2752 bene
2444 2697 2643 2754 docere
2668 2708 2851 2769 potest
2869 2714 3017 2765 eum,
3042 2702 3135 2771 qui
3155 2716 3286 2756 cen-

1704 2791 1846 2845 iiteri
1874 2789 2028 2857 nolit,
2051 2804 2231 2861 neque
2260 2789 2457 2861 aliquis
2488 2791 2651 2846 homo
2674 2801 2897 2862 peccata
2921 2792 3125 2864 absque
3150 2810 3285 2851 con-

1703 2881 1937 2938 fessione
1979 2881 2257 2951 corrigere
2281 2888 2491 2951 potest;
2529 2882 2671 2937 sicut
2710 2884 2888 2939 minus
2922 2885 3059 2941 bene
3095 2889 3279 2944 curari

1702 2983 1885 3044 petest
1916 2975 2011 3045 qui
2039 2972 2240 3030 iethale
2266 2974 2396 3046 quid
2419 2976 2693 3043 exhausit,
2724 2976 2829 3033 nisi
2858 2991 3122 3035 venenum
3166 2995 3289 3036 om-

1704 3067 1835 3122 nino
1858 3074 2096 3121 evomat.

1772 3177 1906 3235 Vlll.
1943 3178 2071 3236 Post
2096 3178 2491 3236 confessionem
2521 3193 2618 3250 per
2638 3179 3012 3250 pmnitentiam
3038 3183 3162 3252 quis
3190 3182 3284 3238 Dei

1709 3272 2132 3328 misericordiam
2160 3280 2336 3342 potest
2375 3271 2484 3342 cito
2525 3272 2743 3338 mereri,
2785 3273 2829 3329 si
2879 3288 3002 3329 eum
3040 3274 3291 3331 interiori

1708 3364 1871 3419 corde
1898 3363 2136 3434 plangat,
2161 3371 2217 3418 et
2245 3362 2423 3434 lugeat
2452 3365 2595 3433 quod
2619 3379 2716 3434 per
2746 3363 2945 3422 diaboli
2982 3365 3297 3438 instigatio--

1711 3470 1835 3510 nem
1861 3464 2019 3509 antea
2048 3457 2299 3511 seductus
2323 3456 2394 3511 sit
2419 3457 2486 3512 ad
2513 3457 2853 3529 injustitiam.

1781 3543 1873 3599 IX.
1911 3544 2238 3601 Prudentem
2290 3546 2679 3603 eonfessarium
2733 3549 2887 3606 valde
2932 3551 3297 3611 etiam-decet

1713 3636 1947 3706 prudens
1986 3636 2327 3705 poenitentia,
2358 3638 2499 3694 sicut
2536 3640 2759 3696 omnino
2809 3641 2934 3697 boui
2965 3630 3160 3702 medici
3210 3657 3309 3701 est

1714 3742 1914 3794 aegrum
1940 3728 2212 3783 hominem
2233 3744 2447 3784 curare.
2481 3731 2555 3786 De
2581 3735 3020 3802 compensatione
3047 3752 3294 3793 necessa-

1716 3817 1781 3871 rii
1812 3832 1944 3872 usus
1968 3826 2020 3872 et
2051 3817 2118 3872 de
2145 3818 2398 3891 operibus
2427 3820 2660 3877 hominis
2688 3822 2888 3894 inquiri
2912 3824 3071 3879 debet
3100 3841 3297 3882 secun-

1718 3908 1844 3963 dum
1873 3908 2018 3981 leges
2045 3911 2354 3974 canonicos,
2392 3920 2446 3966 et
2481 3912 2617 3967 ratio
2643 3914 2803 3968 statui
2832 3917 2996 3970 etiam
3035 3928 3131 3985 pro
3161 3918 3294 3973 viri-

1718 4002 1842 4069 bus,
1870 4014 1926 4057 et
1952 4018 2050 4075 pro
2080 4002 2261 4071 modo,
2287 4012 2342 4060 et
2373 4020 2473 4076 pro
2503 4020 2588 4071 eo,
2617 4007 2709 4079 qui
2739 4010 2988 4080 agnoscit
3008 4010 3187 4067 cordis
3215 4010 3302 4067 sui

1722 4091 1925 4147 luctum
1955 4103 2009 4149 et
2037 4092 2450 4151 sollicitudinem
2470 4097 2746 4169 propriam

1793 4206 1864 4263 Χ.
1904 4208 2098 4266 Gravis
2141 4210 2459 4280 poenitentia
2486 4219 2609 4280 est,
2636 4215 2780 4285 quod
2819 4212 2987 4273 laicus
3014 4229 3167 4273 arma
3204 4233 3315 4292 sua.

1724 4294 1979 4368 deponat,
2003 4307 2057 4354 et
2079 4298 2256 4356 nudus
2276 4302 2503 4372 pedibus
2521 4303 2681 4376 longe
2697 4307 3095 4378 peregrinetur,
3119 4318 3174 4364 et
3194 4325 3309 4366 non

1726 4398 2076 4460 pernoctetur
2103 4390 2323 4456 alicubi,
2372 4401 2426 4448 et
2470 4392 2678 4466 jejunet
2723 4405 2779 4453 et
2816 4397 2972 4454 valde
3000 4399 3223 4471 vigilet,
3250 4410 3317 4458 es

1728 4488 1849 4534 oret
1871 4480 2155 4551 diligenter
2183 4481 2270 4538 die
2295 4498 2363 4539 ac
2391 4493 2550 4541 nocte
2568 4526 2583 4552 ,
2612 4494 2671 4543 et
2713 4488 2900 4545 volens
2931 4504 2993 4547 se
3016 4489 3223 4562 fatiget,
3252 4502 3319 4551 el

1731 4567 1804 4622 ita
1848 4569 2082 4627 incultus
2118 4570 2220 4639 sit,
2275 4581 2335 4627 ut
2378 4573 2525 4633 ferro
2577 4591 2679 4633 nec
2725 4579 2904 4636 crines
2956 4595 3059 4638 nec
3103 4597 3325 4653 ungues

1734 4667 1939 4731 tangat.

1804 4751 1895 4807 XI.
1934 4751 2042 4810 Nec
2071 4763 2130 4810 ut
2157 4754 2490 4827 ingrediatur
2519 4759 2779 4826 thermas,
2801 4777 2900 4818 nec
2940 4762 3138 4825 lectum
3179 4767 3323 4822 moli.

1732 4842 1859 4911 lem,
1888 4860 1987 4901 nec
2000 4856 2180 4919 gustet
2201 4863 2442 4914 carnem,
2467 4865 2567 4907 nec
2592 4850 2794 4922 aliquid
2808 4851 2926 4923 ejus
2964 4855 3105 4912 unde
3126 4856 3327 4913 ebrius

1733 4951 1854 4993 esse
1890 4939 2095 5010 (sissit;
2132 4954 2239 4995 non
2268 4940 2603 5011 ingrediatur
2628 4943 2918 5011 ecclesias,
2966 4955 3207 5005 attamen
3237 4948 3330 5003 Ιο-⁸

1737 5044 1857 5083 cum
1879 5044 2128 5085 sanetum
2144 5030 2430 5103 diligenter
2453 5043 2678 5104 quaerat,
2702 5043 2756 5092 et
2780 5045 2986 5093 reatum
3011 5053 3166 5094 suum
3186 5053 3321 5094 com

1736 5113 1976 5183 ﬁteatur,
2006 5127 2061 5173 et
2089 5118 2531 5177 intercessionem
2567 5132 2755 5195 roget;
2782 5134 2838 5181 et
2860 5127 3133 5185 neminem
3151 5142 3323 5184 oscu-

1739 5206 1898 5271 letur,
1924 5210 2018 5263 sed
2047 5224 2261 5280 semper
2282 5221 2501 5283 peccata
2527 5231 2627 5271 sua
2651 5217 2802 5275 valde
2830 5218 3029 5291 lugeat.

1812 5316 1923 5373 Xll.
1951 5318 2253 5378 Crudeliter
2272 5324 2381 5393 agit
2400 5325 2492 5395 qui
2511 5326 2749 5397 seipsum
2771 5328 2876 5384 hoc
2897 5329 3057 5385 modo
3075 5330 3332 5398 damnat,

1741 5416 1979 5465 attamen
2016 5409 2206 5467 beatus
2237 5422 2322 5468 est
2372 5413 2715 5477 ille,siuulli
2775 5417 2867 5474 alii
2922 5419 3001 5474 rei
3056 5419 3327 5489 iuvigilet,

1741 5514 1902 5569 quam
1936 5508 1995 5554 ut
2020 5499 2179 5569 plene
2200 5500 2466 5575 (peccata)
2492 5506 2774 5576 corrigat;
2824 5508 3079 5576 quoniam
3139 5510 3320 5566 nullus

1744 5591 1904 5659 homo
1929 5592 1981 5647 in
2012 5594 2213 5650 mundo
2231 5595 2366 5651 adeo
2395 5597 2549 5654 valde
2596 5598 2765 5655 Deum
2811 5600 3051 5668 peccatis
3078 5600 3321 5670 olfendit,

1742 5685 1872 5753 quin
1897 5686 2037 5755 apud
2070 5686 2235 5744 Deum
2265 5690 2553 5746 emendare
2581 5698 2763 5761 queat,
2796 5692 2841 5747 si
2882 5691 2983 5749 hoc
3012 5693 3203 5750 sedulo
3228 5708 3321 5769 age

1745 5776 2037 5850 grediutur.
