3898 6320
586 387 685 443 511

1298 373 1589 432 APPEND.
1624 373 1717 428 ao
1741 368 1912 425 sese.
1956 369 2022 423 x.
2062 401 2132 411 _.
2170 368 2606 427 MONUMENTA
2645 369 3125 428 DIPLOMA'I‘ICA.
3700 376 3775 431 διε

598 489 603 493 ’
642 494 782 551 XIII.
843 490 1184 548 Poenitentiae
1237 489 1372 545 liunt
1424 487 1589 544 variis
1631 485 1943 551 modis,'et
1999 470 2234 538 multiA
2327 483 2489 539 XVII.
2513 483 2657 538 Idem
2683 474 3152 554 judiciumpotest
3200 480 3322 553 quis
3351 495 3474 537 cum
3523 484 3776 544 eonfessarii

574 588 822 645 homines
848 582 1206 655 cleemosynis
1245 582 1410 653 (eam)
1439 579 1702 634 redimere
1727 584 1972 648 possunt.

647 677 784 733 XIV.
834 677 891 732 Si
924 674 1046 746 quis
1087 675 1154 729 ad
1182 672 1284 727 hoc
1314 670 1599 725 facultates
1624 669 1842 735 habeat,
1872 667 2046 737 erigat
2072 681 2164 722 ec-

583 771 806 827 clesiam
834 769 887 825 in
916 764 1129 823 laudem
1159 765 1251 820 Dei
1277 781 1291 830 ;
1332 772 1387 819 et
1429 763 1473 819 si
1504 770 1766 833 praeterea
1793 760 1991 825 valeat,
2028 758 2165 829 adji-

578 862 690 918 ciat
717 868 943 925 terram,
970 866 1026 913 et
1051 856 1301 911 admittat
1329 850 1516 910 decem
1558 852 1824 923 juniores,
1848 850 1939 919 qui
1967 850 2041 905 ibi
2066 863 2164 919 pro

578 968 644 1010 eo
670 951 893 1017 servire,
927 959 983 1004 et
1004 948 1078 1004 ibi
1101 946 1345 1018 quotidie
1370 947 1481 1002 Deo
1504 945 1713 1016 possint
1733 942 2082 1007 ministrare;
2110 949 2163 995 et

576 1046 845 1101 instauret
870 1042 1039 1097 etiam
1078 1040 1172 1096 Dei
1219 1038 1503 1095 ecclesiam
1535 1036 1733 1107 ubique
1776 1051 1878 1107 pro
1913 1034 2167 1089 facultate

577 1150 696 1199 sua,
736 1140 792 1188 et
818 1133 1084 1187 instauret
1107 1129 1225 1185 vias
1251 1128 1497 1200 publicas
1517 1128 1772 1197 pontibus
1799 1141 1963 1195 super
1997 1139 2170 1194 aquas

575 1222 930 1295 profundans,
963 1228 1017 1275 et
1069 1234 1235 1291 super
1286 1232 1537 1274 cceuosas
1563 1216 1700 1283 vias,
1740 1223 1795 1270 et
1852 1215 2164 1279 distribuat,

576 1314 672 1369 Dei
696 1328 882 1375 causa,
926 1311 1211 1380 diligenter
1237 1309 1289 1364 id
1314 1308 1458 1378 quod
1482 1307 1643 1362 habet
1665 1305 1820 1375 juxta
1851 1303 2168 1360 facultatum

577 1419 798 1459 suarum
831 1401 1119 1467 ratiOnem,
1150 1407 1206 1455 et
1226 1390 1443 1468 adjuvet
1469 1396 1756 1468 diligenter
1775 1409 2062 1466 pauperes,
2092 1394 2171 1448 vi-

579 1495 737 1560 duas,
762 1501 817 1548 et
845 1492 1120 1563 orp’banos
1148 1498 1205 1546 et
1222 1489 1574 1561 peregrinos;
1607 1489 1958 1543 manum‘ittat
1983 1501 2172 1542 servos

580 1604 712 1645 suos
748 1576 1020 1660 proprios,
1049 1594 1105 1642 et
1143 1586 1375 1642 redimat
1426 1585 1494 1640 ab
1530 1583 1651 1639 aliis
1679 1583 1989 1639 hominibus
2048 1596 2169 1638 ser-

579 1692 768 1733 verum
798 1692 1019 1732 suorum
1045 1675 1376 1739 libertatem,
1403 1689 1466 1728 ac
1510 1674 1704 1730 saltem
1737 1688 2006 1745 pauperes
2031 1671 2172 1727 bello

579 1773 836 1829 vastatos,
864 1775 920 1820 et
947 1776 1205 1835 pascatur
1231 1778 1452 1836 egenos,
1484 1772 1540 1819 et
1582 1762 1776 1817 vestiat
1810 1760 2064 1832 hOSpitio,
2116 1770 2172 1815 et

2266 576 2493 632 consilio
2520 576 2623 631 sibi
2672 575 2772 646 ipsi
2798 576 3065 645 judicare,
3091 575 3182 645 qui
3211 582 3520 629 constanter
3543 591 3570 628 a
3594 583 3778 646 peccatis

2267 666 2382 723 suis
2411 668 2704 732 abstinere,
2739 673 2793 722 et
2823 674 3045 737 peccata
3081 679 3177 720 sua
3203 664 3475 735 corrigere
3498 667 3621 730 volt,
3645 668 3779 723 distri-

2266 761 2399 815 buat
2428 776 2497 815 ex
2526 759 2812 815 devotione
2838 774 2966 830 erga
2997 759 3167 813 Deum
3204 772 3368 814 omne
3392 759 3529 831 quod
3554 759 3707 825 habet,
3741 771 3779 817 et

2269 852 2481 907 deserat
2505 868 2631 907 cum
2669 852 2735 906 iis
2764 859 2930 907 totam
2968 861 3169 907 terram
3192 858 3247 907 et
3269 849 3522 920 patriam,
3550 858 3601 906 et
3622 866 3783 908 omnem

2269 941 2452 996 mundi
2481 957 2741 1009 amorem,
2783 950 2838 997 et
2868 941 3067 998 serviat
3095 942 3322 997 Domino
3351 956 3451 996 suo
3474 941 3557 996 die
3582 950 3631 996 et
3653 936 3783 1009 nocte,

2268 1041 2318 1086 et
2348 1031 2555 1086 laboret.
2582 1046 2742 1102 quam
2765 1030 2999 1087 maxime
3024 1039 3203 1101 potest
3230 1040 3419 1086 contra
3449 1033 3690 1102 propriam
3721 1050 3785 1090 cu-

2269 1124 2506 1194 pidinem
2553 1138 2739 1179 omnes
2765 1124 2888 1179 vita:
2916 1138 3026 1179 suae
3067 1123 3202 1179 dies.
3231 1122 3371 1190 Quid
3397 1123 3614 1195 amplius
3655 1124 3785 1182 facere

2272 1208 2469 1286 potest,
2501 1204 2691 1285 quamx
2713 1222 2772 1270 ut
2815 1214 3066 1271 hortetur
3098 1213 3325 1286 (proprii
3374 1215 3626 1271 commodi
3652 1220 3786 1289 caiisa)

2270 1303 2564 1375 quemlibet
2596 1305 2870 1362 hominem
2897 1305 2964 1360 ad
2997 1305 3110 1377 jus,
3147 1320 3314 1377 quam
3346 1315 3523 1377 potest
3555 1305 3787 1377 diligentis-

2271 1410 2429 1450 snne.

2274 1507 2376 1564 Hic
2403 1510 2653 1565 indicitur
2676 1511 2936 1583 quomodo
2980 1518 3207 1583 (egrotae
3233 1509 3502 1582 jejunium
3524 1526 3662 1565 suum
3694 1511 3791 1563 redi-

2897 1581 3039 1635 mere
3065 1581 3234 1636 debet.

2343 1671 2527 1726 XVIII.
2564 1671 2735 1729 Unius
2781 1673 2885 1728 diei
2938 1672 3204 1743 jejunium
3248 1672 3616 1729 uno‘denario
3655 1672 3795 1726 redimi

2275 1770 2453 1832 potest
2478 1781 2490 1816 :
2529 1764 2753 1835 quilibet
2783 1765 2945 1820 homo
2973 1771 3149 1836 potest
3182 1766 3346 1820 unius
3367 1765 3471 1820 diei
3492 1763 3720 1834 jejunium
3741 1780 3794 1819 re-

577 1855 722 1920 foco,
758 1854 971 1920 balneo,
996 1863 1051 1910 et
1077 1854 1237 1910 lectis
1265 1869 1360 1909 eos
1388 1852 1705 1924 prospiciat,
1731 1863 1786 1907 et
1812 1852 1971 1907 insui
2004 1851 2173 1923 ipsius
2203 1842 2246 1901 Β
2276 1857 2481 1911 dimere
2516 1856 2764 1912 ducentis
2811 1864 2867 1912 et
2906 1854 3095 1926 viginti
3138 1854 3394 1927 psalmis;
3440 1855 3649 1925 quilibet
3684 1855 3794 1907 Ιιοιιιο

579 1946 962 2002 necessitatem
991 1946 1190 2014 ubique
1219 1943 1506 2014 diligenter
1528 1942 1974 1999 intercessionem
2008 1941 2171 1996 faciat

581 2038 636 2093 in
663 2038 950 2092 missarum
974 2046 1029 2092 et
1057 2035 1392 2105 psalmorum
1419 2034 1697 2098 cantibus,
1728 2042 1784 2087 et
1823 2031 2171 2103 semetipsum

580 2142 651 2183 ex
699 2128 983 2183 devotione
1036 2141 1163 2197 erga
1209 2125 1495 2179 Dominum
1546 2139 1703 2178 suum
1752 2123 1982 2191 castiget
2013 2135 2173 2191 quam

562 2218 845 2281 acerrime
868 2232 962 2287 per
985 2216 1368 2271 abstinentiam
1394 2230 1427 2268 a
1450 2214 1571 2270 cibo
1595 2222 1649 2269 et
1674 2221 1824 2284 potu,
1850 2220 1906 2267 et
1933 2227 2177 2283 quacun-

580 2325 686 2380 que
712 2309 983 2381 corporali
1014 2307 1476 2378 concupiscentia.
2027 2340 2033 2355 .

654 2400 767 2455 XV.
803 2401 868 2454 Et
920 2400 966 2455 si
1001 2400 1127 2470 quis
1154 2407 1334 2454 autem
1368 2397 1546 2451 minus
1594 2394 1915 2452 facultatum
1954 2394 2173 2457 habeat,

587 2493 879 2561 diligenter
935 2506 1034 2562 pro
1087 2488 1314 2558 viribus]
1359 2489 1474 2544 suis
1523 2487 1685 2543 faciat
1759 2487 1903 2556 quod
1968 2494 2172 2556 potest;

583 2583 817 2639 decimet
864 2581 917 2636 in
965 2581 1058 2635 Dei
1101 2581 1295 2635 timore
1332 2594 1493 2634 omne
1517 2579 1661 2649 quod
1706 2577 1890 2640 habet,
1939 2585 1998 2632 et
2041 2591 2170 2631 exa-

583 2675 758 2729 minet
793 2674 1051 2744 seipsum,
1086 2673 1302 2742 quoties
1351 2680 1652 2741 opportune
1695 2670 1915 2740 poterit,
1945 2679 1999 2727 et
2035 2685 2176 2738 saepe

581 2763 766 2819 visitet
809 2750 933 2818 cum
981 2760 1347 2832 eleemosyuis
1393 2760 1508 2814 suis
1548 2758 1831 2824 ecclesias,
1882 2767 1939 2813 et
1975 2758 2183 2813 sancti;

584 2858 713 2927 licet
754 2856 931 2911 locum
980 2870 1105 2910 cum
1160 2852 1486 2910 salutatione
1537 2849 1840 2916 caudelari,
1879 2859 1937 2905 et
1977 2851 2174 2906 concec

594 2947 692 3005 dat
722 2946 1042 3017 hospitium,
1061 2954 1117 2999 et
1140 2946 1342 3009 cibum,
1383 2952 1435 2999 et
1462 2941 1849 3019 protectionem
1876 2940 1957 2995 eis
1982 2941 2178 3011 quibus

582 3053 721 3108 opus
749 3046 855 3101 est,
883 3046 940 3091 et
971 3038 1149 3107 ignem
1182 3053 1248 3092 ac
1277 3037 1616 3100 alimentum,
1661 3044 1717 3090 et
1739 3035 1936 3090 lectum
1960 3051 2024 3091 ac
2054 3036 2187 3090 bal-.

582 3142 767 3191 neum,
796 3133 850 3181 et
876 3124 1041 3181 faciat
1071 3125 1256 3181 vestiri
1287 3134 1343 3182 et
1368 3124 1613 3194 adjuvari
1628 3137 1893 3196 pauperes
1912 3133 2172 3195 quantum

582 3224 780 3284 potest.
1366 3230 1379 3239 '

656 3302 795 3360 XVI.
830 3304 1024 3359 Visitet
1054 3319 1120 3358 ex
1165 3320 1347 3360 amore
1374 3304 1466 3360 Dei
1495 3320 1672 3377 mgros
1698 3307 1905 3369 animo.
1926 3316 1977 3362 et
2003 3322 2179 3379 aegro-

585 3402 691 3456 tos,
724 3410 789 3448 ac
821 3405 1064 3448 mortuos
1092 3395 1317 3465 sepeliat
1345 3411 1410 3451 ex
1440 3397 1724 3452 devotione
1750 3414 1876 3468 erga
1905 3398 2090 3462 Deum,
2123 3410 2187 3467 et;

585 3484 700 3555 ipse
723 3485 775 3539 in
802 3485 1175 3558 occultislocis
1202 3486 1440 3557 ingenua
1468 3488 1816 3558 provolvatur
1844 3504 2002 3559 saepe,
2028 3501 2179 3547 ctsu~

580 3590 683 3644 per
708 3583 906 3628 terram
939 3582 1106 3631 totam
1148 3591 1207 3630 se
1261 3586 1569 3647 prosternat
1602 3593 1744 3646 smpe
1792 3595 1857 3633 ac
1888 3579 2103 3643 crebro,
2124 3590 2179 3637 et

582 3662 786 3732 jejunet
815 3679 879 3718 ac
906 3664 1109 3733 vigilet,
1141 3665 1494 3737 etdiligenter
1519 3676 1639 3722 oret
1661 3668 1747 3722 die
1761 3676 1817 3722 et
1838 3678 1992 3724 nocte
2037 3685 2190 3743 saepe

588 3773 652 3811 ac
681 3757 895 3812 crebro.
927 3756 989 3810 Et
1023 3759 1065 3811 si
1094 3758 1216 3827 quis
1243 3758 1420 3813 minus
1454 3760 1631 3814 adhuc
1659 3761 1834 3819 minus
1864 3759 2176 3817 facultatum

594 3847 809 3911 habeat,
842 3862 938 3918 pro
960 3846 1169 3902 viribus
1219 3848 1330 3904 suis
1382 3847 1547 3904 faciat
1584 3848 1769 3905 sedulo
1798 3851 2056 3921 quidquid
2085 3867 2183 3921 po-

586 3949 711 4003 test,
740 3939 929 3996 saltem
979 3941 1161 3996 laborc
1199 3952 1446 3998 conterat
1492 3960 1687 4014 corpus
1713 3960 1871 3999 suum
1919 3947 2179 4003 adversus

586 4029 885 4084 libidinem.
920 4027 978 4085 Si
1026 4030 1173 4100 prius
1225 4047 1322 4100 per
1374 4031 1588 4086 mollem
1642 4031 1914 4087 libidinem
1947 4034 2185 4109 diabolo

585 4119 869 4189 placuerit,
892 4118 1101 4188 jejunet
1127 4136 1287 4183 mine,
1312 4120 1640 4186 econtrario,
1666 4121 1807 4191 quod
1834 4123 1885 4176 id
1912 4106 2062 4193 prius
2083 4140 2180 4195 per

592 4209 850 4277 injustam
876 4209 1167 4278 ingluviem
1195 4218 1636 4278 perpetraverat;
1668 4211 1847 4282 vigilet
1872 4221 1927 4267 et
1974 4212 2181 4271 laboret

590 4299 889 4363 contrario,
950 4299 1092 4368 quod
1144 4300 1295 4369 prius
1340 4315 1481 4369 sepe
1534 4300 1901 4356 sornnolentns
1954 4312 2005 4358 et
2031 4304 2181 4375 piger

588 4388 777 4453 fuerit,
819 4402 940 4442 cum
975 4404 1079 4443 non
1112 4390 1351 4455 deberet,
1380 4390 1463 4443 vel
1514 4390 1778 4445 inutiliter
1808 4392 1968 4447 nimis
1994 4409 2023 4447 v
2048 4395 2185 4464 gila-’

596 4479 771 4545 verit;
822 4480 1088 4535 sustineat
1144 4476 1313 4552 fr'gus
1359 4491 1411 4536 et
1462 4482 1710 4537 balneum
1758 4482 2011 4554 frigidum
2044 4500 2175 4541 con-

602 4580 688 4625 tra
749 4580 988 4637 aestum,
1043 4588 1206 4643 quem
1260 4588 1356 4640 per
1410 4573 1924 4642 cupidincm'suam
1984 4576 2182 4647 ubique

591 4663 872 4719 excitavit.
943 4665 1011 4720 Et
1080 4667 1123 4719 si
1177 4666 1407 4736 aliquem
1469 4666 1668 4736 ubique
1734 4664 1930 4734 injuste
1990 4678 2180 4737 sponte

595 4754 1036 4822 eiacerbaverit,
1088 4767 1399 4828 compenset
1446 4758 1763 4830 diligenter;
1803 4768 1859 4815 et
1913 4759 1956 4814 si
1987 4762 2180 4832 aliquis

591 4862 718 4901 eum
762 4845 1004 4902 oﬁ'endat
1038 4891 1052 4911 ,
1104 4848 1332 4903 libenter
1394 4846 1635 4904 remittat
1685 4866 1750 4903 ex
1809 4850 2001 4904 timore
2046 4852 2173 4917 Dei,

593 4947 649 4993 et
677 4948 1198 5009 scmper,quantum
1251 4942 1474 5010 poterit,
1522 4941 1724 5011 cogitet
1767 4932 2185 5011 diligentissime

592 5028 853 5105 quidquid
892 5031 1354 5098 compensationis
1389 5030 1509 5085 loco
1538 5030 1717 5085 facere
1762 5032 1932 5102 possit
1980 5043 2175 5088 contra

592 5119 803 5190 singula
839 5129 1084 5191 peccata,
1110 5136 1230 5191 qua:
1258 5137 1356 5192 per
1383 5121 1580 5177 diaboli
1609 5137 1791 5176 semen
1820 5123 1971 5192 prius
1996 5123 2181 5179 adole-

592 5222 809 5279 verant;
841 5214 954 5269 etsi
975 5215 1044 5270 de
1068 5215 1153 5268 via
1185 5214 1418 5284 aliquem
1448 5215 1516 5269 ad
1541 5213 1857 5269 lucrandum
1886 5216 2177 5285 quidquam

594 5303 901 5371 deduxerit,
933 5306 1100 5360 ducat
1129 5319 1254 5360 cum
1304 5303 1592 5375 diligenter
1643 5312 1829 5374 postea
1871 5305 1922 5359 ia
1978 5313 2178 5359 rectam

593 5395 760 5449 viam.
793 5394 908 5451 Hoc
932 5405 1017 5452 est
1044 5396 1186 5465 quod
1216 5410 1318 5466 ego
1357 5395 1511 5460 volo;
1544 5395 1589 5450 si
1618 5395 1852 5464 aliquem
1886 5396 1952 5449 ad
1982 5388 2178 5466 pecea-

598 5492 715 5545 tum
775 5486 1115 5551 ineitaverit,
1153 5485 1317 5541 faciat
1368 5487 1418 5541 ei
1473 5488 1616 5542 sicut
1653 5487 2020 5541 necessarium
2074 5495 2175 5551 est,

595 5577 829 5647 deducat
853 5593 975 5631 eum
1010 5577 1150 5640 imle,
1181 5586 1237 5634 et
1264 5579 1426 5633 ducat
1455 5578 1603 5633 illum
1635 5577 1689 5632 in
1722 5588 1923 5633 rectam
1960 5579 2098 5633 viam
2126 5587 2179 5633 ct

595 5666 896 5745 quemlibet
923 5668 1211 5739 diligenter
1235 5670 1552 5725 dehortetur
1577 5685 1605 5724 a
1635 5670 1901 5741 peccatis;
1924 5678 2050 5727 tunc
2072 5670 2189 5728 sta-‘

598 5752 695 5813 tim
720 5768 940 5830 peccata
969 5761 1134 5832 ipsius
1161 5772 1317 5820 erunt
1347 5762 1573 5821 leviora.

2276 1964 2353 2003 xu
2384 1948 2649 2002 mensium
2690 1945 2957 2016 jejunium
3005 1947 3275 2002 redimere
3332 1955 3507 2017 potest
3554 1944 3618 1999 '50
3643 1944 3794 2007 solidis,

2274 2037 2361 2094 vel
2399 2038 2444 2092 si
2478 2037 2710 2108 aliquem
2741 2039 2795 2110 (e
2824 2036 3063 2109 carcere)
3088 2037 3431 2107 liberet,_q‘ui
3466 2037 3593 2091 tanti
3620 2037 3790 2091 aastime-

2277 2136 2382 2182 tu-r.
2408 2127 2474 2182 Et
2499 2142 2596 2197 pro
2623 2129 2785 2184 unius
2828 2129 2933 2183 diei
2959 2126 3186 2198 jejunio,
3233 2136 3294 2182 ut
3334 2136 3577 2183 cantetur
3596 2140 3675 2181 sex
3698 2125 3791 2179 vici-

2275 2219 2374 2274 bus
2407 2236 2420 2272 :
2466 2216 2618 2273 Beati
2645 2217 2914 2273 immacul.
2962 2227 3016 2273 et
3047 2233 3138 2273 sex
3168 2206 3380 2274 vicibus
3411 2215 3571 2271 Pater
3607 2226 3745 2270 noster
3761 2223 3797 2269 ct

2277 2323 2375 2377 pro
2405 2308 2566 2363 unius
2590 2308 2694 2363 diei
2716 2304 2942 2376 jejunio,
2978 2315 3038 2362 ut
3075 2323 3249 2380 genua
3278 2306 3579 2371 ﬂectantur,
3607 2315 3655 2361 et
3673 2306 3797 2359 incur-

2280 2408 2477 2454 ventur
2500 2414 2564 2453 ις
2589 2398 2800 2454 vicibus
2820 2398 2886 2453 ad
2916 2409 3113 2453 terram
3136 2415 3257 2453 cum
3283 2396 3449 2453 Pater
3472 2408 3645 2452 noster.
3668 2395 3797 2451 Potest

2277 2493 2438 2547 etiam
2473 2493 2666 2562 aliquis
2691 2495 2851 2550 unius
2876 2495 2981 2549 diei
3007 2492 3272 2563 jejunium
3304 2495 3584 2559 redimere,
3605 2494 3643 2548 si
3667 2493 3797 2548 omnia

2278 2585 2521 2651 membra
2567 2586 2826 2641 extendat
2869 2586 2937 2641 ad
2967 2586 3136 2641 Deum
3182 2585 3237 2640 in
3264 2587 3600 2642 orationibus
3624 2585 3732 2650 suis,
3761 2594 3797 2637 et

2287 2694 2407 2732 cum
2437 2690 2562 2733 vera
2602 2680 2951 2746 contritione,
2981 2688 3035 2734 et
3066 2695 3189 2734 cum
3229 2678 3339 2735 fide
3369 2689 3538 2746 recta,
3563 2689 3612 2735 et
3636 2678 3797 2734 xvvici-

2278 2768 2377 2823 hus
2402 2778 2586 2823 cantet
2612 2769 2859 2824 Miserere
2872 2769 2993 2835 mei,
3022 2768 3247 2847 Deus,el
3270 2785 3339 2824 xv
3357 2769 3560 2825 vicibus
3584 2766 3717 2823 Pater
3736 2786 3798 2821 no-

2277 2862 2405 2925 s‘ter.
2435 2861 2504 2916 Et
2534 2870 2661 2917 tunc
2680 2863 2730 2917 ei
2760 2876 3016 2918 concessa
3043 2863 3113 2917 sit
3138 2861 3322 2933 potius
3349 2862 3453 2918 diei
3485 2861 3704 2917 allevatio
3718 2873 3797 2929 pce

2278 2954 2548 3010 catorum.

2347 3046 2489 3103 XIX.
2517 3047 2842 3118 Septennale
2872 3047 3134 3117 jejunium
3163 3047 3287 3120 quis
3312 3065 3390 3104 xu
3413 3047 3665 3103 mensibus
3692 3059 3797 3099 eom-

2234 3166 2246 3208 μ
2281 3153 2507 3207 pensare
2538 3145 2737 3206 potest,
2770 3139 2814 3192 si
2845 3138 3087 3208 quotidie
3131 3138 3403 3193 cantando
3443 3137 3585 3190 ﬁniat
3610 3131 3791 3205 psalterii

2282 3230 2540 3299 psalmos,
2565 3241 2620 3285 et
2649 3231 2832 3285 itidem
2865 3239 3044 3294 nocte,
3064 3239 3157 3284 ett
3187 3244 3434 3300 vespere.
3463 3229 3651 3283 Redimi
3674 3232 3798 3297 potest

2284 3312 2449 3374 etiam
2480 3333 2576 3387 per
2602 3334 2763 3372 unam
2787 3318 3003 3372 missam
3027 3335 3101 3373 xu
3125 3320 3336 3373 dierum
3358 3318 3641 3387 jejunium;
3672 3323 3715 3370 et
3735 3327 3798 3381 per

2287 3411 2474 3465 decem
2507 3410 2704 3466 missas
2742 3409 2962 3465 allevari
2991 3418 3167 3481 potest
3196 3426 3248 3464 Iv
3298 3412 3559 3465 mensium
3579 3406 3795 3478 jejunium.

2286 3498 2336 3557 et
2365 3519 2461 3573 per
2484 3502 2554 3557 30
2583 3503 2780 3558 missas
2824 3502 3045 3557 allevari
3098 3510 3275 3572 potest
3322 3520 3399 3558 xu
3433 3501 3671 3557 mensium
3701 3496 3797 3566 iri"-

2288 3592 2463 3655 nium,
2493 3593 2538 3648 si
2573 3593 2783 3648 velites
2825 3608 2953 3647 vero
3000 3592 3092 3649 Dei
3121 3607 3310 3649 amore
3357 3598 3453 3664 pro
3495 3590 3795 3660 scipsointer-

2287 3685 2502 3747 cedere.
2555 3693 2611 3739 et
2667 3695 2885 3754 peccata
2932 3701 3029 3740 sua
3076 3684 3415 3741 confessario
3461 3700 3555 3740 suo
3589 3679 3794 3738 conﬁteri,

2285 3785 2340 3831 et
2388 3777 2574 3832 eadem
2633 3778 2947 3848 corrigere,
2991 3785 3153 3847 prout
3201 3778 3291 3832 ille
3344 3794 3467 3834 eum
3508 3771 3729 3837 docuerit,
3760 3776 3797 3821 cl
3864 3771 3865 3801 ³

2288 3866 2569 3937 diligenter
2594 3881 2809 3937 semper
2833 3868 2901 3923 ab
2934 3869 2998 3923 iis
3020 3869 3312 3924 abstinere.

2781 3959 2868 4014 DE
2914 3958 3380 4017 MAGNATIBUS.

2358 4048 2399 4103 I.
2435 4048 2511 4103 Ita
2557 4048 2641 4119 vir
2669 4058 2860 4119 potens
2897 4058 2951 4105 et
2979 4050 3277 4107 amicorum
3307 4053 3459 4108 dives
3496 4046 3795 4122 pcenitcntiam
3864 4082 3865 4105 ι

2287 4152 2441 4195 suam
2507 4142 2706 4196 auxilio
2755 4142 3055 4196 amicorum
3107 4142 3337 4197 multum
3392 4144 3612 4198 allevare
3651 4143 3791 4210 potest.
3864 4170 3865 4185 ξ

2288 4222 2470 4287 Primo
2497 4232 2546 4285 in
2564 4230 2657 4286 Dei
2688 4233 2905 4287 nomine
2929 4247 3026 4303 per
3048 4232 3365 4289 confessarii
3393 4235 3473 4289 sui
3501 4228 3793 4288 testimonium
3864 4254 3865 4311 Τ

2286 4318 2535 4376 Ostendat
2563 4314 2743 4376 veram
2775 4324 2953 4390 fidem,
2985 4334 3039 4380 et
3064 4325 3334 4381 condonet
3356 4326 3594 4381 erunibus
3620 4320 3704 4376 illis
3731 4315 3793 4386 qui
3864 4368 3865 4373 η

2288 4420 2411 4484 erga
2440 4428 2560 4468 eum
2591 4416 2972 4482 peccaverunt,
3017 4428 3073 4471 et
3101 4415 3264 4472 faciat
3299 4418 3667 4474 confessionem
3685 4423 3794 4466 suam

2291 4503 2577 4573 intrepide,
2632 4514 2689 4560 et
2742 4506 3058 4573 polliceatur
3091 4509 3491 4574 abstinentiam,
3530 4491 3793 4573 etsascipiat

2287 4596 2656 4664 pceuitentiam
2688 4614 2811 4652 cum
2842 4598 3010 4653 multo
3034 4600 3258 4671 gemitu.

2296 4686 2301 4689 ’
2358 4683 2418 4739 11.
2457 4685 2691 4756 Deponat
2720 4693 2847 4743 tunc
2876 4704 3025 4743 arma
3047 4705 3145 4744 sua
3168 4698 3219 4745 et
3253 4690 3464 4746 inanem
3490 4688 3688 4744 vestium
3715 4676 3793 4733 cul-

2287 4783 2423 4842 tum,
2464 4785 2518 4830 et
2556 4787 2736 4831 sumat
2789 4776 3082 4848 scipionem
3128 4780 3180 4834 in
3212 4796 3425 4847 manus,
3472 4789 3523 4834 et
3551 4767 3790 4833 eatsmlul0

2286 4867 2458 4921 nudus
2484 4868 2730 4936 pedibus,
2777 4876 2827 4922 et
2860 4870 3073 4940 corpori
3099 4870 3287 4927 induat
3312 4872 3497 4936 lanea,
3548 4867 3618 4923 vel
3642 4860 3789 4919 cilicia.

2284 4967 2476 5014 etnon
2522 4961 2855 5032 ingrediatur
2901 4963 3130 5032 lectum,
3194 4967 3288 5022 sed
3329 4967 3503 5038 jaceat
3543 4959 3790 5018 inarari

2285 5049 2472 5116 faciat,
2519 5061 2577 5105 ut
2603 5067 2672 5107 vu
2705 5070 2968 5109 annorum
3025 5072 3283 5112 numerus
3324 5058 3459 5112 intra
3488 5066 3589 5109 trcs
3615 5051 3707 5106 dies
3740 5045 3788 5096 in

2286 5148 2643 5208 temperetur;
2678 5144 2853 5211 primo
2890 5144 3122 5214 accipiat
3158 5145 3213 5200 in
3247 5145 3496 5201 auxilium
3525 5141 3613 5197 sibi
3642 5138 3692 5192 l2
3722 5134 3787 5185 lm-

2283 5233 2474 5298 mines,
2506 5242 2562 5288 et
2580 5233 2824 5305 jejuuent
2863 5244 2974 5291 tres
3010 5237 3126 5292 dies
3156 5226 3295 5307 pane
3321 5246 3374 5292 et
3414 5233 3653 5313 viridibus
3669 5220 3786 5279 obri—

2282 5325 2400 5389 bus,
2430 5333 2484 5380 et
2516 5341 2678 5395 aqua,
2720 5336 2774 5380 et
2817 5328 3106 5398 conquirat
3130 5329 3231 5384 sibi
3262 5330 3325 5382 ad
3371 5316 3781 5383 consummandam

2283 5415 2435 5482 illud,
2460 5412 2941 5490 quomodocunque
2967 5429 3176 5489 potest.
3208 5420 3404 5491 septies
3442 5417 3536 5473 t20
3578 5408 3783 5468 homines.

2283 5510 2377 5579 qui
2405 5507 2651 5579 jejuncnt
2687 5511 2888 5583 'singuli
2915 5529 3012 5583 pro
3034 5529 3100 5569 eo
3124 5514 3296 5569 tribus
3323 5512 3529 5576 diebus;
3560 5496 3781 5569 tuuclclu‘

2284 5611 2482 5659 nantur
2509 5609 2585 5657 tot
2603 5599 2805 5671 jejunia
2828 5600 3127 5673 quot’suut
3155 5603 3272 5660 dies
3299 5603 3350 5659 in
3380 5619 3445 5657 vn
3472 5597 3628 5656 annis.

2301 5684 2307 5689 ’
2354 5691 2438 5746 111.
2471 5691 2604 5747 Cum
2640 5692 2761 5765 quis
2785 5693 3013 5765 jejunat,
3067 5685 3354 5752 distribuat
3391 5690 3594 5753 fercula,
3632 5678 3781 5742 (uti!!!Is

2174 5782 2190 5797 ’
2284 5785 2398 5860 ipse
2427 5784 2504 5842 uti
2532 5785 2770 5857 deberet,
2818 5786 3067 5847 omnibus
3102 5785 3197 5846 Dei
3220 5787 3547 5862 pauperibus,
3583 5785 3627 5834 ct
3651 5766 3781 5825 tribus
