3898 6320
71 393 150 449 513

700 384 967 444 .ANGLO
995 385 1329 444 SAXONUM
1368 385 1612 445 REGUM
1648 386 1872 444 Ll-ZGES
1911 385 2495 446 ECCLESIASTICIE.

3170 385 3274 446 ΒΗ

66 499 450 571 diebusjqcibus
471 495 699 569 ieiunat,
751 498 990 570 negligat
1029 499 1215 554 mundi
1246 500 1485 570 negotia,
1532 507 1588 556 et
1616 490 1662 543 Α
1690 502 1866 573 digna:
1907 503 2036 568 sint,
2078 500 2147 558 ‘et
2182 502 2377 570 dentur
2413 494 2605 559 omnes
2634 502 2860 560 decimae
2887 504 3163 575 primaria
3184 521 3277 562 ec-

67 598 137 651 die
161 609 217 649 ac
237 600 385 648 nocte
414 605 576 662 quam
607 590 906 660 saepissime
933 598 1110 659 potest
1138 589 1192 643 in
1215 589 1461 645 ecclesiis
1489 590 1591 644 ha-

64 686 186 747 bitet,
226 690 278 738 et
319 680 387 737 ibi
409 695 531 735 cum
563 679 989 751 eleemosynario
1021 678 1225 735 lumine
1267 679 1596 751 vigiletdili-

64 784 234 847 genter,
272 779 323 828 et
371 771 439 826 ad
468 769 636 827 Deum
687 771 907 837 clamet,
959 778 1017 825 et
1045 770 1418 829 remissionem
1446 779 1597 841 petat

63 868 210 922 animo
240 863 491 935 gementi,
530 871 586 918 et
609 877 751 933 saepe
779 877 952 934 genua
974 860 1161 918 flectat
1210 878 1374 933 super
1414 863 1595 919 crucis
1679 902 1682 909 ι

63 958 274 1026 signum;
313 952 585 1008 interdum
613 952 787 1023 erigat
831 965 921 1019 se,
971 950 1241 1007 interdum
1270 966 1329 1006 se
1355 963 1598 1022 proster-

60 1055 147 1108 nat,
169 1054 218 1100 et
238 1043 517 1113 diligenter
549 1051 741 1097 noscat
785 1042 871 1096 vir
922 1049 1117 1113 potens
1159 1041 1428 1117 lacrymas
1470 1041 1595 1097 fun-

61 1137 177 1201 dere,
203 1143 254 1190 et
299 1140 518 1204 peccata
557 1130 773 1190 deﬂere.
824 1131 894 1188 Et
946 1139 1137 1202 pascat
1190 1132 1362 1191 tribus
1405 1132 1596 1188 diebus

58 1238 279 1297 pauperes
302 1230 568 1293 quotquot
595 1223 830 1278 maxime
867 1229 1068 1292 potest,
1091 1231 1148 1279 et
1170 1231 1365 1292 qttarto
1388 1223 1476 1280 die
1500 1225 1597 1280 ab-

61 1316 146 1371 luat
168 1328 360 1381 omnes,
382 1322 437 1369 et
465 1313 700 1385 hospitio
712 1314 982 1385 excipiat,
1018 1322 1073 1369 ct
1099 1314 1381 1384 pecuniam
1408 1315 1594 1382 donet,

60 1419 101 1462 et
124 1407 217 1478 ipse
240 1405 609 1477 ptenitentiam
639 1420 806 1475 agens
826 1406 893 1461 sit
918 1406 1064 1462 circa
1108 1405 1365 1482 lotionem
1398 1407 1593 1477 pedum

63 1512 205 1551 eorum
231 1494 586 1567 (occupatus),
609 1503 663 1552 et
690 1495 868 1550 missae
892 1494 1145 1550 dicantur
1161 1510 1227 1550 eo
1251 1495 1336 1552 die
1359 1510 1458 1565 pro
1481 1495 1597 1565 ipso

63 1597 121 1643 tot
144 1596 261 1658 quot
293 1599 532 1657 unquam
582 1586 818 1643 obtineri
859 1594 1109 1657 possunt,
1137 1596 1194 1642 et
1233 1586 1444 1642 illarum
1470 1587 1598 1643 mis-

64 1693 203 1731 sarum
246 1685 485 1748 tempore
526 1676 685 1733 detur
711 1676 762 1733 ei
793 1675 1086 1742 absolutio,
1112 1684 1169 1733 et
1199 1685 1310 1733 tum
1353 1686 1596 1733 sanctam

64 1768 723 1841 Eucharistiampercipiat,
762 1768 864 1823 nisi
914 1768 1136 1823 nimium
1165 1770 1348 1840 gravis
1377 1770 1446 1825 sit
1470 1785 1597 1842 pec-

1695 593 1876 648 elesite
1906 593 1972 648 ad
2001 608 2166 663 quam
2204 595 2465 666 parochia
2508 595 2785 666 pertinet;
2822 603 2879 650 et
2909 604 3035 651 tunc
3058 608 3278 667 praeste-

1698 689 1783 737 tur
1815 683 1929 738 sive
1965 684 2033 739 de
2073 691 2216 740 terra
2264 686 2443 750 thani,
2481 687 2596 742 sive
2635 686 2707 742 de
2741 696 2888 742 terra
2924 687 3275 755 villanorum,

1695 774 2145 844 prouti'aratrutn
2170 771 2619 833 circumducitur.

2108 868 2169 924 ll.
2203 868 2283 924 De
2311 886 2467 926 censu
2505 870 2873 927 ecclesiastico.

1768 956 1824 1012 Si
1857 957 1980 1029 quis
2008 958 2297 1014 thanorum
2338 961 2410 1016 sit
2459 961 2551 1032 qui
2583 962 2635 1016 in
2662 961 2821 1019 feodo
2864 977 2962 1019 suo
2987 964 3274 1021 ecclesiam

1697 1051 1879 1117 habet,
1908 1051 1961 1106 in
1991 1066 2098 1121 qua
2127 1051 2198 1111 sit
2223 1053 2616 1119 cremeterium,
2642 1054 2735 1109 det
2756 1063 2883 1110 tunc
2914 1056 3127 1110 tertiam
3152 1071 3280 1127 par-

1697 1151 1805 1197 tem
1832 1142 2188 1215 ipropriarum
2233 1146 2564 1201 decimarum
2605 1161 2825 1202 suarum
2864 1146 3107 1202 ecclesire
3149 1161 3280 1204 sure.

1696 1234 1754 1289 Si
1781 1233 1905 1305 quis
1930 1236 2214 1291 ecclesiam
2237 1235 2398 1293 habet
2424 1237 2481 1291 in
2505 1252 2609 1308 qua
2633 1252 2741 1293 non
2771 1235 2843 1293 sit
2884 1238 3280 1298 coemeterinm.

1699 1334 1829 1381 tunc
1851 1339 1916 1381 ex
1954 1332 2145 1381 n‘ovem
2177 1320 2423 1397 partibus
2446 1324 2765 1399 presbytero
2795 1342 2893 1382 suo
2911 1327 3001 1382 det
3023 1326 3284 1397 quidquid

1695 1415 1849 1481 velit,
1904 1424 1961 1470 et
1996 1422 2239 1472 transeat
2278 1417 2506 1487 quilibet
2548 1418 2949 1473 ecclesiasticus
2996 1433 3189 1475 census
3218 1420 3286 1475 ad

1696 1505 2009 1577 primariam
2037 1506 2323 1562 ecclesiam
2351 1508 2418 1562 de
2444 1507 2689 1579 qualibet
2718 1516 2861 1564 terra
2890 1507 3083 1563 libera.

2252 1598 2339 1654 ΙΙΙ.
2379 1599 2454 1654 De
2489 1600 2724 1655 decimis.

1768 1689 1836 1746 Et
1855 1689 2078 1761 singula:
2097 1690 2303 1746 fetuum
2340 1690 2565 1747 decimae
2587 1698 2913 1761 praestentur
2939 1691 3003 1747 ad
3027 1689 3290 1748 Penteco-

1699 1790 1840 1848 sten,
1881 1789 1938 1838 et
1979 1792 2137 1838 teme
2166 1782 2380 1854 frugum
2403 1782 2471 1839 ad
2508 1783 2910 1855 :equinoctium.
2963 1783 3031 1839 Et
3055 1784 3287 1854 quilibet

65 1872 194 1925 ωιονι
239 1870 294 1915 ιιι
330 1861 511 1917 adhuc
561 1860 703 1934 (eam
750 1860 1053 1933 percipere)
1086 1870 1358 1932 nequeat:
1387 1873 1443 1921 et
1472 1874 1598 1921 tunc
1627 1860 1672 1922 Β
1699 1886 1895 1930 census
1922 1873 2324 1930 ecclesiasticus
2361 1882 2648 1946 prmstctur
2691 1874 2759 1931 ad
2803 1864 2998 1931 festum
3046 1874 3285 1938 Martini,

64 1947 326 2015 polliceatur
352 1949 552 2006 saltem
599 1951 745 2022 quod
793 1968 1011 2025 semper
1035 1954 1257 2026 {abhinc
1286 1953 1377 2009 Dei
1409 1955 1599 2012 volun-

66 2048 189 2094 tatem
223 2054 472 2112 peragere
499 2041 671 2108 velit,
714 2053 769 2100 et
796 2045 1052 2103 ab‘omni
1086 2048 1350 2119 iniustitia
1382 2063 1481 2120 per
1504 2049 1600 2104 Dei

64 2130 277 2186 auxilium
327 2132 685 2203 imposterum
744 2135 1064 2206 abstinere,
1124 2139 1599 2196 Christianismum

66 2235 184 2290 quam
207 2230 408 2279 strenue
433 2240 677 2295 unquam
697 2235 898 2296 potest,
920 2226 1068 2298 iuste
1093 2237 1297 2296 tenere,
1313 2238 1366 2286 et
1385 2244 1602 2287 omnem

66 2309 367 2377 gentilismum
416 2314 649 2371 omnino
699 2315 975 2386 abiicere,
1020 2318 1263 2374 animum
1302 2329 1359 2375 et
1399 2334 1602 2386 mores,

67 2398 189 2453 verba
214 2408 264 2455 et
299 2415 460 2471 opera
494 2403 688 2459 sedulo
737 2406 1031 2478 corrigere,
1077 2420 1294 2465 omnem
1336 2409 1601 2481 justitiam

70 2488 221 2557 colere,
237 2500 289 2546 et
314 2490 639 2560 iniustitiam
659 2495 865 2552 evitare
891 2511 988 2567 per
1010 2498 1103 2554 Dei
1129 2499 1413 2566 auxilium,
1439 2515 1603 2572 quam

67 2579 409 2647 diligentissime
434 2599 684 2655 unquam
715 2586 907 2656 possit.
961 2587 1030 2644 Et
1064 2591 1309 2646 maximo
1332 2606 1433 2647 suo
1456 2606 1606 2648 com-

68 2672 186 2727 modo
205 2673 353 2730 faciet
380 2675 500 2742 ille,
534 2679 628 2749 qui
663 2678 767 2736 hoc
794 2681 1130 2750 praestiterit,
1182 2685 1328 2755 quod
1352 2684 1466 2740 Deo
1488 2685 1605 2757 pol-

70 2763 204 2820 licitus
220 2776 346 2823 erat.
460 2776 463 2779 '
1380 2780 1387 2785 '

118 2857 187 2914 IV.
205 2860 314 2917 Haec
338 2871 421 2919 est
441 2864 691 2934 potentis
730 2867 836 2925 viri
862 2876 918 2926 et
942 2871 1241 2926 amicorum
1286 2870 1470 2934 divitis
1491 2888 1609 2945 pte-

71 2945 257 3004 nitentize
280 2951 576 3023 allevatio;
611 2967 697 3012 ast
727 2957 1115 3019 infirmusnon
1156 2972 1334 3033 potest
1375 2965 1449 3019 ita
1485 2978 1609 3036 pro-

72 3039 236 3110 cedere,
281 3046 370 3101 sed
413 3046 591 3103 debet
615 3048 670 3103 in
701 3050 881 3120 seipso
907 3051 1038 3108 illud
1063 3055 1350 3125 exquirere
1384 3056 1609 3129 diligen-

75 3131 166 3185 tius.
212 3134 270 3189 Et
304 3138 404 3195 hoc
435 3149 533 3195 est
580 3141 748 3197 etiam
804 3145 1206 3216 aequissimum,
1273 3157 1333 3203 ut
1386 3151 1611 3220 quilibet

1698 1980 1798 2036 per
1820 1965 2038 2036 plenam
2065 1964 2345 2031 mulctam,
2396 1964 2692 2036 quamlibet
2742 1964 3017 2034 iudicialis
3043 1965 3288 2021 adnotat.

1686 2056 1768 2113 ‘Et
1796 2056 1844 2112 si
1883 2057 2006 2128 q'uis
2035 2055 2301 2113 decimam
2332 2065 2592 2128 praestare
2626 2055 2796 2124 nolit,
2841 2055 3000 2115 sicuti
3027 2056 3289 2122 diximus,

1696 2148 2082 2219 proﬁciscatur
2105 2149 2172 2204 ad
2198 2163 2344 2206 eum.
2372 2142 2669 2206 Praefectus
2689 2149 2852 2221 regis,
2878 2158 2931 2206 et
2954 2149 3209 2222 episcopi,
3240 2158 3298 2206 et

1692 2242 1947 2299 ecclesiae
1976 2242 2283 2313 presbyter,
2314 2252 2370 2299 et
2411 2250 2649 2310 sumant,
2686 2243 2857 2299 invito
2885 2258 2970 2310 eo,
3022 2243 3292 2299 decimam

1690 2340 1910 2403 "partem
1932 2373 1948 2399 ,
1987 2350 2108 2403 quae
2134 2335 2203 2390 ad
2227 2334 2513 2391 ecclesiam
2554 2335 2827 2405 pertinet,
2856 2344 2911 2389 et
2939 2333 3216 2404 assignent
3240 2334 3295 2389 ei

1704 2438 1902 2478 nonam
1932 2434 2160 2494 partem,
2214 2433 2272 2479 ct
2296 2425 2606 2481 dividantur
2633 2433 2760 2481 octo
2783 2433 2967 2494 partes
2996 2425 3049 2478 in
3072 2424 3201 2489 duo,
3241 2431 3299 2478 et

1705 2515 1885 2585 capiat
1905 2514 2157 2570 dominus
2179 2515 2485 2579 dimidium,
2528 2514 2810 2570 dimidium
2841 2514 3146 2586 episcopus,
3179 2514 3297 2569 sive

1706 2606 1778 2661 sit
1805 2606 1946 2677 regis
1976 2605 2091 2661 sive
2116 2605 2272 2661 thani
2302 2605 2572 2662 minister.

1858 2696 1954 2759 Ν,
1978 2695 2054 2750 De
2079 2710 2291 2750 numnto
2323 2696 2377 2749 in
2397 2694 2635 2766 singulas
2663 2693 2847 2751 domos
2873 2695 3140 2765 imposito.

1698 2804 1709 2809 ·
1777 2785 1846 2841 Ει
1873 2784 2102 2855 quilibet
2128 2800 2382 2840 nummus
2424 2785 2478 2839 in
2507 2785 2695 2841 domos
2722 2784 2963 2857 singulas
2988 2784 3295 2854 impositus,

1708 2870 1866 2932 detur
1901 2876 1966 2930 ad
1994 2876 2138 2932 Petri
2168 2875 2367 2932 festum
2402 2877 2568 2941 diem,
2612 2885 2666 2932 et
2695 2876 2786 2946 qui
2816 2877 3077 2952 adillum
3106 2872 3297 2932 termi-

1696 2983 1839 3022 num
1884 2967 2051 3039 (eum)
2085 2983 2190 3023 non
2234 2966 2478 3033 solverit,
2538 2975 2717 3037 portet
2766 2982 2889 3022 eum
2938 2965 3191 3031 Romam,
3245 2975 3304 3023 et

1700 3058 1847 3114 alios
1871 3065 2130 3128 pratterea
2154 3057 2225 3113 30
2248 3058 2502 3114 denarios
2521 3098 2536 3123 ,
2578 3066 2633 3113 et
2665 3055 2866 3112 referat
2889 3057 3015 3113 inde
3056 3056 3302 3112 testimo-

1698 3149 1861 3204 ‘nium
1895 3148 2151 3219 quod-ibi
2187 3156 2264 3204 tot
2301 3148 2598 3203 tradiderit.
2648 3147 2717 3202 Et
2768 3154 2895 3203 tunc
2952 3145 3173 3201 domum
3210 3159 3296 3200 re-
3383 3182 3388 3186 -

272 3244 363 3285 sua
400 3231 607 3288 delicta
652 3233 895 3306 diligenti
936 3239 1276 3294 correctione
1318 3240 1610 3299 ulciscatur
1636 3246 1681 3311 ο
1714 3254 1923 3307 versus,
1977 3238 2151 3294 solvat
2198 3240 2312 3311 regi
2347 3238 2453 3293 1‘20
2499 3236 2720 3305 solidos,
2774 3247 2830 3294 et
2869 3237 2915 3293 si
2942 3251 3066 3292 eum
3102 3237 3302 3291 iterum

78 3318 114 3366 iu
132 3318 315 3388 seipso:
364 3323 652 3395 Scriptum
682 3336 767 3384 est
814 3328 958 3385 enim
1005 3348 1026 3384 ε
1054 3328 1191 3397 Quia
1238 3334 1610 3404 unusquisque
1715 3334 1925 3391 solvere
1952 3333 2108 3399 nolit,
2140 3341 2319 3404 portet
2338 3320 2341 3325 ⁴
2360 3333 2512 3387 illum
2538 3331 2732 3388 deinde
2754 3330 3005 3395 Romam,
3043 3336 3100 3383 et
3126 3324 3305 3383 simile

77 3420 176 3464 unus
201 3427 340 3468 suum
367 3418 637 3488 portabit.
677 3437 697 3472 ι

76 3516 273 3583 LEGES
309 3486 959 3595 EDCLESIASTICJE
1003 3535 1238 3597 REGIS
1279 3530 1608 3600 EDGARI.

140 3642 209 3700 Ex
228 3666 317 3705 ms.
344 3653 471 3729 coll.
507 3650 663 3725 Corp.
690 3653 815 3711 Cltr.
845 3656 1096 3713 Cantabr.
1124 3658 1244 3733 528
1268 3670 1322 3719 et
1344 3658 1398 3716 k.
1429 3658 1509 3741 2.)
1584 3624 1585 3627 Ἴ

524 3767 611 3822 EA
621 3767 827 3826 DGARI
874 3770 1115 3829 LEGES.

130 3871 218 3930 Hoc
238 3887 316 3934 est
339 3879 654 3936 institutum
676 3884 842 3955 iquod
861 3885 1138 3956 Eadgarus
1157 3900 1282 3942 cum
1296 3886 1616 3956 sapientum

81 3975 249 4023 suorum
276 3973 510 4029 consilio
540 3972 773 4029 instituit
801 3976 856 4030 in
886 3977 1109 4048 gloriam
1124 3979 1423 4044 Dei,etsibi
1448 3979 1546 4049 ipsi
1564 3980 1618 4034 in

80 4054 337 4124 dignitatem
360 4063 596 4135 regiam.
614 4075 670 4120 et
692 4066 747 4120 in
787 4066 1070 4123 utilitatem
1086 4060 1244 4125 omni
1270 4056 1466 4139 popqu
1497 4084 1616 4124 suo.

80 4143 110 4196 Ιι
127 4146 188 4203 De
208 4152 532 4211 immanitate
556 4156 807 4222 ecclesiae,
835 4167 888 4214 et
913 4159 1099 4214 debitis
1123 4160 1291 4215 eidem
1316 4148 1615 4215 reddendis.

130 4240 222 4300 Hoc
248 4247 316 4301 sit
340 4249 514 4320 igitur
536 4246 771 4320 primum
793 4252 939 4322 quod
963 4251 1207 4309 ecclesiae
1248 4252 1338 4307 Dei
1362 4250 1485 4322 iure
1520 4264 1619 4309 suo

1715 3429 1846 3498 quid
1886 3437 2220 3498 cornipenset,
2269 3436 2328 3482 'et
2377 3434 2506 3482 tunc
2537 3427 2758 3482 domum
2804 3438 3075 3487 reversus,
3132 3420 3310 3477 solvat

1718 3520 1832 3591 regi
1882 3519 2143 3575 ducentos
2177 3518 2396 3575 solidos.
2447 3518 2506 3573 Si
2557 3518 2715 3573 tertia
2746 3516 2864 3571 vice
2892 3514 3119 3571 reddere
3146 3511 3302 3576 nolit,

1694 3596 1911 3680 ‘perdat
1928 3623 2092 3666 omne
2117 3609 2259 3679 quod
2286 3607 2467 3662 habet.

1700 3688 1707 3735 Ῑ
2081 3701 2144 3758 ν.
2169 3702 2245 3757 De
2272 3701 2416 3771 {estis
2447 3701 2629 3756 diebus
2651 3711 2699 3756 et
2716 3701 2966 3772 jejuniis.

1700 3824 1705 3833 -
1792 3795 2081 3870 Quodlibet
2100 3796 2204 3851 diei
2235 3796 2367 3851 solis
2392 3796 2586 3850 festum
2613 3795 2919 3850 celebretur
2948 3793 3017 3849 ab
3042 3793 3174 3848 hora
3203 3806 3304 3863 po-

1724 3878 2021 3944 meridiana
2054 3884 2160 3941 diei
2215 3884 2460 3949 Saturni,
2515 3896 2687 3953 usque
2734 3883 2802 3937 ad
2852 3881 3142 3937 diluculum
3200 3881 3307 3935 diei

1724 3970 1886 4045 lunae,
1915 3980 2017 4035 sub
2043 3976 2242 4034 mulcta
2268 3991 2429 4047 quam
2458 3975 2596 4032 liber
2637 3973 2912 4046 iudicialis
2959 3974 3180 4030 adnotat
3204 3988 3219 4038 ;
3252 3979 3308 4025 et

1726 4070 1922 4142 singuli
1953 4069 2045 4125 alii
2070 4068 2196 4143 festi
2224 4068 2342 4123 dies
2369 4064 2753 4139 (celebrentur)
2793 4062 2935 4122 sicut
2955 4065 3166 4135 iustum
3196 4068 3305 4118 est.

1724 4161 1795 4217 Et
1840 4161 2149 4218 institutum
2191 4159 2458 4231 ieiunium
2513 4152 2756 4215 servetur
2803 4170 2927 4212 cum
2965 4155 3110 4210 omni
3150 4155 3310 4208 devo-

1727 4255 1893 4310 tione.
2861 4250 2868 4253 ’
3252 4250 3261 4261 ⁷

1201 4406 3301 4438 W

992 4545 1452 4641 ORATIO
1521 4546 1965 4639 EDGARI
2046 4546 2389 4637 REGIS

85 4706 163 4768 Ad
184 4712 572 4781 Duas-rarum
608 4715 1142 4797 archiepiscopum
1176 4715 1552 4855 Cantuarite,
1607 4714 1974 4805 staeouu
2030 4714 2403 4792 Wigorm'ce,
2464 4721 2517 4775 et
2563 4698 3065 4809 Eruurwatnuat
3118 4715 3306 4780 Wen-

558 4828 559 4831 η
1384 4810 1535 4855 αηω.
1558 4812 1906 4855 episcenos.

558 4828 559 4831 η
1355 4810 1535 4869 tame,
1558 4812 1906 4875 episcopos.

1480 4932 1600 5014 (An
1611 4950 1690 4996 no
1714 4934 1899 5017 967.)

91 5071 375 5138 Clericon
394 5081 794 5155 coniugatorum
820 5088 1091 5155 enumerat
1119 5078 1275 5155 vitia,
1299 5074 1687 5155 ejiciendosque
1714 5077 1970 5155 decernit,
2015 5085 2061 5129 et
2107 5075 2511 5155 int-reducendos
2557 5058 2859 5155 monachos.
2913 5073 3110 5131 Cuiam
3140 5075 3213 5128 rei
3250 5074 3330 5128 his

722 5172 727 5175 ·
1050 5148 1331 5205 dem‘andat
1356 5148 1607 5218 eviswpia
1638 5149 1777 5219 regia
1806 5148 1955 5217 [ullis
1984 5148 2319 5201 auctoritate.
2854 5152 2857 5155 ί
3276 5158 3279 5163 ‘

1456 5287 1861 5302 ——_

146 5414 391 5481 Quoniam
419 5418 781 5492 magnificavit
809 5417 1236 5474 misericordiam
1264 5429 1417 5471 suam
1448 5412 1630 5468 Domi-
1659 5396 1715 5455 ι)
1742 5428 1861 5477 nos,
1903 5410 1998 5466 sed
2039 5409 2230 5466 dextra
2266 5408 2384 5478 eius
2409 5449 2424 5472 ,
2454 5418 2510 5462 et
2554 5407 2833 5463 brachium
2882 5412 3130 5459 sanetum
3177 5416 3320 5473 eius,

93 5518 176 5560 nus
192 5507 359 5566 facere
388 5513 687 5577 nobiscum,
716 5512 933 5583 dignum
968 5520 1073 5574 est,
1100 5526 1133 5565 ο
1158 5508 1350 5564 Patres
1373 5505 1633 5569 reveren-

97 5597 292 5668 dissimi,
313 5613 373 5658 ut
399 5604 688 5660 innumeris
718 5603 861 5659 illius
888 5600 1185 5666 beneﬁciis,
1211 5598 1386 5670 dignis
1413 5612 1634 5667 respon-

97 5686 289 5748 deamus
324 5696 589 5765 operibus.
618 5695 802 5766 Neque
829 5695 972 5750 enim
1002 5694 1054 5749 in
1086 5691 1264 5764 gladio
1302 5698 1486 5772 nostro
1509 5703 1634 5758 pos-

1742 5502 1997 5572 quoniam
2047 5499 2372 5569 complacuit
2405 5500 2479 5554 illi
2521 5500 2573 5553 in
2617 5499 2795 5555 nobis.
2848 5497 3058 5553 iustum
3098 5496 3323 5566 proinde

1736 5601 1840 5656 est,
1872 5600 1929 5647 ut
1967 5591 2057 5661 qui
2085 5591 2264 5646 omnia
2296 5589 2523 5660 subiecit
2551 5589 2651 5644 sub
2676 5589 2904 5659 pedibus
2931 5589 3152 5655 nostris,
3188 5586 3321 5643 sub-

1731 5684 1986 5755 jiciamus
2034 5682 2111 5737 illi
2150 5691 2206 5737 et
2234 5697 2334 5738 nos
2383 5689 2441 5737 et
2484 5681 2692 5735 animas
2741 5688 2976 5743 nostras,
3025 5690 3111 5746 et,
3152 5688 3209 5735 ut
3237 5681 3318 5745 hi,

100 5779 309 5841 iidemus
337 5794 551 5860 terram,
581 5797 635 5844 et
672 5787 953 5846 brachium
993 5792 1235 5842 nostrum
1262 5796 1369 5838 non
1403 5779 1639 5838 servavit
1741 5793 1877 5851 quos
1904 5777 2059 5835 nobis
2089 5774 2346 5844 subdidit,
2373 5773 2490 5845 eius
2518 5772 2818 5828 subdantur
2845 5771 3073 5844 legibus,
3098 5788 3200 5827 non
3240 5788 3325 5827 se-
