3876 5326
615 314 721 371 515

1310 313 1602 375 ΑΡΡΕΝῙ).
1641 316 1733 373 AD
1773 315 1945 373 SIEC.
1997 315 2064 371 Χ.
2105 346 2171 357 --

2289 314 2649 374 lNUMENTA
2684 313 3162 379 DlPLOMATICA.

3726 313 3804 369 5l6
3852 330 3853 383 ξ

613 426 795 499 gniter
836 416 1200 501 elaboremus.
1255 425 1324 483 Et
1360 441 1479 483 mea
1524 428 1741 500 quidem
1770 429 1997 487 interest
2022 429 2189 485 laieos
2215 410 2262 469 Α
2295 445 2412 485 mus
2440 430 2729 495 dexteras,
2776 427 3012 500 gladium
3055 425 3236 497 gladio
3285 422 3610 494 copulemus,
3656 433 3707 478 ut
3743 442 3813 492 ep-

608 533 732 573 cum
763 517 1033 588 aequitatis
1069 516 1189 587 jure
1236 526 1493 584 tractare,
1532 521 1672 577 inter
1704 522 1877 578 virum
1922 530 1978 578 et
2002 522 2185 592 prosi-

612 621 761 661 mum
792 620 949 661 suum
976 604 1182 674 justum
1219 604 1482 675 judicium
1524 607 1718 689 facere,
1755 610 1948 681 punire
1968 612 2187 668 sacrile-

607 710 725 761 gos,
758 694 985 750 rebelles
1009 697 1387 765 comprimere,
1418 698 1630 770 eripere
1676 700 1889 771 inopem
1930 701 1997 758 de
2026 719 2187 758 manu

436 804 455 820 ι
540 866 543 871 .
607 784 896 840 fortiorum
932 785 1064 855 ejus,
1102 803 1332 861 egenum
1362 797 1419 846 et
1444 805 1730 861 pauperem
1754 807 1783 846 a
1811 792 2188 862 diripientibus

605 891 752 931 eum.
786 874 891 933 Sed
917 887 972 933 et
1004 894 1137 937 mea:
1163 879 1539 937 sollicitudinis
1563 888 1676 947 est,
1704 881 2053 941 ecclesiarum
2086 882 2191 937 mi-

606 967 828 1034 nistris,
866 970 1119 1041 gregibus
1153 972 1585 1038 monachorum,
1630 972 1813 1029 choris
1842 971 2107 1043 virginum
2135 980 2192 1028 et

604 1061 915 1121 necessaria
946 1077 1134 1119 eorum
1178 1079 1494 1135 procurare,
1544 1081 1609 1123 ac
1659 1065 1842 1131 saluti,
1892 1078 1950 1124 et
1991 1067 2187 1137 quieti,

604 1152 692 1207 vel
729 1153 848 1223 paci
877 1153 1176 1213 consulere.
1220 1156 1295 1211 De
1320 1172 1550 1229 quorum
1577 1159 1817 1215 omnium
1850 1158 2090 1215 oloribus
2122 1158 2191 1214 ad

606 1259 707 1300 nos
739 1243 827 1317 [f.,
853 1249 921 1301 ad
940 1245 1060 1319 vos]
1083 1256 1289 1317 spectat
1313 1262 1566 1314 examen,
1589 1248 1634 1304 si
1654 1250 1888 1309 vixerint
1918 1250 2192 1308 continen-

609 1341 714 1400 ter,
750 1335 797 1391 si
826 1335 1052 1393 honeste
1073 1350 1131 1392 se
1170 1337 1407 1392 habeant
1441 1338 1508 1395 ad
1554 1354 1646 1394 eos
1673 1339 1763 1407 qui
1788 1338 1919 1396 foris
1940 1348 2097 1407 sunt;
2143 1342 2193 1397 si

607 1424 804 1480 divinis
828 1424 1019 1481 oﬂiciis
1042 1427 1279 1489 solliciti,
1313 1428 1357 1485 si
1385 1430 1452 1482 ad
1482 1429 1782 1485 docendum
1815 1429 2071 1500 populum
2098 1445 2191 1487 as-

606 1514 768 1580 sidui,
803 1515 848 1570 si
877 1515 1020 1571 victu
1051 1516 1244 1584 sobrii,
1276 1518 1323 1574 si
1348 1518 1536 1581 habitu
1566 1519 1850 1587 moderati,
1896 1521 1941 1575 si
1970 1520 2023 1575 in
2048 1521 2194 1592 judi-

605 1603 705 1661 ciis
736 1605 846 1665 sint
867 1605 1112 1663 discreti.
1145 1606 1286 1664 Pace
1312 1617 1492 1665 vestra
1523 1607 1747 1679 loquor,
1780 1610 2060 1669 reverendi
2088 1610 2194 1667 Pa-

604 1702 736 1760 tres,
790 1697 837 1756 si
883 1698 989 1754 ista
1022 1698 1211 1755 solerti
1265 1700 1530 1757 scrutinio
1567 1701 1885 1768 curassetis,
1933 1719 2039 1763 non
2074 1710 2185 1759 tam

604 1786 875 1845 horrenda
924 1797 980 1845 et
1011 1789 1372 1846 abominanda
1396 1791 1467 1848 ad
1494 1806 1656 1849 aures
1692 1802 1906 1849 nostras
1926 1793 1994 1851 de
2026 1793 2186 1855 cleri-
2218 1768 2260 1831 Β
2289 1792 2563 1857 trimonio,
2595 1806 2700 1847 non
2723 1791 3046 1861 sumptibus,
3075 1803 3184 1843 non
3208 1785 3519 1842 redditibus
3548 1782 3822 1853 parcendum

603 1877 683 1933 eis
708 1878 1101 1951 pervenissent.

677 1965 854 2023 Taceo
875 1969 1019 2039 quod
1050 1982 1156 2026 non
1183 1977 1270 2026 est
1312 1969 1419 2027 illis
1442 1985 1642 2027 corona
1672 1979 1883 2043 patens.
1938 1986 2039 2029 nec
2066 1980 2189 2028 ton-

605 2074 730 2115 sura
762 2060 1128 2133 conveniens;
1173 2071 1232 2119 at
1262 2063 1317 2118 in
1345 2073 1496 2120 veste
1521 2064 1763 2135 lascivia,
1812 2066 2098 2125 insolentia
2130 2067 2185 2123 in

605 2156 781 2218 gestu,
833 2149 887 2204 in
910 2150 1091 2209 verbis
1141 2152 1438 2227 turpitudo,
1470 2154 1743 2211 interioris
1798 2156 2031 2212 hominis
2055 2172 2185 2227 pro-

604 2240 739 2299 dunt
769 2240 1054 2297 insaniam.
1118 2242 1393 2302 Praeterea
1425 2247 1480 2301 in
1526 2246 1723 2303 divinis
1747 2246 1937 2303 olIiciis
1981 2258 2185 2318 quanta

603 2330 674 2385 sit
715 2331 1059 2409 negligentia,
1115 2349 1236 2390 cum
1286 2335 1459 2393 sacris
1517 2336 1718 2407 vigiliis
1775 2337 1863 2393 vix
1921 2338 2186 2397 interesse

606 2421 926 2494 dignentur,
980 2439 1102 2483 cum
1152 2426 1221 2480 ad
1270 2441 1424 2485 saera
1469 2427 1755 2485 missarum
1812 2427 2070 2484 solemnia
2117 2428 2185 2486 ad

602 2511 915 2579 ludendum,
944 2515 1330 2571 subridendum
1352 2518 1520 2591 magis
1546 2533 1707 2589 quam
1738 2516 1805 2573 ad
1828 2517 2182 2590 psallendum,

602 2605 918 2677 congregari
952 2606 1253 2667 videantur.
1288 2608 1471 2664 Dicam
1499 2609 1641 2681 quod
1670 2609 1797 2666 boni
1830 2609 2031 2680 lugent.
2060 2609 2183 2665 mali

601 2697 820 2767 rident_;
855 2699 1029 2756 dicam
1060 2700 1247 2763 dolens
1285 2701 1363 2773 (ct
1386 2701 1430 2757 si
1460 2710 1637 2758 tamen
1668 2701 1771 2758 diei
1799 2701 1999 2773 potest)
2042 2716 2182 2772 quo-

600 2788 765 2845 modo
794 2790 1034 2845 dimuant
1053 2790 1109 2847 in
1132 2794 1632 2860 eomessatiunibus,
1666 2795 1717 2849 in
1739 2795 2111 2861 ebrietatibus,
2131 2794 2185 2854 in

600 2883 875 2941 cubilibus
896 2894 950 2939 et
966 2883 1336 2955 impudicitiis,
1355 2885 1530 2956 utjam
1545 2886 2067 2945 domusclericorum
2089 2901 2186 2957 pu-
2242 2956 2245 2957 ν

606 2982 795 3029 tentur
814 2974 1112 3044 postribula
1144 2976 1512 3041 meretricum,
1536 2975 1945 3033 conciliabulum
1964 2975 2184 3035 histrio-

608 3079 761 3121 num.
784 3064 860 3120 lbi
888 3064 1039 3133 alea),
1060 3065 1135 3123 ibi
1165 3064 1337 3121 saltus
1355 3074 1411 3123 et
1440 3074 1630 3121 cantus
1656 3082 1670 3133 ;
1700 3065 1772 3120 ibi
1789 3080 1960 3136 usque
1977 3065 2046 3119 ad
2074 3080 2186 3125 me-

607 3152 757 3208 dium
789 3153 963 3208 noctis
976 3153 1208 3225 spatium
1235 3154 1608 3225 protractaejn
1626 3154 1862 3213 clamore
1887 3163 1942 3210 et
1962 3155 2188 3211 horrore

604 3244 820 3316 vigilite.
838 3244 928 3300 Sic
939 3246 1262 3318 patrimonia
1277 3262 1485 3318 regum,
1499 3248 1856 3320 elecmosyna:
1869 3263 2187 3319 pauperum,

606 3336 741 3403 imo,
765 3337 909 3405 quod
936 3338 1104 3409 magis
1124 3345 1232 3405 est,
1254 3338 1396 3397 illius
1412 3339 1632 3411 pretiosi
1665 3340 1939 3412 sanguinis
1957 3339 2189 3410 pretium

607 3426 947 3503 proﬂigator.
982 3427 1064 3484 Ad
1099 3430 1202 3487 hoc
1230 3444 1359 3502 ergo
1393 3430 1761 3489 exhauserunt
1786 3430 1977 3487 Patres
2021 3430 2189 3487 nostri

613 3517 894 3573 thesauros
922 3519 1085 3575 suos?
1109 3520 1175 3574 ad
1200 3521 1303 3575 hoc
1325 3520 1487 3577 ﬁscus
1511 3522 1710 3593 regius,
1737 3522 1995 3578 detractis
2019 3522 2192 3583 reddi-

612 3609 756 3664 tihus
780 3609 982 3674 multis,
1006 3611 1267 3683 elargitus
1289 3612 1417 3671 est?
1447 3613 1513 3668 ad
1550 3612 1657 3671 hoc
1695 3614 1940 3673 ecclesiis
1984 3613 2189 3670 Christi

607 3713 771 3789 agros
791 3708 845 3755 et
870 3703 1239 3773 possessiones
1286 3703 1480 3776 regalis
1525 3704 1891 3762 munificentia
1938 3705 2187 3774 contulit,

609 3803 670 3850 ut
699 3795 906 3861 deliciis
928 3797 1244 3857 clericorum
1257 3801 1576 3861 meretrices
1603 3811 1887 3870 ornentur,
1912 3803 2187 3860 luxuriosa

607 3888 853 3945 convivia
878 3901 1271 3965 prmparentur,
1309 3908 1492 3961 canes,
1524 3910 1591 3950 ac
1632 3909 1778 3960 aves,
1807 3904 1859 3951 et
1898 3895 2023 3950 talia
2054 3895 2191 3957 ludi-

604 3994 696 4035 cra
725 3983 1152 4050 comparentur?
1194 3982 1311 4040 Hoc
1354 3984 1551 4039 milites
1595 3984 1851 4051 clamant,
1883 3986 2034 4055 plebs
2063 3986 2190 4042 sub-

606 4079 933 4137 murmurat,
968 4072 1118 4129 mimi
1136 4082 1361 4129 cantant
1387 4082 1441 4128 et
1463 4074 1679 4139 saltant,
1699 4084 1755 4133 et
1776 4091 1869 4133 vos
1895 4075 2184 4146 negl'gitis,

615 4173 712 4213 vos
738 4161 979 4228 parcitis,
1017 4177 1113 4218 vos
1157 4163 1544 4220 dissimulatis!
1596 4165 1694 4220 Ubi
1725 4166 1934 4237 gladius
1980 4165 2106 4222 Levi
2131 4174 2187 4225 et

615 4248 764 4304 zelus
796 4249 1081 4316 Simeonis,
1113 4252 1206 4322 qui
1251 4262 1309 4307 ut
1347 4263 1527 4309 scorto
1554 4256 1835 4310 abutentes
1864 4257 1968 4310 lilia
1999 4256 2183 4323 Jacob,

612 4339 928 4396 Sicbimitas
955 4340 1161 4412 (eorum
1191 4341 1450 4399 habentes
1477 4344 1697 4415 ﬁguram
1730 4347 1821 4416 qui
1865 4346 2066 4406 Christi
2098 4361 2186 4404 ec-

2213 3126 2258 3190 C

2287 521 2505 576 ciantur
2527 529 2678 575 extra
2721 530 2898 575 castra
2931 519 3144 590 leprosi,
3198 524 3259 571 ut
3310 523 3573 586 purgetur
3610 525 3815 570 sanetua-
3852 544 3853 573 ι

2289 618 2430 672 rium
2459 617 2693 683 Domini,
2724 626 2780 672 et
2800 617 3107 671 ministrent
3128 615 3180 668 in
3220 611 3417 682 templo
3454 611 3548 664 filii
3580 610 3715 675 Levi,
3747 616 3812 681 qui
3852 662 3853 665 η

2289 708 2424 765 dixit
2456 707 2595 778 patri
2634 715 2691 762 et
2724 706 2884 771 matri
2918 724 2930 759 :
2958 705 3151 760 Nescio
3176 720 3292 770 vos,
3334 710 3391 756 et
3417 700 3670 756 fratribus
3692 703 3812 760 suis:
3850 708 3853 773 ἶ

2289 797 2481 867 ignoro
2517 813 2631 852 vos.
2662 797 2837 868 Agite,
2860 811 3079 867 quaeso,
3108 794 3353 860 sollicite,
3395 808 3466 848 ne
3490 792 3818 864 pmniteatnoi
3852 810 3853 869 ξ

2289 889 2485 945 fecisse
2508 889 2652 958 quod
2679 885 2928 951 fecimus,
2969 886 3180 941 dedisse
3208 885 3351 954 quod
3396 881 3643 937 dedimus
3659 898 3678 946 -;
3704 881 3739 935 si
3761 883 3819 934 vi.
3852 880 3853 891 ‘

2290 981 2529 1037 derimus
2563 979 2697 1035 illud
2722 994 2826 1035 non
2856 979 2910 1034 in
2944 977 3037 1032 Dei
3060 977 3383 1047 obsequium
3405 1015 3420 1039 ,
3460 973 3561 1029 sed
3602 972 3652 1027 in
3693 973 3821 1044 pessi-
3852 1012 3853 1015 η

2291 1089 2503 1129 morum
2535 1072 2803 1126 luxuriam
2848 1071 3111 1140 impunita
3158 1066 3408 1121 libertate
3431 1063 3690 1120 consumi.
3736 1064 3817 1118 Io-
3852 1056 3853 1127 ἶ

2288 1173 2454 1221 veant
2475 1180 2571 1220 vos
2592 1172 2904 1219 sanctorum
2935 1159 3178 1229 reliquiae
3197 1199 3212 1224 ,
3243 1157 3298 1213 in
3327 1156 3531 1227 quibus
3572 1154 3817 1218 insultant;
3852 1154 3853 1221 ι

2290 1252 2599 1308 veneranda
2631 1251 2846 1315 altaria,
2881 1258 3008 1305 ante
3040 1264 3160 1320 quae
3203 1246 3499 1304 insaniunt.
3529 1243 3723 1299 ﬂoreat
3751 1258 3820 1297 vos
3852 1308 3853 1317 γ

2290 1351 2698 1399 anteeessorum
2769 1349 3075 1396 nostrorum
3140 1339 3278 1393 mira
3328 1333 3550 1391 devotio
3575 1374 3590 1399 ,
3638 1333 3853 1419 quorum}

2290 1430 2649 1501 eleemosynis
2699 1428 2920 1484 vesania
2981 1427 3249 1484 clericalis
3305 1425 3574 1484 abutitur.
3629 1421 3853 1503 Procrin}

2290 1536 2447 1578 meus
2504 1518 2820 1583 Edwardus,
2877 1526 2935 1573 ut
2989 1517 3159 1582 scitis,
3198 1529 3411 1571 omnem
3454 1522 3666 1571 terram
3707 1510 3853 1571 suam

2291 1610 2538 1668 ecclesiis
2558 1617 2614 1663 et
2644 1606 2990 1664 monasteriis
3009 1604 3318 1661 declaravit.
3360 1603 3579 1658 Sanctae
3600 1600 3823 1655 memoria

2294 1713 2488 1759 atavus
2513 1716 2665 1756 meus
2689 1699 2974 1764 Aluredus,
3000 1706 3060 1754 ut
3084 1698 3368 1755 ecclesiam
3395 1696 3621 1759 ditaret,
3648 1708 3737 1748 non
3759 1707 3823 1762 pa-

2286 1884 2519 1956 putavit.
2544 1882 2688 1938 Avus
2716 1896 2869 1937 meus
2909 1880 3092 1936 senior
3125 1876 3423 1937 Edwardus
3451 1882 3655 1945 quanta
3679 1878 3822 1961 contu-

2286 1975 2412 2031 lerit
2429 1972 2693 2037 ecclesiis,
2717 1970 3099 2042 paternitatem
3122 1977 3354 2025 vestram
3381 1981 3495 2020 non
3528 1964 3672 2019 latet.
3704 1959 3823 2014 Pater
3852 1974 3853 2042 ἦ

2284 2081 2460 2129 meus,
2485 2074 2541 2119 et
2576 2062 2769 2129 frater,
2814 2061 3014 2133 quibus
3051 2058 3290 2116 donariis
3316 2054 3524 2112 Christi
3570 2051 3823 2107 altariacu-

2286 2156 2630 2220 mulaverint,
2666 2152 2980 2210 meminisse
3000 2167 3097 2206 vos
3121 2151 3294 2209 decet.

2282 2240 2287 2245 i
2357 2251 2402 2307 0
2428 2250 2589 2305 Patel‘
2617 2247 2862 2312 Patrum,
2903 2246 3197 2306 Dnnstane,
3230 2238 3629 2309 contemplare,
3660 2248 3822 2305 quaso,
3852 2240 3853 2275 1

2285 2340 2465 2396 Patris
2509 2337 2612 2399 mei
2661 2335 2850 2393 oculos
2884 2335 2955 2390 ab
3011 2333 3097 2388 illa
3134 2330 3309 2386 lucida
3361 2328 3489 2384 coeli
3534 2327 3681 2397 plaga
3702 2324 3746 2377 in
3788 2330 3853 2401 tcj

2286 2433 2587 2489 radiantes.
2647 2428 2787 2484 Audi
2825 2425 3080 2496 querulas
3122 2422 3241 2492 eius
3270 2434 3429 2477 voces
3474 2433 3605 2476 cum
3637 2414 3821 2486 quadam
3852 2448 3853 2455 η

2280 2524 2486 2595 pietate
2513 2521 2567 2576 in
2592 2520 2704 2575 tuis
2728 2517 2957 2573 auribus
2993 2522 3312 2570 resonantes
3343 2526 3358 2566 :
3391 2509 3471 2564 'l‘n
3506 2507 3656 2572 mihi,
3701 2504 3823 2560 Pater
3852 2526 3853 2529 η

2288 2616 2582 2680 Dunstaue,
2629 2620 2686 2665 tu
2709 2608 2855 2665 mihi.
2872 2608 2941 2662 de
2969 2603 3346 2663 construendis
3373 2598 3736 2660 monasteriis,
3775 2596 3821 2648 de

2286 2704 2528 2763 ecclesiis
2560 2700 2908 2766 :ediiicandis,
2950 2697 3230 2754 consilium
3270 2692 3491 2750 salubre
3536 2688 3727 2745 dedisti
3747 2695 3820 2739 :tu

2287 2798 2419 2857 mihi
2462 2795 2681 2867 adiutor
2727 2794 2781 2849 in
2822 2791 3075 2849 omnibus
3124 2796 3180 2843 et
3218 2792 3546 2858 cooperator
3573 2778 3819 2838 exstitisti:

2287 2899 2339 2946 te
2375 2888 2527 2959 quasi
2572 2893 2845 2958 pastorem
2872 2924 2887 2951 ,
2930 2892 3174 2953 patrem,
3220 2889 3279 2934 et
3324 2878 3639 2949 episcopum
3673 2871 3822 2926 anime

2286 2994 2439 3046 mea},
2474 2989 2791 3045 morumque
2836 2988 3079 3030 meorum
3126 2970 3407 3027 custodem
3444 2964 3613 3037 elegi.
3641 2958 3821 3029 Quando

2289 3068 2385 3127 tibi
2422 3083 2528 3125 non
2560 3064 2755 3136 parui?
2793 3062 2942 3131 Quos
2970 3076 3206 3132 unquam
3248 3059 3540 3114 thesauros
3563 3053 3668 3108 tuis
3688 3049 3823 3106 cousi-

2289 3161 2377 3216 liis
2395 3157 2643 3232 praetuli?
2671 3156 2816 3224 Quae
2841 3155 3237 3225 possessiones,
3278 3159 3331 3207 te
3355 3148 3712 3220 praecipiente,
3744 3157 3822 3196 non

2290 3252 2507 3324 sprevi?
2537 3249 2593 3307 Si
2628 3250 2755 3320 quid
2781 3246 3106 3320 pauperibus
3133 3243 3463 3315 erogandum
3494 3236 3822 3297 existimatus

2289 3353 2484 3417 priuato
2512 3342 2610 3399 fui.
2642 3342 2699 3397 Si
2731 3341 2858 3412 quid
2886 3338 3270 3396 conferendqu
3299 3334 3548 3415 ecclesiis
3568 3328 3823 3400 indicabas.

2288 3455 2394 3496 non
2420 3436 2620 3494 distuli.
2667 3435 2723 3490 Si
2754 3435 2882 3506 quid
2912 3432 3187 3488 monachis
3214 3428 3492 3486 clericisve
3520 3426 3699 3482 deesse
3724 3431 3824 3489 (ιυεο

2289 3529 2518 3593 rebaris,
2569 3526 2830 3597 supplevi.
2888 3522 3171 3579 .Eternam
3207 3519 3425 3576 dicebas
3469 3517 3820 3585 eleemosynam

2289 3633 2430 3683 esse,
2487 3632 2588 3673 nec
2631 3617 2792 3671 aliam
2828 3614 3267 3675 fructuosiorem,
3309 3625 3471 3681 quam
3512 3605 3652 3679 quod
3678 3614 3822 3657 mona-

2290 3707 2471 3764 steriis
2505 3706 2814 3762 ecclesiisve
2864 3703 3163 3768 confertur,
3209 3717 3317 3773 quo
3364 3700 3456 3755 Dei
3486 3698 3627 3754 servi
3656 3704 3822 3752 susten-

2289 3807 2486 3859 tentur,
2538 3806 2596 3852 et
2638 3798 2780 3867 quod
2827 3805 3092 3867 superest,
3144 3793 3464 3864 pauperibus
3509 3794 3759 3861 erogetur.
3789 3780 3819 3834 0

2287 3890 2576 3961 pretiosam
2602 3888 3000 3958 elcemosynam
3016 3927 3030 3951 ,
3073 3896 3128 3940 et
3142 3885 3363 3955 dignum
3382 3882 3582 3938 animae
3597 3874 3818 3949 plenast!

2289 3981 2333 4038 0
2360 3981 2596 4051 peccatis
2638 3980 2836 4041 nostris
2867 3980 3082 4042 salubre
3132 3976 3425 4035 remedium
3453 3976 3467 4029 ι
3520 3973 3658 4044 quod
3678 3986 3705 4027 a
3727 3969 3819 4023 sinu

2290 4071 2508 4144 Sibyllae
2534 4072 2588 4129 in
2616 4071 2885 4143 peregrini
2917 4072 3084 4133 muris
3108 4068 3351 4141 pellicula
3382 4068 3560 4131 fmtet,
3586 4064 3718 4135 quod
3734 4059 3820 4125 ejus

2287 4165 2560 4225 auriculas
2606 4173 2798 4230 ornat,
2845 4164 2987 4234 quod
3039 4162 3316 4232 cuinponit
3366 4159 3655 4230 digitulos,
3708 4148 3819 4222 quod

2286 4271 2483 4325 corpus
2508 4256 2793 4310 delicatum
2822 4254 2874 4308 in
2906 4255 3068 4325 bysso
3098 4252 3313 4321 stringit
3335 4259 3386 4304 et
3413 4262 3664 4320 purpura.
3693 4243 3818 4298 Ecce.

2287 4346 2469 4412 Pater,
2500 4346 2961 4415 eleemosynarum
2994 4343 3201 4398 fructus
3225 4356 3486 4403 mearum,
3532 4346 3583 4393 et
3614 4344 3708 4390 tua:
3727 4345 3820 4402 per-

610 4429 830 4484 clesiam
871 4430 1086 4499 pollutis
1105 4434 1315 4489 actibus
1358 4433 1582 4506 foedant)
1629 4437 1788 4492 etiam
1833 4438 2186 4498 circumcisus
2216 4492 2259 4506 _
2289 4439 2559 4497 missionis
2582 4437 2823 4496 effectus.

613 4520 998 4576 succiderunt?
1041 4521 1141 4579 Ubi
1192 4526 1413 4594 spiritus
1442 4526 1667 4599 Moysis,
1716 4532 1808 4600 qui
1837 4544 2000 4603 caput
2029 4534 2183 4590 vituli

590 4610 968 4679 adorantibus'
985 4613 1149 4668 etiam
1192 4616 1500 4674 domesticis
1528 4620 1610 4675 sui
1642 4623 1920 4695 sanguinis
1963 4640 2065 4679 non
2092 4640 2187 4695 pe-

611 4702 831 4771 percit?
881 4702 981 4759 Ubi
1009 4705 1166 4776 pugio
1192 4704 1422 4763 Pbinees
1446 4712 1761 4779 sacerdotis,
1792 4713 1882 4781 qui
1915 4713 2189 4769 fornican-

609 4801 722 4846 tem
750 4808 868 4847 cum
908 4794 1198 4851 Madianita
1221 4797 1555 4861 confodieris,
1604 4811 1787 4855 sancta
1823 4804 1924 4858 hac
1969 4803 2187 4875 aemula-

612 4883 759 4938 tione
806 4885 975 4941 Deum
1033 4887 1265 4956 placavit
1320 4891 1559 4944 iratum?
1626 4892 1723 4947 Ubi
1748 4894 1970 4963 spiritus
2017 4895 2184 4960 Petri,

610 4971 765 5042 cujus
788 4974 983 5031 virtute
1007 4977 1292 5045 perimitur
1323 4981 1573 5048 avaritia,
1629 4981 1854 5039 haeresis
1880 4983 2186 5042 Simouiaca

609 5064 999 5121 condemnatur
1027 5068 1051 5122 3

681 5155 1058 5231 Aimulamini,
1110 5176 1143 5216 ο
1193 5162 1518 5226 sacerdotes,
1566 5164 1891 5221 mmulamini
1937 5167 2054 5227 vias
2085 5167 2188 5227 Do-

612 5245 771 5310 mini,
830 5254 885 5311 et
913 5240 1153 5318 jusiitias
1197 5250 1290 5304 Dei
1344 5254 1534 5308 nostri.
1585 5253 1818 5326 Tempus
1877 5256 2186 5326 insurgendi

2362 4530 2501 4596 Quid
2531 4529 2653 4584 huic
2693 4528 3043 4598 querimonia:
3072 4522 3464 4597 respondebis?
3505 4519 3645 4583 Scio,
3690 4514 3816 4570 86501

2293 4618 2425 4673 Cum
2455 4619 2675 4674 videbas
2702 4618 2895 4683 furem,
2924 4634 3031 4673 non
3060 4618 3318 4672 currebas
3339 4629 3461 4670 cum
3488 4627 3573 4673 eo,
3617 4622 3706 4664 nec
3723 4614 3817 4659 cum

2289 4707 2547 4764 adulteris
2574 4708 2870 4777 portionem
2903 4716 3046 4762 tuam
3085 4706 3340 4776 ponebas.
3392 4700 3646 4774 Arguisti,
3690 4695 3816 4750 obse'

2291 4799 2454 4852 orasti
2485 4807 2647 4867 atque
2678 4797 2985 4866 increpasti.
3019 4795 3334 4863 Contempla
3376 4792 3540 4846 verba
3569 4795 3706 4848 sunt,
3750 4793 3821 4832 ve-

2291 4889 2545 4942 niendum
2568 4898 2650 4942 est
2680 4888 2746 4941 ad
2778 4887 3041 4957 verbera,
3062 4896 3117 4940 et
3159 4900 3263 4940 non
3304 4884 3474 4938 deerit
3504 4880 3595 4935 til.i
3621 4881 3818 4945 potestas

2293 4976 2462 5046 regia.
2493 4974 2671 5033 Habes
2714 4976 2804 5032 hic
2834 4985 3009 5035 tecum
3037 4972 3393 5035 venerabilem
3422 4971 3629 5029 Patrem
3667 4959 3817 5023 Ethel-

2290 5068 2523 5124 waldum
2552 5066 2978 5124 Wintoniensmi
3015 5067 3359 5137 episcopum;
3403 5062 3568 5118 habes
3607 5067 3821 5150 rever‘f'f’

2291 5157 2416 5213 dum
2464 5159 2744 5227 prtesulem
2805 5157 3233 5228 Wigorniensem
3299 5152 3640 5214 Osualdum;
3695 5144 3817 5197 vobis

2290 5251 2431 5306 istud
2462 5251 2737 5304 committo
2770 5251 3061 5304 negotium.
3111 5257 3168 5301 ut
3209 5255 3264 5301 et
3289 5243 3573 5308 episcouali
3600 5247 3814 5295 ceusnra‘.
