3876 5326
78 282 172 336 ειγ

818 286 1412 343 ANGLO-SAKON‘UM
1457 284 1696 340 REGUM
1735 283 1962 339 LEGES
2003 281 2583 338 ECCLESHSTICE.

3222 283 3329 344 513

496 417 2146 446 .._________________—____________

1017 594 1479 685 CHARTA
1546 594 1983 685 EDGARI
2067 597 2412 687 REGIS

789 782 856 835 IN
895 783 1211 838 CONCIIJO
1248 783 1701 841 LONDONIENSI
1747 785 1932 842 ANNO
1988 784 2092 841 9'70
2150 784 2279 840 VEL
2332 787 2436 841 972
2487 786 2687 841 DATA.

1224 942 1240 1000 (
1253 943 1327 989 Ea:
1354 946 1529 992 vetusto
1551 941 1828 993 codicem.
1856 942 2213 1003 Glos‘oniettst'.)

1481 1097 1839 1110 ψ

143 1211 194 1265 In
223 1213 444 1267 nomine
491 1213 702 1270 Domini
733 1216 900 1270 nostri
949 1214 1072 1272 Jesu
1124 1216 1344 1273 Christi.
1397 1219 1656 1287 Quamvis
1684 1203 1727 1263 Α
1751 1217 1841 1286 jus
1886 1219 1936 1271 in
1983 1233 2075 1272 eos
2112 1229 2364 1272 exercere
2409 1224 2750 1284 pr:csumant.
2803 1215 3090 1270 Monacnos
3129 1231 3251 1270 suos
3283 1223 3338 1270 et

82 1305 286 1359 decreta
316 1306 656 1375 pontificum,
706 1317 759 1362 et
797 1309 961 1363 verba
994 1313 1333 1367 sacerdotum
1381 1315 1658 1370 inconvul-

82 1395 148 1449 sis
189 1395 540 1466 ligamiuibus
565 1438 580 1464 ,
621 1398 765 1452 velut
802 1399 1147 1455 fundamenta
1194 1404 1456 1458 montium
1486 1447 1500 1469 ,
1552 1407 1656 1460 lixa

87 1499 226 1552 sunt,
258 1499 440 1546 tamen
475 1492 788 1563 plerumque
831 1498 1240 1564 tempestatibus
1267 1505 1323 1552 et
1361 1499 1658 1554 turbinibus

85 1581 407 1636 sacularium
444 1600 622 1639 rerum
666 1586 850 1654 religio
897 1597 1098 1643 sanctae
1138 1587 1390 1644 Ecclesia:
1436 1591 1660 1646 maculis

86 1676 428 1743 reproborum
460 1678 752 1747 dissipatur
775 1693 839 1734 ac
863 1681 1148 1750 rumpitur.
1183 1681 1385 1736 Idcirco
1416 1681 1659 1752 profutu-

87 1779 192 1818 rum
221 1765 645 1821 succedentibus
690 1769 922 1836 posteris
962 1784 1080 1825 esse
1119 1771 1474 1837 decrevimus,
1506 1782 1564 1826 ut
1593 1789 1657 1828 ea

87 1870 190 1921 qum
239 1853 448 1909 salubri
477 1856 702 1912 consilio
728 1867 784 1912 et
823 1860 1092 1914 communi
1134 1876 1354 1916 assensu
1385 1862 1646 1916 diliiniun-

89 1956 162 1997 lur
191 1947 396 2001 nostris
438 1939 632 2003 litteris
676 1950 926 2004 roborata
970 1952 1269 2008 ﬁrmentur.
1321 1952 1660 2023 Quapropter

89 2036 287 2105 dignum
320 2037 560 2101 videtur,
593 2048 650 2093 ut
678 2041 904 2095 ecclesia
933 2042 1231 2099 beatisimae
1256 2043 1350 2099 Dei
1381 2046 1661 2113 genitricis

87 2143 402 2202 semperque
433 2130 652 2200 virginis
686 2131 866 2188 Maria:
893 2132 1200 2197 Glastoniae,
1243 2137 1381 2191 sicut
1423 2154 1486 2192 ex
1521 2139 1660 2192 anti-

87 2232 177 2285 q'xo
202 2220 561 2289 principalem
595 2223 646 2276 in
695 2239 860 2293 regno
910 2240 1029 2279 meo
1068 2226 1275 2280 obtinet
1320 2229 1657 2297 dignitatem,

88 2309 146 2362 ita
175 2311 402 2379 speciali
427 2316 656 2382 quadam
692 2322 747 2369 et
793 2315 1048 2384 singulari
1093 2316 1357 2388 privilegii
1411 2318 1660 2374 libertate

90 2419 172 2471 per
210 2421 315 2459 nos
339 2405 655 2464 honoretur.
695 2449 697 2451 .

149 2495 259 2550 [loc
288 2496 474 2566 itaque
506 2498 776 2554 Dunstano
826 2499 1218 2557 Dorobernensi
1248 2510 1408 2572 atque
1453 2502 1667 2559 Oswal-

93 2584 150 2637 do
175 2585 504 2642 Eboracensi
533 2591 937 2662 archiepiscopo
971 2593 1397 2660 adhortantibus,
1433 2611 1662 2652 consen-

95 2675 246 2730 tiente
269 2670 436 2732 etiam
467 2688 517 2732 et
537 2690 805 2736 annuente
836 2682 1126 2740 Brithelmo
1169 2685 1493 2742 Fontanensi
1541 2690 1656 2756 epi-

98 2781 246 2834 scopo
275 2770 593 2838 ueterisque
621 2771 904 2842 episc0pis,
937 2775 1220 2830 abbatibus
1245 2787 1295 2830 et
1319 2777 1656 2848 primatibus,

99 2870 186 2925 ego
209 2857 410 2929 Edgar,
439 2861 614 2915 divina
645 2863 993 2932 dispositione
1021 2881 1110 2920 rex
1149 2867 1460 2936 Anglorum,
1507 2878 1663 2924 ciete-

101 2961 382 3018 rarumque
400 2951 629 3022 gentium
653 2951 705 3006 in
729 2955 952 3009 circuitu
978 2955 1376 3024 persistentium
1396 2958 1661 3028 guberna-

103 3052 175 3092 tor
197 3051 250 3096 et
276 3052 476 3107 rector,
507 3043 557 3098 in
595 3045 808 3101 nomine
838 3045 992 3101 alma:
1013 3047 1310 3114 Trinitatis,
1360 3065 1457 3119 pro
1485 3050 1662 3114 anima

103 3132 259 3199 patris
297 3131 423 3196 mei,
452 3134 536 3202 qui
565 3135 634 3188 ibi
667 3136 976 3206 requiescit,
1007 3148 1062 3192 et
1091 3148 1489 3196 antecesserunt
1513 3159 1662 3198 meo-

104 3238 229 3290 rum,
257 3226 507 3294 przesenti
548 3227 830 3296 privilegio
870 3229 1124 3296 decerno,
1152 3240 1351 3298 statuo,
1380 3233 1662 3299 conﬁrmo,

105 3321 154 3363 ut
177 3313 484 3380 praedictum
516 3317 896 3372 monasterium
923 3320 1203 3388 omnisque
1233 3320 1500 3389 possessio
1551 3319 1665 3388 ejus

107 3404 166 3457 ab
209 3405 358 3460 omni
397 3405 592 3462 tributo
633 3407 895 3464 ﬁscalium
942 3411 1277 3481 negotiorum
1329 3427 1470 3466 nunc
1510 3423 1564 3468 et
1612 3414 1664 3468 in

105 3506 408 3566 perpetuum
435 3499 596 3554 libera
632 3509 687 3556 et
716 3503 893 3574 quieta
937 3514 1309 3572 permaneant,
1351 3512 1405 3559 et
1435 3506 1670 3561 habeant

109 3599 270 3638 socam
294 3595 349 3640 et
377 3602 576 3655 sacam,
604 3598 732 3653 etc.,
785 3593 854 3646 ita
886 3591 1052 3648 libere
1091 3602 1144 3648 et
1186 3595 1364 3665 quiete
1403 3596 1543 3650 sicut
1569 3612 1669 3668 ego

110 3676 263 3733 habeo
286 3680 342 3732 in
369 3688 480 3734 toto
507 3697 708 3752 regno;
746 3685 989 3739 eamdem
1025 3701 1240 3756 quoque
1273 3687 1576 3742 libertatem
1616 3698 1671 3744 et

110 3778 412 3836 potestatem
449 3787 605 3842 quam
645 3790 741 3846 ego
788 3775 841 3829 in
889 3776 1034 3830 curia
1069 3793 1186 3830 mea
1231 3777 1424 3843 habeo,
1483 3787 1586 3832 tam
1618 3780 1668 3833 in

113 3859 416 3914 dimittendo
448 3878 603 3931 quam
634 3865 686 3918 in
710 3866 999 3935 puniendo,
1030 3875 1084 3921 el
1120 3867 1171 3922 in
1205 3868 1530 3938 quibuslibet
1555 3885 1671 3924 om-

114 3950 226 4004 nino
260 3953 508 4022 negotiis,
555 3954 717 4009 abbas
741 3968 795 4010 et
821 3958 1067 4012 monachi
1099 3957 1307 4028 praefati
1357 3961 1668 4014 monasterii

118 4041 162 4092 in
203 4056 296 4096 sua
329 4045 475 4098 curia
510 4045 756 4100 habeant.
809 4047 865 4100 Si
913 4057 1090 4102 autem
1123 4050 1290 4104 abbas
1333 4050 1413 4103 vel
1445 4051 1671 4120 quilibet.

120 4133 394 4188 monachus
436 4134 536 4189 loci
579 4135 734 4199 illius,
769 4137 1032 4191 latronem
1064 4139 1153 4208 qui
1205 4140 1271 4192 ad
1302 4140 1668 4216 suspendium,

122 4222 190 4276 vel
216 4225 484 4293 quodlibet
530 4229 715 4284 mortis
746 4229 1040 4298 periculum
1091 4231 1324 4294 ducitur,
1375 4231 1426 4283 in
1479 4231 1671 4286 itinere

119 4317 312 4372 obvium
340 4320 607 4384 habuerit,
635 4330 955 4392 potestatem
993 4323 1191 4378 habeat
1237 4323 1495 4393 eripiendi
1541 4337 1666 4377 eum

118 4410 176 4463 ab
211 4412 503 4466 imminenti
529 4415 763 4482 periculo
790 4416 841 4469 in
881 4423 992 4470 toto
1022 4431 1186 4487 regno
1215 4431 1354 4470 meo.

174 4499 438 4558 Conﬁrmo
461 4504 619 4559 etiam
644 4513 697 4558 et
725 4506 1016 4560 eorroboro
1046 4515 1122 4569 ut,
1152 4507 1293 4576 quod
1318 4507 1579 4563 hactenus
1607 4508 1674 4562 ab

120 4594 349 4650 omnibus
391 4595 589 4650 nostris
630 4598 1060 4652 antecessoribus
1107 4598 1391 4667 diligenter
1417 4601 1674 4654 observa-

122 4691 219 4737 tum
245 4696 327 4740 est
350 4726 364 4748 ,
398 4685 755 4742 Fontanensis
803 4691 1102 4758 episcopus,
1151 4689 1233 4743 vel
1271 4689 1388 4755 ejus
1417 4689 1674 4752 ministri,

125 4791 269 4848 super
295 4780 396 4833 hoc
423 4782 825 4846 monasterium,
858 4783 938 4837 vel
984 4796 1146 4850 super
1171 4781 1507 4850 parochiales
1535 4779 1682 4849 ejus-

125 4872 227 4925 dem
265 4873 540 4934 ecclesias.
579 4874 843 4940 videlicet,
883 4877 1114 4934 Streete,
1165 4873 1476 4947 Mirielinge,
1508 4875 1680 4929 Butle-

125 4963 243 5028 clea,
272 4965 644 5036 Schapwicke,
675 4965 836 5031 Sowi,
885 4977 981 5022 aut
1011 4981 1174 5034 super
1201 4981 1387 5021 eorum
1425 4965 1678 5035 capellas,

129 5073 209 5114 nec
229 5061 385 5115 etiam
412 5076 577 5130 super
603 5077 695 5114 eas
718 5077 833 5128 quae
862 5061 1054 5116 insulis
1079 5063 1446 5125 continentur,
1477 5058 1682 5118 scilicet

125 5151 342 5220 Bckeria,
370 5171 491 5224 qua:
514 5168 678 5223 parva
708 5151 956 5212 llibernia
982 5151 1203 5216 dicitur,
1227 5151 1516 5219 Godcneja,
1546 5149 1684 5210 Mar-

1759 1309 2135 1378 przedietarum
2158 1309 2507 1362 ecclesiarum
2531 1306 2774 1368 clericos,
2791 1305 3083 1360 secundum
3108 1307 3340 1374 antiquae

1760 1399 2013 1454 Ecclesia:
2061 1398 2352 1452 Glastonia:
2385 1396 2849 1460 consuetudinem,
2885 1404 2940 1450 et
2985 1396 3340 1464 apostolicam

1759 1491 2172 1552 auctoritatem,
2224 1487 2621 1556 archiprzesulis
2667 1486 2946 1549 Dunstani,
2997 1495 3051 1540 et
3099 1486 3340 1540 omnium

1758 1579 2132 1648 episc0porum
2179 1579 2325 1648 regni
2360 1579 2461 1631 mei
2491 1591 2736 1641 assensu,
2767 1576 2934 1630 abbas
2958 1592 2986 1628 a
3022 1589 3344 1646 quocunque

1759 1667 2194 1738 comprovinciali
2219 1669 2470 1737 epise0po
2500 1665 2728 1720 voluerit
2752 1665 2988 1720 ordinari
3018 1665 3199 1718 l‘aciat.

1833 1758 2206 1814 Dedicationes
2243 1775 2370 1814 vero
2414 1758 2786 1821 ecclesiarum,
2821 1757 2866 1812 si
2908 1756 2976 1810 ab
3018 1755 3216 1810 abbate
3248 1767 3340 1808 ro-

1760 1861 1918 1920 gatus
1972 1853 2154 1916 fuerit,
2191 1852 2515 1907 Fontanensi
2565 1850 2815 1920 episcopo
2859 1849 3238 1919 permittimus.
3285 1847 3342 1900 In

1760 1943 1966 1999 Pascha
2025 1958 2236 2012 quoque
2284 1943 2521 1997 chrisma
2583 1939 3026 1995 sanctiﬁcationis
3069 1947 3122 1993 et
3163 1937 3342 1992 oleum

1760 2053 1789 2091 a
1821 2035 2144 2091 Fontanensi
2184 2035 2434 2104 episcopo
2465 2048 2530 2089 ex
2560 2046 2710 2088 more
2739 2031 2992 2102 accipiat,
3013 2039 3068 2084 et
3103 2027 3346 2100 prmfatis

1760 2126 2004 2182 ecclesiis
2042 2126 2154 2180 suis
2187 2124 2496 2178 distribuat.

1833 2217 1944 2271 Hoc
1963 2217 2126 2272 etiam
2156 2229 2317 2283 super
2341 2215 2520 2269 omnia
2550 2213 2643 2268 Dei
2679 2210 3053 2267 interdictione
3073 2217 3130 2263 et
3157 2216 3345 2264 nostra

1761 2310 2083 2364 auctoritate
2108 2307 2277 2374 (salva
2309 2316 2486 2360 tamen
2515 2314 2715 2360 sanctae
2738 2304 2994 2358 Romamn
3023 2302 3273 2356 Ecclesiae
3291 2310 3348 2358 et

1762 2401 2188 2458 Dorobernensis
2213 2398 2491 2470 dignitate)
2508 2396 2786 2466 prohibeo,
2815 2410 2882 2450 ne
2909 2408 3138 2463 persona
3160 2391 3341 2460 cujus-

1764 2509 1974 2563 cunque
2002 2491 2301 2562 potestatis,
2331 2490 2444 2543 sive
2473 2505 2588 2552 rex,
2617 2487 2728 2542 sive
2753 2487 3066 2555 episcopus,
3103 2484 3216 2539 sive
3238 2484 3348 2539 dux

1763 2596 1854 2641 aut
1884 2585 2154 2654 princeps,
2194 2581 2275 2636 vel
2303 2581 2527 2650 quilibet
2565 2579 2932 2632 ministrorum
2960 2591 3167 2640 eorum,
3215 2573 3343 2630 Gla-

1763 2679 1951 2734 stonize
1993 2675 2251 2730 terminos
2277 2715 2291 2739 ,
2340 2671 2422 2726 vel
2467 2669 2894 2739 supradictarum
2942 2666 3344 2738 parochiarum,

1763 2765 2155 2838 perscrutandi,
2193 2761 2460 2832 rapiendi,
2490 2758 2775 2829 placitandi
2819 2756 3014 2827 gratia,
3055 2754 3138 2810 vel
3184 2754 3344 2823 quid-

1764 2875 1924 2929 quam
1967 2857 2108 2910 aliud
2153 2854 2403 2920 faciendi,
2444 2852 2585 2922 quod
2634 2849 2963 2906 contrarium
3013 2847 3184 2918 possit
3223 2861 3345 2902 esse

1766 2951 1962 3006 ibidem
1987 2946 2366 3010 servientibus,
2397 2944 2598 2998 intrare
2619 2948 2980 3012 praesumant;
3015 2938 3193 2994 abbati
3223 2947 3345 2992 tan-

1766 3041 2041 3097 tummodo
2076 3046 2133 3094 et
2193 3034 2476 3092 conventui
2539 3043 2777 3103 potestas
2814 3033 2922 3099 sit,
2968 3038 3076 3085 tam
3114 3029 3166 3084 in
3206 3029 3348 3083 notis

1767 3131 1945 3189 causis
1969 3144 2127 3200 quam
2157 3128 2208 3182 in
2237 3126 2450 3197 ignotis,
2484 3126 2537 3177 in
2568 3122 2792 3177 modicis
2811 3121 2932 3177 etin
2949 3119 3178 3189 magnis,
3205 3125 3259 3172 et
3289 3117 3344 3170 in

1766 3224 2017 3281 omnibus
2036 3220 2254 3276 omnino
2281 3216 2526 3286 negotiis,
2551 3216 2692 3270 sicut
2718 3227 2879 3282 supra
2904 3211 3349 3267 memoravimus.

1767 3314 2021 3384 Quisquis
2050 3319 2227 3366 autem
2255 3307 2416 3377 hujus
2444 3305 2707 3378 privilegii
2738 3305 2842 3359 mei
2873 3303 3190 3374 dignitatem
3221 3316 3354 3370 qua-

1768 3407 1896 3462 libet
1919 3404 2206 3460 occasione
2224 3441 2239 3466 ,
2263 3400 2627 3469 cujuscunque
2651 3395 2947 3466 dignitatis,
2979 3394 3352 3463 cujuscunque

1769 3497 1993 3559 ordinis,
2025 3492 2390 3560 cujuscunque
2437 3486 2811 3557 professionis,
2840 3493 3155 3555 pervertere
3189 3483 3269 3538 vel
3301 3484 3353 3536 in

1771 3590 1982 3645 irritum
2007 3589 2270 3643 deducere
2296 3584 2553 3654 sacrilega
2576 3581 2993 3652 prmsumptione
3016 3577 3208 3632 amodo
3239 3585 3356 3629 ten-

1773 3680 1986 3744 taverit,
2018 3679 2154 3733 sciat
2183 3693 2240 3731 se
2264 3675 2451 3747 procul
2499 3673 2660 3728 dubio
2689 3679 2814 3725 ante
2860 3669 3161 3723 districtum
3200 3665 3352 3719 ludi-

1771 3787 1909 3838 cem,
1952 3770 2272 3824 titubantem
2306 3763 2823 3830 tremebundumque
2869 3761 3130 3812 rationem
3175 3755 3354 3811 reddi-

1775 3873 1975 3928 turum,
1998 3861 2098 3916 nisi
2139 3860 2289 3930 prius
2332 3857 2487 3926 digna
2519 3851 2884 3909 satisfactione
2921 3847 3211 3903 emendare
3239 3854 3356 3898 stu-

1776 3954 1972 4009 ducrit.

1842 4045 1973 4100 Acta
2003 4052 2085 4098 est
2117 4042 2232 4097 haec
2257 4037 2515 4110 privilein
2562 4035 2754 4106 pagina
2789 4041 2844 4088 et
2870 4031 3182 4086 conﬁrmata
3213 4023 3355 4094 apud

1772 4135 2109 4189 Londoniam
2157 4129 2426 4186 communi
2479 4125 2706 4181 consilio
2760 4121 3000 4177 omnium
3066 4116 3358 4186 primatum

1775 4242 2034 4288 meorum,
2082 4239 2224 4278 anno
2253 4221 2321 4276 ab
2369 4217 2740 4274 incarnatione
2770 4210 2978 4269 Domini
3031 4206 3202 4261 nostri
3232 4202 3358 4257 Jesu

1773 4316 1971 4372 Christi
2003 4311 2441 4383 'nougentesimo
2491 4305 2888 4376 septuagesimo
2949 4300 3154 4370 primo,
3201 4294 3362 4365 {indi-

1775 4407 1953 4460 ctione
1995 4413 2187 4472 quarta
2235 4401 2462 4456 decima.
2511 4398 2678 4466 Hujus
2729 4395 2852 4449 doni
2906 4387 3360 4459 constipulatores

1776 4497 2014 4559 fuerunt,
2047 4506 2274 4564 quortun
2317 4489 2534 4544 nomina
2575 4485 2798 4540 inferius
2845 4478 3131 4536 charaxari
3167 4477 3361 4531 viden.-

1779 4598 1884 4642 ιιιτ.

2340 4681 2803 4726 SUBSCRIPTIONES.

1851 4770 1962 4840 Ego
1992 4768 2189 4838 Edgar,
2221 4779 2312 4819 rex
2356 4764 2519 4816 totius
2548 4760 2860 4816 Britannia).
2899 4753 3180 4823 praefatam
3206 4751 3369 4804 liber

1784 4869 1948 4914 tatem
1978 4875 2099 4914 cum
2139 4855 2314 4926 sigillo
2350 4851 2550 4908 sanctae
2579 4847 2759 4904 crucis
2785 4841 3122 4900 conﬁrmavi.

1853 4951 1965 5020 Ego
1996 4948 2244 5019 Eill‘gina,
2290 4944 2526 5014 ejusdem
2578 4941 2719 5008 regis
2768 4945 2961 4998 mater,
3011 4946 3131 4986 cum
3180 4927 3375 4998 gaudio

1785 5043 2052 5099 consensL

1857 5135 1967 5204 E80
1999 5132 2251 5195 Edward,
2285 5130 2429 5200 elyto
2454 5121 2666 5195 (clytos)
2691 5119 2862 5190 patris
2893 5114 2997 5170 mei
3024 5111 3235 5166 donum
3268 5119 3387 5158 cum

124 5247 350 5316 teneseja,
385 5245 720 5304 Ferramere,
756 5241 1148 5310 Padenehergia
1172 5282 1187 5304 ,
1233 5251 1288 5296 et
1333 5240 1680 5309 Adredeseja,
1717 5273 1764 5326 ι)
1793 5228 2064 5296 "imum!"
2093 5234 2293 5278 8³ηοω
2329 5218 2805 5326 cruciinmpreSSI.

2960 5297 2970 5305 ι

2646 5320 2676 5326 __
2733 5297 2970 5326 ...ιη-αἶαν·
