3876 5326
604 365 709 419 525
857 307 860 310 l
1314 350 1600 409 APPEND.
1637 348 1734 403 ΑΙ)
1774 346 1948 404 δᾹΞΟ.
1985 342 2056 399 X.
2085 372 2135 383 —

2287 332 2621 396 NUMENTA
2658 326 3145 395 D‘IPLOMA'TICA.
3738 338 3818 394 524

674 471 911 528 XXXIII.
953 470 1010 525 Si
1054 466 1335 540 presbyter
1375 462 1539 517 alium
1579 476 1686 516 non
1732 459 2019 515 admoneat
2066 456 2181 528 ejus
2212 437 2258 495 Α
2288 452 2382 507 lite
2409 452 2704 524 negaverit,
2739 451 3078 521 accipiantur
3123 450 3172 506 ei
3214 448 3423 520 parium
3454 463 3673 504 suorum
3699 463 3829 520 quot:

606 564 746 636 quod
775 561 984 618 noverit
1011 539 1110 630 ipsi
1146 558 1470 614 detrimento
1499 550 1614 608 fore
1634 592 1648 615 ,
1677 551 1779 605 hoc
1817 557 2145 619 compenset.
2291 549 2422 636 quot
2442 541 2715 610 praedictis
2745 540 2865 595 aliis
2895 548 2978 595 est
3019 539 3279 595 indictum
3304 557 3319 594 ;
3350 548 3403 592 et
3432 539 3480 595 si
3507 539 3556 594 is
3581 539 3819 608 defecerit,

676 652 915 710 XXXIV.
939 652 995 708 Si
1029 650 1309 721 presbyter
1340 645 1567 701 barbam
1608 641 1693 698 vel
1739 656 1950 697 comam
1991 640 2184 696 radere
2292 631 2560 688 lahslitam
2581 632 2800 702 pendite
2824 648 2901 687 xu
2922 648 3069 687 oras.

607 742 923 812 neglexerit,
957 747 1291 809 compensci,
2361 721 2588 777 XLVIII.
2618 721 2674 777 Si
2709 723 3116 792 superstitiosus
3150 722 3241 777 ille
3287 732 3602 789 conventus,
3631 721 3713 794 qui
3753 723 3825 792 [ri-

682 832 898 888 xxxv,
927 831 984 887 Si
1015 831 1299 901 prcshylcr
1322 825 1679 884 concubinam
1711 838 1862 879 suam
1901 820 2185 889 dimiserit,
2293 812 2475 883 tltgear
2499 813 2713 878 dicitur,
2744 812 2961 869 habitus
2990 814 3156 869 fuerit
3195 813 3251 869 in
3288 826 3433 868 terra
3470 813 3692 882 alicujus
3716 816 3825 871 circa

603 932 661 978 ct
683 924 841 978 aliam
865 922 1162 992 acceperii,
1205 921 1495 975 anathema
1527 918 1616 972 sit,
2295 906 2544 977 lapidem,
2571 907 2840 969 arborem,
2869 906 3093 972 fontem,
3117 906 3202 962 vel
3226 922 3395 977 nugas
3417 907 3557 962 alias
3587 905 3828 965 istiusmo-

682 1013 918 1069 XXXVI.
961 1011 1018 1066 Si
1068 1009 1351 1081 presbyter
1385 1010 1453 1063 ad
1506 1016 1745 1077 tempora
1783 1005 2077 1063 constituta
2104 1004 2189 1059 \‘i-
2293 997 2371 1063 di,
2397 997 2615 1069 pendat,
2648 998 2740 1068 qui
2770 998 2874 1054 hoc
2916 997 3136 1062 fecerit,
3166 997 3307 1071 legis,
3330 997 3547 1053 violatas
3591 998 3827 1063 mulctam,

608 1119 698 1157 ces
748 1118 852 1158 non
897 1101 1108 1173 pulset,
1160 1100 1244 1155 vel
1291 1100 1449 1154 horas
1502 1112 1607 1151 non
1635 1105 1841 1164 cantet,
1888 1097 1990 1152 hoc
2045 1110 2189 1151 com-
2296 1086 2575 1144 dimidium
2618 1086 2855 1154 Christo.
2904 1086 3183 1173 dimidium
3219 1095 3378 1141 ιθιτω
3432 1088 3685 1153 domino;
3723 1097 3768 1142 et
3797 1090 3829 1144 si

610 1204 827 1266 penset.
900 1172 911 1173 ί
2297 1184 2458 1234 ωτι-ω
2505 1178 2752 1234 dominus
2801 1172 3045 1233 noluerit
3077 1177 3336 1233 auxilium
3393 1178 3637 1247 praebere
3674 1178 3732 1232 ad
3755 1179 3830 1234 hoc

680 1284 940 1340 XXXVII.
969 1282 1025 1339 Si
1059 1282 1345 1354 presbyter
1364 1296 1486 1337 cum
1510 1278 1678 1335 armis
1703 1278 1988 1336 ecclesiam
2020 1278 2179 1332 intra-
2297 1270 2707 1341 corrigendum.
2767 1268 3000 1325 habeant
3061 1267 3309 1323 Christus
3363 1281 3419 1323 et
3464 1283 3564 1322 rex
3626 1270 3834 1323 emenda.

609 1374 767 1439 vet-it,
802 1374 903 1428 hoc
928 1380 1264 1443 compenset.
2300 1362 2519 1415 tionem.

684 1463 967 1517 XXXVIII.
993 1463 1049 1517 Si
1074 1462 1357 1532 presbyter
1382 1460 1522 1515 male
1544 1457 1839 1513 absolverit
1877 1458 2196 1513 anniversa-
2368 1453 2552 1508 XLIX.
2584 1453 2942 1509 Mercaturam
2970 1453 3023 1507 in
3045 1452 3132 1509 die
3161 1452 3289 1508 solis
3306 1465 3591 1517 exemere,
3619 1460 3669 1506 et
3694 1453 3832 1507 curias

615 1557 751 1608 rium
779 1553 1026 1609 ecclesiae
1074 1551 1433 1606 ministerium
1474 1549 1707 1604 interdiu
1750 1549 1831 1603 vel
1860 1558 2043 1614 noctu,
2069 1548 2198 1602 illud
2299 1543 2494 1599 alicubi
2517 1544 2794 1600 celebrare
2837 1542 3203 1615 prohibemus,
3234 1556 3370 1613 Opus
3392 1544 3561 1597 etiam
3590 1541 3830 1611 quodlibet,

613 1653 942 1713 compenset.
1182 1669 1186 1675 -
2299 1647 2356 1692 et
2375 1635 2737 1692 omnimodam
2781 1637 3101 1701 rectionem,
3132 1636 3245 1691 sive
3285 1635 3337 1688 in
3368 1634 3651 1704 plaustris.
3678 1634 3772 1686 sive
3795 1635 3832 1686 in

683 1732 924 1787 XXXIX.
963 1732 1019 1787 Si
1051 1731 1332 1803 presbyter
1378 1728 1643 1785 ordalium
1670 1727 1809 1783 male
1851 1717 2196 1797 disposuerit,
2301 1733 2477 1802 equis,
2508 1733 2620 1787 sive
2645 1731 2700 1785 in
2729 1730 2850 1786 aliis
2866 1730 3123 1786 oneribus
3151 1728 3407 1785 ferendis.
3435 1727 3541 1796 Qui
3574 1738 3744 1783 contra
3762 1728 3832 1782 hoc

617 1837 954 1895 compenset.
2229 1819 2274 1879 B
2305 1821 2610 1892 deliquerit,
2666 1822 2802 1877 liber
2836 1821 3090 1895 mulctam
3149 1821 3323 1876 solvat
3350 1835 3428 1876 xu
3482 1834 3643 1884 oras;
3694 1833 3834 1873 servus

690 1914 803 1995 XL:
832 1913 887 1969 Si
919 1915 1205 1988 Pl'eSbYlei‘
1234 1922 1512 1969 ῑοηευτίὶιῐι
1538 1926 1690 1966 suam
1717 1908 1950 1974 Obvelel.
2011 1898 2198 1964 emeti-
2305 1916 2511 1971 corium
2542 1915 2750 1987 perdat,
2793 1914 2845 1970 id
2877 1923 2961 1970 est
2985 1912 3220 1984 vapulet,
3249 1913 3303 1968 ui
3335 1912 3407 1968 sit
3441 1911 3622 1967 viator
3648 1912 3832 1965 necessi-

624 2007 733 2061 det.
2306 2016 2416 2062 tate
2441 2007 2768 2076 compulsus,
2799 2004 2883 2058 vel
2928 2013 3152 2074 propter
3177 2002 3283 2058 cibi
3314 2001 3577 2070 inopiam,
3609 2011 3695 2054 aut
3717 2014 3835 2054 causa

690 2094 823 2151 XLI.
857 2093 913 2148 Si
942 2095 1225 2168 presbyter
1246 2093 1509 2157 ebriosus,
1542 2101 1629 2146 aut
1663 2091 1927 2158 scurrilis,
1963 2099 2057 2145 aut
2086 2089 2200 2146 ca!-

2305 2099 2541 2155 cvitandi
2586 2098 2855 2152 inimicos.
2901 2097 2960 2151 In
3002 2095 3202 2167 vigiliis
3237 2094 3504 2151 festorum
3543 2094 3762 2148 itinerari
3790 2107 3836 2145 ei

614 2206 737 2259 ηομ
760 2190 944 2257 fuerit,
969 2196 1302 2259 compenset.

2306 2191 2632 2247 necessitate
2669 2189 2794 2244 licet
2838 2189 2981 2244 inter
3027 2186 3331 2243 Eboracum
3378 2194 3432 2239 et
3456 2199 3558 2240 sex
3591 2185 3706 2239 inde
3730 2180 3836 2236 mille

689 2278 845 2333 XLII.
875 2279 933 2335 Si
967 2279 1253 2349 presbyter
1308 2277 1448 2330 inter
1485 2273 1695 2330 vicinos
1738 2274 1791 2328 in
1823 2271 2076 2345 parocltia
2105 2286 2203 2325 sua
2306 2298 2496 2354 passus
2520 2290 2878 2337 mensuraios_
2918 2312 2921 2313 ν

617 2370 821 2442 aliquid
850 2369 1205 2427 occultaverit
1250 2362 1319 2421 ad
1353 2365 1614 2436 injustum
1651 2365 1889 2436 regimen
1941 2378 2201 2420 exercel-
2374 2374 2440 2429 ι,
2468 2373 2570 2440 Qui
2594 2371 2731 2427 rem
2758 2379 2852 2426 cui
2875 2369 3056 2427 debila
3079 2367 3287 2440 ieiunia
3314 2364 3626 2431 νίοιαγει-ῖι,
3654 2380 3721 2419 χιι
3758 2363 3838 2418 cii;

620 2464 773 2528 dum,
814 2464 918 2520 hoc
940 2461 1215 2519 emendet.
2306 2466 2440 2520 luat.

594 2572 595 2575 ‘
694 2556 869 2612 XLIII.
907 2555 963 2611 Si
993 2557 1278 2627 presbyter
1326 2552 1727 2608 anniversarios
1757 2550 1896 2607 ritus
1926 2564 2026 2620 per
2068 2547 2207 2604 obli-
2378 2554 2464 2612 L1.
2492 2552 2751 2610 Volumus
2786 2553 2953 2609 etiam
2996 2559 3055 2608 ut
3106 2550 3284 2608 omnis
3319 2549 3577 2606 denarius
3618 2547 3839 2604 Romanus

626 2648 838 2705 vionem
863 2645 1292 2720 praetermiserit,
1322 2645 1592 2703 emendet.
2309 2648 2518 2719 integre
2579 2646 2821 2702 solvatur
2872 2646 2941 2700 ad
2986 2642 3295 2699 cathedram
3352 2640 3707 2712 episcopalem
3749 2647 3838 2690 ante

696 2738 877 2795 XLIV.
934 2736 995 2793 Si
1036 2737 1317 2809 presbyter
1367 2734 1629 2807 synodum
1668 2732 2045 2798 declinaverit,
2105 2731 2206 2787 hoc
2311 2740 2529 2795 missam
2561 2737 2735 2794 sancti
2765 2736 2910 2792 Petri
2932 2736 3245 2811 annuatim;
3274 2744 3329 2789 et
3350 2742 3620 2805 praeterea
3644 2730 3837 2787 volumus

620 2838 958 2898 compenset.
1974 2864 1981 2871 -

2311 2831 2443 2886 utin
2475 2846 2545 2901 qu
2571 2827 3128 2899 libetWapentachio
3162 2826 3267 2882 duo
3306 2822 3669 2893 ﬁdelestbani
3693 2833 3737 2876 et
3754 2834 3839 2890 pre-

694 2918 853 2976 XLV.
886 2920 942 2977 Si
971 2921 1254 2993 presbyter
1282 2917 1581 2987 sejustitite
1605 2931 1712 2973 non
1748 2917 2077 2982 submiserit,
2105 2915 2200 2972 scd
2310 2919 2494 2992 sbyter
2515 2919 2747 2975 missalis
2770 2935 2930 2983 unus,
2954 2916 3222 2989 eligantur
3247 2916 3312 2970 ad
3338 2916 3480 2970 hunc
3509 2913 3838 2985 colligendum,

626 3013 847 3066 decreto
876 3010 1117 3081 episcopi
1145 3008 1565 3079 repugnaverit:
1600 3008 1685 3063 vel
1711 3007 1762 3062 id
1784 3004 2154 3077 corrigat.vel
2177 3020 2209 3059 a
2312 3014 2405 3085 qui
2463 3023 2743 3084 acceptum
2777 3014 3024 3086 protinus
3072 3010 3309 3078 tradant,
3344 3009 3680 3079 interposito,
3708 3006 3745 3062 si
3776 3019 3840 3060 ue-

635 3103 1015 3158 communione
1033 3110 1315 3173 separetur
1337 3099 1727 3166 ordiuatorum,
1757 3108 1814 3156 et
1847 3107 2078 3154 exuatur
2100 3105 2209 3153 tam
2313 3121 2465 3164 ccsse
2499 3102 3025 3174 fuerit,juramemo.

631 3207 661 3245 e
692 3192 952 3248 societate
979 3208 1096 3257 sua,
1140 3207 1301 3261 quam
1336 3191 1541 3247 honore
1584 3191 1844 3262 quolibet,
1891 3189 1949 3245 ni
1989 3203 2050 3245 se
2074 3187 2205 3244 sub-
2235 3205 2283 3267 ο
2386 3197 2444 3253 Si
2476 3197 2561 3254 vel
2585 3196 2783 3252 thanus
2807 3196 2972 3267 regis,
3001 3195 3085 3251 vel
3132 3194 3255 3267 quis
3286 3193 3422 3248 alius
3459 3191 3614 3247 fundi
3642 3188 3840 3246 dominus

632 3282 845 3338 miserit
869 3292 924 3337 et
949 3281 1268 3337 luculentius
1290 3281 1636 3339 satisfecerit.

2314 3294 2459 3348 hunc
2514 3289 2832 3355 detinuerit,
2873 3288 3140 3343 mulctam
3188 3284 3389 3351 inferat
3443 3300 3478 3338 ι
3526 3281 3840 3339 semimamst

716 3375 898 3435 XLW-
946 3376 1002 3431 Si
1053 3377 1174 3446 ‘1"53
1218 3376 1391 3447 Ιθιςθω
1417 3376 1655 3431 (“Villam
1682 3374 1769 3433 νει
1802 3374 2096 3430 humanm
2121 3387 2212 3427 ω’
2313 3383 2594 3441 dimidium
2630 3381 2871 3445 Christo,
2894 3389 2949 3436 et
2981 3379 3264 3435 ditnidiutn
3296 3377 3433 3448 regi.

625 3468 923 3523 lutuniatus
951 3467 1132 3534 fuerit,
1163 3469 1366 3523 acriter
1389 3468 1712 3539 corrigatur.

2386 3474 2444 3531 Si
2472 3472 2741 3529 Villaticus
2783 3471 2977 3543 aliquis
3012 3472 3156 3526 hunc
3189 3469 3470 3525 denarium
3496 3477 3594 3523 aut
3620 3465 3841 3525 celaverit,

701 3558 902 3616 XLVII.
938 3559 1204 3616 Debemus
1238 3575 1428 3617 omnes
1478 3560 1646 3615 Deum
1680 3576 1849 3616 unum
1884 3560 2133 3616 venerari
2158 3569 2215 3616 et
2314 3579 2412 3624 aut
2435 3568 2750 3635 detinuerit,
2790 3581 2913 3620 eum
2962 3564 3135 3620 solvat
3180 3562 3428 3618 dominus
3452 3559 3574 3628 ejus
3599 3552 3851 3630 praediatus:

627 3648 890 3719 diligere»
949 3663 1110 3702 "nam
1174 3649 1338 3704 θιίειιη
1396 3647 1555 3704 ﬁdem
1599 3644 1967 3706 Clll‘iSlianam
2032 3659 2216 3705 ῑθηθνθ
2317 3670 2369 3716 et
2404 3662 2455 3715 ia
2479 3658 2972 3730 compensationem
3016 3655 3209 3710 bovem
3245 3652 3427 3723 capiat
3466 3649 3703 3705 villatici.
3733 3641 3845 3713 Quod

626 3742 923 3807 mordicus,
968 3755 1298 3811 omnemque
1336 3741 1714 3813 paganismum
1752 3740 2081 3797 unanimiter
2128 3753 2157 3794 a

2319 3754 2365 3809 si
2396 3750 2647 3809 dominus
2671 3747 3074 3811 detrectaverit,
3120 3744 3391 3814 accipiant
3431 3740 3680 3797 Christus
3710 3747 3753 3794 et
3780 3748 3842 3788 ιτς

613 3832 809 3902 'jiecre.
1902 3880 1923 3885 η

1902 3880 1923 3885 η·
2320 3864 2397 3902 χιι
2427 3860 2555 3901 oras
2580 3844 2634 3901 in
2657 3843 2952 3915 pleniorem
2976 3837 3428 3897 emendationem.

698 3924 756 3980 Si
811 3926 932 3997 quis
994 3924 1157 3996 igitur
1194 3924 1418 3994 posthac
1466 3922 1700 3992 aliquem
1749 3923 2068 3993 cognoverit
2104 3922 2204 3994 qui

2393 3937 2449 3993 Si
2472 3934 2708 3992 decimas
2729 3933 2820 4003 qui
2854 3933 3051 3987 thanus
3074 3937 3158 3985 est
3181 3928 3323 3998 regis
3343 3923 3653 3985 detinuerit,
3680 3919 3736 3974 10
3752 3930 3844 3987 pen-

630 4017 1052 4086 superstitioues
1100 4017 1308 4087 aliquas
1350 4016 1596 4070 ethuicas
1626 4014 1950 4079 exercuerit,
1982 4013 2098 4068 sive
2122 4029 2221 4084 per
2321 4030 2434 4083 dim
2466 3998 2856 4090 'sc‘mimareas,
2887 4036 3170 4092 possessor
3216 4018 3540 4089 praediorum
3575 4029 3626 4069 γι
3660 4019 3710 4066 et
3729 3998 3851 4077 cyth:

628 4106 988 4177 sortilegium,
1017 4106 1130 4160 sive
1183 4120 1279 4174 per
1327 4115 1552 4170 torrem,
1592 4104 1677 4157 vel
1705 4105 1794 4173 qui
1823 4103 2101 4159 veneﬁciis
2129 4105 2220 4160 de-
2322 4136 2446 4179 scus
2474 4135 2569 4176 seu
2601 4130 2843 4190 paganus
2865 4131 2940 4170 χιι
2970 4128 3116 4170 cras,

628 4198 882 4261 lectatur,
923 4207 1020 4251 aut
1068 4195 1208 4250 idola
1259 4196 1430 4250 colit:
1470 4197 1513 4250 si
1568 4196 1763 4250 thanus
1806 4196 1878 4251 sit
1933 4197 2135 4266 regius,
2188 4214 2222 4252 χ
2395 4214 2502 4271 ιη,
2527 4180 2882 4268 prchibcmus
2918 4209 3185 4273 cunmm;
3211 4220 3241 4260 ει
3278 4200 3387 4258 Deo
3426 4210 3512 4257 est
3551 4180 3851 4270 prohibitum.‘

632 4291 972 4346 semimareis
1004 4290 1274 4360 plectitur,
1311 4306 1415 4346 una
1436 4290 1645 4348 scilicet
1666 4291 1959 4349 medietate
1981 4292 2220 4361 Christo,
2324 4317 2385 4362 ui
2412 4322 2571 4362 nemo
2595 4303 2790 4360 halica;
2812 4302 2913 4357 nisi
2944 4313 3166 4355 “xci-cm
3197 4296 3437 4360 unicam,
3465 4302 3518 4349 ci
3549 4293 3683 4346 hanc
3708 4286 3847 4351 utique

632 4383 800 4450 Μίδαι
829 4398 960 4439 Vero
990 4382 1093 4453 ίρεί
1125 4383 1260 4453 “‘85-
2325 4397 2508 4454 debite
2558 4393 2926 4464 coniugatam,
2978 4400 3033 4446 et
3067 4389 3122 4444 in
3152 4394 3440 4458 conspectu
3472 4382 3679 4455 publico
3715 4370 3851 4447 damni

641 4534 659 4549 ο
706 4473 762 4527 Si
793 4474 865 4529 sit
903 4473 1041 4531 alius
1091 4488 1376 4546 possessor
1421 4473 1751 4545 praediorum
1798 4475 1891 4547 qui
1935 4474 2172 4541 fecerit,

2328 4499 2527 4544 antea:
2559 4495 2616 4542 et
2655 4462 2917 4541 utinemo
2952 4480 3353 4538 matrimonium
3391 4476 3673 4532 contrahat
3709 4471 3754 4524 in
3788 4477 3850 4518 co-

631 4566 717 4621 hic
743 4565 1094 4620 semimarcas
1121 4564 1429 4636 dependito,
1463 4566 1813 4621 medietatem
1837 4564 2043 4621 scilicet
2062 4580 2225 4620 uuam
2253 4556 2305 4616 ι)
2329 4582 2582 4655 giiaiione
2616 4595 2734 4643 sua,
2768 4577 2975 4633 scilicet
3025 4572 3163 4628 intra
3192 4571 3417 4644 gradum
3462 4584 3555 4623 seu
3604 4556 3848 4636 seniculum

633 4657 875 4722 Lhristo,
903 4656 1129 4711 alteram
1152 4654 1303 4711 fundi
1327 4656 1470 4712 illius
1500 4655 1739 4714 domino.
2330 4654 2604 4744 qum-ium,
2656 4683 2760 4724 nec
2809 4682 2931 4722 cum
2982 4662 3323 4733 consponsali
3353 4675 3447 4716 sua
3477 4657 3546 4711 ad
3594 4655 3773 4709 fontem
3789 4658 3852 4741 δεῖ

711 4748 767 4801 Si
822 4747 1047 4803 inferior
1074 4747 1343 4818 quispiam
1373 4747 1464 4818 qui
1518 4744 1752 4803 faerbena
1790 4746 2011 4811 dicitur,
2034 4761 2074 4801 ιι
2097 4759 2222 4801 oras
2331 4737 2505 4819 6mm.
2537 4761 2594 4816 Si
2636 4762 2760 4829 quis
2788 4757 3120 4813 comi-arium
3150 4752 3361 4816 {ccci-ii,
3396 4756 3583 4805 careat
3612 4743 3701 4800 Dei
3734 4737 3852 4829 missi

636 4841 833 4896 θοινὶιῐο
1898 4901 1903 4905 ,
2333 4851 2585 4919 ricordia,
2618 4822 2672 4904 ni
2704 4847 3006 4919 resipiscat,
3045 4853 3100 4900 et
3143 4841 3439 4898 secundum
3483 4834 3746 4919 arbitrium
3769 4822 3852 4892 eI'l‘

714 4934 770 4989 Si
811 4935 1008 4989 thanus
1025 4933 1189 5005 fregis
1220 4934 1325 4989 hoc
1352 4934 1405 4989 itt
1439 4934 1531 4989 lite
1555 4935 1858 5005 negaverit,
1882 4936 2227 4991 nominentur
2334 4945 2483 5017 scopi
2510 4915 2961 5012 compensat-terit.
2983 4936 3081 4992 Sin
3102 4934 3335 4990 ulterius
3358 4932 3414 4986 in
3438 4915 3667 4998 aequilia
3692 4928 3852 5017 Ρνοξξιξ

641 5027 690 5072 ei
725 5043 799 5072 \‘ll
831 5037 1291 5072 rnmnnrmtnrns-
1338 5038 1393 5072 et
1439 5029 1669 5072 anninint
1715 5043 1747 5072 ρ
1801 5029 2172 5072 ρηιιςιιησιιῖησ·

2338 5003 2487 5072 λῖο;1α
2522 5003 2786 5072 mnr-inlnr
2850 5029 3076 5072 hnnpsln
3110 5031 3297 5072 careat
3325 5018 3614 5072 sepultura.
3642 5020 3691 5065 et
3734 5023 3758 5060 a
