  <div class='ocr_page' id='page_1' title='image "/cluster/home/n/w/nwhite01/storage/ocr_20150623/138/hvd.32044015471774/270.png"; bbox 0 0 3898 6320; ppageno 0'>
   <div class='ocr_carea' id='block_1_1' title="bbox 95 335 190 391">
    <p class='ocr_par' dir='ltr' id='par_1_1' title="bbox 95 335 190 391">
     <span class='ocr_line' id='line_1_1' title="bbox 95 335 190 391; baseline 0.011 -1"><span class='ocrx_word' id='word_1_1' title='bbox 95 335 190 391; x_wconf 71' lang='lat'><strong>529</strong></span> 
     </span>
    </p>
   </div>
   <div class='ocr_carea' id='block_1_2' title="bbox 1105 337 2362 398">
    <p class='ocr_par' dir='ltr' id='par_1_2' title="bbox 1105 337 2362 398">
     <span class='ocr_line' id='line_1_2' title="bbox 1105 337 2362 398; baseline 0.001 -2"><span class='ocrx_word' id='word_1_2' title='bbox 1105 337 1552 398; x_wconf 34' lang='lat' dir='ltr'><strong>&#39;FRANCORUM</strong></span> <span class='ocrx_word' id='word_1_3' title='bbox 1587 340 1832 397; x_wconf 77' lang='lat' dir='ltr'><strong>REGUM</strong></span> <span class='ocrx_word' id='word_1_4' title='bbox 1871 339 2362 398; x_wconf 80' lang='lat' dir='ltr'><strong>CAPITULARIA.</strong></span> 
     </span>
    </p>
   </div>
   <div class='ocr_carea' id='block_1_3' title="bbox 3257 347 3360 403">
    <p class='ocr_par' dir='ltr' id='par_1_3' title="bbox 3257 347 3360 403">
     <span class='ocr_line' id='line_1_3' title="bbox 3257 347 3360 403; baseline -0.01 0"><span class='ocrx_word' id='word_1_5' title='bbox 3257 347 3360 403; x_wconf 72' lang='lat'><strong>530</strong></span> 
     </span>
    </p>
   </div>
   <div class='ocr_carea' id='block_1_4' title="bbox 95 445 3356 528">
    <p class='ocr_par' dir='ltr' id='par_1_4' title="bbox 95 445 3356 528">
     <span class='ocr_line' id='line_1_4' title="bbox 95 445 3356 528; baseline 0.003 -22"><span class='ocrx_word' id='word_1_6' title='bbox 95 445 252 524; x_wconf 78' lang='lat' dir='ltr'><strong>seculi</strong></span> <span class='ocrx_word' id='word_1_7' title='bbox 303 447 465 520; x_wconf 83' lang='lat' dir='ltr'><strong>hujus</strong></span> <span class='ocrx_word' id='word_1_8' title='bbox 511 448 726 506; x_wconf 90' lang='lat' dir='ltr'><strong>diversa</strong></span> <span class='ocrx_word' id='word_1_9' title='bbox 789 450 1050 521; x_wconf 90' lang='lat' dir='ltr'><strong>qualitate</strong></span> <span class='ocrx_word' id='word_1_10' title='bbox 1118 451 1400 519; x_wconf 97' lang='lat' dir='ltr'><strong>hactenus,</strong></span> <span class='ocrx_word' id='word_1_11' title='bbox 1446 451 1678 508; x_wconf 90' lang='lat' dir='ltr'><strong>Domino</strong></span> <span class='ocrx_word' id='word_1_12' title='bbox 1706 458 1755 517; x_wconf 80' lang='grc' dir='ltr'>Α</span> <span class='ocrx_word' id='word_1_13' title='bbox 1783 451 1886 508; x_wconf 87' lang='lat' dir='ltr'><strong>hoc</strong></span> <span class='ocrx_word' id='word_1_14' title='bbox 1914 451 2076 519; x_wconf 89' lang='lat' dir='ltr'><strong>facto,</strong></span> <span class='ocrx_word' id='word_1_15' title='bbox 2103 453 2244 524; x_wconf 92' lang='lat' dir='ltr'><strong>quod</strong></span> <span class='ocrx_word' id='word_1_16' title='bbox 2285 454 2404 510; x_wconf 84' lang='lat' dir='ltr'><strong>sine</strong></span> <span class='ocrx_word' id='word_1_17' title='bbox 2439 455 2602 512; x_wconf 90' lang='lat' dir='ltr'><strong>dubio</strong></span> <span class='ocrx_word' id='word_1_18' title='bbox 2629 455 2695 514; x_wconf 85' lang='lat' dir='ltr'><strong>ad</strong></span> <span class='ocrx_word' id='word_1_19' title='bbox 2725 463 3045 528; x_wconf 63' lang='lat' dir='ltr'><strong>praesentem</strong></span> <span class='ocrx_word' id='word_1_20' title='bbox 3094 468 3149 514; x_wconf 87' lang='lat' dir='ltr'><strong>et</strong></span> <span class='ocrx_word' id='word_1_21' title='bbox 3193 468 3356 516; x_wconf 60' lang='lat' dir='ltr'><strong>aeter-</strong></span> 
     </span>
    </p>
   </div>
   <div class='ocr_carea' id='block_1_5' title="bbox 97 537 1668 617">
    <p class='ocr_par' dir='ltr' id='par_1_5' title="bbox 97 537 1668 617">
     <span class='ocr_line' id='line_1_5' title="bbox 97 537 1668 617; baseline 0.003 -23"><span class='ocrx_word' id='word_1_22' title='bbox 97 537 428 607; x_wconf 85' lang='lat' dir='ltr'><strong>moderante,</strong></span> <span class='ocrx_word' id='word_1_23' title='bbox 459 542 754 614; x_wconf 84' lang='lat' dir='ltr'><strong>transegit;</strong></span> <span class='ocrx_word' id='word_1_24' title='bbox 784 551 842 598; x_wconf 92' lang='lat' dir='ltr'><strong>et</strong></span> <span class='ocrx_word' id='word_1_25' title='bbox 864 545 1026 599; x_wconf 91' lang='lat' dir='ltr'><strong>modo</strong></span> <span class='ocrx_word' id='word_1_26' title='bbox 1052 544 1442 614; x_wconf 90' lang='lat' dir='ltr'><strong>tranquillitate</strong></span> <span class='ocrx_word' id='word_1_27' title='bbox 1471 545 1668 617; x_wconf 79' lang='lat' dir='ltr'><strong>gravis,</strong></span> 
     </span>
    </p>
   </div>
   <div class='ocr_carea' id='block_1_6' title="bbox 99 630 1670 705">
    <p class='ocr_par' dir='ltr' id='par_1_6' title="bbox 99 630 1670 705">
     <span class='ocr_line' id='line_1_6' title="bbox 99 630 1670 705; baseline 0.001 -18"><span class='ocrx_word' id='word_1_28' title='bbox 99 630 282 687; x_wconf 85' lang='lat' dir='ltr'><strong>amodo</strong></span> <span class='ocrx_word' id='word_1_29' title='bbox 307 639 490 686; x_wconf 89' lang='lat' dir='ltr'><strong>autem</strong></span> <span class='ocrx_word' id='word_1_30' title='bbox 520 633 768 702; x_wconf 75' lang='lat' dir='ltr'><strong>procellae</strong></span> <span class='ocrx_word' id='word_1_31' title='bbox 799 633 1026 705; x_wconf 81' lang='lat' dir='ltr'><strong>alicujus</strong></span> <span class='ocrx_word' id='word_1_32' title='bbox 1049 641 1368 704; x_wconf 80' lang='lat' dir='ltr'><strong>tempestate</strong></span> <span class='ocrx_word' id='word_1_33' title='bbox 1387 651 1670 702; x_wconf 89' lang='lat' dir='ltr'><strong>concussa,</strong></span> 
     </span>
    </p>
   </div>
   <div class='ocr_carea' id='block_1_7' title="bbox 98 723 1674 798">
    <p class='ocr_par' dir='ltr' id='par_1_7' title="bbox 98 723 1674 798">
     <span class='ocr_line' id='line_1_7' title="bbox 98 723 1674 798; baseline 0.004 -19"><span class='ocrx_word' id='word_1_34' title='bbox 98 723 178 779; x_wconf 83' lang='lat' dir='ltr'><strong>sed</strong></span> <span class='ocrx_word' id='word_1_35' title='bbox 208 737 319 778; x_wconf 91' lang='lat' dir='ltr'><strong>non</strong></span> <span class='ocrx_word' id='word_1_36' title='bbox 347 738 735 796; x_wconf 86' lang='lat' dir='ltr'><strong>usquequaque</strong></span> <span class='ocrx_word' id='word_1_37' title='bbox 755 726 1031 794; x_wconf 88' lang='lat' dir='ltr'><strong>demersa;</strong></span> <span class='ocrx_word' id='word_1_38' title='bbox 1063 727 1192 798; x_wconf 90' lang='lat' dir='ltr'><strong>quin</strong></span> <span class='ocrx_word' id='word_1_39' title='bbox 1215 728 1412 798; x_wconf 86' lang='lat' dir='ltr'><strong>potius,</strong></span> <span class='ocrx_word' id='word_1_40' title='bbox 1438 729 1674 785; x_wconf 84' lang='lat' dir='ltr'><strong>excitato</strong></span> 
     </span>
    </p>
   </div>
   <div class='ocr_carea' id='block_1_8' title="bbox 98 815 1671 890">
    <p class='ocr_par' dir='ltr' id='par_1_8' title="bbox 98 815 1671 890">
     <span class='ocr_line' id='line_1_8' title="bbox 98 815 1671 890; baseline 0.003 -19"><span class='ocrx_word' id='word_1_41' title='bbox 98 815 325 871; x_wconf 84' lang='lat' dir='ltr'><strong>ﬁdelium</strong></span> <span class='ocrx_word' id='word_1_42' title='bbox 357 815 611 885; x_wconf 91' lang='lat' dir='ltr'><strong>precibus</strong></span> <span class='ocrx_word' id='word_1_43' title='bbox 661 816 882 874; x_wconf 85' lang='lat' dir='ltr'><strong>Christo</strong></span> <span class='ocrx_word' id='word_1_44' title='bbox 922 833 1022 874; x_wconf 87' lang='lat' dir='ltr'><strong>suo</strong></span> <span class='ocrx_word' id='word_1_45' title='bbox 1050 819 1432 890; x_wconf 80' lang='lat' dir='ltr'><strong>gubernatore,</strong></span> <span class='ocrx_word' id='word_1_46' title='bbox 1466 820 1671 876; x_wconf 88' lang='lat' dir='ltr'><strong>salubri</strong></span> 
     </span>
    </p>
   </div>
   <div class='ocr_carea' id='block_1_9' title="bbox 97 907 1666 982">
    <p class='ocr_par' dir='ltr' id='par_1_9' title="bbox 97 907 1666 982">
     <span class='ocr_line' id='line_1_9' title="bbox 97 907 1666 982; baseline 0.004 -21"><span class='ocrx_word' id='word_1_47' title='bbox 97 907 354 963; x_wconf 84' lang='lat' dir='ltr'><strong>libertatis</strong></span> <span class='ocrx_word' id='word_1_48' title='bbox 378 907 698 976; x_wconf 85' lang='lat' dir='ltr'><strong>securitate,</strong></span> <span class='ocrx_word' id='word_1_49' title='bbox 729 917 892 981; x_wconf 91' lang='lat' dir='ltr'><strong>atque</strong></span> <span class='ocrx_word' id='word_1_50' title='bbox 913 918 1094 982; x_wconf 85' lang='lat' dir='ltr'><strong>optata</strong></span> <span class='ocrx_word' id='word_1_51' title='bbox 1125 911 1320 968; x_wconf 88' lang='lat' dir='ltr'><strong>donata</strong></span> <span class='ocrx_word' id='word_1_52' title='bbox 1354 909 1666 968; x_wconf 79' lang='lat' dir='ltr'><strong>serenitate.</strong></span> 
     </span>
    </p>
   </div>
   <div class='ocr_carea' id='block_1_10' title="bbox 97 999 1670 1081">
    <p class='ocr_par' dir='ltr' id='par_1_10' title="bbox 97 999 1670 1081">
     <span class='ocr_line' id='line_1_10' title="bbox 97 999 1670 1081; baseline 0.004 -25"><span class='ocrx_word' id='word_1_53' title='bbox 97 999 236 1056; x_wconf 82' lang='lat' dir='ltr'><strong>L&#39;nde</strong></span> <span class='ocrx_word' id='word_1_54' title='bbox 256 999 426 1055; x_wconf 89' lang='lat' dir='ltr'><strong>etiam</strong></span> <span class='ocrx_word' id='word_1_55' title='bbox 459 1000 513 1055; x_wconf 92' lang='lat' dir='ltr'><strong>in</strong></span> <span class='ocrx_word' id='word_1_56' title='bbox 552 1002 798 1074; x_wconf 88' lang='lat' dir='ltr'><strong>partibus</strong></span> <span class='ocrx_word' id='word_1_57' title='bbox 836 1003 1010 1060; x_wconf 86' lang='lat' dir='ltr'><strong>nostri</strong></span> <span class='ocrx_word' id='word_1_58' title='bbox 1055 1005 1224 1071; x_wconf 88' lang='lat' dir='ltr'><strong>orbis,</strong></span> <span class='ocrx_word' id='word_1_59' title='bbox 1258 1022 1380 1078; x_wconf 68' lang='lat' dir='ltr'><strong>quae</strong></span> <span class='ocrx_word' id='word_1_60' title='bbox 1431 1016 1670 1081; x_wconf 87' lang='lat' dir='ltr'><strong>tempore</strong></span> 
     </span>
    </p>
   </div>
   <div class='ocr_carea' id='block_1_11' title="bbox 94 1091 1668 1162">
    <p class='ocr_par' dir='ltr' id='par_1_11' title="bbox 94 1091 1668 1162">
     <span class='ocr_line' id='line_1_11' title="bbox 94 1091 1668 1162; baseline 0.006 -17"><span class='ocrx_word' id='word_1_61' title='bbox 94 1091 216 1146; x_wconf 87' lang='lat' dir='ltr'><strong>divae</strong></span> <span class='ocrx_word' id='word_1_62' title='bbox 238 1091 640 1149; x_wconf 88' lang='lat' dir='ltr'><strong>recordationis</strong></span> <span class='ocrx_word' id='word_1_63' title='bbox 686 1093 771 1150; x_wconf 86' lang='lat' dir='ltr'><strong>avi</strong></span> <span class='ocrx_word' id='word_1_64' title='bbox 802 1095 996 1162; x_wconf 89' lang='lat' dir='ltr'><strong>nostri,</strong></span> <span class='ocrx_word' id='word_1_65' title='bbox 1052 1104 1109 1152; x_wconf 87' lang='lat' dir='ltr'><strong>et</strong></span> <span class='ocrx_word' id='word_1_66' title='bbox 1147 1106 1350 1153; x_wconf 64' lang='lat' dir='ltr'><strong>sanctee</strong></span> <span class='ocrx_word' id='word_1_67' title='bbox 1391 1099 1668 1155; x_wconf 66' lang='lat' dir='ltr'><strong>memoria:</strong></span> 
     </span>
    </p>
   </div>
   <div class='ocr_carea' id='block_1_12' title="bbox 93 1183 1667 1262">
    <p class='ocr_par' dir='ltr' id='par_1_12' title="bbox 93 1183 1667 1262">
     <span class='ocr_line' id='line_1_12' title="bbox 93 1183 1667 1262; baseline 0.008 -27"><span class='ocrx_word' id='word_1_68' title='bbox 93 1183 262 1238; x_wconf 88' lang='lat' dir='ltr'><strong>domui</strong></span> <span class='ocrx_word' id='word_1_69' title='bbox 297 1199 366 1240; x_wconf 91' lang='lat' dir='ltr'><strong>ac</strong></span> <span class='ocrx_word' id='word_1_70' title='bbox 392 1184 656 1254; x_wconf 78' lang='lat' dir='ltr'><strong>genitoris</strong></span> <span class='ocrx_word' id='word_1_71' title='bbox 698 1186 890 1255; x_wconf 85' lang='lat' dir='ltr'><strong>nostri,</strong></span> <span class='ocrx_word' id='word_1_72' title='bbox 936 1187 1247 1260; x_wconf 86' lang='lat' dir='ltr'><strong>aliquandiu</strong></span> <span class='ocrx_word' id='word_1_73' title='bbox 1301 1189 1479 1245; x_wconf 81' lang='lat' dir='ltr'><strong>fuerat</strong></span> <span class='ocrx_word' id='word_1_74' title='bbox 1516 1192 1667 1262; x_wconf 85' lang='lat' dir='ltr'><strong>pacis</strong></span> 
     </span>
    </p>
   </div>
   <div class='ocr_carea' id='block_1_13' title="bbox 89 1276 1664 1354">
    <p class='ocr_par' dir='ltr' id='par_1_13' title="bbox 89 1276 1664 1354">
     <span class='ocr_line' id='line_1_13' title="bbox 89 1276 1664 1354; baseline 0.006 -25"><span class='ocrx_word' id='word_1_75' title='bbox 89 1277 355 1333; x_wconf 75' lang='lat' dir='ltr'><strong>suavitate</strong></span> <span class='ocrx_word' id='word_1_76' title='bbox 410 1276 611 1346; x_wconf 62' lang='lat' dir='ltr'><strong>laetata,</strong></span> <span class='ocrx_word' id='word_1_77' title='bbox 661 1279 882 1337; x_wconf 88' lang='lat' dir='ltr'><strong>inimico</strong></span> <span class='ocrx_word' id='word_1_78' title='bbox 929 1280 1167 1348; x_wconf 81' lang='lat' dir='ltr'><strong>homine,</strong></span> <span class='ocrx_word' id='word_1_79' title='bbox 1223 1282 1376 1354; x_wconf 85' lang='lat' dir='ltr'><strong>juxta</strong></span> <span class='ocrx_word' id='word_1_80' title='bbox 1418 1292 1664 1339; x_wconf 87' lang='lat' dir='ltr'><strong>sanctum</strong></span> 
     </span>
    </p>
   </div>
   <div class='ocr_carea' id='block_1_14' title="bbox 85 1368 1665 1445">
    <p class='ocr_par' dir='ltr' id='par_1_14' title="bbox 85 1368 1665 1445">
     <span class='ocr_line' id='line_1_14' title="bbox 85 1368 1665 1445; baseline 0.005 -22"><span class='ocrx_word' id='word_1_81' title='bbox 85 1368 460 1438; x_wconf 77' lang='lat' dir='ltr'><strong>evangelium,</strong></span> <span class='ocrx_word' id='word_1_82' title='bbox 525 1371 579 1425; x_wconf 95' lang='lat' dir='ltr'><strong>in</strong></span> <span class='ocrx_word' id='word_1_83' title='bbox 651 1384 781 1442; x_wconf 89' lang='lat' dir='ltr'><strong>agro</strong></span> <span class='ocrx_word' id='word_1_84' title='bbox 852 1372 1123 1429; x_wconf 90' lang='lat' dir='ltr'><strong>dominico</strong></span> <span class='ocrx_word' id='word_1_85' title='bbox 1202 1376 1665 1445; x_wconf 87' lang='lat' dir='ltr'><strong>superseminante</strong></span> 
     </span>
    </p>
   </div>
   <div class='ocr_carea' id='block_1_15' title="bbox 84 1461 1664 1530">
    <p class='ocr_par' dir='ltr' id='par_1_15' title="bbox 84 1461 1664 1530">
     <span class='ocr_line' id='line_1_15' title="bbox 84 1461 1664 1530; baseline 0.006 -17"><span class='ocrx_word' id='word_1_86' title='bbox 84 1461 368 1517; x_wconf 65' lang='lat' dir='ltr'><strong>discordia:</strong></span> <span class='ocrx_word' id='word_1_87' title='bbox 421 1461 630 1517; x_wconf 85' lang='lat' dir='ltr'><strong>zizania</strong></span> <span class='ocrx_word' id='word_1_88' title='bbox 678 1463 732 1518; x_wconf 92' lang='lat' dir='ltr'><strong>in</strong></span> <span class='ocrx_word' id='word_1_89' title='bbox 799 1464 978 1519; x_wconf 91' lang='lat' dir='ltr'><strong>medio</strong></span> <span class='ocrx_word' id='word_1_90' title='bbox 1044 1465 1231 1530; x_wconf 86' lang='lat' dir='ltr'><strong>tritici,</strong></span> <span class='ocrx_word' id='word_1_91' title='bbox 1307 1467 1416 1522; x_wconf 91' lang='lat' dir='ltr'><strong>Deo</strong></span> <span class='ocrx_word' id='word_1_92' title='bbox 1469 1475 1664 1523; x_wconf 64' lang='lat' dir='ltr'><strong>amata:</strong></span> 
     </span>
    </p>
   </div>
   <div class='ocr_carea' id='block_1_16' title="bbox 77 1550 1663 1622">
    <p class='ocr_par' dir='ltr' id='par_1_16' title="bbox 77 1550 1663 1622">
     <span class='ocr_line' id='line_1_16' title="bbox 77 1550 1663 1622; baseline 0.005 -19"><span class='ocrx_word' id='word_1_93' title='bbox 77 1550 351 1613; x_wconf 86' lang='lat' dir='ltr'><strong>caritatis,</strong></span> <span class='ocrx_word' id='word_1_94' title='bbox 392 1551 526 1606; x_wconf 91' lang='lat' dir='ltr'><strong>adeo</strong></span> <span class='ocrx_word' id='word_1_95' title='bbox 571 1559 654 1606; x_wconf 91' lang='lat' dir='ltr'><strong>est</strong></span> <span class='ocrx_word' id='word_1_96' title='bbox 697 1551 926 1607; x_wconf 83' lang='lat' dir='ltr'><strong>diversis</strong></span> <span class='ocrx_word' id='word_1_97' title='bbox 967 1561 1128 1622; x_wconf 90' lang='lat' dir='ltr'><strong>atque</strong></span> <span class='ocrx_word' id='word_1_98' title='bbox 1177 1555 1418 1612; x_wconf 86' lang='lat' dir='ltr'><strong>adversis</strong></span> <span class='ocrx_word' id='word_1_99' title='bbox 1469 1565 1663 1612; x_wconf 84' lang='lat' dir='ltr'><strong>vexata</strong></span> 
     </span>
    </p>
   </div>
   <div class='ocr_carea' id='block_1_17' title="bbox 69 1640 1660 1719">
    <p class='ocr_par' dir='ltr' id='par_1_17' title="bbox 69 1640 1660 1719">
     <span class='ocr_line' id='line_1_17' title="bbox 69 1640 1660 1719; baseline 0.008 -26"><span class='ocrx_word' id='word_1_100' title='bbox 69 1640 368 1708; x_wconf 89' lang='lat' dir='ltr'><strong>molestiis,</strong></span> <span class='ocrx_word' id='word_1_101' title='bbox 395 1651 585 1698; x_wconf 84' lang='lat' dir='ltr'><strong>utnon</strong></span> <span class='ocrx_word' id='word_1_102' title='bbox 617 1644 734 1700; x_wconf 87' lang='lat' dir='ltr'><strong>sine</strong></span> <span class='ocrx_word' id='word_1_103' title='bbox 767 1646 1002 1701; x_wconf 82' lang='lat' dir='ltr'><strong>maxima</strong></span> <span class='ocrx_word' id='word_1_104' title='bbox 1047 1644 1376 1713; x_wconf 82' lang='lat' dir='ltr'><strong>diliicultatc,</strong></span> <span class='ocrx_word' id='word_1_105' title='bbox 1411 1658 1660 1719; x_wconf 84' lang='lat' dir='ltr'><strong>respectu</strong></span> 
     </span>
    </p>
   </div>
   <div class='ocr_carea' id='block_1_18' title="bbox 63 1732 1660 1808">
    <p class='ocr_par' dir='ltr' id='par_1_18' title="bbox 63 1732 1660 1808">
     <span class='ocr_line' id='line_1_18' title="bbox 63 1732 1660 1808; baseline 0.007 -22"><span class='ocrx_word' id='word_1_106' title='bbox 63 1732 278 1800; x_wconf 81' lang='lat' dir='ltr'><strong>divino,</strong></span> <span class='ocrx_word' id='word_1_107' title='bbox 307 1745 364 1790; x_wconf 89' lang='lat' dir='ltr'><strong>et</strong></span> <span class='ocrx_word' id='word_1_108' title='bbox 391 1735 626 1791; x_wconf 83' lang='lat' dir='ltr'><strong>ﬁdelium</strong></span> <span class='ocrx_word' id='word_1_109' title='bbox 656 1737 750 1791; x_wconf 85' lang='lat' dir='ltr'><strong>Dei</strong></span> <span class='ocrx_word' id='word_1_110' title='bbox 777 1753 841 1794; x_wconf 89' lang='lat' dir='ltr'><strong>ac</strong></span> <span class='ocrx_word' id='word_1_111' title='bbox 885 1747 1198 1794; x_wconf 90' lang='lat' dir='ltr'><strong>nostrorum</strong></span> <span class='ocrx_word' id='word_1_112' title='bbox 1223 1738 1246 1770; x_wconf 72' lang='grc'><strong>⁸</strong></span> <span class='ocrx_word' id='word_1_113' title='bbox 1274 1739 1489 1808; x_wconf 89' lang='lat' dir='ltr'><strong>solatio,</strong></span> <span class='ocrx_word' id='word_1_114' title='bbox 1517 1741 1660 1797; x_wconf 89' lang='lat' dir='ltr'><strong>inter</strong></span> 
     </span>
    </p>
   </div>
   <div class='ocr_carea' id='block_1_19' title="bbox 1775 544 3354 612">
    <p class='ocr_par' dir='ltr' id='par_1_19' title="bbox 1775 544 3354 612">
     <span class='ocr_line' id='line_1_19' title="bbox 1775 544 3354 612; baseline 0.006 -14"><span class='ocrx_word' id='word_1_115' title='bbox 1775 558 1901 598; x_wconf 89' lang='lat' dir='ltr'><strong>nam</strong></span> <span class='ocrx_word' id='word_1_116' title='bbox 1952 545 2122 600; x_wconf 88' lang='lat' dir='ltr'><strong>tendit</strong></span> <span class='ocrx_word' id='word_1_117' title='bbox 2171 544 2421 612; x_wconf 85' lang='lat' dir='ltr'><strong>salutem,</strong></span> <span class='ocrx_word' id='word_1_118' title='bbox 2457 549 2662 604; x_wconf 90' lang='lat' dir='ltr'><strong>sociam</strong></span> <span class='ocrx_word' id='word_1_119' title='bbox 2705 558 2762 606; x_wconf 89' lang='lat' dir='ltr'><strong>et</strong></span> <span class='ocrx_word' id='word_1_120' title='bbox 2804 549 3059 606; x_wconf 90' lang='lat' dir='ltr'><strong>comitem</strong></span> <span class='ocrx_word' id='word_1_121' title='bbox 3091 550 3208 606; x_wconf 87' lang='lat' dir='ltr'><strong>fore</strong></span> <span class='ocrx_word' id='word_1_122' title='bbox 3242 561 3354 608; x_wconf 85' lang='lat' dir='ltr'><strong>tota</strong></span> 
     </span>
    </p>
   </div>
   <div class='ocr_carea' id='block_1_20' title="bbox 1773 635 3358 711">
    <p class='ocr_par' dir='ltr' id='par_1_20' title="bbox 1773 635 3358 711">
     <span class='ocr_line' id='line_1_20' title="bbox 1773 635 3358 711; baseline 0.005 -22"><span class='ocrx_word' id='word_1_123' title='bbox 1773 635 2060 690; x_wconf 89' lang='lat' dir='ltr'><strong>devotione</strong></span> <span class='ocrx_word' id='word_1_124' title='bbox 2101 637 2512 706; x_wconf 87' lang='lat' dir='ltr'><strong>spopondimus,</strong></span> <span class='ocrx_word' id='word_1_125' title='bbox 2557 639 2819 696; x_wconf 83' lang='lat' dir='ltr'><strong>abdicatis</strong></span> <span class='ocrx_word' id='word_1_126' title='bbox 2866 639 3140 708; x_wconf 91' lang='lat' dir='ltr'><strong>omnibus,</strong></span> <span class='ocrx_word' id='word_1_127' title='bbox 3188 656 3358 711; x_wconf 92' lang='lat' dir='ltr'><strong>quan-</strong></span> 
     </span>
    </p>
   </div>
   <div class='ocr_carea' id='block_1_21' title="bbox 1774 727 3355 803">
    <p class='ocr_par' dir='ltr' id='par_1_21' title="bbox 1774 727 3355 803">
     <span class='ocr_line' id='line_1_21' title="bbox 1774 727 3355 803; baseline 0.004 -21"><span class='ocrx_word' id='word_1_128' title='bbox 1774 734 1886 782; x_wconf 92' lang='lat' dir='ltr'><strong>tum</strong></span> <span class='ocrx_word' id='word_1_129' title='bbox 1931 727 2134 796; x_wconf 89' lang='lat' dir='ltr'><strong>patitur</strong></span> <span class='ocrx_word' id='word_1_130' title='bbox 2181 730 2416 786; x_wconf 88' lang='lat' dir='ltr'><strong>humana</strong></span> <span class='ocrx_word' id='word_1_131' title='bbox 2445 731 2732 800; x_wconf 76' lang='lat' dir='ltr'><strong>fragilitas,</strong></span> <span class='ocrx_word' id='word_1_132' title='bbox 2761 747 2880 802; x_wconf 72' lang='lat' dir='ltr'><strong>qute</strong></span> <span class='ocrx_word' id='word_1_133' title='bbox 2922 747 3151 803; x_wconf 87' lang='lat' dir='ltr'><strong>persona</strong></span> <span class='ocrx_word' id='word_1_134' title='bbox 3185 735 3355 790; x_wconf 89' lang='lat' dir='ltr'><strong>nostri</strong></span> 
     </span>
    </p>
   </div>
   <div class='ocr_carea' id='block_1_22' title="bbox 1773 817 3354 894">
    <p class='ocr_par' dir='ltr' id='par_1_22' title="bbox 1773 817 3354 894">
     <span class='ocr_line' id='line_1_22' title="bbox 1773 817 3354 894; baseline 0.006 -22"><span class='ocrx_word' id='word_1_135' title='bbox 1773 817 2051 890; x_wconf 85' lang='lat' dir='ltr'><strong>regiminis</strong></span> <span class='ocrx_word' id='word_1_136' title='bbox 2081 819 2381 890; x_wconf 86' lang='lat' dir='ltr'><strong>ignorantia</strong></span> <span class='ocrx_word' id='word_1_137' title='bbox 2411 836 2505 878; x_wconf 90' lang='lat' dir='ltr'><strong>seu</strong></span> <span class='ocrx_word' id='word_1_138' title='bbox 2541 822 2828 894; x_wconf 89' lang='lat' dir='ltr'><strong>juventute</strong></span> <span class='ocrx_word' id='word_1_139' title='bbox 2869 831 2964 878; x_wconf 87' lang='lat' dir='ltr'><strong>aut</strong></span> <span class='ocrx_word' id='word_1_140' title='bbox 3001 825 3354 888; x_wconf 85' lang='lat' dir='ltr'><strong>necessitate,</strong></span> 
     </span>
    </p>
   </div>
   <div class='ocr_carea' id='block_1_23' title="bbox 1769 912 3349 972">
    <p class='ocr_par' dir='ltr' id='par_1_23' title="bbox 1769 912 3349 972">
     <span class='ocr_line' id='line_1_23' title="bbox 1769 912 3349 972; baseline 0.004 -7"><span class='ocrx_word' id='word_1_141' title='bbox 1769 917 1958 965; x_wconf 87' lang='lat' dir='ltr'><strong>contra</strong></span> <span class='ocrx_word' id='word_1_142' title='bbox 1998 912 2406 966; x_wconf 84' lang='lat' dir='ltr'><strong>convenientem</strong></span> <span class='ocrx_word' id='word_1_143' title='bbox 2443 913 2544 968; x_wconf 86' lang='lat' dir='ltr'><strong>sibi</strong></span> <span class='ocrx_word' id='word_1_144' title='bbox 2573 913 2946 971; x_wconf 89' lang='lat' dir='ltr'><strong>salubritatem</strong></span> <span class='ocrx_word' id='word_1_145' title='bbox 2988 924 3043 970; x_wconf 91' lang='lat' dir='ltr'><strong>et</strong></span> <span class='ocrx_word' id='word_1_146' title='bbox 3091 917 3349 972; x_wconf 89' lang='lat' dir='ltr'><strong>honesta-</strong></span> 
     </span>
    </p>
   </div>
   <div class='ocr_carea' id='block_1_24' title="bbox 1722 1004 3353 1076">
    <p class='ocr_par' dir='ltr' id='par_1_24' title="bbox 1722 1004 3353 1076">
     <span class='ocr_line' id='line_1_24' title="bbox 1722 1004 3353 1076; baseline 0.006 -20"><span class='ocrx_word' id='word_1_147' title='bbox 1722 1009 1729 1018; x_wconf 86' lang='lat'><strong><em>°</em></strong></span> <span class='ocrx_word' id='word_1_148' title='bbox 1770 1009 1900 1068; x_wconf 90' lang='lat' dir='ltr'><strong>tem,</strong></span> <span class='ocrx_word' id='word_1_149' title='bbox 1931 1017 2104 1074; x_wconf 91' lang='lat' dir='ltr'><strong>usque</strong></span> <span class='ocrx_word' id='word_1_150' title='bbox 2130 1004 2289 1060; x_wconf 90' lang='lat' dir='ltr'><strong>modo</strong></span> <span class='ocrx_word' id='word_1_151' title='bbox 2315 1014 2498 1076; x_wconf 79' lang='lat' dir='ltr'><strong>egerat</strong></span> <span class='ocrx_word' id='word_1_152' title='bbox 2530 1015 2623 1062; x_wconf 88' lang='lat' dir='ltr'><strong>aut</strong></span> <span class='ocrx_word' id='word_1_153' title='bbox 2660 1007 2883 1065; x_wconf 89' lang='lat' dir='ltr'><strong>alterius</strong></span> <span class='ocrx_word' id='word_1_154' title='bbox 2918 1016 3036 1064; x_wconf 88' lang='lat' dir='ltr'><strong>astu</strong></span> <span class='ocrx_word' id='word_1_155' title='bbox 3065 1021 3353 1065; x_wconf 80' lang='lat' dir='ltr'><strong>contraxe-</strong></span> 
     </span>
    </p>
   </div>
   <div class='ocr_carea' id='block_1_25' title="bbox 1769 1091 3353 1166">
    <p class='ocr_par' dir='ltr' id='par_1_25' title="bbox 1769 1091 3353 1166">
     <span class='ocr_line' id='line_1_25' title="bbox 1769 1091 3353 1166; baseline 0.006 -20"><span class='ocrx_word' id='word_1_156' title='bbox 1769 1100 1874 1146; x_wconf 89' lang='lat' dir='ltr'><strong>rat.</strong></span> <span class='ocrx_word' id='word_1_157' title='bbox 1931 1091 2050 1160; x_wconf 85' lang='lat' dir='ltr'><strong>Qua</strong></span> <span class='ocrx_word' id='word_1_158' title='bbox 2102 1092 2169 1146; x_wconf 90' lang='lat' dir='ltr'><strong>de</strong></span> <span class='ocrx_word' id='word_1_159' title='bbox 2214 1109 2273 1149; x_wconf 91' lang='lat' dir='ltr'><strong>re</strong></span> <span class='ocrx_word' id='word_1_160' title='bbox 2323 1096 2686 1153; x_wconf 88' lang='lat' dir='ltr'><strong>communiter</strong></span> <span class='ocrx_word' id='word_1_161' title='bbox 2737 1097 2872 1154; x_wconf 90' lang='lat' dir='ltr'><strong>inito</strong></span> <span class='ocrx_word' id='word_1_162' title='bbox 2917 1099 3185 1166; x_wconf 91' lang='lat' dir='ltr'><strong>consilio,</strong></span> <span class='ocrx_word' id='word_1_163' title='bbox 3249 1101 3353 1156; x_wconf 90' lang='lat' dir='ltr'><strong>hoc</strong></span> 
     </span>
    </p>
   </div>
   <div class='ocr_carea' id='block_1_26' title="bbox 1767 1181 3374 1258">
    <p class='ocr_par' dir='ltr' id='par_1_26' title="bbox 1767 1181 3374 1258">
     <span class='ocr_line' id='line_1_26' title="bbox 1767 1181 3374 1258; baseline 0.002 -20"><span class='ocrx_word' id='word_1_164' title='bbox 1767 1181 2024 1254; x_wconf 91' lang='lat' dir='ltr'><strong>scriptum</strong></span> <span class='ocrx_word' id='word_1_165' title='bbox 2071 1183 2189 1239; x_wconf 88' lang='lat' dir='ltr'><strong>ﬁeri</strong></span> <span class='ocrx_word' id='word_1_166' title='bbox 2240 1186 2645 1256; x_wconf 84' lang='lat' dir='ltr'><strong>proposuimus,</strong></span> <span class='ocrx_word' id='word_1_167' title='bbox 2699 1187 2841 1258; x_wconf 91' lang='lat' dir='ltr'><strong>quod</strong></span> <span class='ocrx_word' id='word_1_168' title='bbox 2890 1187 3052 1244; x_wconf 89' lang='lat' dir='ltr'><strong>etiam</strong></span> <span class='ocrx_word' id='word_1_169' title='bbox 3091 1203 3374 1244; x_wconf 90' lang='lat' dir='ltr'><strong>manuum.</strong></span> 
     </span>
    </p>
   </div>
   <div class='ocr_carea' id='block_1_27' title="bbox 1765 1275 3347 1350">
    <p class='ocr_par' dir='ltr' id='par_1_27' title="bbox 1765 1275 3347 1350">
     <span class='ocr_line' id='line_1_27' title="bbox 1765 1275 3347 1350; baseline 0.006 -21"><span class='ocrx_word' id='word_1_170' title='bbox 1765 1275 2006 1330; x_wconf 90' lang='lat' dir='ltr'><strong>omnium</strong></span> <span class='ocrx_word' id='word_1_171' title='bbox 2040 1285 2356 1333; x_wconf 89' lang='lat' dir='ltr'><strong>nostrorum</strong></span> <span class='ocrx_word' id='word_1_172' title='bbox 2394 1279 2795 1350; x_wconf 86' lang='lat' dir='ltr'><strong>subscriptione</strong></span> <span class='ocrx_word' id='word_1_173' title='bbox 2841 1280 3204 1336; x_wconf 88' lang='lat' dir='ltr'><strong>roborandum</strong></span> <span class='ocrx_word' id='word_1_174' title='bbox 3250 1283 3347 1338; x_wconf 88' lang='lat' dir='ltr'><strong>de-</strong></span> 
     </span>
    </p>
   </div>
   <div class='ocr_carea' id='block_1_28' title="bbox 1764 1365 3351 1441">
    <p class='ocr_par' dir='ltr' id='par_1_28' title="bbox 1764 1365 3351 1441">
     <span class='ocr_line' id='line_1_28' title="bbox 1764 1365 3351 1441; baseline 0.004 -21"><span class='ocrx_word' id='word_1_175' title='bbox 1764 1366 2055 1420; x_wconf 86' lang='lat' dir='ltr'><strong>crevimus.</strong></span> <span class='ocrx_word' id='word_1_176' title='bbox 2094 1365 2152 1420; x_wconf 92' lang='lat' dir='ltr'><strong>ln</strong></span> <span class='ocrx_word' id='word_1_177' title='bbox 2175 1381 2284 1436; x_wconf 91' lang='lat' dir='ltr'><strong>quo</strong></span> <span class='ocrx_word' id='word_1_178' title='bbox 2303 1383 2424 1437; x_wconf 84' lang='lat' dir='ltr'><strong>quae</strong></span> <span class='ocrx_word' id='word_1_179' title='bbox 2455 1368 2610 1424; x_wconf 86' lang='lat' dir='ltr'><strong>nobis</strong></span> <span class='ocrx_word' id='word_1_180' title='bbox 2637 1385 2778 1424; x_wconf 90' lang='lat' dir='ltr'><strong>nunc</strong></span> <span class='ocrx_word' id='word_1_181' title='bbox 2807 1369 3078 1441; x_wconf 63' lang='lat' dir='ltr'><strong>praecipue</strong></span> <span class='ocrx_word' id='word_1_182' title='bbox 3107 1371 3173 1424; x_wconf 90' lang='lat' dir='ltr'><strong>ad</strong></span> <span class='ocrx_word' id='word_1_183' title='bbox 3207 1385 3351 1426; x_wconf 91' lang='lat' dir='ltr'><strong>com-</strong></span> 
     </span>
    </p>
   </div>
   <div class='ocr_carea' id='block_1_29' title="bbox 1763 1457 3347 1531">
    <p class='ocr_par' dir='ltr' id='par_1_29' title="bbox 1763 1457 3347 1531">
     <span class='ocr_line' id='line_1_29' title="bbox 1763 1457 3347 1531; baseline 0.004 -22"><span class='ocrx_word' id='word_1_184' title='bbox 1763 1471 1977 1512; x_wconf 88' lang='lat' dir='ltr'><strong>munem</strong></span> <span class='ocrx_word' id='word_1_185' title='bbox 2011 1457 2260 1524; x_wconf 88' lang='lat' dir='ltr'><strong>salutem,</strong></span> <span class='ocrx_word' id='word_1_186' title='bbox 2292 1467 2348 1513; x_wconf 88' lang='lat' dir='ltr'><strong>et</strong></span> <span class='ocrx_word' id='word_1_187' title='bbox 2377 1461 2525 1531; x_wconf 88' lang='lat' dir='ltr'><strong>regni</strong></span> <span class='ocrx_word' id='word_1_188' title='bbox 2552 1460 2885 1516; x_wconf 86' lang='lat' dir='ltr'><strong>soliditatem</strong></span> <span class='ocrx_word' id='word_1_189' title='bbox 2914 1469 3075 1531; x_wconf 91' lang='lat' dir='ltr'><strong>atque</strong></span> <span class='ocrx_word' id='word_1_190' title='bbox 3103 1461 3347 1517; x_wconf 90' lang='lat' dir='ltr'><strong>omnium</strong></span> 
     </span>
    </p>
   </div>
   <div class='ocr_carea' id='block_1_30' title="bbox 1764 1549 3396 1622">
    <p class='ocr_par' dir='ltr' id='par_1_30' title="bbox 1764 1549 3396 1622">
     <span class='ocr_line' id='line_1_30' title="bbox 1764 1549 3396 1622; baseline 0.006 -22"><span class='ocrx_word' id='word_1_191' title='bbox 1764 1557 2073 1602; x_wconf 81' lang='lat' dir='ltr'><strong>nostrorum</strong></span> <span class='ocrx_word' id='word_1_192' title='bbox 2119 1549 2430 1616; x_wconf 90' lang='lat' dir='ltr'><strong>utilitatem,</strong></span> <span class='ocrx_word' id='word_1_193' title='bbox 2473 1551 2640 1608; x_wconf 90' lang='lat' dir='ltr'><strong>immo</strong></span> <span class='ocrx_word' id='word_1_194' title='bbox 2670 1551 3041 1622; x_wconf 87' lang='lat' dir='ltr'><strong>plenissimam</strong></span> <span class='ocrx_word' id='word_1_195' title='bbox 3089 1554 3346 1609; x_wconf 89' lang='lat' dir='ltr'><strong>honesta-</strong></span> <span class='ocrx_word' id='word_1_196' title='bbox 3392 1587 3396 1591; x_wconf 60' lang='grc' dir='ltr'><strong>ρ</strong></span> 
     </span>
    </p>
   </div>
   <div class='ocr_carea' id='block_1_31' title="bbox 1763 1639 3349 1714">
    <p class='ocr_par' dir='ltr' id='par_1_31' title="bbox 1763 1639 3349 1714">
     <span class='ocr_line' id='line_1_31' title="bbox 1763 1639 3349 1714; baseline 0.004 -21"><span class='ocrx_word' id='word_1_197' title='bbox 1763 1648 1870 1694; x_wconf 89' lang='lat' dir='ltr'><strong>tem</strong></span> <span class='ocrx_word' id='word_1_198' title='bbox 1896 1639 2006 1694; x_wconf 87' lang='lat' dir='ltr'><strong>visa</strong></span> <span class='ocrx_word' id='word_1_199' title='bbox 2060 1649 2187 1694; x_wconf 92' lang='lat' dir='ltr'><strong>sunt</strong></span> <span class='ocrx_word' id='word_1_200' title='bbox 2231 1641 2508 1711; x_wconf 86' lang='lat' dir='ltr'><strong>pertinere</strong></span> <span class='ocrx_word' id='word_1_201' title='bbox 2533 1683 2547 1708; x_wconf 90' lang='lat'><strong>,</strong></span> <span class='ocrx_word' id='word_1_202' title='bbox 2585 1643 3010 1714; x_wconf 87' lang='lat' dir='ltr'><strong>conscripsimus</strong></span> <span class='ocrx_word' id='word_1_203' title='bbox 3046 1662 3058 1698; x_wconf 91' lang='lat'><strong>:</strong></span> <span class='ocrx_word' id='word_1_204' title='bbox 3110 1659 3215 1699; x_wconf 91' lang='lat' dir='ltr'><strong>non</strong></span> <span class='ocrx_word' id='word_1_205' title='bbox 3271 1644 3349 1699; x_wconf 86' lang='lat' dir='ltr'><strong>lo-</strong></span> 
     </span>
    </p>
   </div>
   <div class='ocr_carea' id='block_1_32' title="bbox 1759 1732 3349 1804">
    <p class='ocr_par' dir='ltr' id='par_1_32' title="bbox 1759 1732 3349 1804">
     <span class='ocr_line' id='line_1_32' title="bbox 1759 1732 3349 1804; baseline 0.003 -19"><span class='ocrx_word' id='word_1_206' title='bbox 1759 1740 1990 1801; x_wconf 88' lang='lat' dir='ltr'><strong>quentes</strong></span> <span class='ocrx_word' id='word_1_207' title='bbox 2039 1732 2375 1788; x_wconf 88' lang='lat' dir='ltr'><strong>diversarum</strong></span> <span class='ocrx_word' id='word_1_208' title='bbox 2433 1734 2811 1791; x_wconf 89' lang='lat' dir='ltr'><strong>immutatione</strong></span> <span class='ocrx_word' id='word_1_209' title='bbox 2849 1749 3201 1804; x_wconf 87' lang='lat' dir='ltr'><strong>personarum</strong></span> <span class='ocrx_word' id='word_1_210' title='bbox 3230 1776 3246 1801; x_wconf 92' lang='lat'><strong>,</strong></span> <span class='ocrx_word' id='word_1_211' title='bbox 3288 1745 3349 1790; x_wconf 92' lang='lat' dir='ltr'><strong>ut</strong></span> 
     </span>
    </p>
   </div>
   <div class='ocr_carea' id='block_1_33' title="bbox 61 1817 3349 1902">
    <p class='ocr_par' dir='ltr' id='par_1_33' title="bbox 61 1817 3349 1902">
     <span class='ocr_line' id='line_1_33' title="bbox 61 1817 3349 1902; baseline 0.003 -33"><span class='ocrx_word' id='word_1_212' title='bbox 61 1838 168 1879; x_wconf 85' lang='lat' dir='ltr'><strong>nos</strong></span> <span class='ocrx_word' id='word_1_213' title='bbox 201 1824 517 1896; x_wconf 68' lang='lat' dir='ltr'><strong>fratresque</strong></span> <span class='ocrx_word' id='word_1_214' title='bbox 556 1836 773 1884; x_wconf 70' lang='lat' dir='ltr'><strong>nostros</strong></span> <span class='ocrx_word' id='word_1_215' title='bbox 802 1827 1126 1898; x_wconf 61' lang='lat' dir='ltr'><strong>paciﬁcatio,</strong></span> <span class='ocrx_word' id='word_1_216' title='bbox 1168 1837 1222 1884; x_wconf 73' lang='lat' dir='ltr'><strong>et</strong></span> <span class='ocrx_word' id='word_1_217' title='bbox 1267 1830 1477 1900; x_wconf 75' lang='lat' dir='ltr'><strong>paterni</strong></span> <span class='ocrx_word' id='word_1_218' title='bbox 1507 1831 1658 1902; x_wconf 72' lang='lat' dir='ltr'><strong>regni</strong></span> <span class='ocrx_word' id='word_1_219' title='bbox 1687 1817 1734 1877; x_wconf 74' lang='grc' dir='ltr'><strong><em>Β</em></strong></span> <span class='ocrx_word' id='word_1_220' title='bbox 1763 1823 1924 1878; x_wconf 87' lang='lat' dir='ltr'><strong>modo</strong></span> <span class='ocrx_word' id='word_1_221' title='bbox 1956 1824 2154 1896; x_wconf 77' lang='lat' dir='ltr'><strong>regalis</strong></span> <span class='ocrx_word' id='word_1_222' title='bbox 2183 1824 2488 1880; x_wconf 76' lang='lat' dir='ltr'><strong>sublimitas</strong></span> <span class='ocrx_word' id='word_1_223' title='bbox 2508 1866 2523 1891; x_wconf 89' lang='lat'><strong>,</strong></span> <span class='ocrx_word' id='word_1_224' title='bbox 2555 1825 2717 1880; x_wconf 89' lang='lat' dir='ltr'><strong>modo</strong></span> <span class='ocrx_word' id='word_1_225' title='bbox 2754 1825 3076 1896; x_wconf 78' lang='lat' dir='ltr'><strong>episcopalis</strong></span> <span class='ocrx_word' id='word_1_226' title='bbox 3121 1826 3349 1880; x_wconf 85' lang='lat' dir='ltr'><strong>auctori-</strong></span> 
     </span>
    </p>
   </div>
   <div class='ocr_carea' id='block_1_34' title="bbox 58 1917 1661 1988">
    <p class='ocr_par' dir='ltr' id='par_1_34' title="bbox 58 1917 1661 1988">
     <span class='ocr_line' id='line_1_34' title="bbox 58 1917 1661 1988; baseline 0.006 -22"><span class='ocrx_word' id='word_1_227' title='bbox 58 1929 124 1967; x_wconf 82' lang='lat' dir='ltr'><strong>ex</strong></span> <span class='ocrx_word' id='word_1_228' title='bbox 175 1930 455 1972; x_wconf 88' lang='lat' dir='ltr'><strong>consensu</strong></span> <span class='ocrx_word' id='word_1_229' title='bbox 499 1917 712 1984; x_wconf 84' lang='lat' dir='ltr'><strong>divisio,</strong></span> <span class='ocrx_word' id='word_1_230' title='bbox 753 1933 848 1974; x_wconf 90' lang='lat' dir='ltr'><strong>seu</strong></span> <span class='ocrx_word' id='word_1_231' title='bbox 890 1917 1130 1988; x_wconf 87' lang='lat' dir='ltr'><strong>ejusdem</strong></span> <span class='ocrx_word' id='word_1_232' title='bbox 1172 1929 1373 1975; x_wconf 81' lang='lat' dir='ltr'><strong>sanctae</strong></span> <span class='ocrx_word' id='word_1_233' title='bbox 1419 1920 1661 1976; x_wconf 76' lang='lat' dir='ltr'><strong>ecclesiae</strong></span> 
     </span>
    </p>
   </div>
   <div class='ocr_carea' id='block_1_35' title="bbox 57 2002 1660 2079">
    <p class='ocr_par' dir='ltr' id='par_1_35' title="bbox 57 2002 1660 2079">
     <span class='ocr_line' id='line_1_35' title="bbox 57 2002 1660 2079; baseline 0.006 -22"><span class='ocrx_word' id='word_1_234' title='bbox 57 2018 123 2058; x_wconf 87' lang='lat' dir='ltr'><strong>ac</strong></span> <span class='ocrx_word' id='word_1_235' title='bbox 183 2003 371 2060; x_wconf 90' lang='lat' dir='ltr'><strong>ﬁdelis</strong></span> <span class='ocrx_word' id='word_1_236' title='bbox 422 2006 603 2076; x_wconf 87' lang='lat' dir='ltr'><strong>populi</strong></span> <span class='ocrx_word' id='word_1_237' title='bbox 665 2002 936 2063; x_wconf 88' lang='lat' dir='ltr'><strong>tantorum</strong></span> <span class='ocrx_word' id='word_1_238' title='bbox 985 2008 1229 2064; x_wconf 90' lang='lat' dir='ltr'><strong>laborum</strong></span> <span class='ocrx_word' id='word_1_239' title='bbox 1271 2009 1660 2079; x_wconf 87' lang='lat' dir='ltr'><strong>quantulacun-</strong></span> 
     </span>
    </p>
   </div>
   <div class='ocr_carea' id='block_1_36' title="bbox 57 2096 1663 2174">
    <p class='ocr_par' dir='ltr' id='par_1_36' title="bbox 57 2096 1663 2174">
     <span class='ocr_line' id='line_1_36' title="bbox 57 2096 1663 2174; baseline 0.006 -25"><span class='ocrx_word' id='word_1_240' title='bbox 57 2110 169 2163; x_wconf 90' lang='lat' dir='ltr'><strong>que</strong></span> <span class='ocrx_word' id='word_1_241' title='bbox 224 2096 385 2172; x_wconf 88' lang='lat' dir='ltr'><strong>ﬁeret</strong></span> <span class='ocrx_word' id='word_1_242' title='bbox 438 2099 745 2169; x_wconf 89' lang='lat' dir='ltr'><strong>respiratio.</strong></span> <span class='ocrx_word' id='word_1_243' title='bbox 796 2101 1061 2157; x_wconf 90' lang='lat' dir='ltr'><strong>Processu</strong></span> <span class='ocrx_word' id='word_1_244' title='bbox 1111 2116 1242 2158; x_wconf 91' lang='lat' dir='ltr'><strong>vero</strong></span> <span class='ocrx_word' id='word_1_245' title='bbox 1283 2104 1562 2174; x_wconf 91' lang='lat' dir='ltr'><strong>temporis,</strong></span> <span class='ocrx_word' id='word_1_246' title='bbox 1601 2115 1663 2161; x_wconf 93' lang='lat' dir='ltr'><strong>ut</strong></span> 
     </span>
    </p>
   </div>
   <div class='ocr_carea' id='block_1_37' title="bbox 58 2180 1657 2268">
    <p class='ocr_par' dir='ltr' id='par_1_37' title="bbox 58 2180 1657 2268">
     <span class='ocr_line' id='line_1_37' title="bbox 58 2180 1657 2268; baseline 0.009 -30"><span class='ocrx_word' id='word_1_247' title='bbox 58 2185 400 2258; x_wconf 10' lang='lat' dir='ltr'><strong>solent’post</strong></span> <span class='ocrx_word' id='word_1_248' title='bbox 422 2180 726 2248; x_wconf 83' lang='lat' dir='ltr'><strong>condensos</strong></span> <span class='ocrx_word' id='word_1_249' title='bbox 745 2193 886 2249; x_wconf 87' lang='lat' dir='ltr'><strong>aeris</strong></span> <span class='ocrx_word' id='word_1_250' title='bbox 920 2192 1163 2250; x_wconf 89' lang='lat' dir='ltr'><strong>turbines</strong></span> <span class='ocrx_word' id='word_1_251' title='bbox 1204 2195 1425 2250; x_wconf 91' lang='lat' dir='ltr'><strong>nubium</strong></span> <span class='ocrx_word' id='word_1_252' title='bbox 1448 2197 1503 2251; x_wconf 89' lang='lat' dir='ltr'><strong>in</strong></span> <span class='ocrx_word' id='word_1_253' title='bbox 1533 2212 1657 2268; x_wconf 88' lang='lat' dir='ltr'><strong>per-</strong></span> 
     </span>
    </p>
   </div>
   <div class='ocr_carea' id='block_1_38' title="bbox 65 2283 1661 2356">
    <p class='ocr_par' dir='ltr' id='par_1_38' title="bbox 65 2283 1661 2356">
     <span class='ocr_line' id='line_1_38' title="bbox 65 2283 1661 2356; baseline 0.009 -25"><span class='ocrx_word' id='word_1_254' title='bbox 65 2283 408 2336; x_wconf 81' lang='lat' dir='ltr'><strong>transeundo</strong></span> <span class='ocrx_word' id='word_1_255' title='bbox 470 2298 756 2341; x_wconf 91' lang='lat' dir='ltr'><strong>remanere</strong></span> <span class='ocrx_word' id='word_1_256' title='bbox 800 2285 1049 2356; x_wconf 82' lang='lat' dir='ltr'><strong>vestigia,</strong></span> <span class='ocrx_word' id='word_1_257' title='bbox 1117 2286 1459 2356; x_wconf 88' lang='lat' dir='ltr'><strong>restiterunt,</strong></span> <span class='ocrx_word' id='word_1_258' title='bbox 1523 2288 1661 2346; x_wconf 86' lang='lat' dir='ltr'><strong>fate-</strong></span> 
     </span>
    </p>
   </div>
   <div class='ocr_carea' id='block_1_39' title="bbox 67 2372 1661 2446">
    <p class='ocr_par' dir='ltr' id='par_1_39' title="bbox 67 2372 1661 2446">
     <span class='ocr_line' id='line_1_39' title="bbox 67 2372 1661 2446; baseline 0.011 -24"><span class='ocrx_word' id='word_1_259' title='bbox 67 2385 214 2435; x_wconf 87' lang='lat' dir='ltr'><strong>mur,</strong></span> <span class='ocrx_word' id='word_1_260' title='bbox 247 2372 306 2426; x_wconf 89' lang='lat' dir='ltr'><strong>in</strong></span> <span class='ocrx_word' id='word_1_261' title='bbox 337 2373 491 2431; x_wconf 90' lang='lat' dir='ltr'><strong>nobis</strong></span> <span class='ocrx_word' id='word_1_262' title='bbox 517 2384 571 2432; x_wconf 89' lang='lat' dir='ltr'><strong>et</strong></span> <span class='ocrx_word' id='word_1_263' title='bbox 610 2377 664 2432; x_wconf 92' lang='lat' dir='ltr'><strong>in</strong></span> <span class='ocrx_word' id='word_1_264' title='bbox 706 2377 840 2435; x_wconf 89' lang='lat' dir='ltr'><strong>viris</strong></span> <span class='ocrx_word' id='word_1_265' title='bbox 887 2379 1292 2446; x_wconf 85' lang='lat' dir='ltr'><strong>ecclesiasticis,</strong></span> <span class='ocrx_word' id='word_1_266' title='bbox 1349 2395 1558 2438; x_wconf 90' lang='lat' dir='ltr'><strong>necnon</strong></span> <span class='ocrx_word' id='word_1_267' title='bbox 1604 2392 1661 2439; x_wconf 91' lang='lat' dir='ltr'><strong>et</strong></span> 
     </span>
    </p>
   </div>
   <div class='ocr_carea' id='block_1_40' title="bbox 71 2458 1656 2542">
    <p class='ocr_par' dir='ltr' id='par_1_40' title="bbox 71 2458 1656 2542">
     <span class='ocr_line' id='line_1_40' title="bbox 71 2458 1656 2542; baseline 0.011 -30"><span class='ocrx_word' id='word_1_268' title='bbox 71 2458 133 2513; x_wconf 81' lang='lat' dir='ltr'><strong>in</strong></span> <span class='ocrx_word' id='word_1_269' title='bbox 176 2462 254 2516; x_wconf 88' lang='lat' dir='ltr'><strong>rei</strong></span> <span class='ocrx_word' id='word_1_270' title='bbox 300 2462 527 2534; x_wconf 78' lang='lat' dir='ltr'><strong>publicae</strong></span> <span class='ocrx_word' id='word_1_271' title='bbox 590 2476 791 2523; x_wconf 72' lang='lat' dir='ltr'><strong>nostrae</strong></span> <span class='ocrx_word' id='word_1_272' title='bbox 859 2468 1301 2540; x_wconf 87' lang='lat' dir='ltr'><strong>solatiatoribus,</strong></span> <span class='ocrx_word' id='word_1_273' title='bbox 1349 2472 1656 2542; x_wconf 92' lang='lat' dir='ltr'><strong>hujusmodi</strong></span> 
     </span>
    </p>
   </div>
   <div class='ocr_carea' id='block_1_41' title="bbox 88 2553 1657 2630">
    <p class='ocr_par' dir='ltr' id='par_1_41' title="bbox 88 2553 1657 2630">
     <span class='ocr_line' id='line_1_41' title="bbox 88 2553 1657 2630; baseline 0.011 -27"><span class='ocrx_word' id='word_1_274' title='bbox 88 2553 314 2608; x_wconf 76' lang='lat' dir='ltr'><strong>materia:</strong></span> <span class='ocrx_word' id='word_1_275' title='bbox 377 2564 432 2610; x_wconf 91' lang='lat' dir='ltr'><strong>et</strong></span> <span class='ocrx_word' id='word_1_276' title='bbox 485 2555 702 2614; x_wconf 77' lang='lat' dir='ltr'><strong>fomites</strong></span> <span class='ocrx_word' id='word_1_277' title='bbox 761 2560 1190 2630; x_wconf 89' lang='lat' dir='ltr'><strong>dissensionum,</strong></span> <span class='ocrx_word' id='word_1_278' title='bbox 1247 2571 1308 2618; x_wconf 88' lang='lat' dir='ltr'><strong>ut</strong></span> <span class='ocrx_word' id='word_1_279' title='bbox 1369 2563 1657 2622; x_wconf 88' lang='lat' dir='ltr'><strong>manifeste</strong></span> 
     </span>
    </p>
   </div>
   <div class='ocr_carea' id='block_1_42' title="bbox 90 2649 1655 2726">
    <p class='ocr_par' dir='ltr' id='par_1_42' title="bbox 90 2649 1655 2726">
     <span class='ocr_line' id='line_1_42' title="bbox 90 2649 1655 2726; baseline 0.012 -29"><span class='ocrx_word' id='word_1_280' title='bbox 90 2650 372 2710; x_wconf 86' lang='lat' dir='ltr'><strong>patesceret</strong></span> <span class='ocrx_word' id='word_1_281' title='bbox 417 2663 517 2705; x_wconf 89' lang='lat' dir='ltr'><strong>nos</strong></span> <span class='ocrx_word' id='word_1_282' title='bbox 558 2649 737 2706; x_wconf 91' lang='lat' dir='ltr'><strong>divina</strong></span> <span class='ocrx_word' id='word_1_283' title='bbox 775 2653 950 2724; x_wconf 89' lang='lat' dir='ltr'><strong>gratia</strong></span> <span class='ocrx_word' id='word_1_284' title='bbox 997 2654 1264 2726; x_wconf 85' lang='lat' dir='ltr'><strong>indigere,</strong></span> <span class='ocrx_word' id='word_1_285' title='bbox 1309 2665 1366 2711; x_wconf 92' lang='lat' dir='ltr'><strong>ut</strong></span> <span class='ocrx_word' id='word_1_286' title='bbox 1407 2673 1596 2715; x_wconf 91' lang='lat' dir='ltr'><strong>omnes</strong></span> <span class='ocrx_word' id='word_1_287' title='bbox 1623 2673 1655 2714; x_wconf 89' lang='lat' dir='ltr'><strong>a</strong></span> 
     </span>
    </p>
   </div>
   <div class='ocr_carea' id='block_1_43' title="bbox 89 2735 1653 2821">
    <p class='ocr_par' dir='ltr' id='par_1_43' title="bbox 89 2735 1653 2821">
     <span class='ocr_line' id='line_1_43' title="bbox 89 2735 1653 2821; baseline 0.014 -37"><span class='ocrx_word' id='word_1_288' title='bbox 89 2735 319 2805; x_wconf 86' lang='lat' dir='ltr'><strong>contagio</strong></span> <span class='ocrx_word' id='word_1_289' title='bbox 371 2737 544 2794; x_wconf 90' lang='lat' dir='ltr'><strong>morbi</strong></span> <span class='ocrx_word' id='word_1_290' title='bbox 593 2741 808 2811; x_wconf 89' lang='lat' dir='ltr'><strong>pristini</strong></span> <span class='ocrx_word' id='word_1_291' title='bbox 855 2744 1071 2812; x_wconf 85' lang='lat' dir='ltr'><strong>penitus</strong></span> <span class='ocrx_word' id='word_1_292' title='bbox 1124 2761 1470 2817; x_wconf 83' lang='lat' dir='ltr'><strong>exueremur,</strong></span> <span class='ocrx_word' id='word_1_293' title='bbox 1547 2765 1653 2821; x_wconf 89' lang='lat' dir='ltr'><strong>qua</strong></span> 
     </span>
    </p>
   </div>
   <div class='ocr_carea' id='block_1_44' title="bbox 89 2827 1650 2898">
    <p class='ocr_par' dir='ltr' id='par_1_44' title="bbox 89 2827 1650 2898">
     <span class='ocr_line' id='line_1_44' title="bbox 89 2827 1650 2898; baseline 0.012 -21"><span class='ocrx_word' id='word_1_294' title='bbox 89 2827 328 2891; x_wconf 59' lang='lat' dir='ltr'><strong>praeventi</strong></span> <span class='ocrx_word' id='word_1_295' title='bbox 376 2842 615 2898; x_wconf 90' lang='lat' dir='ltr'><strong>eramus,</strong></span> <span class='ocrx_word' id='word_1_296' title='bbox 663 2840 722 2887; x_wconf 89' lang='lat' dir='ltr'><strong>ut</strong></span> <span class='ocrx_word' id='word_1_297' title='bbox 775 2833 1144 2893; x_wconf 85' lang='lat' dir='ltr'><strong>infirmitatem</strong></span> <span class='ocrx_word' id='word_1_298' title='bbox 1190 2854 1531 2897; x_wconf 87' lang='lat' dir='ltr'><strong>communem</strong></span> <span class='ocrx_word' id='word_1_299' title='bbox 1569 2843 1650 2896; x_wconf 86' lang='lat' dir='ltr'><strong>vi-</strong></span> 
     </span>
    </p>
   </div>
   <div class='ocr_carea' id='block_1_45' title="bbox 90 2917 1650 3000">
    <p class='ocr_par' dir='ltr' id='par_1_45' title="bbox 90 2917 1650 3000">
     <span class='ocr_line' id='line_1_45' title="bbox 90 2917 1650 3000; baseline 0.012 -29"><span class='ocrx_word' id='word_1_300' title='bbox 90 2917 202 2973; x_wconf 88' lang='lat' dir='ltr'><strong>dere</strong></span> <span class='ocrx_word' id='word_1_301' title='bbox 265 2936 563 2991; x_wconf 89' lang='lat' dir='ltr'><strong>possemus.</strong></span> <span class='ocrx_word' id='word_1_302' title='bbox 634 2926 973 3000; x_wconf 86' lang='lat' dir='ltr'><strong>Quapropter</strong></span> <span class='ocrx_word' id='word_1_303' title='bbox 1035 2932 1319 2989; x_wconf 84' lang='lat' dir='ltr'><strong>venientes</strong></span> <span class='ocrx_word' id='word_1_304' title='bbox 1369 2934 1422 2989; x_wconf 93' lang='lat' dir='ltr'><strong>in</strong></span> <span class='ocrx_word' id='word_1_305' title='bbox 1483 2950 1650 2991; x_wconf 91' lang='lat' dir='ltr'><strong>unum</strong></span> 
     </span>
    </p>
   </div>
   <div class='ocr_carea' id='block_1_46' title="bbox 91 3005 1645 3094">
    <p class='ocr_par' dir='ltr' id='par_1_46' title="bbox 91 3005 1645 3094">
     <span class='ocr_line' id='line_1_46' title="bbox 91 3005 1645 3094; baseline 0.012 -34"><span class='ocrx_word' id='word_1_306' title='bbox 91 3005 255 3064; x_wconf 85' lang='lat' dir='ltr'><strong>ﬁdeles</strong></span> <span class='ocrx_word' id='word_1_307' title='bbox 296 3013 499 3080; x_wconf 89' lang='lat' dir='ltr'><strong>nostri,</strong></span> <span class='ocrx_word' id='word_1_308' title='bbox 551 3023 661 3070; x_wconf 87' lang='lat' dir='ltr'><strong>tam</strong></span> <span class='ocrx_word' id='word_1_309' title='bbox 702 3017 757 3072; x_wconf 91' lang='lat' dir='ltr'><strong>in</strong></span> <span class='ocrx_word' id='word_1_310' title='bbox 809 3019 1100 3076; x_wconf 88' lang='lat' dir='ltr'><strong>venerabili</strong></span> <span class='ocrx_word' id='word_1_311' title='bbox 1155 3022 1346 3080; x_wconf 89' lang='lat' dir='ltr'><strong>ordine</strong></span> <span class='ocrx_word' id='word_1_312' title='bbox 1386 3024 1645 3094; x_wconf 87' lang='lat' dir='ltr'><strong>clericali,</strong></span> 
     </span>
    </p>
   </div>
   <div class='ocr_carea' id='block_1_47' title="bbox 90 3100 1650 3172">
    <p class='ocr_par' dir='ltr' id='par_1_47' title="bbox 90 3100 1650 3172">
     <span class='ocr_line' id='line_1_47' title="bbox 90 3100 1650 3172; baseline 0.013 -22"><span class='ocrx_word' id='word_1_313' title='bbox 90 3111 232 3165; x_wconf 88' lang='lat' dir='ltr'><strong>quam</strong></span> <span class='ocrx_word' id='word_1_314' title='bbox 259 3109 312 3155; x_wconf 93' lang='lat' dir='ltr'><strong>et</strong></span> <span class='ocrx_word' id='word_1_315' title='bbox 335 3100 592 3160; x_wconf 88' lang='lat' dir='ltr'><strong>inlustres</strong></span> <span class='ocrx_word' id='word_1_316' title='bbox 619 3105 720 3161; x_wconf 87' lang='lat' dir='ltr'><strong>viri</strong></span> <span class='ocrx_word' id='word_1_317' title='bbox 761 3107 816 3162; x_wconf 90' lang='lat' dir='ltr'><strong>in</strong></span> <span class='ocrx_word' id='word_1_318' title='bbox 858 3108 1025 3164; x_wconf 90' lang='lat' dir='ltr'><strong>nobili</strong></span> <span class='ocrx_word' id='word_1_319' title='bbox 1065 3109 1243 3166; x_wconf 87' lang='lat' dir='ltr'><strong>laicali</strong></span> <span class='ocrx_word' id='word_1_320' title='bbox 1286 3111 1474 3169; x_wconf 85' lang='lat' dir='ltr'><strong>habitu</strong></span> <span class='ocrx_word' id='word_1_321' title='bbox 1519 3129 1650 3172; x_wconf 92' lang='lat' dir='ltr'><strong>con-</strong></span> 
     </span>
    </p>
   </div>
   <div class='ocr_carea' id='block_1_48' title="bbox 91 3189 1648 3266">
    <p class='ocr_par' dir='ltr' id='par_1_48' title="bbox 91 3189 1648 3266">
     <span class='ocr_line' id='line_1_48' title="bbox 91 3189 1648 3266; baseline 0.014 -25"><span class='ocrx_word' id='word_1_322' title='bbox 91 3189 265 3256; x_wconf 83' lang='lat' dir='ltr'><strong>stituti,</strong></span> <span class='ocrx_word' id='word_1_323' title='bbox 315 3201 373 3248; x_wconf 91' lang='lat' dir='ltr'><strong>et</strong></span> <span class='ocrx_word' id='word_1_324' title='bbox 413 3195 532 3250; x_wconf 89' lang='lat' dir='ltr'><strong>zelo</strong></span> <span class='ocrx_word' id='word_1_325' title='bbox 581 3197 676 3253; x_wconf 91' lang='lat' dir='ltr'><strong>Dei</strong></span> <span class='ocrx_word' id='word_1_326' title='bbox 715 3200 951 3266; x_wconf 89' lang='lat' dir='ltr'><strong>accensi,</strong></span> <span class='ocrx_word' id='word_1_327' title='bbox 1002 3216 1271 3258; x_wconf 91' lang='lat' dir='ltr'><strong>memores</strong></span> <span class='ocrx_word' id='word_1_328' title='bbox 1311 3205 1497 3261; x_wconf 86' lang='lat' dir='ltr'><strong>etiam</strong></span> <span class='ocrx_word' id='word_1_329' title='bbox 1523 3206 1648 3263; x_wconf 86' lang='lat' dir='ltr'><strong>fidei</strong></span> 
     </span>
    </p>
   </div>
   <div class='ocr_carea' id='block_1_49' title="bbox 92 3281 1650 3352">
    <p class='ocr_par' dir='ltr' id='par_1_49' title="bbox 92 3281 1650 3352">
     <span class='ocr_line' id='line_1_49' title="bbox 92 3281 1650 3352; baseline 0.013 -21"><span class='ocrx_word' id='word_1_330' title='bbox 92 3293 229 3347; x_wconf 83' lang='lat' dir='ltr'><strong>quam</strong></span> <span class='ocrx_word' id='word_1_331' title='bbox 256 3281 357 3352; x_wconf 86' lang='lat' dir='ltr'><strong>ipsi</strong></span> <span class='ocrx_word' id='word_1_332' title='bbox 387 3293 444 3338; x_wconf 77' lang='lat' dir='ltr'><strong>e‘t</strong></span> <span class='ocrx_word' id='word_1_333' title='bbox 464 3294 840 3346; x_wconf 89' lang='lat' dir='ltr'><strong>antecessores</strong></span> <span class='ocrx_word' id='word_1_334' title='bbox 864 3305 1052 3345; x_wconf 86' lang='lat' dir='ltr'><strong>eorum</strong></span> <span class='ocrx_word' id='word_1_335' title='bbox 1097 3293 1300 3348; x_wconf 91' lang='lat' dir='ltr'><strong>nostris</strong></span> <span class='ocrx_word' id='word_1_336' title='bbox 1341 3294 1650 3352; x_wconf 90' lang='lat' dir='ltr'><strong>detulerunt</strong></span> 
     </span>
    </p>
   </div>
   <div class='ocr_carea' id='block_1_50' title="bbox 91 3372 1645 3452">
    <p class='ocr_par' dir='ltr' id='par_1_50' title="bbox 91 3372 1645 3452">
     <span class='ocr_line' id='line_1_50' title="bbox 91 3372 1645 3452; baseline 0.011 -27"><span class='ocrx_word' id='word_1_337' title='bbox 91 3372 573 3445; x_wconf 70' lang='lat' dir='ltr'><strong>praedecessoribus,</strong></span> <span class='ocrx_word' id='word_1_338' title='bbox 622 3388 992 3452; x_wconf 90' lang='lat' dir='ltr'><strong>ponentesque</strong></span> <span class='ocrx_word' id='word_1_339' title='bbox 1057 3391 1183 3439; x_wconf 90' lang='lat' dir='ltr'><strong>ante</strong></span> <span class='ocrx_word' id='word_1_340' title='bbox 1251 3385 1437 3441; x_wconf 92' lang='lat' dir='ltr'><strong>oculos</strong></span> <span class='ocrx_word' id='word_1_341' title='bbox 1510 3387 1645 3443; x_wconf 82' lang='lat' dir='ltr'><strong>dile-</strong></span> 
     </span>
    </p>
   </div>
   <div class='ocr_carea' id='block_1_51' title="bbox 91 3464 1649 3546">
    <p class='ocr_par' dir='ltr' id='par_1_51' title="bbox 91 3464 1649 3546">
     <span class='ocr_line' id='line_1_51' title="bbox 91 3464 1649 3546; baseline 0.012 -28"><span class='ocrx_word' id='word_1_342' title='bbox 91 3464 298 3522; x_wconf 56' lang='lat' dir='ltr'><strong>crionem</strong></span> <span class='ocrx_word' id='word_1_343' title='bbox 323 3477 379 3524; x_wconf 89' lang='lat' dir='ltr'><strong>et</strong></span> <span class='ocrx_word' id='word_1_344' title='bbox 407 3470 724 3528; x_wconf 89' lang='lat' dir='ltr'><strong>ﬁdelitatem</strong></span> <span class='ocrx_word' id='word_1_345' title='bbox 769 3488 930 3544; x_wconf 88' lang='lat' dir='ltr'><strong>quam</strong></span> <span class='ocrx_word' id='word_1_346' title='bbox 977 3473 1136 3531; x_wconf 89' lang='lat' dir='ltr'><strong>nobis</strong></span> <span class='ocrx_word' id='word_1_347' title='bbox 1177 3485 1302 3546; x_wconf 90' lang='lat' dir='ltr'><strong>post</strong></span> <span class='ocrx_word' id='word_1_348' title='bbox 1347 3478 1649 3536; x_wconf 87' lang='lat' dir='ltr'><strong>defunctio-</strong></span> 
     </span>
    </p>
   </div>
   <div class='ocr_carea' id='block_1_52' title="bbox 92 3562 1648 3630">
    <p class='ocr_par' dir='ltr' id='par_1_52' title="bbox 92 3562 1648 3630">
     <span class='ocr_line' id='line_1_52' title="bbox 92 3562 1648 3630; baseline 0.012 -20"><span class='ocrx_word' id='word_1_349' title='bbox 92 3573 193 3613; x_wconf 89' lang='lat' dir='ltr'><strong>nem</strong></span> <span class='ocrx_word' id='word_1_350' title='bbox 214 3562 382 3630; x_wconf 86' lang='lat' dir='ltr'><strong>patris</strong></span> <span class='ocrx_word' id='word_1_351' title='bbox 410 3563 838 3622; x_wconf 85' lang='lat' dir='ltr'><strong>laudabiliteret</strong></span> <span class='ocrx_word' id='word_1_352' title='bbox 876 3568 1347 3626; x_wconf 90' lang='lat' dir='ltr'><strong>continentissime</strong></span> <span class='ocrx_word' id='word_1_353' title='bbox 1397 3587 1648 3629; x_wconf 89' lang='lat' dir='ltr'><strong>servave-</strong></span> 
     </span>
    </p>
   </div>
   <div class='ocr_carea' id='block_1_53' title="bbox 95 3654 1648 3730">
    <p class='ocr_par' dir='ltr' id='par_1_53' title="bbox 95 3654 1648 3730">
     <span class='ocr_line' id='line_1_53' title="bbox 95 3654 1648 3730; baseline 0.012 -27"><span class='ocrx_word' id='word_1_354' title='bbox 95 3660 220 3718; x_wconf 84' lang='lat' dir='ltr'><strong>mnt,</strong></span> <span class='ocrx_word' id='word_1_355' title='bbox 263 3654 556 3712; x_wconf 87' lang='lat' dir='ltr'><strong>secundum</strong></span> <span class='ocrx_word' id='word_1_356' title='bbox 609 3658 752 3728; x_wconf 87' lang='lat' dir='ltr'><strong>quod</strong></span> <span class='ocrx_word' id='word_1_357' title='bbox 791 3659 990 3730; x_wconf 85' lang='lat' dir='ltr'><strong>legitur</strong></span> <span class='ocrx_word' id='word_1_358' title='bbox 1036 3661 1091 3716; x_wconf 93' lang='lat' dir='ltr'><strong>in</strong></span> <span class='ocrx_word' id='word_1_359' title='bbox 1134 3661 1330 3719; x_wconf 90' lang='lat' dir='ltr'><strong>litteris</strong></span> <span class='ocrx_word' id='word_1_360' title='bbox 1388 3664 1648 3722; x_wconf 89' lang='lat' dir='ltr'><strong>divinitus</strong></span> 
     </span>
    </p>
   </div>
   <div class='ocr_carea' id='block_1_54' title="bbox 94 3740 1646 3819">
    <p class='ocr_par' dir='ltr' id='par_1_54' title="bbox 94 3740 1646 3819">
     <span class='ocr_line' id='line_1_54' title="bbox 94 3740 1646 3819; baseline 0.011 -24"><span class='ocrx_word' id='word_1_361' title='bbox 94 3740 365 3813; x_wconf 87' lang='lat' dir='ltr'><strong>inspiratis,</strong></span> <span class='ocrx_word' id='word_1_362' title='bbox 394 3747 642 3804; x_wconf 85' lang='lat' dir='ltr'><strong>hortatus</strong></span> <span class='ocrx_word' id='word_1_363' title='bbox 668 3757 754 3806; x_wconf 90' lang='lat' dir='ltr'><strong>est</strong></span> <span class='ocrx_word' id='word_1_364' title='bbox 779 3749 918 3807; x_wconf 90' lang='lat' dir='ltr'><strong>alter</strong></span> <span class='ocrx_word' id='word_1_365' title='bbox 961 3751 1214 3819; x_wconf 90' lang='lat' dir='ltr'><strong>alterum,</strong></span> <span class='ocrx_word' id='word_1_366' title='bbox 1243 3752 1411 3809; x_wconf 87' lang='lat' dir='ltr'><strong>immo</strong></span> <span class='ocrx_word' id='word_1_367' title='bbox 1457 3755 1646 3812; x_wconf 82' lang='lat' dir='ltr'><strong>omnes</strong></span> 
     </span>
    </p>
   </div>
   <div class='ocr_carea' id='block_1_55' title="bbox 93 3839 1644 3913">
    <p class='ocr_par' dir='ltr' id='par_1_55' title="bbox 93 3839 1644 3913">
     <span class='ocr_line' id='line_1_55' title="bbox 93 3839 1644 3913; baseline 0.009 -21"><span class='ocrx_word' id='word_1_368' title='bbox 93 3851 139 3892; x_wconf 89' lang='lat' dir='ltr'><strong>se</strong></span> <span class='ocrx_word' id='word_1_369' title='bbox 161 3839 380 3897; x_wconf 81' lang='lat' dir='ltr'><strong>invicem</strong></span> <span class='ocrx_word' id='word_1_370' title='bbox 411 3853 740 3901; x_wconf 90' lang='lat' dir='ltr'><strong>monuerunt</strong></span> <span class='ocrx_word' id='word_1_371' title='bbox 767 3845 810 3913; x_wconf 85' lang='grc'>⁸,</span> <span class='ocrx_word' id='word_1_372' title='bbox 839 3854 899 3902; x_wconf 81' lang='grc' dir='ltr'><strong>ιιι</strong></span> <span class='ocrx_word' id='word_1_373' title='bbox 922 3847 1103 3904; x_wconf 89' lang='lat' dir='ltr'><strong>cuncti</strong></span> <span class='ocrx_word' id='word_1_374' title='bbox 1131 3847 1446 3906; x_wconf 86' lang='lat' dir='ltr'><strong>universum</strong></span> <span class='ocrx_word' id='word_1_375' title='bbox 1478 3849 1644 3906; x_wconf 89' lang='lat' dir='ltr'><strong>animi</strong></span> 
     </span>
    </p>
   </div>
   <div class='ocr_carea' id='block_1_56' title="bbox 93 3941 1643 4011">
    <p class='ocr_par' dir='ltr' id='par_1_56' title="bbox 93 3941 1643 4011">
     <span class='ocr_line' id='line_1_56' title="bbox 93 3941 1643 4011; baseline 0.008 -27"><span class='ocrx_word' id='word_1_376' title='bbox 93 3944 346 3989; x_wconf 85' lang='lat' dir='ltr'><strong>rancorem</strong></span> <span class='ocrx_word' id='word_1_377' title='bbox 401 3949 502 4004; x_wconf 85' lang='lat' dir='ltr'><strong>pro</strong></span> <span class='ocrx_word' id='word_1_378' title='bbox 558 3951 884 4007; x_wconf 89' lang='lat' dir='ltr'><strong>quocunque</strong></span> <span class='ocrx_word' id='word_1_379' title='bbox 956 3947 1279 4011; x_wconf 87' lang='lat' dir='ltr'><strong>conceptum</strong></span> <span class='ocrx_word' id='word_1_380' title='bbox 1337 3941 1554 4011; x_wconf 86' lang='lat' dir='ltr'><strong>negotio</strong></span> <span class='ocrx_word' id='word_1_381' title='bbox 1611 3955 1643 3997; x_wconf 85' lang='lat' dir='ltr'><strong>a</strong></span> 
     </span>
    </p>
   </div>
   <div class='ocr_carea' id='block_1_57' title="bbox 92 4026 1646 4098">
    <p class='ocr_par' dir='ltr' id='par_1_57' title="bbox 92 4026 1646 4098">
     <span class='ocr_line' id='line_1_57' title="bbox 92 4026 1646 4098; baseline 0.007 -20"><span class='ocrx_word' id='word_1_382' title='bbox 92 4026 226 4081; x_wconf 85' lang='lat' dir='ltr'><strong>corde</strong></span> <span class='ocrx_word' id='word_1_383' title='bbox 259 4027 649 4098; x_wconf 89' lang='lat' dir='ltr'><strong>propellerent,</strong></span> <span class='ocrx_word' id='word_1_384' title='bbox 679 4038 734 4087; x_wconf 90' lang='lat' dir='ltr'><strong>et</strong></span> <span class='ocrx_word' id='word_1_385' title='bbox 774 4031 828 4086; x_wconf 91' lang='lat' dir='ltr'><strong>in</strong></span> <span class='ocrx_word' id='word_1_386' title='bbox 865 4031 961 4087; x_wconf 90' lang='lat' dir='ltr'><strong>Dei</strong></span> <span class='ocrx_word' id='word_1_387' title='bbox 1009 4031 1286 4089; x_wconf 84' lang='lat' dir='ltr'><strong>voluntate</strong></span> <span class='ocrx_word' id='word_1_388' title='bbox 1329 4047 1394 4088; x_wconf 90' lang='lat' dir='ltr'><strong>ac</strong></span> <span class='ocrx_word' id='word_1_389' title='bbox 1444 4041 1646 4089; x_wconf 82' lang='lat' dir='ltr'><strong>sanctae</strong></span> 
     </span>
    </p>
   </div>
   <div class='ocr_carea' id='block_1_58' title="bbox 93 4116 1645 4190">
    <p class='ocr_par' dir='ltr' id='par_1_58' title="bbox 93 4116 1645 4190">
     <span class='ocr_line' id='line_1_58' title="bbox 93 4116 1645 4190; baseline 0.005 -19"><span class='ocrx_word' id='word_1_390' title='bbox 93 4116 303 4173; x_wconf 73' lang='lat' dir='ltr'><strong>ecclesiae</strong></span> <span class='ocrx_word' id='word_1_391' title='bbox 331 4120 656 4190; x_wconf 90' lang='lat' dir='ltr'><strong>competenti</strong></span> <span class='ocrx_word' id='word_1_392' title='bbox 681 4122 1055 4189; x_wconf 88' lang='lat' dir='ltr'><strong>veneratione,</strong></span> <span class='ocrx_word' id='word_1_393' title='bbox 1096 4137 1190 4179; x_wconf 91' lang='lat' dir='ltr'><strong>seu</strong></span> <span class='ocrx_word' id='word_1_394' title='bbox 1240 4131 1425 4180; x_wconf 90' lang='lat' dir='ltr'><strong>nostra</strong></span> <span class='ocrx_word' id='word_1_395' title='bbox 1474 4123 1645 4180; x_wconf 85' lang='lat' dir='ltr'><strong>ﬁdeli-</strong></span> 
     </span>
    </p>
   </div>
   <div class='ocr_carea' id='block_1_59' title="bbox 95 4209 1641 4286">
    <p class='ocr_par' dir='ltr' id='par_1_59' title="bbox 95 4209 1641 4286">
     <span class='ocr_line' id='line_1_59' title="bbox 95 4209 1641 4286; baseline 0.01 -30"><span class='ocrx_word' id='word_1_396' title='bbox 95 4214 182 4260; x_wconf 74' lang='lat' dir='ltr'><strong>tate</strong></span> <span class='ocrx_word' id='word_1_397' title='bbox 207 4209 489 4276; x_wconf 84' lang='lat' dir='ltr'><strong>servanda,</strong></span> <span class='ocrx_word' id='word_1_398' title='bbox 520 4219 683 4281; x_wconf 87' lang='lat' dir='ltr'><strong>atque</strong></span> <span class='ocrx_word' id='word_1_399' title='bbox 712 4213 895 4268; x_wconf 89' lang='lat' dir='ltr'><strong>debito</strong></span> <span class='ocrx_word' id='word_1_400' title='bbox 921 4213 1130 4270; x_wconf 91' lang='lat' dir='ltr'><strong>honore</strong></span> <span class='ocrx_word' id='word_1_401' title='bbox 1157 4223 1214 4271; x_wconf 91' lang='lat' dir='ltr'><strong>et</strong></span> <span class='ocrx_word' id='word_1_402' title='bbox 1261 4215 1410 4286; x_wconf 86' lang='lat' dir='ltr'><strong>regia</strong></span> <span class='ocrx_word' id='word_1_403' title='bbox 1454 4226 1641 4286; x_wconf 90' lang='lat' dir='ltr'><strong>potes-</strong></span> 
     </span>
    </p>
   </div>
   <div class='ocr_carea' id='block_1_60' title="bbox 93 4293 1642 4374">
    <p class='ocr_par' dir='ltr' id='par_1_60' title="bbox 93 4293 1642 4374">
     <span class='ocr_line' id='line_1_60' title="bbox 93 4293 1642 4374; baseline 0.008 -27"><span class='ocrx_word' id='word_1_404' title='bbox 93 4293 188 4350; x_wconf 81' lang='lat' dir='ltr'><strong>tate</strong></span> <span class='ocrx_word' id='word_1_405' title='bbox 204 4297 522 4354; x_wconf 80' lang='lat' dir='ltr'><strong>stabilienda</strong></span> <span class='ocrx_word' id='word_1_406' title='bbox 552 4309 608 4356; x_wconf 89' lang='lat' dir='ltr'><strong>et</strong></span> <span class='ocrx_word' id='word_1_407' title='bbox 636 4303 1027 4369; x_wconf 88' lang='lat' dir='ltr'><strong>conservanda,</strong></span> <span class='ocrx_word' id='word_1_408' title='bbox 1056 4304 1186 4374; x_wconf 88' lang='lat' dir='ltr'><strong>quin</strong></span> <span class='ocrx_word' id='word_1_409' title='bbox 1223 4304 1389 4360; x_wconf 92' lang='lat' dir='ltr'><strong>etiam</strong></span> <span class='ocrx_word' id='word_1_410' title='bbox 1426 4319 1545 4361; x_wconf 90' lang='lat' dir='ltr'><strong>sese</strong></span> <span class='ocrx_word' id='word_1_411' title='bbox 1586 4305 1642 4360; x_wconf 94' lang='lat' dir='ltr'><strong>in</strong></span> 
     </span>
    </p>
   </div>
   <div class='ocr_carea' id='block_1_61' title="bbox 92 4385 1642 4466">
    <p class='ocr_par' dir='ltr' id='par_1_61' title="bbox 92 4385 1642 4466">
     <span class='ocr_line' id='line_1_61' title="bbox 92 4385 1642 4466; baseline 0.019 -30"><span class='ocrx_word' id='word_1_412' title='bbox 92 4385 218 4450; x_wconf 84' lang='lat' dir='ltr'><strong>pacis</strong></span> <span class='ocrx_word' id='word_1_413' title='bbox 239 4389 528 4445; x_wconf 79' lang='lat' dir='ltr'><strong>concordia</strong></span> <span class='ocrx_word' id='word_1_414' title='bbox 563 4398 617 4446; x_wconf 90' lang='lat' dir='ltr'><strong>et</strong></span> <span class='ocrx_word' id='word_1_415' title='bbox 645 4407 773 4447; x_wconf 87' lang='lat' dir='ltr'><strong>vera</strong></span> <span class='ocrx_word' id='word_1_416' title='bbox 824 4393 1064 4450; x_wconf 89' lang='lat' dir='ltr'><strong>amicitia</strong></span> <span class='ocrx_word' id='word_1_417' title='bbox 1113 4394 1463 4466; x_wconf 73' lang='lat' dir='ltr'><strong>copularent;</strong></span> <span class='ocrx_word' id='word_1_418' title='bbox 1503 4411 1642 4466; x_wconf 69' lang='lat' dir='ltr'><strong>(lua-</strong></span> 
     </span>
    </p>
   </div>
   <div class='ocr_carea' id='block_1_62' title="bbox 93 4476 1642 4554">
    <p class='ocr_par' dir='ltr' id='par_1_62' title="bbox 93 4476 1642 4554">
     <span class='ocr_line' id='line_1_62' title="bbox 93 4476 1642 4554; baseline 0.008 -26"><span class='ocrx_word' id='word_1_419' title='bbox 93 4481 218 4530; x_wconf 76' lang='lat' dir='ltr'><strong>tenus</strong></span> <span class='ocrx_word' id='word_1_420' title='bbox 244 4476 439 4533; x_wconf 69' lang='lat' dir='ltr'><strong>divinae</strong></span> <span class='ocrx_word' id='word_1_421' title='bbox 467 4479 766 4538; x_wconf 87' lang='lat' dir='ltr'><strong>clementiae</strong></span> <span class='ocrx_word' id='word_1_422' title='bbox 789 4482 1069 4553; x_wconf 90' lang='lat' dir='ltr'><strong>placerent</strong></span> <span class='ocrx_word' id='word_1_423' title='bbox 1089 4484 1364 4554; x_wconf 82' lang='lat' dir='ltr'><strong>obnixius,</strong></span> <span class='ocrx_word' id='word_1_424' title='bbox 1389 4493 1446 4540; x_wconf 90' lang='lat' dir='ltr'><strong>et</strong></span> <span class='ocrx_word' id='word_1_425' title='bbox 1466 4486 1532 4540; x_wconf 90' lang='lat' dir='ltr'><strong>de</strong></span> <span class='ocrx_word' id='word_1_426' title='bbox 1556 4501 1642 4542; x_wconf 90' lang='lat' dir='ltr'><strong>re-</strong></span> 
     </span>
    </p>
   </div>
   <div class='ocr_carea' id='block_1_63' title="bbox 90 4566 1638 4647">
    <p class='ocr_par' dir='ltr' id='par_1_63' title="bbox 90 4566 1638 4647">
     <span class='ocr_line' id='line_1_63' title="bbox 90 4566 1638 4647; baseline 0.007 -25"><span class='ocrx_word' id='word_1_427' title='bbox 90 4566 153 4634; x_wconf 76' lang='lat' dir='ltr'><strong>gis</strong></span> <span class='ocrx_word' id='word_1_428' title='bbox 181 4584 240 4624; x_wconf 85' lang='lat' dir='ltr'><strong>ac</strong></span> <span class='ocrx_word' id='word_1_429' title='bbox 261 4570 415 4641; x_wconf 83' lang='lat' dir='ltr'><strong>regni</strong></span> <span class='ocrx_word' id='word_1_430' title='bbox 441 4572 736 4630; x_wconf 85' lang='lat' dir='ltr'><strong>stabilitate</strong></span> <span class='ocrx_word' id='word_1_431' title='bbox 771 4583 828 4630; x_wconf 90' lang='lat' dir='ltr'><strong>et</strong></span> <span class='ocrx_word' id='word_1_432' title='bbox 862 4574 1094 4632; x_wconf 88' lang='lat' dir='ltr'><strong>utilitate</strong></span> <span class='ocrx_word' id='word_1_433' title='bbox 1127 4583 1350 4647; x_wconf 90' lang='lat' dir='ltr'><strong>possent</strong></span> <span class='ocrx_word' id='word_1_434' title='bbox 1401 4584 1638 4634; x_wconf 90' lang='lat' dir='ltr'><strong>tractare</strong></span> 
     </span>
    </p>
   </div>
   <div class='ocr_carea' id='block_1_64' title="bbox 89 4655 1630 4736">
    <p class='ocr_par' dir='ltr' id='par_1_64' title="bbox 89 4655 1630 4736">
     <span class='ocr_line' id='line_1_64' title="bbox 89 4655 1630 4736; baseline 0.009 -28"><span class='ocrx_word' id='word_1_435' title='bbox 89 4655 360 4729; x_wconf 83' lang='lat' dir='ltr'><strong>sublimius,</strong></span> <span class='ocrx_word' id='word_1_436' title='bbox 393 4669 448 4717; x_wconf 90' lang='lat' dir='ltr'><strong>et</strong></span> <span class='ocrx_word' id='word_1_437' title='bbox 475 4677 630 4717; x_wconf 90' lang='lat' dir='ltr'><strong>suum</strong></span> <span class='ocrx_word' id='word_1_438' title='bbox 660 4673 826 4733; x_wconf 85' lang='lat' dir='ltr'><strong>atque</strong></span> <span class='ocrx_word' id='word_1_439' title='bbox 865 4665 1031 4721; x_wconf 91' lang='lat' dir='ltr'><strong>totius</strong></span> <span class='ocrx_word' id='word_1_440' title='bbox 1065 4665 1244 4736; x_wconf 89' lang='lat' dir='ltr'><strong>populi</strong></span> <span class='ocrx_word' id='word_1_441' title='bbox 1290 4681 1630 4724; x_wconf 73' lang='lat' dir='ltr'><strong>communem</strong></span> 
     </span>
    </p>
   </div>
   <div class='ocr_carea' id='block_1_65' title="bbox 85 4746 1630 4827">
    <p class='ocr_par' dir='ltr' id='par_1_65' title="bbox 85 4746 1630 4827">
     <span class='ocr_line' id='line_1_65' title="bbox 85 4746 1630 4827; baseline 0.007 -28"><span class='ocrx_word' id='word_1_442' title='bbox 85 4746 356 4813; x_wconf 85' lang='lat' dir='ltr'><strong>profectum</strong></span> <span class='ocrx_word' id='word_1_443' title='bbox 383 4760 438 4805; x_wconf 91' lang='lat' dir='ltr'><strong>et</strong></span> <span class='ocrx_word' id='word_1_444' title='bbox 469 4753 910 4823; x_wconf 87' lang='lat' dir='ltr'><strong>tranquillitatem</strong></span> <span class='ocrx_word' id='word_1_445' title='bbox 939 4754 1250 4811; x_wconf 87' lang='lat' dir='ltr'><strong>obtinerent</strong></span> <span class='ocrx_word' id='word_1_446' title='bbox 1285 4757 1630 4827; x_wconf 88' lang='lat' dir='ltr'><strong>propensius.</strong></span> 
     </span>
    </p>
   </div>
   <div class='ocr_carea' id='block_1_66' title="bbox 85 4834 1633 4916">
    <p class='ocr_par' dir='ltr' id='par_1_66' title="bbox 85 4834 1633 4916">
     <span class='ocr_line' id='line_1_66' title="bbox 85 4834 1633 4916; baseline 0.009 -27"><span class='ocrx_word' id='word_1_447' title='bbox 85 4834 260 4910; x_wconf 87' lang='lat' dir='ltr'><strong>Sicque</strong></span> <span class='ocrx_word' id='word_1_448' title='bbox 288 4839 397 4896; x_wconf 87' lang='lat' dir='ltr'><strong>Deo</strong></span> <span class='ocrx_word' id='word_1_449' title='bbox 430 4844 645 4899; x_wconf 91' lang='lat' dir='ltr'><strong>amabili</strong></span> <span class='ocrx_word' id='word_1_450' title='bbox 671 4854 834 4916; x_wconf 89' lang='lat' dir='ltr'><strong>atque</strong></span> <span class='ocrx_word' id='word_1_451' title='bbox 857 4846 1112 4901; x_wconf 88' lang='lat' dir='ltr'><strong>laudabili</strong></span> <span class='ocrx_word' id='word_1_452' title='bbox 1140 4857 1410 4903; x_wconf 90' lang='lat' dir='ltr'><strong>conventu</strong></span> <span class='ocrx_word' id='word_1_453' title='bbox 1436 4847 1633 4903; x_wconf 75' lang='lat' dir='ltr'><strong>unani-</strong></span> 
     </span>
    </p>
   </div>
   <div class='ocr_carea' id='block_1_67' title="bbox 85 4929 1636 5008">
    <p class='ocr_par' dir='ltr' id='par_1_67' title="bbox 85 4929 1636 5008">
     <span class='ocr_line' id='line_1_67' title="bbox 85 4929 1636 5008; baseline 0.01 -28"><span class='ocrx_word' id='word_1_454' title='bbox 85 4929 222 4985; x_wconf 89' lang='lat' dir='ltr'><strong>miter</strong></span> <span class='ocrx_word' id='word_1_455' title='bbox 239 4947 301 4987; x_wconf 86' lang='lat' dir='ltr'><strong>ac</strong></span> <span class='ocrx_word' id='word_1_456' title='bbox 331 4933 727 4992; x_wconf 87' lang='lat' dir='ltr'><strong>rationabiliter</strong></span> <span class='ocrx_word' id='word_1_457' title='bbox 745 4947 1079 5008; x_wconf 87' lang='lat' dir='ltr'><strong>perpetrato,</strong></span> <span class='ocrx_word' id='word_1_458' title='bbox 1105 4948 1304 4994; x_wconf 67' lang='lat' dir='ltr'><strong>nostra:</strong></span> <span class='ocrx_word' id='word_1_459' title='bbox 1325 4949 1636 4996; x_wconf 89' lang='lat' dir='ltr'><strong>mansuetu-</strong></span> 
     </span>
    </p>
   </div>
   <div class='ocr_carea' id='block_1_68' title="bbox 84 5027 1642 5106">
    <p class='ocr_par' dir='ltr' id='par_1_68' title="bbox 84 5027 1642 5106">
     <span class='ocr_line' id='line_1_68' title="bbox 84 5027 1642 5106; baseline 0.008 -29"><span class='ocrx_word' id='word_1_460' title='bbox 84 5027 174 5083; x_wconf 89' lang='lat' dir='ltr'><strong>dini</strong></span> <span class='ocrx_word' id='word_1_461' title='bbox 203 5043 354 5085; x_wconf 90' lang='lat' dir='ltr'><strong>suam</strong></span> <span class='ocrx_word' id='word_1_462' title='bbox 393 5030 734 5088; x_wconf 83' lang='lat' dir='ltr'><strong>devotionem</strong></span> <span class='ocrx_word' id='word_1_463' title='bbox 759 5043 816 5088; x_wconf 91' lang='lat' dir='ltr'><strong>et</strong></span> <span class='ocrx_word' id='word_1_464' title='bbox 855 5034 1123 5090; x_wconf 90' lang='lat' dir='ltr'><strong>actionem</strong></span> <span class='ocrx_word' id='word_1_465' title='bbox 1171 5033 1486 5090; x_wconf 82' lang='lat' dir='ltr'><strong>fidelissime</strong></span> <span class='ocrx_word' id='word_1_466' title='bbox 1513 5051 1642 5106; x_wconf 89' lang='lat' dir='ltr'><strong>sug-</strong></span> 
     </span>
    </p>
   </div>
   <div class='ocr_carea' id='block_1_69' title="bbox 79 5119 1638 5196">
    <p class='ocr_par' dir='ltr' id='par_1_69' title="bbox 79 5119 1638 5196">
     <span class='ocr_line' id='line_1_69' title="bbox 79 5119 1638 5196; baseline 0.005 -24"><span class='ocrx_word' id='word_1_467' title='bbox 79 5129 355 5186; x_wconf 79' lang='lat' dir='ltr'><strong>gesserunt.</strong></span> <span class='ocrx_word' id='word_1_468' title='bbox 381 5119 491 5177; x_wconf 91' lang='lat' dir='ltr'><strong>Nos</strong></span> <span class='ocrx_word' id='word_1_469' title='bbox 520 5132 702 5179; x_wconf 90' lang='lat' dir='ltr'><strong>autem</strong></span> <span class='ocrx_word' id='word_1_470' title='bbox 724 5132 870 5179; x_wconf 90' lang='lat' dir='ltr'><strong>tanta</strong></span> <span class='ocrx_word' id='word_1_471' title='bbox 898 5123 1134 5179; x_wconf 85' lang='lat' dir='ltr'><strong>fidelium</strong></span> <span class='ocrx_word' id='word_1_472' title='bbox 1161 5139 1288 5196; x_wconf 87' lang='lat' dir='ltr'><strong>erga</strong></span> <span class='ocrx_word' id='word_1_473' title='bbox 1311 5126 1638 5181; x_wconf 86' lang='lat' dir='ltr'><strong>dominatio-</strong></span> 
     </span>
    </p>
   </div>
   <div class='ocr_carea' id='block_1_70' title="bbox 77 5215 1635 5289">
    <p class='ocr_par' dir='ltr' id='par_1_70' title="bbox 77 5215 1635 5289">
     <span class='ocr_line' id='line_1_70' title="bbox 77 5215 1635 5289; baseline 0.008 -28"><span class='ocrx_word' id='word_1_474' title='bbox 77 5224 182 5263; x_wconf 87' lang='lat' dir='ltr'><strong>nem</strong></span> <span class='ocrx_word' id='word_1_475' title='bbox 223 5220 460 5267; x_wconf 89' lang='lat' dir='ltr'><strong>nostram</strong></span> <span class='ocrx_word' id='word_1_476' title='bbox 509 5215 784 5271; x_wconf 89' lang='lat' dir='ltr'><strong>subtiliter</strong></span> <span class='ocrx_word' id='word_1_477' title='bbox 823 5226 1105 5286; x_wconf 88' lang='lat' dir='ltr'><strong>perspecta</strong></span> <span class='ocrx_word' id='word_1_478' title='bbox 1163 5218 1527 5289; x_wconf 82' lang='lat' dir='ltr'><strong>benignitate,</strong></span> <span class='ocrx_word' id='word_1_479' title='bbox 1576 5227 1635 5273; x_wconf 93' lang='lat' dir='ltr'><strong>ut</strong></span> 
     </span>
    </p>
   </div>
   <div class='ocr_carea' id='block_1_71' title="bbox 74 5293 1636 5380">
    <p class='ocr_par' dir='ltr' id='par_1_71' title="bbox 74 5293 1636 5380">
     <span class='ocr_line' id='line_1_71' title="bbox 74 5293 1636 5380; baseline 0.008 -27"><span class='ocrx_word' id='word_1_480' title='bbox 74 5315 220 5356; x_wconf 87' lang='lat' dir='ltr'><strong>causa</strong></span> <span class='ocrx_word' id='word_1_481' title='bbox 249 5318 345 5372; x_wconf 88' lang='lat' dir='ltr'><strong>pro</strong></span> <span class='ocrx_word' id='word_1_482' title='bbox 373 5305 455 5359; x_wconf 93' lang='lat' dir='ltr'><strong>sui</strong></span> <span class='ocrx_word' id='word_1_483' title='bbox 478 5293 674 5362; x_wconf 78' lang='lat' dir='ltr'><strong>merito</strong></span> <span class='ocrx_word' id='word_1_484' title='bbox 694 5307 964 5378; x_wconf 81' lang='lat' dir='ltr'><strong>exigebat,</strong></span> <span class='ocrx_word' id='word_1_485' title='bbox 994 5309 1074 5365; x_wconf 91' lang='lat' dir='ltr'><strong>eis</strong></span> <span class='ocrx_word' id='word_1_486' title='bbox 1099 5311 1396 5379; x_wconf 85' lang='lat' dir='ltr'><strong>condignas</strong></span> <span class='ocrx_word' id='word_1_487' title='bbox 1433 5311 1636 5380; x_wconf 84' lang='lat' dir='ltr'><strong>gratia-</strong></span> 
     </span>
    </p>
   </div>
   <div class='ocr_carea' id='block_1_72' title="bbox 71 5394 1632 5470">
    <p class='ocr_par' dir='ltr' id='par_1_72' title="bbox 71 5394 1632 5470">
     <span class='ocr_line' id='line_1_72' title="bbox 71 5394 1632 5470; baseline 0.008 -27"><span class='ocrx_word' id='word_1_488' title='bbox 71 5407 176 5445; x_wconf 87' lang='lat' dir='ltr'><strong>rum</strong></span> <span class='ocrx_word' id='word_1_489' title='bbox 201 5394 436 5450; x_wconf 87' lang='lat' dir='ltr'><strong>actiones</strong></span> <span class='ocrx_word' id='word_1_490' title='bbox 468 5396 771 5465; x_wconf 90' lang='lat' dir='ltr'><strong>retulimus,</strong></span> <span class='ocrx_word' id='word_1_491' title='bbox 799 5407 856 5454; x_wconf 83' lang='lat' dir='ltr'><strong>et</strong></span> <span class='ocrx_word' id='word_1_492' title='bbox 884 5414 985 5456; x_wconf 89' lang='lat' dir='ltr'><strong>nos</strong></span> <span class='ocrx_word' id='word_1_493' title='bbox 1008 5410 1354 5470; x_wconf 89' lang='lat' dir='ltr'><strong>nostramque</strong></span> <span class='ocrx_word' id='word_1_494' title='bbox 1396 5408 1632 5470; x_wconf 89' lang='lat' dir='ltr'><strong>potesta-</strong></span> 
     </span>
    </p>
   </div>
   <div class='ocr_carea' id='block_1_73' title="bbox 69 5483 1627 5561">
    <p class='ocr_par' dir='ltr' id='par_1_73' title="bbox 69 5483 1627 5561">
     <span class='ocr_line' id='line_1_73' title="bbox 69 5483 1627 5561; baseline 0.008 -27"><span class='ocrx_word' id='word_1_495' title='bbox 69 5491 165 5534; x_wconf 88' lang='lat' dir='ltr'><strong>tem</strong></span> <span class='ocrx_word' id='word_1_496' title='bbox 188 5496 370 5537; x_wconf 87' lang='lat' dir='ltr'><strong>eorum</strong></span> <span class='ocrx_word' id='word_1_497' title='bbox 392 5483 548 5542; x_wconf 71' lang='lat' dir='ltr'><strong>bona:</strong></span> <span class='ocrx_word' id='word_1_498' title='bbox 576 5489 964 5546; x_wconf 84' lang='lat' dir='ltr'><strong>convenientiae</strong></span> <span class='ocrx_word' id='word_1_499' title='bbox 988 5506 1084 5561; x_wconf 91' lang='lat' dir='ltr'><strong>per</strong></span> <span class='ocrx_word' id='word_1_500' title='bbox 1118 5491 1546 5547; x_wconf 88' lang='lat' dir='ltr'><strong>benevolentiam</strong></span> <span class='ocrx_word' id='word_1_501' title='bbox 1572 5492 1627 5546; x_wconf 88' lang='lat' dir='ltr'><strong>in</strong></span> 
     </span>
    </p>
   </div>
   <div class='ocr_carea' id='block_1_74' title="bbox 1760 1915 3344 1985">
    <p class='ocr_par' dir='ltr' id='par_1_74' title="bbox 1760 1915 3344 1985">
     <span class='ocr_line' id='line_1_74' title="bbox 1760 1915 3344 1985; baseline 0.001 -16"><span class='ocrx_word' id='word_1_502' title='bbox 1760 1923 1868 1980; x_wconf 89' lang='lat' dir='ltr'><strong>tas,</strong></span> <span class='ocrx_word' id='word_1_503' title='bbox 1925 1916 2087 1970; x_wconf 91' lang='lat' dir='ltr'><strong>modo</strong></span> <span class='ocrx_word' id='word_1_504' title='bbox 2135 1925 2313 1970; x_wconf 89' lang='lat' dir='ltr'><strong>autem</strong></span> <span class='ocrx_word' id='word_1_505' title='bbox 2359 1916 2598 1971; x_wconf 87' lang='lat' dir='ltr'><strong>ﬁdelium</strong></span> <span class='ocrx_word' id='word_1_506' title='bbox 2654 1915 2907 1985; x_wconf 87' lang='lat' dir='ltr'><strong>loquatur</strong></span> <span class='ocrx_word' id='word_1_507' title='bbox 2957 1916 3344 1984; x_wconf 84' lang='lat' dir='ltr'><strong>commoditas;</strong></span> 
     </span>
    </p>
   </div>
   <div class='ocr_carea' id='block_1_75' title="bbox 1759 2007 3344 2080">
    <p class='ocr_par' dir='ltr' id='par_1_75' title="bbox 1759 2007 3344 2080">
     <span class='ocr_line' id='line_1_75' title="bbox 1759 2007 3344 2080; baseline -0.003 -15"><span class='ocrx_word' id='word_1_508' title='bbox 1759 2007 1851 2065; x_wconf 89' lang='lat' dir='ltr'><strong>sed</strong></span> <span class='ocrx_word' id='word_1_509' title='bbox 1888 2009 2183 2065; x_wconf 87' lang='lat' dir='ltr'><strong>secundum</strong></span> <span class='ocrx_word' id='word_1_510' title='bbox 2223 2009 2553 2080; x_wconf 89' lang='lat' dir='ltr'><strong>apostolum,</strong></span> <span class='ocrx_word' id='word_1_511' title='bbox 2583 2009 2684 2063; x_wconf 91' lang='lat' dir='ltr'><strong>sub</strong></span> <span class='ocrx_word' id='word_1_512' title='bbox 2725 2024 2832 2063; x_wconf 91' lang='lat' dir='ltr'><strong>uno</strong></span> <span class='ocrx_word' id='word_1_513' title='bbox 2885 2009 3066 2079; x_wconf 86' lang='lat' dir='ltr'><strong>capite</strong></span> <span class='ocrx_word' id='word_1_514' title='bbox 3103 2008 3344 2072; x_wconf 83' lang='lat' dir='ltr'><strong>Christo,</strong></span> 
     </span>
    </p>
   </div>
   <div class='ocr_carea' id='block_1_76' title="bbox 1759 2098 3344 2168">
    <p class='ocr_par' dir='ltr' id='par_1_76' title="bbox 1759 2098 3344 2168">
     <span class='ocr_line' id='line_1_76' title="bbox 1759 2098 3344 2168; baseline -0.001 -15"><span class='ocrx_word' id='word_1_515' title='bbox 1759 2108 1820 2154; x_wconf 88' lang='lat' dir='ltr'><strong>ut</strong></span> <span class='ocrx_word' id='word_1_516' title='bbox 1849 2113 2038 2154; x_wconf 87' lang='lat' dir='ltr'><strong>revera</strong></span> <span class='ocrx_word' id='word_1_517' title='bbox 2072 2115 2211 2154; x_wconf 90' lang='lat' dir='ltr'><strong>unus</strong></span> <span class='ocrx_word' id='word_1_518' title='bbox 2260 2101 2445 2162; x_wconf 77' lang='lat' dir='ltr'><strong>homo,</strong></span> <span class='ocrx_word' id='word_1_519' title='bbox 2499 2100 2552 2154; x_wconf 90' lang='lat' dir='ltr'><strong>in</strong></span> <span class='ocrx_word' id='word_1_520' title='bbox 2583 2098 2743 2155; x_wconf 92' lang='lat' dir='ltr'><strong>unius</strong></span> <span class='ocrx_word' id='word_1_521' title='bbox 2797 2098 3042 2154; x_wconf 77' lang='lat' dir='ltr'><strong>ecclesia:</strong></span> <span class='ocrx_word' id='word_1_522' title='bbox 3091 2113 3344 2168; x_wconf 87' lang='lat' dir='ltr'><strong>corpore,</strong></span> 
     </span>
    </p>
   </div>
   <div class='ocr_carea' id='block_1_77' title="bbox 1759 2189 3345 2264">
    <p class='ocr_par' dir='ltr' id='par_1_77' title="bbox 1759 2189 3345 2264">
     <span class='ocr_line' id='line_1_77' title="bbox 1759 2189 3345 2264; baseline -0.003 -18"><span class='ocrx_word' id='word_1_523' title='bbox 1759 2192 1955 2264; x_wconf 89' lang='lat' dir='ltr'><strong>singuli</strong></span> <span class='ocrx_word' id='word_1_524' title='bbox 1991 2202 2172 2247; x_wconf 90' lang='lat' dir='ltr'><strong>autem</strong></span> <span class='ocrx_word' id='word_1_525' title='bbox 2221 2192 2367 2248; x_wconf 86' lang='lat' dir='ltr'><strong>alter</strong></span> <span class='ocrx_word' id='word_1_526' title='bbox 2401 2192 2628 2247; x_wconf 90' lang='lat' dir='ltr'><strong>alterius</strong></span> <span class='ocrx_word' id='word_1_527' title='bbox 2683 2190 2949 2255; x_wconf 91' lang='lat' dir='ltr'><strong>membra,</strong></span> <span class='ocrx_word' id='word_1_528' title='bbox 2998 2189 3143 2259; x_wconf 90' lang='lat' dir='ltr'><strong>quod</strong></span> <span class='ocrx_word' id='word_1_529' title='bbox 3174 2190 3345 2260; x_wconf 89' lang='lat' dir='ltr'><strong>prosit</strong></span> 
     </span>
    </p>
   </div>
   <div class='ocr_carea' id='block_1_78' title="bbox 1757 2282 3344 2352">
    <p class='ocr_par' dir='ltr' id='par_1_78' title="bbox 1757 2282 3344 2352">
     <span class='ocr_line' id='line_1_78' title="bbox 1757 2282 3344 2352; baseline -0.003 -11"><span class='ocrx_word' id='word_1_530' title='bbox 1757 2287 2010 2344; x_wconf 89' lang='lat' dir='ltr'><strong>omnibus</strong></span> <span class='ocrx_word' id='word_1_531' title='bbox 2033 2299 2223 2342; x_wconf 88' lang='lat' dir='ltr'><strong>omnes</strong></span> <span class='ocrx_word' id='word_1_532' title='bbox 2247 2285 2579 2342; x_wconf 87' lang='lat' dir='ltr'><strong>unanimiter</strong></span> <span class='ocrx_word' id='word_1_533' title='bbox 2613 2297 2720 2339; x_wconf 89' lang='lat' dir='ltr'><strong>una</strong></span> <span class='ocrx_word' id='word_1_534' title='bbox 2750 2298 2880 2339; x_wconf 91' lang='lat' dir='ltr'><strong>voce</strong></span> <span class='ocrx_word' id='word_1_535' title='bbox 2910 2282 3218 2352; x_wconf 88' lang='lat' dir='ltr'><strong>loquamur,</strong></span> <span class='ocrx_word' id='word_1_536' title='bbox 3248 2297 3344 2352; x_wconf 92' lang='lat' dir='ltr'><strong>per</strong></span> 
     </span>
    </p>
   </div>
   <div class='ocr_carea' id='block_1_79' title="bbox 1757 2371 3340 2448">
    <p class='ocr_par' dir='ltr' id='par_1_79' title="bbox 1757 2371 3340 2448">
     <span class='ocr_line' id='line_1_79' title="bbox 1757 2371 3340 2448; baseline -0.003 -18"><span class='ocrx_word' id='word_1_537' title='bbox 1757 2392 1880 2432; x_wconf 88' lang='lat' dir='ltr'><strong>eum</strong></span> <span class='ocrx_word' id='word_1_538' title='bbox 1907 2387 1964 2433; x_wconf 91' lang='lat' dir='ltr'><strong>et</strong></span> <span class='ocrx_word' id='word_1_539' title='bbox 2003 2378 2056 2432; x_wconf 93' lang='lat' dir='ltr'><strong>in</strong></span> <span class='ocrx_word' id='word_1_540' title='bbox 2084 2393 2149 2433; x_wconf 91' lang='lat' dir='ltr'><strong>eo</strong></span> <span class='ocrx_word' id='word_1_541' title='bbox 2175 2377 2267 2448; x_wconf 90' lang='lat' dir='ltr'><strong>qui</strong></span> <span class='ocrx_word' id='word_1_542' title='bbox 2315 2377 2489 2443; x_wconf 84' lang='lat' dir='ltr'><strong>dixit,</strong></span> <span class='ocrx_word' id='word_1_543' title='bbox 2517 2385 2572 2430; x_wconf 92' lang='lat' dir='ltr'><strong>ct</strong></span> <span class='ocrx_word' id='word_1_544' title='bbox 2600 2375 2667 2431; x_wconf 90' lang='lat' dir='ltr'><strong>de</strong></span> <span class='ocrx_word' id='word_1_545' title='bbox 2697 2389 2806 2446; x_wconf 90' lang='lat' dir='ltr'><strong>quo</strong></span> <span class='ocrx_word' id='word_1_546' title='bbox 2832 2375 3034 2428; x_wconf 89' lang='lat' dir='ltr'><strong>dictum</strong></span> <span class='ocrx_word' id='word_1_547' title='bbox 3057 2382 3142 2429; x_wconf 91' lang='lat' dir='ltr'><strong>est</strong></span> <span class='ocrx_word' id='word_1_548' title='bbox 3171 2391 3184 2427; x_wconf 89' lang='lat'><strong>:</strong></span> <span class='ocrx_word' id='word_1_549' title='bbox 3218 2371 3340 2426; x_wconf 82' lang='lat' dir='ltr'><strong>Non</strong></span> 
     </span>
    </p>
   </div>
   <div class='ocr_carea' id='block_1_80' title="bbox 1756 2462 3340 2538">
    <p class='ocr_par' dir='ltr' id='par_1_80' title="bbox 1756 2462 3340 2538">
     <span class='ocr_line' id='line_1_80' title="bbox 1756 2462 3340 2538; baseline -0.003 -17"><span class='ocrx_word' id='word_1_550' title='bbox 1756 2484 1844 2522; x_wconf 81' lang='lat' dir='ltr'><strong>vos</strong></span> <span class='ocrx_word' id='word_1_551' title='bbox 1868 2469 1992 2525; x_wconf 77' lang='lat' dir='ltr'><strong>estis</strong></span> <span class='ocrx_word' id='word_1_552' title='bbox 2017 2469 2106 2538; x_wconf 87' lang='lat' dir='ltr'><strong>qui</strong></span> <span class='ocrx_word' id='word_1_553' title='bbox 2129 2467 2422 2538; x_wconf 82' lang='lat' dir='ltr'><strong>loquimini,</strong></span> <span class='ocrx_word' id='word_1_554' title='bbox 2452 2467 2542 2521; x_wconf 73' lang='lat' dir='ltr'><strong>sed</strong></span> <span class='ocrx_word' id='word_1_555' title='bbox 2588 2465 2820 2535; x_wconf 72' lang='lat' dir='ltr'><strong>Spiritus</strong></span> <span class='ocrx_word' id='word_1_556' title='bbox 2848 2462 3024 2518; x_wconf 78' lang='lat' dir='ltr'><strong>Patris</strong></span> <span class='ocrx_word' id='word_1_557' title='bbox 3056 2463 3210 2518; x_wconf 78' lang='lat' dir='ltr'><strong>vestri</strong></span> <span class='ocrx_word' id='word_1_558' title='bbox 3252 2465 3340 2535; x_wconf 81' lang='lat' dir='ltr'><strong>qui</strong></span> 
     </span>
    </p>
   </div>
   <div class='ocr_carea' id='block_1_81' title="bbox 1754 2554 2773 2630">
    <p class='ocr_par' dir='ltr' id='par_1_81' title="bbox 1754 2554 2773 2630">
     <span class='ocr_line' id='line_1_81' title="bbox 1754 2554 2773 2630; baseline 0 -18"><span class='ocrx_word' id='word_1_559' title='bbox 1754 2558 1988 2630; x_wconf 84' lang='lat' dir='ltr'><strong>loquitur</strong></span> <span class='ocrx_word' id='word_1_560' title='bbox 2025 2560 2080 2614; x_wconf 89' lang='lat' dir='ltr'><strong>in</strong></span> <span class='ocrx_word' id='word_1_561' title='bbox 2119 2559 2282 2614; x_wconf 81' lang='lat' dir='ltr'><strong>vobis.</strong></span> <span class='ocrx_word' id='word_1_562' title='bbox 2771 2554 2773 2557; x_wconf 74' lang='grc'><strong>’</strong></span> 
     </span>
    </p>
   </div>
   <div class='ocr_carea' id='block_1_82' title="bbox 1826 2645 3337 2715">
    <p class='ocr_par' dir='ltr' id='par_1_82' title="bbox 1826 2645 3337 2715">
     <span class='ocr_line' id='line_1_82' title="bbox 1826 2645 3337 2715; baseline -0.003 -12"><span class='ocrx_word' id='word_1_563' title='bbox 1826 2649 1879 2704; x_wconf 83' lang='grc'><strong>1.</strong></span> <span class='ocrx_word' id='word_1_564' title='bbox 1914 2648 1990 2704; x_wconf 90' lang='lat' dir='ltr'><strong>De</strong></span> <span class='ocrx_word' id='word_1_565' title='bbox 2024 2649 2231 2705; x_wconf 89' lang='lat' dir='ltr'><strong>honore</strong></span> <span class='ocrx_word' id='word_1_566' title='bbox 2259 2647 2514 2704; x_wconf 90' lang='lat' dir='ltr'><strong>videlicet</strong></span> <span class='ocrx_word' id='word_1_567' title='bbox 2542 2656 2597 2704; x_wconf 89' lang='lat' dir='ltr'><strong>et</strong></span> <span class='ocrx_word' id='word_1_568' title='bbox 2640 2647 2790 2703; x_wconf 90' lang='lat' dir='ltr'><strong>cultu</strong></span> <span class='ocrx_word' id='word_1_569' title='bbox 2823 2645 2952 2712; x_wconf 91' lang='lat' dir='ltr'><strong>Dei,</strong></span> <span class='ocrx_word' id='word_1_570' title='bbox 3001 2653 3166 2715; x_wconf 88' lang='lat' dir='ltr'><strong>atque</strong></span> <span class='ocrx_word' id='word_1_571' title='bbox 3212 2660 3337 2700; x_wconf 88' lang='lat' dir='ltr'><strong>san-</strong></span> 
     </span>
    </p>
   </div>
   <div class='ocr_carea' id='block_1_83' title="bbox 1754 2734 3339 2810">
    <p class='ocr_par' dir='ltr' id='par_1_83' title="bbox 1754 2734 3339 2810">
     <span class='ocr_line' id='line_1_83' title="bbox 1754 2734 3339 2810; baseline -0.005 -14"><span class='ocrx_word' id='word_1_572' title='bbox 1754 2749 1966 2796; x_wconf 90' lang='lat' dir='ltr'><strong>ctarum</strong></span> <span class='ocrx_word' id='word_1_573' title='bbox 1996 2739 2379 2806; x_wconf 88' lang='lat' dir='ltr'><strong>ecclesiarum,</strong></span> <span class='ocrx_word' id='word_1_574' title='bbox 2412 2755 2534 2810; x_wconf 71' lang='lat' dir='ltr'><strong>quae</strong></span> <span class='ocrx_word' id='word_1_575' title='bbox 2566 2747 2790 2795; x_wconf 89' lang='lat' dir='ltr'><strong>auctore</strong></span> <span class='ocrx_word' id='word_1_576' title='bbox 2819 2738 2930 2792; x_wconf 91' lang='lat' dir='ltr'><strong>Dco</strong></span> <span class='ocrx_word' id='word_1_577' title='bbox 2949 2777 2964 2803; x_wconf 93' lang='lat'><strong>,</strong></span> <span class='ocrx_word' id='word_1_578' title='bbox 3009 2736 3108 2791; x_wconf 87' lang='lat' dir='ltr'><strong>sub</strong></span> <span class='ocrx_word' id='word_1_579' title='bbox 3136 2734 3339 2790; x_wconf 91' lang='lat' dir='ltr'><strong>ditione</strong></span> 
     </span>
    </p>
   </div>
   <div class='ocr_carea' id='block_1_84' title="bbox 1752 2827 3400 2905">
    <p class='ocr_par' dir='ltr' id='par_1_84' title="bbox 1752 2827 3400 2905">
     <span class='ocr_line' id='line_1_84' title="bbox 1752 2827 3400 2905; baseline -0.005 -18"><span class='ocrx_word' id='word_1_580' title='bbox 1752 2840 1807 2888; x_wconf 91' lang='lat' dir='ltr'><strong>et</strong></span> <span class='ocrx_word' id='word_1_581' title='bbox 1832 2832 2061 2888; x_wconf 89' lang='lat' dir='ltr'><strong>tuitione</strong></span> <span class='ocrx_word' id='word_1_582' title='bbox 2092 2833 2378 2905; x_wconf 85' lang='lat' dir='ltr'><strong>regiminis</strong></span> <span class='ocrx_word' id='word_1_583' title='bbox 2407 2831 2581 2887; x_wconf 91' lang='lat' dir='ltr'><strong>nostri</strong></span> <span class='ocrx_word' id='word_1_584' title='bbox 2623 2830 2947 2894; x_wconf 87' lang='lat' dir='ltr'><strong>consistunt,</strong></span> <span class='ocrx_word' id='word_1_585' title='bbox 2978 2827 3340 2883; x_wconf 89' lang='lat' dir='ltr'><strong>communiter</strong></span> <span class='ocrx_word' id='word_1_586' title='bbox 3385 2839 3400 2848; x_wconf 72' lang='lat'><strong>‘</strong></span> 
     </span>
    </p>
   </div>
   <div class='ocr_carea' id='block_1_85' title="bbox 1751 2921 3337 2988">
    <p class='ocr_par' dir='ltr' id='par_1_85' title="bbox 1751 2921 3337 2988">
     <span class='ocr_line' id='line_1_85' title="bbox 1751 2921 3337 2988; baseline -0.004 -9"><span class='ocrx_word' id='word_1_587' title='bbox 1751 2925 1981 2981; x_wconf 89' lang='lat' dir='ltr'><strong>Domino</strong></span> <span class='ocrx_word' id='word_1_588' title='bbox 2036 2927 2309 2981; x_wconf 89' lang='lat' dir='ltr'><strong>mediante</strong></span> <span class='ocrx_word' id='word_1_589' title='bbox 2363 2925 2750 2987; x_wconf 88' lang='lat' dir='ltr'><strong>decernimus,</strong></span> <span class='ocrx_word' id='word_1_590' title='bbox 2806 2930 2864 2976; x_wconf 90' lang='lat' dir='ltr'><strong>ut</strong></span> <span class='ocrx_word' id='word_1_591' title='bbox 2912 2921 3054 2975; x_wconf 90' lang='lat' dir='ltr'><strong>sicut</strong></span> <span class='ocrx_word' id='word_1_592' title='bbox 3095 2929 3337 2988; x_wconf 85' lang='lat' dir='ltr'><strong>tempore</strong></span> 
     </span>
    </p>
   </div>
   <div class='ocr_carea' id='block_1_86' title="bbox 1749 3013 3356 3087">
    <p class='ocr_par' dir='ltr' id='par_1_86' title="bbox 1749 3013 3356 3087">
     <span class='ocr_line' id='line_1_86' title="bbox 1749 3013 3356 3087; baseline -0.005 -13"><span class='ocrx_word' id='word_1_593' title='bbox 1749 3019 1922 3074; x_wconf 66' lang='lat' dir='ltr'><strong>beatae</strong></span> <span class='ocrx_word' id='word_1_594' title='bbox 1958 3019 2351 3076; x_wconf 89' lang='lat' dir='ltr'><strong>recordationis</strong></span> <span class='ocrx_word' id='word_1_595' title='bbox 2388 3018 2595 3073; x_wconf 90' lang='lat' dir='ltr'><strong>domini</strong></span> <span class='ocrx_word' id='word_1_596' title='bbox 2639 3031 2704 3071; x_wconf 89' lang='lat' dir='ltr'><strong>ac</strong></span> <span class='ocrx_word' id='word_1_597' title='bbox 2739 3015 2999 3087; x_wconf 80' lang='lat' dir='ltr'><strong>genitoris</strong></span> <span class='ocrx_word' id='word_1_598' title='bbox 3043 3013 3214 3070; x_wconf 89' lang='lat' dir='ltr'><strong>nostri</strong></span> <span class='ocrx_word' id='word_1_599' title='bbox 3237 3027 3356 3068; x_wconf 52' lang='lat' dir='ltr'><strong>eam</strong></span> 
     </span>
    </p>
   </div>
   <div class='ocr_carea' id='block_1_87' title="bbox 1753 3105 3334 3182">
    <p class='ocr_par' dir='ltr' id='par_1_87' title="bbox 1753 3105 3334 3182">
     <span class='ocr_line' id='line_1_87' title="bbox 1753 3105 3334 3182; baseline -0.005 -17"><span class='ocrx_word' id='word_1_600' title='bbox 1753 3109 1912 3165; x_wconf 81' lang='lat' dir='ltr'><strong>cultae</strong></span> <span class='ocrx_word' id='word_1_601' title='bbox 1938 3119 1993 3166; x_wconf 92' lang='lat' dir='ltr'><strong>ct</strong></span> <span class='ocrx_word' id='word_1_602' title='bbox 2020 3111 2300 3165; x_wconf 83' lang='lat' dir='ltr'><strong>honoratae</strong></span> <span class='ocrx_word' id='word_1_603' title='bbox 2345 3119 2512 3182; x_wconf 90' lang='lat' dir='ltr'><strong>atque</strong></span> <span class='ocrx_word' id='word_1_604' title='bbox 2567 3110 2732 3164; x_wconf 89' lang='lat' dir='ltr'><strong>rebus</strong></span> <span class='ocrx_word' id='word_1_605' title='bbox 2781 3107 3050 3178; x_wconf 66' lang='lat' dir='ltr'><strong>ampliata:</strong></span> <span class='ocrx_word' id='word_1_606' title='bbox 3093 3105 3334 3169; x_wconf 87' lang='lat' dir='ltr'><strong>fuerunt,</strong></span> 
     </span>
    </p>
   </div>
   <div class='ocr_carea' id='block_1_88' title="bbox 1753 3197 3335 3270">
    <p class='ocr_par' dir='ltr' id='par_1_88' title="bbox 1753 3197 3335 3270">
     <span class='ocr_line' id='line_1_88' title="bbox 1753 3197 3335 3270; baseline -0.004 -15"><span class='ocrx_word' id='word_1_607' title='bbox 1753 3197 1903 3255; x_wconf 89' lang='lat' dir='ltr'><strong>salva</strong></span> <span class='ocrx_word' id='word_1_608' title='bbox 1949 3201 2221 3270; x_wconf 60' lang='lat' dir='ltr'><strong>aequitatis</strong></span> <span class='ocrx_word' id='word_1_609' title='bbox 2260 3200 2473 3255; x_wconf 87' lang='lat' dir='ltr'><strong>ratione</strong></span> <span class='ocrx_word' id='word_1_610' title='bbox 2503 3199 2523 3232; x_wconf 78' lang='grc'>⁸</span> <span class='ocrx_word' id='word_1_611' title='bbox 2555 3199 2632 3254; x_wconf 90' lang='lat' dir='ltr'><strong>ita</strong></span> <span class='ocrx_word' id='word_1_612' title='bbox 2684 3204 3074 3269; x_wconf 88' lang='lat' dir='ltr'><strong>permaneant,</strong></span> <span class='ocrx_word' id='word_1_613' title='bbox 3114 3203 3168 3250; x_wconf 89' lang='lat' dir='ltr'><strong>et</strong></span> <span class='ocrx_word' id='word_1_614' title='bbox 3213 3210 3335 3264; x_wconf 84' lang='lat' dir='ltr'><strong>quae</strong></span> 
     </span>
    </p>
   </div>
   <div class='ocr_carea' id='block_1_89' title="bbox 1752 3286 3358 3360">
    <p class='ocr_par' dir='ltr' id='par_1_89' title="bbox 1752 3286 3358 3360">
     <span class='ocr_line' id='line_1_89' title="bbox 1752 3286 3358 3360; baseline -0.003 -16"><span class='ocrx_word' id='word_1_615' title='bbox 1752 3304 1782 3343; x_wconf 89' lang='lat' dir='ltr'><strong>a</strong></span> <span class='ocrx_word' id='word_1_616' title='bbox 1813 3299 1995 3345; x_wconf 91' lang='lat' dir='ltr'><strong>nostra</strong></span> <span class='ocrx_word' id='word_1_617' title='bbox 2025 3291 2346 3348; x_wconf 87' lang='lat' dir='ltr'><strong>liberalitate</strong></span> <span class='ocrx_word' id='word_1_618' title='bbox 2397 3291 2734 3346; x_wconf 90' lang='lat' dir='ltr'><strong>honorantur</strong></span> <span class='ocrx_word' id='word_1_619' title='bbox 2775 3296 2939 3360; x_wconf 90' lang='lat' dir='ltr'><strong>atque</strong></span> <span class='ocrx_word' id='word_1_620' title='bbox 2965 3288 3226 3351; x_wconf 89' lang='lat' dir='ltr'><strong>ditantur,</strong></span> <span class='ocrx_word' id='word_1_621' title='bbox 3267 3286 3358 3340; x_wconf 85' lang='lat' dir='ltr'><strong>de</strong></span> 
     </span>
    </p>
   </div>
   <div class='ocr_carea' id='block_1_90' title="bbox 1751 3373 3334 3454">
    <p class='ocr_par' dir='ltr' id='par_1_90' title="bbox 1751 3373 3334 3454">
     <span class='ocr_line' id='line_1_90' title="bbox 1751 3373 3334 3454; baseline -0.005 -16"><span class='ocrx_word' id='word_1_622' title='bbox 1751 3391 1947 3440; x_wconf 57' lang='lat' dir='ltr'><strong>caetero</strong></span> <span class='ocrx_word' id='word_1_623' title='bbox 1975 3383 2076 3439; x_wconf 88' lang='lat' dir='ltr'><strong>sub</strong></span> <span class='ocrx_word' id='word_1_624' title='bbox 2126 3373 2435 3454; x_wconf 86' lang='lat' dir='ltr'><strong>integritate</strong></span> <span class='ocrx_word' id='word_1_625' title='bbox 2476 3383 2559 3438; x_wconf 89' lang='lat' dir='ltr'><strong>sui</strong></span> <span class='ocrx_word' id='word_1_626' title='bbox 2590 3389 2898 3448; x_wconf 88' lang='lat' dir='ltr'><strong>serventur,</strong></span> <span class='ocrx_word' id='word_1_627' title='bbox 2939 3388 2994 3436; x_wconf 89' lang='lat' dir='ltr'><strong>et</strong></span> <span class='ocrx_word' id='word_1_628' title='bbox 3025 3379 3334 3436; x_wconf 84' lang='lat' dir='ltr'><strong>sacerdotes</strong></span> 
     </span>
    </p>
   </div>
   <div class='ocr_carea' id='block_1_91' title="bbox 1749 3469 3335 3546">
    <p class='ocr_par' dir='ltr' id='par_1_91' title="bbox 1749 3469 3335 3546">
     <span class='ocr_line' id='line_1_91' title="bbox 1749 3469 3335 3546; baseline -0.005 -16"><span class='ocrx_word' id='word_1_629' title='bbox 1749 3489 1813 3530; x_wconf 92' lang='lat' dir='ltr'><strong>ac</strong></span> <span class='ocrx_word' id='word_1_630' title='bbox 1839 3475 1979 3530; x_wconf 91' lang='lat' dir='ltr'><strong>servi</strong></span> <span class='ocrx_word' id='word_1_631' title='bbox 2016 3475 2112 3532; x_wconf 92' lang='lat' dir='ltr'><strong>Dei</strong></span> <span class='ocrx_word' id='word_1_632' title='bbox 2144 3475 2383 3546; x_wconf 88' lang='lat' dir='ltr'><strong>vigorem</strong></span> <span class='ocrx_word' id='word_1_633' title='bbox 2432 3475 2894 3540; x_wconf 82' lang='lat' dir='ltr'><strong>ecclesiasticum,</strong></span> <span class='ocrx_word' id='word_1_634' title='bbox 2927 3482 2982 3527; x_wconf 91' lang='lat' dir='ltr'><strong>ct</strong></span> <span class='ocrx_word' id='word_1_635' title='bbox 3011 3470 3190 3526; x_wconf 89' lang='lat' dir='ltr'><strong>debita</strong></span> <span class='ocrx_word' id='word_1_636' title='bbox 3221 3469 3335 3540; x_wconf 86' lang='lat' dir='ltr'><strong>pri-</strong></span> 
     </span>
    </p>
   </div>
   <div class='ocr_carea' id='block_1_92' title="bbox 1749 3566 3326 3638">
    <p class='ocr_par' dir='ltr' id='par_1_92' title="bbox 1749 3566 3326 3638">
     <span class='ocr_line' id='line_1_92' title="bbox 1749 3566 3326 3638; baseline -0.003 -17"><span class='ocrx_word' id='word_1_637' title='bbox 1749 3567 1964 3638; x_wconf 89' lang='lat' dir='ltr'><strong>vilegia,</strong></span> <span class='ocrx_word' id='word_1_638' title='bbox 1986 3567 2140 3638; x_wconf 84' lang='lat' dir='ltr'><strong>juxta</strong></span> <span class='ocrx_word' id='word_1_639' title='bbox 2195 3570 2549 3625; x_wconf 90' lang='lat' dir='ltr'><strong>reverendam</strong></span> <span class='ocrx_word' id='word_1_640' title='bbox 2579 3568 2966 3623; x_wconf 89' lang='lat' dir='ltr'><strong>auctoritatem</strong></span> <span class='ocrx_word' id='word_1_641' title='bbox 3011 3566 3326 3627; x_wconf 85' lang='lat' dir='ltr'><strong>obtineant;</strong></span> 
     </span>
    </p>
   </div>
   <div class='ocr_carea' id='block_1_93' title="bbox 1747 3655 3363 3728">
    <p class='ocr_par' dir='ltr' id='par_1_93' title="bbox 1747 3655 3363 3728">
     <span class='ocr_line' id='line_1_93' title="bbox 1747 3655 3363 3728; baseline -0.004 -16"><span class='ocrx_word' id='word_1_642' title='bbox 1747 3657 1951 3714; x_wconf 89' lang='lat' dir='ltr'><strong>eisdem</strong></span> <span class='ocrx_word' id='word_1_643' title='bbox 1986 3672 2118 3715; x_wconf 91' lang='lat' dir='ltr'><strong>vero</strong></span> <span class='ocrx_word' id='word_1_644' title='bbox 2145 3658 2344 3727; x_wconf 86' lang='lat' dir='ltr'><strong>regalis</strong></span> <span class='ocrx_word' id='word_1_645' title='bbox 2386 3667 2650 3728; x_wconf 89' lang='lat' dir='ltr'><strong>potestas,</strong></span> <span class='ocrx_word' id='word_1_646' title='bbox 2677 3667 2732 3713; x_wconf 91' lang='lat' dir='ltr'><strong>et</strong></span> <span class='ocrx_word' id='word_1_647' title='bbox 2759 3655 3064 3713; x_wconf 90' lang='lat' dir='ltr'><strong>inlustrium</strong></span> <span class='ocrx_word' id='word_1_648' title='bbox 3090 3655 3328 3709; x_wconf 64' lang='lat' dir='ltr'><strong>virorum</strong></span> <span class='ocrx_word' id='word_1_649' title='bbox 3347 3681 3363 3728; x_wconf 12' lang='lat'><strong>.-</strong></span> 
     </span>
    </p>
   </div>
   <div class='ocr_carea' id='block_1_94' title="bbox 1746 3745 3327 3817">
    <p class='ocr_par' dir='ltr' id='par_1_94' title="bbox 1746 3745 3327 3817">
     <span class='ocr_line' id='line_1_94' title="bbox 1746 3745 3327 3817; baseline -0.004 -16"><span class='ocrx_word' id='word_1_650' title='bbox 1746 3745 2062 3814; x_wconf 87' lang='lat' dir='ltr'><strong>strenuitas,</strong></span> <span class='ocrx_word' id='word_1_651' title='bbox 2093 3761 2186 3802; x_wconf 90' lang='lat' dir='ltr'><strong>seu</strong></span> <span class='ocrx_word' id='word_1_652' title='bbox 2217 3746 2526 3817; x_wconf 73' lang='lat' dir='ltr'><strong>reipublicae</strong></span> <span class='ocrx_word' id='word_1_653' title='bbox 2553 3747 3056 3809; x_wconf 75' lang='lat' dir='ltr'><strong>administratores,</strong></span> <span class='ocrx_word' id='word_1_654' title='bbox 3085 3751 3148 3798; x_wconf 84' lang='lat' dir='ltr'><strong>ut</strong></span> <span class='ocrx_word' id='word_1_655' title='bbox 3169 3756 3327 3796; x_wconf 88' lang='lat' dir='ltr'><strong>suum</strong></span> 
     </span>
    </p>
   </div>
   <div class='ocr_carea' id='block_1_95' title="bbox 1745 3831 3331 3908">
    <p class='ocr_par' dir='ltr' id='par_1_95' title="bbox 1745 3831 3331 3908">
     <span class='ocr_line' id='line_1_95' title="bbox 1745 3831 3331 3908; baseline -0.004 -17"><span class='ocrx_word' id='word_1_656' title='bbox 1745 3837 2110 3894; x_wconf 89' lang='lat' dir='ltr'><strong>ministerium</strong></span> <span class='ocrx_word' id='word_1_657' title='bbox 2139 3845 2511 3908; x_wconf 87' lang='lat' dir='ltr'><strong>competenter</strong></span> <span class='ocrx_word' id='word_1_658' title='bbox 2546 3835 2741 3908; x_wconf 72' lang='lat' dir='ltr'><strong>exequi</strong></span> <span class='ocrx_word' id='word_1_659' title='bbox 2770 3837 3004 3902; x_wconf 90' lang='lat' dir='ltr'><strong>valeant,</strong></span> <span class='ocrx_word' id='word_1_660' title='bbox 3050 3836 3104 3888; x_wconf 90' lang='lat' dir='ltr'><strong>in</strong></span> <span class='ocrx_word' id='word_1_661' title='bbox 3155 3831 3331 3889; x_wconf 54' lang='lat' dir='ltr'><strong>omni;</strong></span> 
     </span>
    </p>
   </div>
   <div class='ocr_carea' id='block_1_96' title="bbox 1744 3933 2908 4002">
    <p class='ocr_par' dir='ltr' id='par_1_96' title="bbox 1744 3933 2908 4002">
     <span class='ocr_line' id='line_1_96' title="bbox 1744 3933 2908 4002; baseline -0.005 -9"><span class='ocrx_word' id='word_1_662' title='bbox 1744 3936 1848 3993; x_wconf 88' lang='lat' dir='ltr'><strong>bus</strong></span> <span class='ocrx_word' id='word_1_663' title='bbox 1878 3935 2272 3992; x_wconf 85' lang='lat' dir='ltr'><strong>rationabiliter</strong></span> <span class='ocrx_word' id='word_1_664' title='bbox 2301 3944 2357 3992; x_wconf 91' lang='lat' dir='ltr'><strong>et</strong></span> <span class='ocrx_word' id='word_1_665' title='bbox 2387 3933 2534 4002; x_wconf 83' lang='lat' dir='ltr'><strong>iuste</strong></span> <span class='ocrx_word' id='word_1_666' title='bbox 2561 3942 2908 3990; x_wconf 88' lang='lat' dir='ltr'><strong>concurrant.</strong></span> 
     </span>
    </p>
   </div>
   <div class='ocr_carea' id='block_1_97' title="bbox 1815 4024 3329 4098">
    <p class='ocr_par' dir='ltr' id='par_1_97' title="bbox 1815 4024 3329 4098">
     <span class='ocr_line' id='line_1_97' title="bbox 1815 4024 3329 4098; baseline -0.002 -16"><span class='ocrx_word' id='word_1_667' title='bbox 1815 4027 1870 4084; x_wconf 77' lang='lat'><strong>2.</strong></span> <span class='ocrx_word' id='word_1_668' title='bbox 1905 4027 2088 4084; x_wconf 83' lang='lat' dir='ltr'><strong>Honor</strong></span> <span class='ocrx_word' id='word_1_669' title='bbox 2132 4028 2297 4083; x_wconf 90' lang='lat' dir='ltr'><strong>etiam</strong></span> <span class='ocrx_word' id='word_1_670' title='bbox 2341 4029 2542 4097; x_wconf 79' lang='lat' dir='ltr'><strong>regius,</strong></span> <span class='ocrx_word' id='word_1_671' title='bbox 2581 4035 2638 4083; x_wconf 89' lang='lat' dir='ltr'><strong>et</strong></span> <span class='ocrx_word' id='word_1_672' title='bbox 2685 4034 2925 4098; x_wconf 88' lang='lat' dir='ltr'><strong>potestas</strong></span> <span class='ocrx_word' id='word_1_673' title='bbox 2955 4024 3123 4097; x_wconf 82' lang='lat' dir='ltr'><strong>regali</strong></span> <span class='ocrx_word' id='word_1_674' title='bbox 3157 4025 3329 4095; x_wconf 85' lang='lat' dir='ltr'><strong>digni-</strong></span> 
     </span>
    </p>
   </div>
   <div class='ocr_carea' id='block_1_98' title="bbox 1745 4117 3326 4196">
    <p class='ocr_par' dir='ltr' id='par_1_98' title="bbox 1745 4117 3326 4196">
     <span class='ocr_line' id='line_1_98' title="bbox 1745 4117 3326 4196; baseline -0.005 -18"><span class='ocrx_word' id='word_1_675' title='bbox 1745 4125 1844 4180; x_wconf 89' lang='lat' dir='ltr'><strong>tati</strong></span> <span class='ocrx_word' id='word_1_676' title='bbox 1893 4134 2230 4196; x_wconf 91' lang='lat' dir='ltr'><strong>competens,</strong></span> <span class='ocrx_word' id='word_1_677' title='bbox 2279 4130 2443 4193; x_wconf 89' lang='lat' dir='ltr'><strong>atque</strong></span> <span class='ocrx_word' id='word_1_678' title='bbox 2477 4122 2765 4179; x_wconf 85' lang='lat' dir='ltr'><strong>sinceritas</strong></span> <span class='ocrx_word' id='word_1_679' title='bbox 2803 4129 2857 4176; x_wconf 93' lang='lat' dir='ltr'><strong>et</strong></span> <span class='ocrx_word' id='word_1_680' title='bbox 2895 4117 3326 4189; x_wconf 88' lang='lat' dir='ltr'><strong>obtemperantia</strong></span> 
     </span>
    </p>
   </div>
   <div class='ocr_carea' id='block_1_99' title="bbox 1746 4209 3323 4280">
    <p class='ocr_par' dir='ltr' id='par_1_99' title="bbox 1746 4209 3323 4280">
     <span class='ocr_line' id='line_1_99' title="bbox 1746 4209 3323 4280; baseline -0.008 -7"><span class='ocrx_word' id='word_1_681' title='bbox 1746 4216 1950 4273; x_wconf 88' lang='lat' dir='ltr'><strong>seniori</strong></span> <span class='ocrx_word' id='word_1_682' title='bbox 1980 4216 2183 4280; x_wconf 86' lang='lat' dir='ltr'><strong>debita,</strong></span> <span class='ocrx_word' id='word_1_683' title='bbox 2222 4224 2431 4270; x_wconf 88' lang='lat' dir='ltr'><strong>remota</strong></span> <span class='ocrx_word' id='word_1_684' title='bbox 2469 4215 2617 4271; x_wconf 90' lang='lat' dir='ltr'><strong>omni</strong></span> <span class='ocrx_word' id='word_1_685' title='bbox 2647 4212 2895 4269; x_wconf 87' lang='lat' dir='ltr'><strong>socordia</strong></span> <span class='ocrx_word' id='word_1_686' title='bbox 2924 4219 2981 4267; x_wconf 95' lang='lat' dir='ltr'><strong>et</strong></span> <span class='ocrx_word' id='word_1_687' title='bbox 3010 4209 3323 4273; x_wconf 87' lang='lat' dir='ltr'><strong>calliditate,</strong></span> 
     </span>
    </p>
   </div>
   <div class='ocr_carea' id='block_1_100' title="bbox 1745 4300 3327 4378">
    <p class='ocr_par' dir='ltr' id='par_1_100' title="bbox 1745 4300 3327 4378">
     <span class='ocr_line' id='line_1_100' title="bbox 1745 4300 3327 4378; baseline -0.007 -15"><span class='ocrx_word' id='word_1_688' title='bbox 1745 4323 1843 4363; x_wconf 89' lang='lat' dir='ltr'><strong>seu</strong></span> <span class='ocrx_word' id='word_1_689' title='bbox 1893 4306 2132 4378; x_wconf 91' lang='lat' dir='ltr'><strong>qualibet</strong></span> <span class='ocrx_word' id='word_1_690' title='bbox 2178 4306 2914 4376; x_wconf 84' lang='lat' dir='ltr'><strong>indebita-quorumcunque</strong></span> <span class='ocrx_word' id='word_1_691' title='bbox 2951 4300 3327 4372; x_wconf 87' lang='lat' dir='ltr'><strong>conjunctione</strong></span> 
     </span>
    </p>
   </div>
   <div class='ocr_carea' id='block_1_101' title="bbox 1748 4391 3344 4467">
    <p class='ocr_par' dir='ltr' id='par_1_101' title="bbox 1748 4391 3344 4467">
     <span class='ocr_line' id='line_1_101' title="bbox 1748 4391 3344 4467; baseline -0.009 -12"><span class='ocrx_word' id='word_1_692' title='bbox 1748 4407 1940 4455; x_wconf 88' lang='lat' dir='ltr'><strong>contra</strong></span> <span class='ocrx_word' id='word_1_693' title='bbox 1987 4399 2250 4454; x_wconf 89' lang='lat' dir='ltr'><strong>honorem</strong></span> <span class='ocrx_word' id='word_1_694' title='bbox 2301 4405 2357 4452; x_wconf 87' lang='lat' dir='ltr'><strong>et</strong></span> <span class='ocrx_word' id='word_1_695' title='bbox 2386 4404 2713 4467; x_wconf 90' lang='lat' dir='ltr'><strong>potestatem</strong></span> <span class='ocrx_word' id='word_1_696' title='bbox 2757 4403 2917 4463; x_wconf 87' lang='lat' dir='ltr'><strong>atque</strong></span> <span class='ocrx_word' id='word_1_697' title='bbox 2964 4391 3191 4446; x_wconf 83' lang='lat' dir='ltr'><strong>salutem</strong></span> <span class='ocrx_word' id='word_1_698' title='bbox 3233 4403 3344 4442; x_wconf 64' lang='lat' dir='ltr'><strong>no-~</strong></span> 
     </span>
    </p>
   </div>
   <div class='ocr_carea' id='block_1_102' title="bbox 1746 4482 3351 4558">
    <p class='ocr_par' dir='ltr' id='par_1_102' title="bbox 1746 4482 3351 4558">
     <span class='ocr_line' id='line_1_102' title="bbox 1746 4482 3351 4558; baseline -0.009 -14"><span class='ocrx_word' id='word_1_699' title='bbox 1746 4499 1937 4554; x_wconf 87' lang='lat' dir='ltr'><strong>stram,</strong></span> <span class='ocrx_word' id='word_1_700' title='bbox 1968 4489 2082 4544; x_wconf 86' lang='lat' dir='ltr'><strong>sive</strong></span> <span class='ocrx_word' id='word_1_701' title='bbox 2133 4488 2284 4558; x_wconf 90' lang='lat' dir='ltr'><strong>regni</strong></span> <span class='ocrx_word' id='word_1_702' title='bbox 2333 4488 2506 4542; x_wconf 89' lang='lat' dir='ltr'><strong>nostri</strong></span> <span class='ocrx_word' id='word_1_703' title='bbox 2535 4482 3068 4551; x_wconf 87' lang='lat' dir='ltr'><strong>soliditatem,nobis</strong></span> <span class='ocrx_word' id='word_1_704' title='bbox 3108 4482 3159 4535; x_wconf 93' lang='lat' dir='ltr'><strong>in</strong></span> <span class='ocrx_word' id='word_1_705' title='bbox 3206 4493 3351 4533; x_wconf 68' lang='grc' dir='ltr'><strong>θαι-η</strong></span> 
     </span>
    </p>
   </div>
   <div class='ocr_carea' id='block_1_103' title="bbox 1745 4562 3326 4646">
    <p class='ocr_par' dir='ltr' id='par_1_103' title="bbox 1745 4562 3326 4646">
     <span class='ocr_line' id='line_1_103' title="bbox 1745 4562 3326 4646; baseline -0.009 -10"><span class='ocrx_word' id='word_1_706' title='bbox 1745 4581 1904 4638; x_wconf 89' lang='lat' dir='ltr'><strong>nibus</strong></span> <span class='ocrx_word' id='word_1_707' title='bbox 1929 4589 1983 4636; x_wconf 90' lang='lat' dir='ltr'><strong>et</strong></span> <span class='ocrx_word' id='word_1_708' title='bbox 2019 4580 2087 4636; x_wconf 90' lang='lat' dir='ltr'><strong>ab</strong></span> <span class='ocrx_word' id='word_1_709' title='bbox 2118 4562 2369 4635; x_wconf 89' lang='lat' dir='ltr'><strong>omnibus</strong></span> <span class='ocrx_word' id='word_1_710' title='bbox 2395 4579 2440 4644; x_wconf 83' lang='lat'><strong>&quot;,</strong></span> <span class='ocrx_word' id='word_1_711' title='bbox 2472 4577 2612 4634; x_wconf 91' lang='lat' dir='ltr'><strong>sicut</strong></span> <span class='ocrx_word' id='word_1_712' title='bbox 2652 4587 2891 4646; x_wconf 86' lang='lat' dir='ltr'><strong>tempore</strong></span> <span class='ocrx_word' id='word_1_713' title='bbox 2919 4583 3326 4628; x_wconf 89' lang='lat' dir='ltr'><strong>antecessorum</strong></span> 
     </span>
    </p>
   </div>
   <div class='ocr_carea' id='block_1_104' title="bbox 1745 4661 3327 4734">
    <p class='ocr_par' dir='ltr' id='par_1_104' title="bbox 1745 4661 3327 4734">
     <span class='ocr_line' id='line_1_104' title="bbox 1745 4661 3327 4734; baseline -0.011 -6"><span class='ocrx_word' id='word_1_714' title='bbox 1745 4680 2050 4728; x_wconf 91' lang='lat' dir='ltr'><strong>nostrorum</strong></span> <span class='ocrx_word' id='word_1_715' title='bbox 2080 4679 2458 4734; x_wconf 88' lang='lat' dir='ltr'><strong>consueverat,</strong></span> <span class='ocrx_word' id='word_1_716' title='bbox 2482 4667 2818 4724; x_wconf 82' lang='lat' dir='ltr'><strong>exhibeatur.</strong></span> <span class='ocrx_word' id='word_1_717' title='bbox 2842 4664 2909 4718; x_wconf 89' lang='lat' dir='ltr'><strong>Et</strong></span> <span class='ocrx_word' id='word_1_718' title='bbox 2928 4663 2973 4718; x_wconf 91' lang='lat' dir='ltr'><strong>si</strong></span> <span class='ocrx_word' id='word_1_719' title='bbox 2993 4661 3116 4732; x_wconf 89' lang='lat' dir='ltr'><strong>quis</strong></span> <span class='ocrx_word' id='word_1_720' title='bbox 3141 4674 3327 4730; x_wconf 86' lang='lat' dir='ltr'><strong>quem-</strong></span> 
     </span>
    </p>
   </div>
   <div class='ocr_carea' id='block_1_105' title="bbox 1744 4748 3328 4830">
    <p class='ocr_par' dir='ltr' id='par_1_105' title="bbox 1744 4748 3328 4830">
     <span class='ocr_line' id='line_1_105' title="bbox 1744 4748 3328 4830; baseline -0.01 -13"><span class='ocrx_word' id='word_1_721' title='bbox 1744 4776 1974 4830; x_wconf 89' lang='lat' dir='ltr'><strong>cumque</strong></span> <span class='ocrx_word' id='word_1_722' title='bbox 1999 4768 2188 4815; x_wconf 90' lang='lat' dir='ltr'><strong>contra</strong></span> <span class='ocrx_word' id='word_1_723' title='bbox 2216 4773 2314 4813; x_wconf 92' lang='lat' dir='ltr'><strong>nos</strong></span> <span class='ocrx_word' id='word_1_724' title='bbox 2340 4765 2397 4813; x_wconf 89' lang='lat' dir='ltr'><strong>et</strong></span> <span class='ocrx_word' id='word_1_725' title='bbox 2423 4765 2611 4814; x_wconf 89' lang='lat' dir='ltr'><strong>contra</strong></span> <span class='ocrx_word' id='word_1_726' title='bbox 2640 4756 2777 4811; x_wconf 91' lang='lat' dir='ltr'><strong>hanc</strong></span> <span class='ocrx_word' id='word_1_727' title='bbox 2802 4761 3016 4824; x_wconf 89' lang='lat' dir='ltr'><strong>pactam</strong></span> <span class='ocrx_word' id='word_1_728' title='bbox 3044 4748 3328 4805; x_wconf 87' lang='lat' dir='ltr'><strong>sincerita-</strong></span> 
     </span>
    </p>
   </div>
   <div class='ocr_carea' id='block_1_106' title="bbox 1745 4840 3352 4919">
    <p class='ocr_par' dir='ltr' id='par_1_106' title="bbox 1745 4840 3352 4919">
     <span class='ocr_line' id='line_1_106' title="bbox 1745 4840 3352 4919; baseline -0.01 -14"><span class='ocrx_word' id='word_1_729' title='bbox 1745 4860 1852 4905; x_wconf 91' lang='lat' dir='ltr'><strong>tem</strong></span> <span class='ocrx_word' id='word_1_730' title='bbox 1896 4848 2098 4919; x_wconf 90' lang='lat' dir='ltr'><strong>aliquid</strong></span> <span class='ocrx_word' id='word_1_731' title='bbox 2151 4847 2328 4901; x_wconf 87' lang='lat' dir='ltr'><strong>moliri</strong></span> <span class='ocrx_word' id='word_1_732' title='bbox 2374 4845 2659 4902; x_wconf 89' lang='lat' dir='ltr'><strong>manifeste</strong></span> <span class='ocrx_word' id='word_1_733' title='bbox 2715 4842 3096 4913; x_wconf 69' lang='lat' dir='ltr'><strong>cognoverit“,</strong></span> <span class='ocrx_word' id='word_1_734' title='bbox 3125 4840 3168 4894; x_wconf 91' lang='lat' dir='ltr'><strong>si</strong></span> <span class='ocrx_word' id='word_1_735' title='bbox 3199 4854 3352 4894; x_wconf 80' lang='lat' dir='ltr'><strong>eum.</strong></span> 
     </span>
    </p>
   </div>
   <div class='ocr_carea' id='block_1_107' title="bbox 1744 4930 3330 5012">
    <p class='ocr_par' dir='ltr' id='par_1_107' title="bbox 1744 4930 3330 5012">
     <span class='ocr_line' id='line_1_107' title="bbox 1744 4930 3330 5012; baseline -0.008 -15"><span class='ocrx_word' id='word_1_736' title='bbox 1744 4941 1988 4997; x_wconf 89' lang='lat' dir='ltr'><strong>converti</strong></span> <span class='ocrx_word' id='word_1_737' title='bbox 2017 4941 2341 5012; x_wconf 89' lang='lat' dir='ltr'><strong>nequiverit,</strong></span> <span class='ocrx_word' id='word_1_738' title='bbox 2375 4949 2562 5008; x_wconf 87' lang='lat' dir='ltr'><strong>aperte</strong></span> <span class='ocrx_word' id='word_1_739' title='bbox 2587 4937 2780 5008; x_wconf 84' lang='lat' dir='ltr'><strong>prodat</strong></span> <span class='ocrx_word' id='word_1_740' title='bbox 2805 4944 2969 5005; x_wconf 85' lang='lat' dir='ltr'><strong>atque</strong></span> <span class='ocrx_word' id='word_1_741' title='bbox 2991 4933 3230 4988; x_wconf 90' lang='lat' dir='ltr'><strong>denotet.</strong></span> <span class='ocrx_word' id='word_1_742' title='bbox 3257 4930 3330 4986; x_wconf 89' lang='lat' dir='ltr'><strong>Et</strong></span> 
     </span>
    </p>
   </div>
   <div class='ocr_carea' id='block_1_108' title="bbox 1741 5024 3347 5102">
    <p class='ocr_par' dir='ltr' id='par_1_108' title="bbox 1741 5024 3347 5102">
     <span class='ocr_line' id='line_1_108' title="bbox 1741 5024 3347 5102; baseline -0.008 -14"><span class='ocrx_word' id='word_1_743' title='bbox 1741 5033 1820 5088; x_wconf 92' lang='lat' dir='ltr'><strong>sic</strong></span> <span class='ocrx_word' id='word_1_744' title='bbox 1864 5031 2093 5088; x_wconf 92' lang='lat' dir='ltr'><strong>consilio</strong></span> <span class='ocrx_word' id='word_1_745' title='bbox 2131 5040 2294 5102; x_wconf 87' lang='lat' dir='ltr'><strong>atque</strong></span> <span class='ocrx_word' id='word_1_746' title='bbox 2336 5030 2534 5085; x_wconf 84' lang='lat' dir='ltr'><strong>auxilio</strong></span> <span class='ocrx_word' id='word_1_747' title='bbox 2559 5027 2882 5100; x_wconf 78' lang='lat' dir='ltr'><strong>episcopalis</strong></span> <span class='ocrx_word' id='word_1_748' title='bbox 2924 5024 3222 5080; x_wconf 88' lang='lat' dir='ltr'><strong>auctoritas</strong></span> <span class='ocrx_word' id='word_1_749' title='bbox 3271 5031 3347 5076; x_wconf 69' lang='lat' dir='ltr'><strong>et.</strong></span> 
     </span>
    </p>
   </div>
   <div class='ocr_carea' id='block_1_109' title="bbox 1742 5121 3346 5190">
    <p class='ocr_par' dir='ltr' id='par_1_109' title="bbox 1742 5121 3346 5190">
     <span class='ocr_line' id='line_1_109' title="bbox 1742 5121 3346 5190; baseline -0.009 -10"><span class='ocrx_word' id='word_1_750' title='bbox 1742 5125 1978 5182; x_wconf 85' lang='lat' dir='ltr'><strong>ﬁdelium</strong></span> <span class='ocrx_word' id='word_1_751' title='bbox 2007 5125 2334 5180; x_wconf 88' lang='lat' dir='ltr'><strong>unanimitas</strong></span> <span class='ocrx_word' id='word_1_752' title='bbox 2360 5165 2393 5190; x_wconf 91' lang='lat'><strong>,.</strong></span> <span class='ocrx_word' id='word_1_753' title='bbox 2423 5132 2482 5178; x_wconf 91' lang='lat' dir='ltr'><strong>ut</strong></span> <span class='ocrx_word' id='word_1_754' title='bbox 2509 5131 2694 5178; x_wconf 84' lang='lat' dir='ltr'><strong>noster</strong></span> <span class='ocrx_word' id='word_1_755' title='bbox 2727 5121 2748 5152; x_wconf 84' lang='lat'>&#39;</span> <span class='ocrx_word' id='word_1_756' title='bbox 2788 5121 2962 5175; x_wconf 90' lang='lat' dir='ltr'><strong>honor</strong></span> <span class='ocrx_word' id='word_1_757' title='bbox 2990 5127 3044 5173; x_wconf 88' lang='lat' dir='ltr'><strong>et</strong></span> <span class='ocrx_word' id='word_1_758' title='bbox 3080 5121 3346 5187; x_wconf 89' lang='lat' dir='ltr'><strong>potestas-</strong></span> 
     </span>
    </p>
   </div>
   <div class='ocr_carea' id='block_1_110' title="bbox 1745 5211 3326 5289">
    <p class='ocr_par' dir='ltr' id='par_1_110' title="bbox 1745 5211 3326 5289">
     <span class='ocr_line' id='line_1_110' title="bbox 1745 5211 3326 5289; baseline -0.008 -17"><span class='ocrx_word' id='word_1_759' title='bbox 1745 5218 1893 5289; x_wconf 88' lang='lat' dir='ltr'><strong>regia</strong></span> <span class='ocrx_word' id='word_1_760' title='bbox 1920 5216 2236 5272; x_wconf 85' lang='lat' dir='ltr'><strong>inconvulsa</strong></span> <span class='ocrx_word' id='word_1_761' title='bbox 2277 5223 2617 5286; x_wconf 85' lang='lat' dir='ltr'><strong>permaneat,</strong></span> <span class='ocrx_word' id='word_1_762' title='bbox 2645 5215 2773 5270; x_wconf 91' lang='lat' dir='ltr'><strong>totis</strong></span> <span class='ocrx_word' id='word_1_763' title='bbox 2802 5213 3012 5268; x_wconf 89' lang='lat' dir='ltr'><strong>nisibus</strong></span> <span class='ocrx_word' id='word_1_764' title='bbox 3043 5211 3326 5265; x_wconf 87' lang='lat' dir='ltr'><strong>decertare</strong></span> 
     </span>
    </p>
   </div>
   <div class='ocr_carea' id='block_1_111' title="bbox 1741 5306 2400 5377">
    <p class='ocr_par' dir='ltr' id='par_1_111' title="bbox 1741 5306 2400 5377">
     <span class='ocr_line' id='line_1_111' title="bbox 1741 5306 2400 5377; baseline -0.006 -13"><span class='ocrx_word' id='word_1_765' title='bbox 1741 5317 1796 5364; x_wconf 84' lang='lat' dir='ltr'><strong>et</strong></span> <span class='ocrx_word' id='word_1_766' title='bbox 1837 5306 2095 5376; x_wconf 83' lang='lat' dir='ltr'><strong>adjuvare</strong></span> <span class='ocrx_word' id='word_1_767' title='bbox 2127 5315 2400 5377; x_wconf 86' lang='lat' dir='ltr'><strong>procuret.</strong></span> 
     </span>
    </p>
   </div>
   <div class='ocr_carea' id='block_1_112' title="bbox 1809 5397 3323 5469">
    <p class='ocr_par' dir='ltr' id='par_1_112' title="bbox 1809 5397 3323 5469">
     <span class='ocr_line' id='line_1_112' title="bbox 1809 5397 3323 5469; baseline -0.007 -14"><span class='ocrx_word' id='word_1_768' title='bbox 1809 5401 1866 5455; x_wconf 77' lang='grc'><strong>5.</strong></span> <span class='ocrx_word' id='word_1_769' title='bbox 1901 5398 2036 5466; x_wconf 83' lang='lat' dir='ltr'><strong>Quin</strong></span> <span class='ocrx_word' id='word_1_770' title='bbox 2094 5413 2220 5453; x_wconf 92' lang='lat' dir='ltr'><strong>vero</strong></span> <span class='ocrx_word' id='word_1_771' title='bbox 2273 5399 2516 5454; x_wconf 89' lang='lat' dir='ltr'><strong>debitum</strong></span> <span class='ocrx_word' id='word_1_772' title='bbox 2556 5413 2678 5455; x_wconf 89' lang='lat' dir='ltr'><strong>esse</strong></span> <span class='ocrx_word' id='word_1_773' title='bbox 2726 5397 3138 5469; x_wconf 86' lang='lat' dir='ltr'><strong>cognoscimus,</strong></span> <span class='ocrx_word' id='word_1_774' title='bbox 3186 5401 3244 5447; x_wconf 90' lang='lat' dir='ltr'><strong>ut</strong></span> <span class='ocrx_word' id='word_1_775' title='bbox 3293 5407 3323 5444; x_wconf 90' lang='lat' dir='ltr'><strong>a</strong></span> 
     </span>
    </p>
   </div>
   <div class='ocr_carea' id='block_1_113' title="bbox 1736 5485 3323 5560">
    <p class='ocr_par' dir='ltr' id='par_1_113' title="bbox 1736 5485 3323 5560">
     <span class='ocr_line' id='line_1_113' title="bbox 1736 5485 3323 5560; baseline -0.004 -15"><span class='ocrx_word' id='word_1_776' title='bbox 1736 5490 1930 5560; x_wconf 91' lang='lat' dir='ltr'><strong>quibus</strong></span> <span class='ocrx_word' id='word_1_777' title='bbox 1960 5490 2220 5544; x_wconf 89' lang='lat' dir='ltr'><strong>honorem</strong></span> <span class='ocrx_word' id='word_1_778' title='bbox 2249 5489 2606 5560; x_wconf 88' lang='lat' dir='ltr'><strong>suscipimus,</strong></span> <span class='ocrx_word' id='word_1_779' title='bbox 2651 5503 2742 5544; x_wconf 89' lang='lat' dir='ltr'><strong>eos</strong></span> <span class='ocrx_word' id='word_1_780' title='bbox 2781 5487 2936 5556; x_wconf 78' lang='lat' dir='ltr'><strong>juxta</strong></span> <span class='ocrx_word' id='word_1_781' title='bbox 2984 5486 3187 5540; x_wconf 90' lang='lat' dir='ltr'><strong>dictum</strong></span> <span class='ocrx_word' id='word_1_782' title='bbox 3237 5485 3323 5539; x_wconf 84' lang='lat' dir='ltr'><strong>do.</strong></span> 
     </span>
    </p>
   </div>
   <div class='ocr_carea' id='block_1_114' title="bbox 1347 5647 2028 5708">
    <p class='ocr_par' dir='ltr' id='par_1_114' title="bbox 1347 5647 2028 5708">
     <span class='ocr_line' id='line_1_114' title="bbox 1347 5647 2028 5708; baseline 0 -3"><span class='ocrx_word' id='word_1_783' title='bbox 1347 5647 1581 5705; x_wconf 72' lang='lat' dir='ltr'><strong>VARI/ﬁ</strong></span> <span class='ocrx_word' id='word_1_784' title='bbox 1629 5649 2028 5708; x_wconf 74' lang='lat' dir='ltr'><strong>LECTIONES.</strong></span> 
     </span>
    </p>
   </div>
   <div class='ocr_carea' id='block_1_115' title="bbox 131 5770 1606 5837">
    <p class='ocr_par' dir='ltr' id='par_1_115' title="bbox 131 5770 1606 5837">
     <span class='ocr_line' id='line_1_115' title="bbox 131 5770 1606 5837; baseline 0.008 -12"><span class='ocrx_word' id='word_1_785' title='bbox 131 5774 150 5806; x_wconf 72' lang='grc'>⁸</span> <span class='ocrx_word' id='word_1_786' title='bbox 179 5770 241 5826; x_wconf 93' lang='lat' dir='ltr'><strong>D.</strong></span> <span class='ocrx_word' id='word_1_787' title='bbox 268 5782 569 5830; x_wconf 86' lang='lat' dir='ltr'><strong>amatorum</strong></span> <span class='ocrx_word' id='word_1_788' title='bbox 607 5776 660 5830; x_wconf 73' lang='grc'><strong>2.</strong></span> <span class='ocrx_word' id='word_1_789' title='bbox 738 5778 900 5834; x_wconf 70' lang='lat' dir='ltr'><strong>&#39;deest</strong></span> <span class='ocrx_word' id='word_1_790' title='bbox 929 5779 983 5833; x_wconf 74' lang='grc' dir='ltr'><strong>εὶ.</strong></span> <span class='ocrx_word' id='word_1_791' title='bbox 1063 5780 1081 5810; x_wconf 86' lang='grc'><strong><em>⁸</em></strong></span> <span class='ocrx_word' id='word_1_792' title='bbox 1107 5796 1150 5836; x_wconf 87' lang='lat' dir='ltr'><strong>s.</strong></span> <span class='ocrx_word' id='word_1_793' title='bbox 1186 5795 1236 5836; x_wconf 86' lang='lat' dir='ltr'><strong>a.</strong></span> <span class='ocrx_word' id='word_1_794' title='bbox 1265 5796 1310 5835; x_wconf 93' lang='lat' dir='ltr'><strong>r.</strong></span> <span class='ocrx_word' id='word_1_795' title='bbox 1337 5781 1521 5836; x_wconf 79' lang='lat' dir='ltr'><strong>desunt</strong></span> <span class='ocrx_word' id='word_1_796' title='bbox 1553 5783 1606 5837; x_wconf 80' lang='grc'><strong>3.</strong></span> 
     </span>
    </p>
   </div>
   <div class='ocr_carea' id='block_1_116' title="bbox 1686 5776 3073 5854">
    <p class='ocr_par' dir='ltr' id='par_1_116' title="bbox 1686 5776 3073 5854">
     <span class='ocr_line' id='line_1_116' title="bbox 1686 5776 3073 5854; baseline 0.002 -17"><span class='ocrx_word' id='word_1_797' title='bbox 1686 5784 1704 5814; x_wconf 89' lang='grc'><strong>⁷</strong></span> <span class='ocrx_word' id='word_1_798' title='bbox 1733 5783 1874 5842; x_wconf 88' lang='lat' dir='ltr'><strong>etab</strong></span> <span class='ocrx_word' id='word_1_799' title='bbox 1903 5800 1954 5840; x_wconf 91' lang='grc' dir='ltr'><strong>ο.</strong></span> <span class='ocrx_word' id='word_1_800' title='bbox 1977 5783 2169 5840; x_wconf 77' lang='lat' dir='ltr'><strong>desunt</strong></span> <span class='ocrx_word' id='word_1_801' title='bbox 2198 5776 2258 5839; x_wconf 61' lang='grc' dir='ltr'><strong>δέ</strong></span> <span class='ocrx_word' id='word_1_802' title='bbox 2329 5784 2352 5819; x_wconf 83' lang='grc'><strong><em>⁸</em></strong></span> <span class='ocrx_word' id='word_1_803' title='bbox 2381 5787 2658 5854; x_wconf 86' lang='lat' dir='ltr'><strong>agnoverit</strong></span> <span class='ocrx_word' id='word_1_804' title='bbox 2681 5785 2734 5840; x_wconf 77' lang='grc'><strong>2.</strong></span> <span class='ocrx_word' id='word_1_805' title='bbox 2811 5788 2830 5818; x_wconf 84' lang='grc'><strong>⁹</strong></span> <span class='ocrx_word' id='word_1_806' title='bbox 2859 5787 2996 5841; x_wconf 75' lang='lat' dir='ltr'><strong>deest</strong></span> <span class='ocrx_word' id='word_1_807' title='bbox 3021 5785 3073 5840; x_wconf 80' lang='lat'><strong>5.</strong></span> 
     </span>
    </p>
   </div>
  </div>
