3876 5326
534 339 634 393 551

1254 336 1545 393 ΑΡΡΕΝΟ.
1587 337 1676 391 ΑΙ)
1715 333 1889 389 διΕϐ.
1933 332 1998 396 Χ.
2027 363 2097 372 --
2136 334 2138 385 ζ

2244 329 2573 393 NUMENTA
2602 309 3102 386 DlPLOMATlCA.‘
3693 321 3779 374 εει

539 449 796 507 mihicum
855 450 1226 516 lionoretnus,
1280 451 1532 506 volumus
1581 458 1646 510 ut
1693 463 1895 505 omnes,
1934 436 2474 510 tidelc’s'XIilimitati
2501 435 2954 515 regim'convenit
2986 450 3047 496 et
3087 429 3509 496 necessitatibus
3541 435 3780 504 subjecto-

538 543 710 598 nostri
769 541 1139 596 certissimum
1196 547 1456 608 teneant,
1514 537 2129 608 neminem.cujuslibet

539 635 746 691 ordinis
772 643 862 689 aut
890 633 1170 705 dignitatis
1208 633 1484 704 deinceps,
1505 641 1700 687 nostro
1726 631 2126 686 inconvenienti

539 729 693 786 libitu
742 735 835 784 aut
876 727 1098 783 alterius
1127 726 1419 783 calliditate
1462 726 1556 781 vel.
1585 725 1780 794 injusta
1810 723 2128 794 cupiditate,

539 821 839 891 promerito
864 821 1070 876 honore
1098 820 1297 876 debere
1343 821 1562 891 privare
1595 819 1672 886 “,g
1692 817 1792 872 nisi
1816 816 2044 885 justitiaa
2086 816 2128 846 “

536 913 744 984 judicio
790 922 847 969 et
886 912 1096 967 ratione
1143 924 1307 983 atque
1347 914 1604 985 aequitate
1640 913 1896 967 dictante.
1930 910 2130 980 Legem

540 1023 670 1062 vero
717 1007 1011 1077 unicuique
1061 1016 1498 1078 competentein,
1555 1006 1698 1062 sicut
1752 1014 2131 1060 antecessores

541 1099 624 1156 sui
669 1107 908 1170 tempore.
939 1109 1251 1154 nostrorum
1297 1101 1758 1169 prmdecessorum
1804 1096 2128 1159 habuerunt,

543 1190 602 1245 in
652 1191 798 1245 omni
847 1191 1110 1260 dignitate
1156 1199 1210 1248 et
1252 1191 1464 1255 ordine,
1511 1189 1724 1246 favente
1771 1189 1883 1244 Deo
1935 1190 2015 1255 η,
2048 1203 2135 1244 me

543 1283 954 1338 observaturum
985 1282 1253 1352 perdono.

613 1371 668 1424 4.
697 1369 851 1438 Quod
891 1379 949 1424 ut
996 1371 1208 1426 Facilius
1244 1379 1408 1442 atque
1437 1372 1690 1428 obnixius
1738 1381 1920 1429 nostra
1951 1379 2136 1426 aucto-

540 1461 676 1516 ritas
727 1461 902 1516 valeat
943 1461 988 1495 ¹³
1025 1462 1359 1528 observare,
1417 1477 1607 1518 omnes
1656 1463 1797 1518 sicut
1849 1463 1903 1516 in
1953 1469 2136 1516 vestra

542 1555 683 1609 bene
709 1555 1045 1611 memorabili
1075 1556 1118 1588 “
1157 1557 1536 1612 convenientia
1570 1557 1869 1627 pepigistis,
1913 1570 2126 1612 conser-

529 1660 679 1705 ,vare
728 1645 1037 1703 studebitis.
1079 1647 1249 1708 Immo
1279 1648 1444 1702 etiam
1493 1651 1673 1704 cuncti
1707 1650 1760 1702 in
1791 1646 2136 1718 postmodum

542 1734 773 1792 sollicite
819 1737 1226 1807 prmcavcbunt,
1279 1754 1349 1794 ne
1395 1739 1590 1809 aliquis
1639 1753 1738 1810 pro
1789 1752 2134 1809 quacumque

2232 555 2352 594 rum
2376 539 2618 610 expedit,
2642 546 2702 590 ut
2728 536 2832 592 hoc
2859 533 3255 589 rationabiliter
3285 533 3610 602 corrigatur,
3630 539 3781 584 vestra

2233 631 2403 686 fidelis
2433 629 2649 684 devotio
2678 639 2992 681 ammonere
3024 622 3260 680 curabit.

2303 722 2356 777 6.
2393 721 2633 776 Tandem
2680 726 2864 774 autem
2893 715 3068 770 visum
3099 721 3186 769 est
3230 712 3387 768 nobis
3413 711 3712 771 adnectere,
3738 719 3781 762 ut

2233 816 2278 870 si
2327 814 2449 885 quis
2489 814 2591 868 hoc
2637 810 2812 867 fmdus
2867 806 3173 866 concordia:
3219 803 3474 868 salubris,
3504 799 3645 871 quod
3684 813 3785 867 pro-

2231 915 2352 974 pter
2375 905 2526 974 pacis
2546 888 2905 970 .caritatisque
2941 897 3243 954 custodiam
3286 893 3543 948 inivimus
3571 897 3625 945 et
3656 904 3787 961 cyro-

2233 998 2424 1070 graplii
2465 997 2668 1050 virtute
2707 991 3158 1061 subscripsimus,
3211 985 3397 1043 rebelli
3444 993 3611 1053 atque
3637 981 3785 1036 animo

2231 1088 2495 1160 pertinaci
2557 1083 2865 1154 inruperit,
2922 1080 3221 1136 christiana
3283 1075 3576 1132 dilectione
3636 1073 3786 1127 admo-

2234 1187 2446 1243 neatur,
2472 1185 2529 1232 et
2569 1175 2640 1230 ad
2675 1170 3049 1230 inconvulsum
3097 1169 3344 1226 caritatis
3383 1163 3662 1220 vinculum
3688 1179 3787 1218 coi-

2234 1269 2580 1331 servandum,
2611 1264 2753 1336 quod
2797 1262 2888 1332 qui
2921 1258 3280 1330 temptaverit
3319 1265 3693 1321 corrumpere,
3727 1249 3787 1304 fa-

2235 1361 2391 1416 οίιίυε
2427 1358 2625 1430 poterit
2671 1371 2732 1411 se
2787 1355 2962 1425 ipsum
3011 1351 3353 1420 disrumpere
3398 1360 3569 1416 quam
3615 1342 3732 1397 illud
3754 1344 3786 1381 ιτ

2235 1453 2408 1525 possit
2435 1452 2765 1520 inrumpere,
2785 1445 2939 1516 juxta
2966 1443 3174 1500 monita
3194 1441 3400 1501 divina,
3426 1445 3492 1492 ut
3521 1434 3786 1525 resipiscat,

2237 1523 2500 1599 hortetur.
2553 1540 2623 1595 Et
2675 1539 2721 1596 si
2772 1535 3042 1598 audierit,
3091 1534 3191 1589 fiat
3233 1533 3299 1588 de
3349 1528 3619 1586 societate
3674 1523 3790 1578 ﬁdeli

2237 1635 2488 1691 omnibus
2516 1631 2792 1704 gaudium.
2824 1627 2882 1684 Si
2915 1642 3046 1684 vero
3074 1623 3340 1681 obaudire
3370 1619 3671 1683 rennuerit,
3691 1626 3791 1671 tunc

2239 1723 2564 1796 pontificalis
2592 1719 2895 1777 auctoritas
2919 1727 2976 1773 et
3002 1716 3202 1788 regalis
3226 1712 3556 1773 sublimitas.
3587 1717 3733 1778 atque
3752 1709 3791 1761 in

540 1832 750 1904 privata
787 1835 1192 1900 commoditate,
1225 1844 1319 1890 aut
1346 1835 1618 1890 reicienda
1655 1835 1986 1906 cupiditate,
2018 1833 2133 1889 sive

2244 1816 2482 1874 caritatis
2505 1812 2843 1870 connexione
2868 1807 3270 1881 persistentium
3288 1800 3794 1876 magnanimitas,se-

546 1925 773 1994 alicujus
801 1927 1297 1998 consanguinitatis
1338 1928 1424 1982 vel
1463 1926 1852 1982 familiaritatis
1887 1941 1979 1982 seu
2005 1926 2137 1980 ami~

546 2016 687 2070 cilia:
737 2016 1147 2086 conjunctione,
1184 2018 1343 2073 nobis
1397 2017 1808 2073 immoderatius
1837 2023 2092 2086 suggerat
2122 2055 2136 2080 ,

2239 1909 2470 1966 cundum
2499 1906 2643 1978 quod
2674 1919 2764 1962 res
2785 1912 2840 1959 et
2871 1902 3170 1961 necessitas
3197 1896 3563 1971 postulaverit
3591 1909 3652 1952 ac
3681 1893 3793 1948 ratio

2240 2000 2548 2072 expetierit,
2577 2013 2672 2055 seu
2718 1995 2967 2067 qualitati
2996 1994 3040 2036 ιβ
3068 2007 3315 2064 persona:
3359 1987 3704 2049 convenerit,
3729 1999 3794 2038 ze-

547 2107 631 2160 vel
673 2108 1124 2176 poszulationibus
1175 2119 1271 2163 aut
1317 2107 1560 2179 quolibet
1593 2108 1758 2164 "modo
1803 2106 2030 2174 illiciat,
2082 2116 2138 2160 ut

2244 2097 2352 2148 lum
2383 2109 2495 2149 suae
2532 2089 2836 2148 devotionis
2864 2085 3264 2143 ferventissime
3312 2091 3532 2144 exerat,
3571 2088 3624 2134 et
3659 2079 3792 2147 quod,

550 2207 744 2252 contra
781 2196 1006 2266 justitia:
1055 2199 1318 2256 rationem
1355 2201 1399 2232 ¹⁸
1449 2208 1504 2254 et
1544 2199 1716 2255 nostri
1769 2197 2005 2256 nominis
2056 2196 2139 2252 di-

554 2289 815 2358 gnitatem
841 2305 904 2344 ac
927 2291 1208 2361 rcgiminis
1245 2291 1558 2362 aequitatem
1599 2306 1844 2364 agamus.

2243 2184 2544 2255 inspirante
2574 2183 2704 2247 Deo,
2740 2179 3004 2250 agendum
3055 2177 3109 2231 in
3140 2189 3356 2230 omnem
3393 2171 3594 2228 salutis
3628 2178 3679 2224 et
3716 2169 3797 2221 uti-

2246 2275 2418 2331 litatis
2455 2284 2617 2345 atque
2648 2270 2951 2328 honestatis
2987 2275 3196 2340 partem
3221 2262 3580 2337 judicaverit,
3608 2257 3795 2318 inretia-

621 2377 673 2433 5.
708 2379 772 2434 Et
803 2379 846 2414 “
897 2380 938 2433 si
984 2378 1124 2434 forte
1179 2381 1494 2451 subreptum
1541 2362 1698 2436 nobis
1746 2380 2034 2452 quippiam.
2082 2389 2145 2434 ut
2249 2365 2498 2436 Sabim“
2523 2362 2832 2447 ΡθΓ³8²ι¹⁹ο

551 2469 755 2536 ltotnini
803 2466 986 2534 fuerit,
1040 2479 1410 2541 competenter
1436 2479 1492 2536 et
1542 2469 1798 2536 fideliter,
1853 2481 2012 2540 prout
2051 2487 2145 2524 su-

1535 2620 1792 2678 KAROLI
1831 2623 1874 2678 ll
1911 2621 2234 2680 SYNODUS
2274 2621 2459 2677 APUD
2499 2616 2842 2676 TOLOSAM.

1924 2733 2046 2804 (An.
2075 2732 2181 2788 8M
2205 2732 2362 2803 Itur.)

631 2842 902 2905 Sirmondi
931 2843 1247 2917 Baluziique
1275 2843 1570 2901 editionem
1600 2859 1703 2916 ope
1740 2842 1945 2902 codicis
1966 2841 2024 2915 2)
2057 2843 2230 2900 Paris.
2259 2859 2311 2897 u.
2337 2841 2477 2899 4658
2507 2841 2938 2914 recognovimus.

564 2995 853 3071 Sapientia
902 2996 1134 3081 capitulo
1178 3007 1297 3052 acta
1334 3011 1462 3081 sunt
1505 3000 1664 3081 apud.
1686 2998 2149 3081 Tolosam-finitas
2179 3009 2224 3070 (ς
2258 2999 2486 3070 amplius
2510 2998 2748 3070 exigant.
2777 2997 2906 3070 Etjsi
2938 2998 3189 3053 hmc'non
3214 2996 3515 3066 accipiunt,
3552 2995 3798 3064 accipiant.

623 3069 758 3172 αυξδ
799 3084 938 3122 αηηο
969 3079 1157 3149 qua"?
1201 3070 1345 3138 τεθηί
1377 3069 1576 3152 domi"?
1619 3069 1827 3136 Κανοίίν
1859 3071 2144 3125 indicum“
2247 3093 2292 3148 si
2323 3069 2530 3156 volunt,
2557 3069 2656 3160 pro
2681 3090 2766 3144 liis
2810 3069 3061 3144 omnibus
3107 3090 3242 3146 duos
3271 3087 3471 3144 solidos
3499 3088 3554 3142 in
3585 3085 3805 3148 denariis,

621 3155 676 3193 vi
761 3179 777 3194 .
804 3154 978 3192 mense
1024 3135 1218 3194 Jumo.
1246 3149 1526 3194 antequam
1559 3139 1650 3193 illa
1685 3155 1803 3194 qua:
1844 3140 2146 3194 nrwcedunt
2279 3183 2290 3194 .
2373 3191 2381 3194 _
2438 3183 2450 3194 .
2525 3183 2567 3194 ...
2608 3183 2619 3194 .
2666 3191 2673 3194 .
2874 3191 2883 3194 Α
2933 3182 2969 3194 ..
3069 3183 3084 3194 .
3640 3179 3678 3194 ..

627 3155 676 3193 vr
706 3155 978 3208 '",_menxe
1024 3155 1218 3202 dumo,
1246 3155 1526 3209 antequam
1559 3155 1650 3193 tua
1685 3155 1803 3209 qua:
1843 3155 2138 3208 prwceaum

627 3209 769 3277 facta
819 3207 1013 3276 fuerint
1044 3222 1191 3261 secus
1233 3207 1495 3263 Teudonis
1543 3207 1756 3272 uillam,
1788 3210 1924 3262 etin
1972 3208 2138 3263 γει-πο

627 3277 845 3329 balatio'
877 3288 924 3329 et
967 3277 1022 3329 in
1065 3276 1289 3329 Belvaco
1335 3280 1539 3329 ciuitate
1565 3294 1582 3329 :
1609 3279 1701 3329 sed
1754 3279 1870 3329 ideo
1900 3289 2020 3329 ante
2053 3278 2138 3329 illa

2248 3183 2390 3237 sicut
2437 3183 2493 3238 in
2525 3183 2787 3239 'l'oletano
2835 3191 2891 3238 et
2929 3182 3301 3239 Bracharense
3340 3195 3612 3238 consensu
3640 3179 3680 3210 "
3712 3177 3800 3246 epi-

2251 3277 2397 3329 sconi
2428 3275 2802 3329 considerasse
2831 3275 3108 3329 dicuntur.

2251 3283 2397 3346 SCOpi
2428 3283 2802 3331 considerasse
2831 3283 3108 3331 dicuntur.

627 3276 845 3348 palatio'
877 3288 924 3331 et
967 3276 1289 3348 in_Belvaco
1335 3280 1539 3334 civitate
1565 3294 1582 3331 :
1609 3279 1701 3333 sed
1754 3279 1870 3332 ideo
1900 3289 2020 3333 ante
2053 3278 2150 3332 illa

624 3346 1663 3438 ῗῖξίξῗᾖξ’ῗί(ἓὲξξεμ⁹,¹ξί,⁰Αἲξ,έξὲνξξέαεε
1699 3349 2057 3420 θεηεναίίίαείδ
2098 3356 2147 3402 ⁸⁸
2336 3369 2391 3423 3.
2443 3367 2515 3422 Ut
2558 3367 2863 3438 presbyteri
2911 3366 3005 3437 qui
3058 3380 3225 3437 prope
3270 3363 3548 3420 civitatem
3601 3359 3810 3432 quinque

629 3416 874 3489 ’νηοάαὰ
911 3426 1246 3487 pmemmem
1273 3427 1606 3474 “domum
2251 3458 2485 3513 miliaria
2538 3416 3035 3526 crommanentfper
3059 3416 3316 3511 rfamulos
3352 3470 3479 3510 suos
3521 3453 3794 3525 praedictam

2253 3549 2560 3617 dispensam
2615 3547 2771 3602 reddi
2816 3547 2871 3601 in
2918 3547 3140 3602 civitate
3185 3547 3273 3602 cui
3320 3545 3551 3615 jusserit
3601 3541 3800 3599 civitatis

2253 3641 2553 3710 episcOpus,
2586 3637 2805 3693 faciant.
2841 3636 2943 3705 Qui
2980 3647 3158 3692 autem
3190 3636 3401 3709 longius
3424 3637 3493 3693 ab
3520 3637 3650 3691 urbe
3683 3646 3802 3688 com-

2255 3737 2493 3794 manent,
2526 3737 2768 3783 statuant
2794 3728 3032 3798 episcopi
3076 3729 3194 3784 loca
3227 3727 3605 3783 convenientia
3628 3738 3715 3795 per
3736 3721 3804 3775 de.

2256 3821 2464 3883 canias,
2493 3821 2633 3876 sicut
2658 3819 2937 3874 constituti
2971 3828 3097 3875 sunt
3118 3817 3600 3888 archipresbyteri,
3626 3829 3721 3884 quo
3743 3813 3800 3864 si-

2256 3914 2456 3970 militer
2503 3922 2558 3968 et
2601 3913 2790 3969 eadem
2845 3911 3249 3982 propinquitate
3311 3909 3492 3966 caeteri
3541 3903 3801 3978 presbyteri

2257 4020 2353 4076 per
2377 4004 2607 4060 famulos
2621 4018 2749 4058 suos
2773 4003 3010 4058 debitam
3029 4001 3336 4071 dispensant
3358 3993 3805 4068 archipresbyteris

633 3529 760 3586 Haec
790 3537 1238 3600 quasequuntur
1284 3529 1551 3601 capitula,
1587 3530 1934 3588 consulentes
1964 3545 2154 3588 neces-

561 3621 712 3677 sitati
759 3622 1136 3692 episcoporum
1185 3622 1551 3693 Septimanim,
1577 3633 1632 3679 et
1655 3623 2027 3695 subjectorum
2073 3624 2154 3679 eis

564 3714 1006 3784 presbyterorum
1047 3713 1391 3785 providentes
1421 3715 1770 3786 possibilitati
1795 3757 1812 3782 ,
1861 3724 2156 3772 tractantes
2198 3725 2200 3728 '

566 3806 732 3860 etiam
759 3807 900 3861 sacri
934 3815 990 3862 et
1021 3805 1165 3875 juste
1203 3807 1702 3879 inreprehensibilis
1729 3808 2021 3864 ministerii
2052 3809 2150 3863 ho-

567 3905 861 3962 nestatem,
906 3900 1348 3970 presbyterorum
1395 3899 1785 3956 reclamatione
1815 3899 2154 3965 commoniti,

566 3986 939 4045 moderamine
962 3991 1394 4047 mansuetudinis
1418 4002 1616 4049 nostrae
1641 4008 1810 4062 usque
1834 3992 1902 4047 ad
1925 3991 2156 4062 diligen-

569 4079 767 4136 tiorem
801 4087 1094 4134 tractatum
1125 4083 1317 4154 synodi
1348 4083 1619 4155 generalis
1656 4082 2025 4138 decernimus.

2258 4105 2352 4150 aut
2395 4094 2771 4165 episcoporum
2805 4092 3070 4148 ministris
3105 4091 3430 4148 convehant.
3463 4089 3532 4143 Et
3560 4091 3806 4156 procurent

642 4171 697 4226 1.
730 4169 802 4228 Ut
827 4173 1066 4243 episcopi
1106 4174 1309 4238 nullam
1347 4175 1778 4246 inquietudinem
1819 4175 1934 4230 sive
1959 4189 2138 4245 expro‘

2257 4187 2516 4257 episc0pi,
2559 4199 2627 4240 ne
2673 4183 2910 4239 ministri
2955 4183 3172 4239 illorum
3212 4181 3563 4253 presbyteros
3608 4177 3805 4232 debona-

569 4265 873 4321 brationem
922 4268 1276 4340 presbyteris,
1328 4277 1424 4323 aut
1473 4277 1662 4337 aperte
1709 4269 2035 4340 ingerendo,
2068 4284 2134 4322 au

2263 4287 2407 4343 rent,
2437 4286 2532 4332 aut
2561 4276 2788 4346 pignora
2820 4275 3104 4331 inhoneste
3134 4273 3388 4338 tollendo,
3410 4272 3496 4325 vel
3528 4267 3803 4325 locationem

571 4360 678 4416 alia
725 4360 967 4430 qualibet
1005 4363 1296 4418 occasione
1344 4361 1729 4427 maciiinando,
1775 4378 1874 4434 pro
1918 4377 1984 4418 eo
2014 4376 2138 4432 quoi

2264 4386 2361 4442 pro
2388 4369 2697 4438 receptione
2720 4367 2989 4436 dispensae
3034 4365 3337 4435 exigendo;
3372 4363 3468 4418 sed
3499 4375 3617 4418 cum
3637 4354 3806 4426 gratia

571 4469 630 4508 se
661 4452 730 4508 ad
778 4467 876 4508 “05
914 4453 1016 4508 hac
1045 4453 1164 4510 νίεθ
1195 4453 1494 4510 “Clamare
1543 4463 1830 4522 νοηετυηι,
1883 4453 2156 4520 inferam;
2267 4475 2385 4514 rum
2415 4459 2629 4514 actione
2661 4457 2930 4528 recipiant
2969 4471 3091 4526 qua:
3117 4453 3421 4525 presbyteri
3461 4467 3584 4508 cum
3607 4446 3806 4504 hilarita-

572 4544 716 4622 quia
746 4544 904 4615 longa
939 4546 1218 4615 oppressio
1270 4545 1578 4614 hujusmodi
1635 4546 1854 4608 itineris.
1892 4559 1986 4610 eos
2034 4545 2164 4610 fecit
2269 4551 2336 4605 tis
2363 4549 2718 4613 humanitate,
2742 4547 2896 4616 juxta
2926 4545 3254 4617 apostolum,
3279 4541 3530 4599 conferre
3554 4538 3804 4595 debebunt-

573 4634 757 4690 Suhire
786 4635 1048 4692 laborem.
2269 4641 2421 4709 Quod
2443 4642 2488 4697 si
2532 4640 2768 4696 ministri
2799 4639 3176 4709 episcoporum
3229 4636 3574 4708 presbyteros
3604 4631 3804 4686 debooo-

643 4725 698 4779 2.
737 4725 802 4781 Ut
829 4743 995 4782 unum
1027 4730 1263 4784 modium
1291 4728 1570 4794 frumenti,
1615 4740 1672 4784 et
1711 4747 1878 4786 unum
1922 4733 2161 4788 modium
2269 4731 2532 4795 raverint,
2563 4731 2778 4802 dignam
2811 4729 2916 4782 illis
2945 4727 3142 4783 exinde
3161 4724 3400 4796 episcopi
3435 4719 3804 4792 castigationem

577 4815 752 4883 ordei,
781 4825 945 4888 atque
970 4835 1138 4875 unum
1168 4820 1424 4890 modium,
1445 4822 1580 4887 vini,
1611 4837 1735 4876 cum
1768 4837 2022 4878 mensura
2044 4838 2165 4894 qua:
2271 4823 2592 4887 exhibeant;
2635 4819 2893 4891 quoniam
2921 4818 3027 4874 nisi
3050 4817 3300 4881 fecerint,
3335 4823 3390 4870 et
3411 4813 3493 4882 ad_
3513 4826 3609 4866 nos
3646 4808 3805 4862 iterum

578 4906 791 4978 publica
825 4916 880 4964 et
917 4911 1168 4979 probata,
1197 4928 1261 4967 ac
1304 4913 1576 4984 generalis
1599 4928 1694 4968 seu
1744 4913 1984 4984 legitima
2008 4956 2022 4977 ,
2069 4930 2165 4984 per
2267 4929 2367 4983 pro
2389 4915 2492 4969 hoc
2516 4927 2574 4968 se
2615 4910 2914 4982 presbyteri
2947 4906 3385 4971 reclamaverint,
3429 4911 3601 4960 motus
3626 4905 3807 4954 nostros

579 4999 854 5036 οἶυῖισιοοηη
911 5010 966 5036 Δ.
1022 5017 1214 5036 nan-um
1277 5013 1438 5038 nia-1A
1491 5004 1820 5038 vininilnlam
1893 5005 2125 5040 Bahal-u-

2269 5006 2357 5040 ηιιῖ
2390 5002 2670 5040 nnlnnhilic
2721 5009 2970 5040 mnnrlna
3008 4998 3198 5040 funt-il,
3246 4996 3462 5040 ςρηῑίρί-
