3898 6320
69 380 152 443 5'23
1082 385 1122 440 F
1132 387 1219 440 lu
1229 382 1513 462 NCOBUM
1551 378 1792 435 REGUM
1824 373 2305 433 CAPITULARIA.

3218 366 3319 421 535

77 501 318 567 clesiolas,
353 503 495 558 sicut
522 509 803 566 nactenus,
837 517 941 556 non
966 499 1309 570 praedentur;
1348 513 1468 552 cum
1496 494 1632 550 scri-
1661 495 1714 554 A
1808 490 1858 542 7.
1895 487 2220 558 Utepiscopi
2245 483 2549 556 parcecliias
2598 483 3060 554 presbyterorum,
3106 490 3323 549 propter

78 609 201 668 ptum
221 596 293 651 sit
317 598 535 651 eosdem
557 595 926 664 evangelizare
944 595 1161 661 debere,
1187 607 1294 648 non
1322 590 1638 662 turpislucri

79 692 107 721 "
126 687 316 759 gratia,
342 702 411 742 ne
447 688 778 758 vituperetur
807 686 1167 741 ministerium
1223 692 1465 741 sanctum
1503 701 1515 738 :
1547 681 1641 738 sed

80 778 400 836 considerent
427 787 482 834 et
502 778 815 834 denuntient
861 776 980 834 loca
1004 777 1104 832 sibi
1136 784 1189 832 et
1215 776 1410 847 populo
1442 789 1640 831 convc-

79 870 286 934 nientia;
319 879 374 924 et
395 869 526 926 illuc
573 870 898 942 presbyteri,
928 876 1194 940 quotquot
1229 868 1558 940 possibilitas
1589 875 1644 923 et

81 959 355 1014 moderatio
377 960 692 1030 providerit,
709 959 890 1030 plebes
911 975 1038 1014 suae
1053 958 1342 1023 adducant,
1365 966 1419 1012 ct
1444 956 1641 1012 ibidem

81 1048 286 1118 episcopi
319 1039 634 1117 praedicent,
672 1052 1015 1116 confirment,
1061 1058 1117 1104 et
1167 1048 1348 1120 pepuli
1387 1057 1566 1104 errata
1598 1046 1643 1077 ’³

80 1139 334 1210 inquirant
359 1155 425 1196 ac
446 1142 739 1212 corrigant.
770 1141 967 1196 lterum
988 1149 1192 1206 autem,
1219 1139 1343 1210 quia
1375 1139 1642 1194 dominica

77 1247 183 1286 voce
205 1230 368 1286 datur
392 1231 607 1288 licentia
639 1233 729 1302 qui
759 1232 1093 1304 evangelium
1122 1231 1462 1295 adnuntiant,
1491 1239 1550 1284 ut
1579 1230 1645 1286 de

73 1323 333 1394 cvangelio
361 1323 560 1388 vivant,
591 1322 719 1378 licet
744 1323 940 1379 Paulus
974 1324 1248 1394 apostolus
1280 1323 1414 1378 nihil
1450 1324 1641 1378 borum

71 1413 216 1467 fuerit
238 1429 390 1480 usus,
419 1415 720 1486 presbyteri
776 1414 878 1469 tale
903 1413 1204 1483 conjectum
1255 1413 1479 1479 faciant,
1509 1423 1566 1467 ut
1592 1422 1646 1468 et

68 1505 289 1574 episcopi
312 1502 560 1559 solatium
585 1504 834 1569 habeant,
851 1505 1017 1576 ctipsi
1042 1522 1143 1559 non
1159 1515 1466 1576 graventur.
1493 1504 1645 1572 Quod

64 1595 124 1648 ita
165 1595 326 1649 nobis
358 1594 475 1650 fieri
514 1610 670 1664 posse
714 1595 949 1660 videtur,
1004 1593 1255 1652 videlicet
1306 1603 1364 1649 ut
1411 1603 1645 1666 quatuor

59 1685 356 1754 presbyteri
384 1685 450 1739 ad
474 1685 650 1739 locum
679 1686 769 1740 ubi
812 1686 1035 1756 quintus
1079 1687 1222 1758 degit
1270 1693 1325 1741 et
1362 1685 1643 1756 episcopus

57 1777 272 1842 residet,
332 1777 516 1848 plebes
544 1794 671 1834 snas
718 1778 784 1834 de
825 1788 1057 1850 quatuor
1105 1778 1348 1850 partibus
1377 1779 1644 1834 adducere

1745 579 2087 634 inlinnesttun
2134 585 2188 630 et
2233 575 2592 645 periculosum
2639 573 2869 637 lucrum,
2922 585 3028 625 non
3057 568 3318 623 dividant.

1745 671 1852 726 Sed
1882 671 1926 726 si
1956 668 2247 725 necessitas
2272 666 2449 737 pepuli
2473 665 2732 736 exegerit,
2755 672 2813 718 ut
2856 662 3037 733 plures
3076 661 3208 714 fiant
3236 674 3325 714 ec-

1745 761 1921 816 clesia:
1943 767 2034 814 aut
2063 765 2368 813 statuantur
2397 755 2610 819 altaria,
2635 769 2757 808 cum
2783 753 2991 806 ratione
3013 758 3068 805 et
3087 750 3327 804 auctori-

1745 863 1854 912 tate
1885 857 1986 912 hoc
2009 854 2236 918 faciant,
2268 853 2476 908 scilicet
2498 861 2556 906 ut
2585 851 2629 906 si
2653 849 2946 921 longitudo,
2986 855 3078 902 aut
3117 847 3328 917 pericu~

1745 946 1856 1002 lum
1885 962 2061 1017 aqure,
2083 945 2166 1001 vel
2195 943 2357 1016 sylva:
2380 951 2475 997 aut
2501 942 2726 1013 alicujus
2771 949 2931 994 certae
2974 932 3198 993 ratiunis
3244 937 3326 989 vel
3371 957 3377 972 ι

1745 1023 2084 1095 necessitatis
2128 1053 2289 1092 causa
2338 1034 2662 1107 poposcerit,
2710 1041 2768 1088 ut
2812 1031 3040 1104 pepulus
3073 1039 3128 1086 et
3167 1044 3328 1086 sexus

1745 1131 2030 1196 infirmior,
2057 1131 2342 1185 mulierum
2356 1127 2605 1184 videlicet
2630 1127 2713 1182 vel
2740 1124 3026 1191 infantum,
3053 1131 3145 1186 aut
3167 1121 3327 1177 etiam
3371 1143 3379 1157 ι

1746 1222 2000 1278 debilium
2031 1219 2389 1284 imbecillitas,
2441 1218 2507 1273 ad
2535 1217 2816 1273 ecclesiam
2846 1213 3196 1284 principalem
3223 1227 3328 1266 non

1744 1314 1909 1384 possit
1941 1328 2250 1377 occurrere,
2283 1320 2335 1366 et
2356 1326 2458 1364 non
2485 1321 2564 1364 est
2593 1308 2670 1364 sic
2694 1307 2850 1378 longe
2878 1305 3000 1360 villa
3026 1313 3085 1359 ut
3110 1303 3333 1374 presby-

1748 1413 1830 1459 ter
1857 1404 1965 1459 illic
1993 1404 2108 1458 sine
2132 1402 2371 1474 periculo
2397 1401 2462 1455 ad
2496 1408 2706 1470 tempus
2725 1406 2780 1453 et
2804 1410 3038 1466 congrue
3067 1409 3174 1448 non
3207 1408 3332 1462 pos-

1745 1499 1815 1552 sit
1838 1495 2043 1560 venire,
2072 1503 2349 1550 statuatur
2370 1492 2571 1556 altare;
2600 1499 2655 1544 et
2681 1490 2724 1544 si
2758 1489 2828 1543 ita
2873 1485 3070 1557 populo
3097 1482 3336 1550 compla-

1746 1599 1911 1655 cet,et
1941 1589 2280 1644 commodum
2341 1584 2524 1650 fuerit,
2557 1600 2625 1638 ne
2656 1583 2772 1638 sine
2820 1581 3030 1634 ratione
3072 1575 3335 1631 scandali-

1746 1693 1918 1748 zetur,
1948 1680 2221 1754 parmcliia
2249 1686 2462 1734 maneat
2490 1676 2740 1732 indivisa.
2772 1674 2865 1729 Sin
2893 1681 3070 1727 autem
3099 1668 3341 1741 praefatae

1747 1789 1921 1829 causa:
1943 1771 2354 1843 postulaverint,
2385 1778 2437 1824 et
2464 1767 2690 1840 populus
2705 1779 2811 1821 non
2825 1764 3146 1826 conductus,
3166 1775 3339 1829 neque

57 1866 333 1932 studeant,
375 1876 430 1923 et
482 1873 850 1942 unusquisque
908 1887 1097 1926 eorum
1145 1873 1328 1928 decem
1371 1887 1559 1942 panes,
1591 1878 1646 1925 et
1673 1859 1719 1918 Β
1749 1864 2041 1936 cupiditate
2068 1861 2153 1917 vel
2213 1860 2414 1916 invidia
2471 1858 2756 1920 excitatus,
2813 1855 2905 1911 sed
2945 1852 3338 1908 rationabiliter

57 1961 337 2016 dimidium
388 1962 627 2017 modium
673 1964 781 2017 vini
826 1972 881 2018 et
921 1962 1270 2036 friscliingam
1312 1964 1378 2019 de
1417 1973 1648 2033 quatuor

56 2052 314 2118 denariis,
343 2062 398 2109 et
420 2053 592 2124 pullos
633 2054 767 2110 duos
809 2064 864 2110 et
902 2071 1001 2110 ova
1052 2057 1261 2124 decem,
1305 2065 1361 2111 et
1411 2055 1645 2111 modium

62 2160 214 2198 unum
237 2145 306 2200 de
328 2160 541 2201 annona
569 2147 635 2202 ad
661 2149 926 2215 caballos,
961 2150 1012 2203 in
1051 2150 1352 2205 subsidium
1395 2150 1648 2205 benedic-

64 2236 212 2290 tionis
241 2239 419 2308 gratia
465 2249 755 2308 praesentet
777 2241 1054 2311 episcopo.
1093 2243 1160 2297 Et
1185 2242 1462 2298 similiter
1487 2242 1644 2314 quin-

69 2339 162 2393 tur,
184 2329 236 2382 in
262 2328 413 2399 cujus
435 2331 595 2388 domo
631 2333 920 2405 episcopus
949 2335 1166 2402 residet,
1192 2335 1382 2392 faciat:
1410 2351 1510 2392 nec
1536 2352 1649 2390 am-

70 2421 192 2489 plius
216 2423 286 2477 ab
308 2439 372 2479 eo
401 2425 670 2496 exigatur,
713 2427 818 2482 nisi
864 2425 1004 2482 forte
1041 2425 1184 2499 ligna
1234 2435 1289 2483 et
1310 2427 1560 2483 utensilia
1594 2427 1648 2481 in

73 2531 188 2584 opus
235 2516 522 2573 ministerii
569 2519 895 2574 commodet.
948 2519 1287 2590 Quapropter
1361 2518 1648 2589 episcopus

77 2606 382 2674 providebit,
409 2625 478 2664 ne
515 2609 708 2666 domus
767 2618 859 2665 aut
900 2625 1056 2680 sepes
1099 2609 1243 2666 illius
1302 2625 1332 2664 a
1382 2610 1648 2667 ministris

80 2703 240 2750 taslen
250 2706 353 2752 tur.

134 2783 180 2838 5.
213 2785 282 2841 Ut
309 2789 480 2845 semel
505 2790 557 2844 in
591 2806 732 2846 anno
763 2790 1003 2862 episcopi
1045 2791 1186 2848 hanc
1216 2793 1646 2849 circumitionem

79 2882 294 2945 tempore
315 2893 556 2951 congruo
599 2880 820 2936 faciant.
870 2881 1001 2938 Etsi
1027 2883 1257 2953 amplius
1287 2883 1650 2940 ministerium

79 2979 210 3020 suum
240 2984 334 3039 per
358 2969 619 3027 diocesim
646 2985 808 3044 agere
836 2972 1126 3038 voluerint,
1150 2973 1289 3030 hanc
1322 2983 1502 3031 tamen
1540 2975 1650 3030 dis-

79 3069 273 3119 pensam
304 3073 411 3114 non
443 3060 674 3130 amplius
703 3077 862 3133 quam
894 3063 1062 3119 semel
1096 3079 1126 3118 a
1175 3065 1506 3137 presbyteris
1552 3081 1651 3136 per

78 3158 256 3199 annum
278 3148 563 3218 accipiant.

132 3235 179 3290 6.
201 3237 353 3304 Quod
383 3250 438 3296 et
469 3243 514 3298 si
549 3243 980 3302 circumitionem
1013 3246 1066 3301 in
1115 3246 1341 3303 salutem
1363 3231 1422 3303 et
1459 3264 1646 3306 neces-

78 3325 266 3384 sitatem
300 3333 487 3403 populi
539 3350 878 3406 quacumque
931 3338 998 3392 de
1039 3353 1204 3394 causa
1246 3339 1574 3408 dimiserint,
1613 3356 1644 3397 a

76 3422 380 3494 presbyteris
410 3441 510 3481 nec
541 3427 681 3482 banc
706 3427 1012 3498 diSpensam
1045 3446 1219 3500 neque
1245 3432 1474 3501 pretium
1504 3434 1646 3489 illius

77 3509 292 3580 exigant,
325 3529 500 3584 neque
520 3515 642 3571 aliis
688 3519 918 3573 autsuis
964 3519 1277 3576 domesticis
1323 3530 1416 3576 aut
1455 3524 1647 3578 amicis

77 3602 312 3671 exigenda
337 3607 655 3661 concedant.
688 3607 755 3661 Et
784 3610 1001 3678 quando
1039 3610 1436 3677 circumierim,
1485 3621 1540 3666 et
1589 3612 1642 3666 in

79 3693 214 3747 domo
241 3697 540 3768 presbyteri
569 3698 887 3765 resederint,
909 3714 1014 3754 non
1048 3700 1147 3754 sub
1175 3700 1460 3755 occasione
1496 3701 1648 3755 adﬂi-

80 3785 211 3849 gen-Ji
232 3789 578 3859 presbyteros
607 3789 961 3846 immoderate
990 3801 1044 3846 et
1069 3809 1176 3848 non
1207 3794 1515 3849 necessarie
1540 3810 1642 3849 nu-

82 3889 260 3932 merum
286 3878 610 3937 famulorum
626 3882 910 3945 adducant,
933 3898 1106 3954 neque
1125 3884 1330 3941 vicinos
1345 3887 1410 3940 ad
1431 3895 1643 3956 pastum

81 3962 344 4037 incongrue
370 3981 686 4026 convocent.
713 3971 864 4040 Quod
887 3982 941 4028 et
976 3974 1019 4028 si
1043 3989 1162 4029 cum
1199 3975 1426 4030 caritate
1450 3990 1646 4032 vocare

82 4053 341 4124 Voluerint,
371 4059 604 4126 faciant;
663 4061 755 4115 sed
787 4075 894 4116 non
944 4062 1176 4133 amplius
1203 4078 1234 4117 a
1287 4063 1638 4136 presbyteris,

83 4144 148 4197 rei
165 4149 256 4203 sub
287 4153 576 4208 occasione
605 4153 892 4220 vendendi,
922 4154 1007 4210 vel
1038 4155 1144 4212 alio
1166 4156 1409 4226 quolibet
1457 4157 1639 4223 modo,

1749 1955 2134 2012 adclamaverit
2179 1962 2239 2009 ut
2280 1953 2510 2009 ecclesia
2561 1951 2670 2006 illis
2694 1949 2810 2004 fieri
2839 1957 2895 2002 ct
2923 1946 3206 2018 presbyter
3245 1943 3339 1996 dc-

1748 2047 2153 2113 beatordinari,
2186 2048 2288 2102 hoc
2314 2044 2548 2117 episcOpi
2593 2039 2995 2115 episcopaliter,
3030 2048 3166 2094 teste
3204 2037 3334 2099 Deo.

1751 2141 1802 2194 in
1833 2139 2179 2195 conscientia:
2202 2137 2459 2208 puritate,
2490 2150 2612 2190 cum
2643 2133 2853 2187 ratione
2899 2138 2954 2184 et
2996 2127 3339 2190 auctoritate,
3370 2157 3372 2160 ν

1750 2235 1865 2289 sine
1897 2232 2199 2288 intentione
2229 2232 2402 2301 turpis
2428 2228 2587 2293 lucri,
2616 2235 2829 2282 mature
2857 2223 3082 2280 consilio
3109 2221 3303 2277 canoni

1747 2340 1812 2380 eo
1839 2331 2088 2386 tractent,
2114 2330 2169 2378 et
2193 2321 2411 2376 utilitati
2436 2334 2500 2374 ac
2520 2318 2678 2375 saluti
2712 2316 2970 2385 subjectae
2997 2313 3166 2384 plebis
3195 2326 3340 2381 quine-

1748 2430 1854 2486 que
1885 2415 2087 2487 agenda
2114 2419 2239 2469 sunt
2289 2419 2579 2483 peragant;
2610 2418 2664 2465 et
2693 2407 2988 2463 secundum
3035 2404 3178 2475 quod
3207 2403 3337 2457 sub-

1749 2505 2016 2562 traxerint
2045 2505 2264 2561 cuilibet
2290 2503 2606 2576 presbytero
2663 2502 2730 2555 de
2785 2498 3082 2571 partechia,
3114 2497 3182 2551 de
3233 2494 3343 2551 dis-

1749 2615 1914 2672 pensa
1959 2614 2174 2669 quoque
2201 2597 2383 2654 debita
2412 2598 2479 2652 ab
2506 2595 2596 2652 illo
2625 2594 2802 2648 minus
2833 2590 3125 2662 accipiant,
3173 2596 3229 2642 et
3258 2587 3340 2641 al—

1750 2693 1875 2758 teri,
1903 2691 1995 2762 qui
2043 2689 2186 2760 quod
2241 2688 2554 2744 dividitura
2601 2685 2899 2756 parmclii‘a,
2961 2681 3206 2750 suscipit,
3243 2680 3344 2734 sub

1749 2784 1853 2840 bac
1874 2783 2064 2841 eadem
2088 2796 2344 2838 mensura
2373 2780 2671 2851 imponant.

1817 2919 1871 2976 8.
1903 2919 1973 2976 Ut
1999 2917 2238 2990 episcopi
2285 2917 2386 2973 sub
2420 2914 2705 2971 occasione
2759 2912 2916 2982 quasi
2963 2883 3368 2982 auctoritatem

1749 3012 1988 3069 habeant
2011 3024 2300 3073 canonum,
2328 3007 2416 3064 his
2443 3005 2756 3064 constitutis
2779 3002 3116 3060 excellentia:
3143 3009 3344 3056 nostrae

1751 3117 2096 3174 nequaquam
2119 3100 2406 3166 resultent,
2433 3106 2526 3154 aut
2549 3097 2867 3168 neglegant;
2900 3095 2996 3152 sed
3043 3093 3223 3165 potius
3250 3108 3359 3162 ca-g

1674 3223 1719 3285 ρ
1753 3209 1926 3250 nones
1972 3201 2030 3247 ut
2079 3189 2424 3262 intellegendi
2475 3197 2601 3245 sunt
2629 3186 2942 3258 intellegere
2967 3184 3104 3240 etin
3134 3183 3342 3238 cunctis

1749 3285 2040 3340 observare
2065 3290 2390 3354 procurent;
2448 3282 2575 3352 quia
2610 3280 2652 3335 si
2685 3279 2843 3335 aliter
2869 3276 3118 3339 fecerint,
3165 3275 3343 3330 omni-

1749 3378 1924 3434 modis
1950 3388 2004 3434 et
2029 3377 2260 3448 qualiter
2279 3391 2516 3432 canones
2541 3375 2773 3430 fidelium
2822 3371 3046 3428 decimis
3075 3370 3338 3438 agendum

1749 3480 2010 3537 statuant,
2047 3480 2103 3526 et
2131 3470 2364 3541 qualiter
2385 3469 2620 3540 intellegi
2647 3484 2710 3524 ac
2735 3467 3008 3523 observari
3038 3481 3159 3521 cum
3187 3479 3340 3518 man-
3408 3515 3418 3520 -

1748 3564 2046 3619 suetudinis
2095 3573 2296 3619 nostra:
2325 3564 2545 3619 decreto
2574 3563 2826 3625 debeant,
2857 3558 3100 3631 synodali
3147 3556 3345 3626 dijudi-

1749 3655 1963 3708 catione
1987 3663 2041 3708 et
2072 3663 2258 3708 nostra
2291 3653 2438 3724 regia
2461 3651 2782 3707 auctoritate
2805 3649 3161 3705 docebuntur.
3245 3709 3257 3721 .

1817 3745 1870 3800 9.
1904 3744 1974 3800 Ut
2011 3745 2250 3814 episcopi
2303 3745 2540 3814 synodos
2567 3758 2598 3796 a
2649 3740 3001 3812 presbyteris,
3063 3737 3166 3792 nisi
3198 3737 3340 3792 sicut

1748 3835 1905 3890 docet
1929 3835 2223 3890 auctoritas
2253 3849 2542 3900 canonum,
2575 3834 2708 3888 duos
2729 3831 2954 3896 scilicet,
2985 3837 3040 3884 et
3068 3844 3165 3898 per
3203 3817 3348 3890 teme

1749 3939 1883 3994 pora
1909 3926 2226 3992 constituta,
2281 3939 2388 3979 non
2419 3924 2678 3994 exigant:
2712 3921 2806 3977 sed
2834 3905 2971 3976 etin
2998 3918 3200 3974 eisdem
3247 3933 3340 3987 sy-

1749 4019 1905 4074 nodis
1925 4034 2032 4075 non
2059 4034 2158 4090 per
2183 4018 2548 4085 occasionem,
2573 4015 2668 4073 sed
2699 4032 2796 4088 per
2825 4014 3108 4070 veritatem
3150 4011 3344 4081 minis:

1749 4110 1871 4166 terii
1898 4111 2003 4177 sui,
2037 4119 2172 4167 teste
2199 4111 2332 4177 Deo,
2356 4111 2421 4166 ad
2456 4110 2599 4182 quod
2627 4108 2907 4164 constituti
2948 4115 3092 4175 sunt,
3116 4105 3338 4178 presby-

1748 4209 1896 4259 teros.
1911 4211 1966 4258 et
1994 4211 2244 4268 tractent,
2274 4212 2328 4258 et
2348 4200 2586 4270 teneant,
2615 4210 2668 4258 et
2689 4201 2988 4258 absolvant.

84 4251 218 4304 quam
264 4253 524 4300 statutum
555 4255 639 4302 est
681 4247 920 4318 exigant,
965 4263 1140 4321 neque
1160 4252 1522 4322 paraveredos
1550 4259 1644 4307 aut

86 4326 193 4385 alias
213 4337 522 4392 exactiones
551 4335 754 4392 tollant.

296 4443 669 4502 HLOTHARII
708 4448 746 4514 l,
791 4446 1180 4507 HLUDOWICI
1215 4451 1255 4507 ll
1297 4451 1388 4507 ET
1425 4452 1677 4510 KAROLI
1717 4454 1761 4510 ll
1801 4453 2218 4514 CONVENTUS
2252 4458 2342 4512 AD
2383 4456 2772 4514 TllEODONlS
2811 4454 3087 4512 VlLLAll.

1475 4563 1599 4636 (An.
1630 4565 1756 4622 8M.
1792 4565 1936 4638 Oct.)

136 4669 256 4752 (iam
277 4671 924 4752 Lotbari'u_s,_‘l‘.udovicus
950 4681 1006 4752 et
1028 4673 1276 4752 Carolus,
1313 4673 1888 4752 PrudentigTrecensi
1927 4684 2064 4752 teste
2092 4677 2354 4752 (Monum.
2385 4678 2562 4733 Germ.
2602 4679 2703 4752 SS.
2737 4687 2868 4752 tom.
2903 4677 2946 4744 1,
2973 4693 3028 4752 p.
3059 4678 3155 4752 ιιι
3185 4677 3200 4752 [
3215 4677 3324 4752 Pn-

84 4739 454 4826 trlologitetom.
487 4742 940 4826 CXV]..),._mense
965 4744 1184 4826 Octobri
1224 4761 1316 4826 an.
1472 4745 1538 4800 ad
1569 4744 1876 4826 Theodouis
1917 4739 2798 4826 villam:convenissent,_capitula
2823 4739 2943 4826 bene
2966 4739 3031 4806 ab
3060 4739 3329 4826 episcopis

80 4809 420 4912 gblgtglat‘qtie
446 4809 914 4912 aprincipibgg‘in
945 4824 1214 4896 convcntp
1247 4814 1485 4912 ﬁdelium
1518 4817 1816 4899 approbata
1858 4827 2010 4912 suate.
2045 4817 2322 4912 Sir'mpndi
2363 4831 2419 4876 et
2455 4809 2661 4912 Baluzii
2703 4820 2972 4876 editiones
3003 4809 3107 4890 ope
3128 4809 3331 4875 codicis

527 4900 597 4912 -ια
653 4900 684 4912 ιρι
787 4904 800 4912 ι
907 4899 1318 4912 ἊΔΛΛηηΛιθιΜιια
1413 4901 1440 4912 Α
1482 4901 1542 4912 Λ..
1580 4901 1756 4912 “Λ“ιιιη
1805 4896 1947 4912 ..ΑίΔ-
2018 4904 2120 4912 .-.ι-
2241 4891 2380 4912 -.ε..-
2413 4905 2442 4912 ..
2595 4890 2808 4912 η---..ε-ε
2861 4901 3105 4912 Α---Α....ιΑ
3143 4891 3300 4912 l.-l.‘.

147 4879 271 4935 Bibl.
301 4879 1339 4966 reg.olfaris.un'.n4(_i38.recognovimtts.
1366 4879 1644 4966 Codex're;

1751 4904 1758 4940 ι
1805 4887 1947 4966 inter
1976 4887 2164 4966 Suppl.
2193 4889 2389 4966 Latina
2413 4905 2468 4944 n.
2493 4888 2562 4945 75
2582 4890 2809 4966 nonnisi
2853 4879 3110 4966 excerpta
3143 4891 3326 4966 habet,

80 4953 139 5036 ita
162 4953 524 5036 conventuijn
553 4953 678 5036 villa
704 4953 925 5036 Colonia
950 4954 1156 5036 adnean
1187 4972 1200 5009 :
1241 4973 1259 5006 ί
1293 4955 1367 5010 Ex
1389 4953 1800 5036 capitulis'vero
1821 4959 1881 5036 _i_n
1923 4953 2130 5036 synodo
2160 4961 2302 5036 apud
2330 4961 2625 5036 Tbeotonis
2650 4960 2827 5015 villam
2853 4953 3054 5016 habitis
3076 4963 3322 5030 quaedam

80 5022 320 5100 [ponenda
349 5023 746 5100 subiungimus,
770 5025 1015 5100 quaedam
1047 5034 1226 5079 autem
1253 5041 1352 5100 pro
1376 5022 1627 5100 tempore
1647 5036 1778 5084 tunc
1804 5022 2056 5096 dicenda,
2083 5022 2227 5086 nunc
2248 5031 2499 5088 brevitati
2525 5035 2808 5087 studentes
2838 5022 3149 5097 recidimus,
3180 5045 3324 5100 quac-

77 5091 378 5176 f‘ﬁmﬁtiam
418 5091 725 5176 neceSSitati
757 5091 1099 5176 consulentes
1126 5104 1180 5176 et
1209 5091 1388 5176 ordini
1422 5091 1786 5176 providentes,
1819 5091 2357 5176 patrumsequentes
2382 5101 2853 5168 consuetudinem,
2875 5091 3320 5173 interposuimus,

76 5161 133 5211 ila
159 5161 222 5216 ab
242 5163 510 5234 episcopis
534 5163 742 5234 prolata
767 5165 1068 5235 principum
1102 5174 1157 5219 et
1186 5161 1489 5222 ceterorum
1525 5161 1970 5226 fidelium-saluti.
2011 5189 2030 5223 ι
2145 5161 2166 5172 ’
2835 5161 2850 5168 ’
3020 5161 3038 5173 ³
3116 5169 3123 5174 ”

74 5267 312 5362 δεςξριιζεζ
330 5275 560 5362 capitulo
582 5286 830 5362 qureacta
855 5287 972 5359 sunt
990 5277 1252 5362 insultatio
1269 5297 1414 5362 secus
1433 5254 1714 5362 Tetu‘doén
1812 5283 1921 5337 rius
1951 5283 2208 5350 videlicet,
2238 5282 2605 5362 Ιζιαιιοωὶειιξι
2622 5292 2668 5339 et
2689 5280 2920 5362 Karolus
2946 5281 3102 5337 simul
3132 5295 3324 5362 fome-

129 5345 203 5432 itis
217 5343 582 5432 viljlnnthabila
596 5343 663 5432 δξ,
689 5347 866 5432 inloco
881 5343 1184 5430 quiflicitur
1199 5349 1472 5432 udicium
1490 5349 1646 5432 (ξπ
1808 5343 2372 5432 ρςναηιηαηηοιὶιιιὶητο
2390 5357 2532 5425 regni
2555 5343 2744 5409 Κανοιὶ
2759 5399 2774 5420 ,
2794 5356 2879 5408 cui
2905 5353 3102 5423 synodo
3124 5349 3318 5432 Drogo,

126 5414 329 5481 quando
375 5425 478 5470 tres
529 5416 720 5488 fratres
777 5418 989 5488 gloriosi
1041 5420 1299 5489 principes
1327 5461 1343 5484 ,
1398 5414 1630 5474 unum-
1812 5414 2059 5478 Metensis
2103 5414 2390 5497 episcOpus,
2434 5414 2681 5496 praesedit
2729 5414 2982 5480 consensu
3018 5414 3318 5477 earumdem

1323 5533 1553 5589 VARUS
1597 5533 2000 5592 LECTIONES.
2056 5599 2058 5602 ν

127 5644 168 5674 ²²
201 5643 370 5715 glucri
401 5645 453 5698 ‘2.
532 5646 577 5675 ³³
616 5645 755 5699 deest
784 5646 836 5699 2.
915 5646 960 5678 ’δ
997 5646 1232 5701 habitam
1265 5646 1317 5700 2,

131 5845 236 5917 (9.3,)
294 5843 470 5902 ludite
528 5844 677 5912 villa,
732 5845 872 5901 haud
926 5847 1110 5918 procul
1167 5863 1194 5902 a
1245 5757 1918 5908 chJCllllOlCSf);fif0ND.
