3876 5326
499 395 608 450 555

1178 398 1471 455 APPEND.
1514 397 1604 453 AD
1646 392 1821 452 SIEC.
1860 390 1927 447 Χ.
1956 421 2026 432 -
2060 391 2496 455 MONUMENTA
2537 399 3021 463 DIPLOMATICA.

3665 401 3766 460 556

566 525 921 595 regumiqua!
942 521 991 568 et
1030 511 1133 595 ipsi
1156 512 1414 595 princiyies
1443 522 1563 568 ante
1581 528 1637 595 se
1664 510 1948 595 ﬁdelesque
2001 528 2088 567 eo-
2115 511 2163 571 A
2192 526 2397 574 remota
2423 517 2661 591 quolibet
2695 521 2853 576 modo
2879 520 3029 577 omni
3066 518 3279 579 occulta
3315 518 3545 577 nocendi
3572 518 3772 576 macbi-
3874 592 3876 595 ι

569 582 688 638 rum
713 582 901 638 reiecta
926 582 1165 653 capitula
1177 582 1674 653 adprObarerunt,et
1697 599 1752 637 se
1775 582 1955 638 eadem
1979 597 2091 637 ser-

567 664 803 725 vaturos,
845 652 1137 725 auxiliante
1190 652 1433 725 Domino,
1484 654 1857 725 promiserunt,
1917 669 2103 709 mense:

569 724 840 791 Octobrio,
866 723 1146 779 indictione
1164 724 1323 778 Vit".

567 814 734 872 Navis
753 822 954 870 sanctis
979 813 1238 872 Ecclesiae
1259 815 1328 871 ab
1362 815 1590 873 exordio
1616 830 1714 872 suo
1740 816 1905 871 variis
1951 830 2095 888 s:epe

495 904 993 980 perturbationibus
1041 921 1244 974 mersa,
1272 907 1366 964 sed
1411 908 1657 967 excitato.
1703 907 1940 965 ﬁdelium
1968 922 2131 979 pre--

498 998 654 1054 cibus
680 997 1045 1069 gubernatore
1070 1012 1171 1055 suo
1198 997 1414 1055 Christo
1451 1013 1730 1070 nunquam
1778 1006 1862 1054 est
1898 1011 2095 1068 usque-

498 1101 713 1158 quaque
734 1086 1002 1142 demersa.
1031 1086 1162 1156 Quae
1190 1088 1463 1158 quondam
1494 1088 1680 1156 etiam,
1738 1095 1801 1144 ut
1826 1102 1971 1144 nunc
2013 1087 2094 1143 vi-

502 1180 683 1247 detur,
706 1194 849 1249 pene
872 1180 1155 1253 conlapsa,
1182 1183 1589 1254 progenitorum
1635 1190 1939 1238 vestrorum
1979 1190 2097 1238 stu-

500 1271 592 1328 dio
628 1280 684 1329 et
712 1271 1023 1340 devotione,
1055 1283 1137 1331 est
1159 1283 1380 1331 auctore
1408 1276 1518 1332 Deo
1536 1275 1689 1346 juxta
1719 1275 1937 1332 modum
1959 1274 2096 1330 divi-

496 1365 648 1420 i:itus
672 1380 995 1423 concessum
1018 1379 1359 1437 recuperata.
1385 1366 1539 1425 Unde
1560 1368 1863 1425 immensas
1876 1366 2095 1423 domino

494 1456 612 1513 Deo
630 1456 1026 1513 nostrolaudes
1051 1456 1352 1523 referimus,
1392 1458 1484 1529 qui
1510 1467 1564 1515 et
1605 1458 1770 1515 corda
1826 1464 2006 1514 vestra
2028 1454 2095 1511 ad

500 1547 863 1602 intentionem
916 1547 1148 1606 similem
1176 1547 1458 1614 excitavit,
1490 1557 1547 1605 et
1572 1555 1693 1619 post
1732 1547 1957 1618 vestigia
2000 1562 2095 1619 pa-

499 1646 647 1693 trum
669 1646 992 1704 vestrorum,
1040 1638 1240 1710 quibus
1266 1654 1363 1711 per
1412 1638 1713 1711 temporale
1753 1654 1978 1712 regnum
2027 1636 2095 1693 ad

499 1736 774 1784 aeternum.
810 1729 1161 1800 perveniatis,
1198 1731 1280 1786 ire
1304 1729 1442 1787 velle
1464 1730 1650 1788 docuit
1686 1739 1745 1789 et
1787 1730 2091 1803 inspiravit.

499 1822 711 1880 Vestra:
740 1824 1094 1882 nihilominus
1119 1825 1469 1883 nobilissima:
1501 1826 1858 1884 dominationi
1912 1825 2094 1882 multi-

499 1915 697 1971 modas
714 1916 1014 1987 gratiarum
1036 1916 1291 1996 actiones.
1326 1917 1694 1988 rependimus,
1726 1918 1853 1989 quia
1885 1918 1952 1974 ad
1981 1917 2097 1974 evi-

501 2008 728 2062 tandum
762 2016 818 2062 et
836 2015 1076 2062 vestrum
1103 2016 1161 2064 et
1187 2016 1434 2067 nostrum
1463 2007 1510 2041 "
1561 2008 1887 2081 periculum,
1935 2017 1992 2065 et
2029 2008 2098 2065 ad

501 2112 845 2154 communem
879 2098 1152 2170 totiusque
1197 2097 1378 2170 populi
1424 2096 1810 2171 providendam
1839 2097 2097 2154 salvatio—

502 2207 661 2258 nem,
705 2191 904 2248 bonam
938 2199 996 2247 et
1040 2191 1436 2263 beneplacitam
1469 2193 1564 2250 Dei
1598 2193 1931 2251 voluntatem
1980 2192 2104 2249 sub-

504 2281 684 2353 sequi,
714 2290 777 2338 et.
794 2280 1040 2338 divinum
1070 2283 1379 2353 consilium,
1429 2284 1725 2345 secundum
1771 2294 2101 2358 praeceptum

504 2375 721 2431 Domini
786 2390 907 2449 quo-
945 2375 1176 2431 dicitur:
1239 2374 1520 2447 Interroga
1571 2376 1867 2432 sacerdotes
1940 2375 2109 2448 legent

505 2481 708 2531 meam;
733 2472 808 2532 cl,
830 2465 1107 2536 Interroga
1129 2474 1304 2536 patres
1323 2474 1440 2520 tua:
1459 2474 1508 2521 et
1548 2465 1937 2521 adnuntiabunt
1988 2466 2101 2533 tibi,

506 2571 538 2611 a
568 2556 1104 2628 nobis,,quamquam
1135 2556 1393 2628 indignis,
1422 2557 1624 2614 Christi
1652 2567 1831 2614 tamen
1863 2558 2102 2624 vicariis,

506 2650 819 2721 quaet-ercet
830 2649 1062 2719 benigna
1077 2649 1362 2706 devotione
1372 2648 1518 2707 velut
1532 2664 1719 2706 revera
1735 2666 1801 2706 ex
1823 2664 1920 2707 ore
1939 2650 2108 2721 ipsius

507 2739 628 2805 Dei,
657 2746 951 2810 expectare
993 2738 1313 2807 dignamini.
1364 2738 1517 2808 Quod
1556 2739 1883 2797 humilitatis
1912 2748 2110 2796 vestrae

508 2848 801 2906 supernum
824 2832 1025 2889 donum
1048 2841 1236 2905 sancta
1286 2832 1512 2889 ecclesia
1553 2847 1677 2888 cum
1714 2840 1864 2888 tanto
1916 2832 2110 2905 gaudio

510 2927 758 2998 suscipit,
790 2933 851 2982 ut
876 2925 943 2981 de
966 2925 1120 2981 vobis
1167 2925 1331 2983 etiam
1385 2927 1439 2981 in
1486 2923 1857 2981 consolatione
1885 2938 1981 2980 sua
2008 2919 2110 2979 sibi

513 3018 718 3074 dictum
744 3033 775 3072 a
803 3015 1032 3072 Domino
1059 3026 1249 3087 aptare
1267 3015 1429 3072 velit:
1461 3012 1571 3070 Pro
1600 3013 1838 3086 patribus
1869 3013 1974 3068 tuis
2000 3014 2112 3068 nati

513 3120 634 3166 sunt
656 3110 748 3165 tibi
768 3109 896 3179 ﬁlii:
928 3106 980 3163 id
1008 3117 1092 3164 est
1113 3109 1179 3175 ⁸⁷,
1207 3123 1307 3179 pro
1328 3108 1556 3174 istorqu
1583 3106 1629 3138 "
1651 3103 2110 3177 progenitoribus,

515 3201 607 3271 qui
640 3208 690 3255 tc
713 3209 939 3269 paterno
954 3196 1147 3254 aﬂectu
1168 3199 1494 3263 ditaverunt,
1523 3206 1580 3253 et
1602 3195 2019 3266 ampliaverunt,
2048 3211 2113 3250 ac

519 3291 825 3356 coluerunt,
858 3290 970 3346 nati
995 3299 1122 3346 sunt
1144 3289 1237 3346 tibi
1264 3289 1352 3345 isti
1377 3288 1491 3356 ﬁlii,
1522 3288 1613 3359 qui
1637 3288 1693 3343 in
1718 3296 1772 3344 te
1810 3294 1866 3343 et
1886 3295 2119 3360 paterna

522 3398 752 3440 munera
784 3383 1104 3450 resarciant,
1136 3391 1482 3455 recuperent,
1510 3390 1564 3436 et
1591 3387 1937 3446 conservent,
1979 3387 2035 3434 et
2063 3388 2124 3434 te

521 3473 663 3530 ﬁdeli
694 3474 995 3536 devotione,
1041 3482 1102 3529 ut
1148 3473 1307 3530 bonae
1359 3472 1553 3529 indolis
1604 3470 1998 3536 adolescentes,
2031 3484 2118 3526 me

521 3582 684 3637 super
734 3581 829 3623 eos
874 3565 1190 3621 intendente
1236 3565 1425 3635 eisque
1454 3579 1670 3620 manum
1719 3562 1900 3619 solatii
1932 3560 2115 3632 porri-

524 3665 705 3731 gente,
744 3665 997 3726 tueantur
1025 3664 1079 3712 et
1102 3655 1368 3713 excolant.

599 3751 650 3805 1.
693 3749 789 3805 His
834 3750 909 3805 ita
930 3750 1245 3822 praemissis,
1273 3748 1594 3807 nobilissimi
1621 3750 1849 3818 domini,
1885 3758 1957 3806 ut
1986 3763 2114 3806 cum

523 3855 657 3913 pace
700 3849 880 3898 vestra
928 3840 1192 3908 dicamus,
1244 3841 1369 3911 quia
1410 3849 1628 3898 constat
1675 3842 1820 3898 hanc
1871 3850 2117 3897 sanctam

528 3932 815 3989 ecclesiam
840 3932 1100 4003 sanguine
1120 3931 1322 3988 Christi
1352 3933 1688 4003 redemptam
1734 3940 1790 3988 et
1817 3932 2120 4003 predeces-

527 4039 711 4081 sorum
746 4032 1054 4079 vestrorum
1081 4024 1125 4056 ³⁸
1152 4022 1321 4079 multo
1350 4022 1535 4078 labore
1581 4022 2003 4092 redintegratam
2052 4020 2121 4077 ac

529 4117 819 4170 adunatam
858 4123 1021 4184 atque
1069 4100 1443 4184 gubernatam,
1473 4123 1655 4169 vestra
1688 4113 1962 4169 discordia
1997 4127 2121 4169 esse

535 4205 819 4261 discissam
847 4204 1292 4274 ctfperturbatam
1318 4211 1478 4274 atque
1498 4201 1772 4270 afﬂictam,
1788 4202 2003 4258 videtur
2023 4218 2123 4259 nor-

533 4298 642 4363 bis,
672 4296 718 4352 si
746 4304 801 4353 et
828 4296 881 4351 in
910 4295 1161 4366 praesenti
1196 4294 1429 4351 feliciter
1474 4309 1704 4366 regnare
1730 4304 1787 4351 et
1826 4296 1882 4350 in
1939 4294 2123 4351 nitore

536 4387 733 4458 cupitis
760 4401 881 4442 esse
928 4384 1085 4451 salvi,
1121 4393 1179 4441 et
1225 4385 1293 4441 ab
1339 4384 1445 4441 hac
1495 4384 1684 4441 eadem
1710 4383 1942 4441 ecclesia
1968 4385 2123 4441 vobis

542 4478 611 4533 ad
641 4476 1051 4549 gubernandum
1079 4475 1394 4542 commissa,
1431 4489 1532 4546 pro
1578 4490 1684 4546 qua
1720 4490 1788 4531 ex
1821 4475 2122 4533 ministerio

538 4568 707 4641 regali
752 4567 1013 4625 reddituri
1066 4568 1199 4623 estis
1238 4568 1351 4638 regi
1396 4582 1584 4638 regum
1635 4567 1897 4625 rationem
1932 4567 1988 4623 in
2034 4567 2124 4624 die

531 4658 743 4730 iudicii,
779 4668 897 4714 tam
914 4657 1237 4728 multiplices
1282 4673 1348 4714 ac
1389 4659 1729 4729 perniciosas
1763 4658 2124 4728 corruptionis

538 4750 878 4821 pestilentias
916 4748 1081 4805 vultis
1125 4764 1399 4817 amovere,
1438 4759 1494 4806 et
1516 4750 1756 4820 vigorem
1808 4751 2014 4822 regium
2060 4765 2124 4806 ac

540 4842 885 4909 scnioralem,
915 4851 973 4898 et
999 4856 1163 4913 super
1189 4850 1401 4899 vestros
1434 4851 1487 4898 et
1538 4857 1699 4913 super
1747 4842 2125 4913 impugnantes

540 4941 867 5006 potestatem
896 4943 1155 4998 vestram,
1186 4931 1383 5002 optatis
1413 4932 1634 4994 habere,
1667 4930 1952 4987 caritatem
1980 4930 2135 4985 illam.

543 5042 706 5100 quam
733 5024 1007 5097 apostolus
1039 5023 1246 5091 docuit,
1275 5024 1344 5079 de
1370 5021 1693 5093 corde-puro
1712 5030 1767 5077 et
1795 5020 2124 5077 conscientia

540 5122 683 5168 lmnn
710 5128 766 5168 et
796 5119 900 5168 tida
946 5133 1050 5168 non
1082 5115 1206 5168 ﬁcta
1237 5115 1379 5168 inter
1405 5129 1503 5168 vos
1532 5114 1743 5168 studete
1790 5113 2021 5168 habere:
2072 5123 2129 5168 et

2195 609 2432 676 natione,
2465 618 2581 677 aut,
2609 611 2754 681 quod
2806 611 2969 679 absit,
3000 610 3175 669 aliena
3232 627 3265 667 a
3308 611 3540 668 caritate
3592 619 3772 682 aperta

2194 703 2620 775 impugnatione,
2647 719 2989 778 quocumque
3039 706 3162 781 quis
3193 706 3417 778 indiget,
3448 720 3548 776 pro
3574 704 3773 760 viribus

2194 808 2325 851 vero
2355 795 2405 828 ’°
2428 796 2654 853 consilio
2677 805 2735 852 et
2761 805 3012 868 prompto
3040 798 3240 854 auxilio
3264 798 3332 853 ab
3360 796 3533 853 altero
3559 793 3773 865 adjuve-

2197 895 2304 953 tur,
2334 888 2588 958 quoniam
2617 888 2877 959 scriptum
2903 897 3024 944 est:
3053 887 3250 943 Frater
3282 889 3373 960 qui
3412 888 3699 959 adjuvetur
3742 904 3775 941 a

2197 980 2383 1051 fratre,
2421 980 2573 1051 quasi
2598 980 2779 1036 civitas
2803 980 2981 1050 ﬁrma.
3010 979 3079 1035 Et
3108 979 3182 1035 ita
3210 980 3263 1034 in
3316 980 3576 1051 populum
3627 980 3776 1036 vobis

2197 1073 2648 1138 commendatum,
2677 1088 2778 1143 pro
2809 1072 2909 1128 ista
2937 1088 3058 1144 quae
3082 1071 3347 1129 hactenus
3384 1080 3646 1143 operante
3685 1086 3780 1143 per

2198 1165 2444 1223 membra
2496 1180 2595 1222 sua
2648 1164 2861 1221 diabolo
2886 1172 3103 1220 versata
3156 1171 3240 1220 est
3262 1164 3562 1229 discordia,
3592 1176 3775 1234 pacem

2199 1257 2345 1314 illam
2372 1257 2719 1316 disseminate
2745 1272 2905 1329 quam
2949 1256 3198 1314 Christus
3250 1256 3304 1313 in
3354 1256 3558 1313 etclam
3588 1270 3778 1310 ascen-

2198 1354 2330 1411 deus
2355 1352 2617 1410 ﬁdelibus.
2637 1352 2754 1408 suis
2792 1365 3017 1408 munere
3044 1365 3240 1421 magno
3294 1348 3517 1418 reliquit
3543 1347 3726 1403 dicens
3762 1365 3777 1401 :

2198 1441 2392 1501 Pacem
2416 1442 2647 1514 relinquo
2667 1441 2832 1510 vobis,
2854 1456 3033 1513 pacem
3054 1456 3223 1495 meam
3244 1439 3311 1494 do
3333 1439 3511 1508 vobis;
3542 1438 3659 1493 sine
3680 1452 3782 1509 qua

2198 1548 2361 1590 nemo
2385 1531 2590 1588 videbit
2611 1532 2809 1588 Deum.

2265 1625 2322 1682 2.
2354 1625 2491 1695 Quia
2519 1623 2657 1681 bene
2689 1624 2882 1690 nostis,
2916 1624 2985 1681 ab
3019 1623 3110 1680 illo
3138 1622 3230 1695 qui
3260 1621 3409 1679 solus
3434 1619 3633 1677 merito
3658 1626 3714 1674 et
3741 1618 3782 1650 ³¹

2199 1731 2297 1774 rex
2326 1726 2381 1773 et
2408 1717 2661 1773 sacerdos
2688 1715 2803 1772 ﬁeri
2833 1715 3027 1787 potuit,
3058 1715 3131 1771 ita
3157 1713 3444 1771 ecclesiam
3474 1709 3786 1781 dispositam

2198 1824 2339 1877 esse,
2377 1819 2439 1866 ut
2491 1809 2785 1882 pontiﬁcali
2829 1807 3152 1865 auctoritate
3199 1814 3256 1863 et
3299 1804 3468 1878 regali
3520 1811 3783 1876 potestate

2126 1883 2175 1945 Β
2202 1905 2554 1975 gubernetur,
2582 1912 2637 1959 et
2658 1903 2917 1975 scriptum
2947 1915 3066 1958 esse
3087 1899 3292 1971 liquido
3315 1897 3614 1970 pervidetis
3644 1914 3659 1950 :
3692 1891 3786 1948 Ubi

2200 2012 2303 2053 non
2331 2005 2407 2051 est
2426 1995 2763 2067 g::bernator,
2791 1991 3014 2066 populus
3037 1991 3256 2058 corruit,
3277 1997 3333 2045 et
3353 1995 3508 2043 tanto
3530 1983 3789 2057 periculo-

2200 2085 2335 2153 sius,
2359 2093 2561 2155 quanto
2591 2083 2771 2140 anima
2811 2080 2934 2152 plus
2968 2087 3054 2137 est
3082 2079 3321 2151 pretiosa
3350 2090 3519 2147 quam
3575 2088 3786 2145 corpus,

2202 2191 2473 2233 canonum
2501 2175 2668 2231 etiam
2696 2170 3096 2245 inrel‘ragabilis
3145 2167 3446 2225 auctoritas
3475 2181 3644 2236 super
3684 2163 3792 2233 epi-
3874 2190 3876 2193 -

2201 2281 2488 2339 scaporum
2513 2265 2879 2333 ordinatione,
2907 2271 2963 2319 et
2987 2260 3041 2318 in
3075 2261 3258 2333 populi
3283 2260 3350 2315 ad
3377 2256 3787 2314 custodiendum

2202 2358 2439 2430 suscepti
2469 2359 2514 2392 ³·
2535 2356 2837 2429 vigilantia,
2872 2369 2939 2410 ac
2966 2353 3178 2410 sedium
3206 2367 3431 2410 suarum
3464 2349 3645 2405 tenaci
3675 2356 3783 2404 sta-

2201 2450 2413 2505 bilitate
2464 2446 2868 2504 evidentissime
2913 2443 3214 2516 prtecipiat,
3250 2439 3657 2498 ferventissime
3703 2434 3793 2494 Dei

2204 2539 2471 2610 legatione
2503 2535 2789 2607 fungentes
2824 2546 3130 2597 monemus,
3170 2539 3231 2586 ut
3276 2531 3435 2587 sedes
3470 2543 3596 2599 quae
3622 2535 3799 2583 vestra.

2207 2631 2502 2698 discordia,
2531 2628 2761 2685 ulterius
2816 2640 2919 2682 nec
2965 2621 3314 2688 nominanda,
3349 2620 3471 2677 sine
3499 2633 3660 2675 sacro
3682 2616 3789 2687 epi-

2207 2723 2412 2796 scOpali
2435 2719 2735 2781 ministerio
2761 2728 2816 2776 ct
2854 2717 2971 2773 sine
2991 2714 3263 2787 episcopis
3282 2713 3522 2769 viduatae
3556 2716 3792 2771 manent,

2208 2818 2455 2875 submota
2492 2812 2734 2871 funditus
2777 2818 2930 2880 peste
2971 2806 3296 2880 symoniacte
3336 2803 3635 2866 haereseos,
3685 2798 3793 2853 sine

2209 2908 2483 2973 dilatione,
2515 2904 2667 2975 juxta
2718 2900 3096 2957 auctoritatem
3148 2894 3486 2961 canonicam,
3543 2897 3639 2947 aut
3686 2888 3793 2959 epi-

2209 3013 2402 3071 scopos
2432 3013 2463 3051 a
2493 2997 2603 3051 Deo
2624 2994 2800 3056 datos,
2827 2999 2880 3047 et
2907 3005 2938 3045 a
2968 2990 3120 3044 vobis
3142 2986 3467 3058 regulariter
3494 2983 3795 3053 designatos

2211 3098 2266 3146 et
2321 3086 2493 3159 gratia
2539 3084 2708 3140 sancti
2766 3080 3002 3153 Spiritus
3060 3085 3445 3144 consecratos,
3507 3071 3795 3142 accipiant,

2215 3186 2309 3234 aut
2329 3191 2449 3249 quae
2476 3176 2590 3232 suis
2614 3173 2878 3243 episcopis
2903 3184 3240 3243 quacumque
3263 3166 3556 3224 occasione
3577 3164 3797 3235 privatae

2215 3279 2362 3336 sunt,
2394 3267 2655 3325 canonice
2681 3279 2775 3321 eos
2804 3264 2921 3321 sine
2954 3263 3134 3336 aliqua
3171 3260 3524 3318 excusatione
3552 3265 3649 3314 aut
3693 3265 3798 3313 tar-

2216 3364 2384 3420 ditate
2410 3360 2697 3432 recipiant.

2286 3477 2342 3531 5.
2389 3474 2618 3530 Sacrum
2659 3484 2871 3542 quoque
2912 3466 3279 3524 monasticam.
3317 3463 3590 3528 ordinem,
3636 3473 3670 3516 a
3700 3457 3802 3513 Deo

2216 3567 2537 3638 inspiratum
2566 3564 2708 3621 etab
2745 3563 2877 3634 ipsis
2904 3560 3162 3632 apostolis
3191 3558 3498 3619 fundatum.
3529 3570 3625 3612 seu
3652 3569 3687 3609 a
3716 3568 3802 3609 no-

2217 3656 2594 3717 minatissimis
2616 3669 2679 3709 ac
2694 3650 3050 3709 sanctissimis
3062 3648 3307 3719 patribus
3328 3645 3629 3710 excultum,
3651 3640 3804 3714 atque

2216 3766 2315 3822 per
2341 3748 2483 3806 istud
2534 3744 2818 3816 imperium
2870 3756 2901 3796 a
2937 3740 3133 3796 vestris
3165 3738 3268 3810 piae
3296 3735 3580 3792 memoria:
3603 3731 3803 3803 praede-

2220 3839 2527 3900 cessoribus
2550 3844 2926 3908 propagatum,
2950 3842 3006 3887 et
3058 3830 3304 3901 quaedam
3329 3827 3498 3884 etiam
3547 3827 3668 3881 loca
3696 3836 3803 3893 spe-

2221 3931 2412 3988 cialius
2464 3925 2793 3987 venerabilia
2820 3966 2835 3988 ,
2883 3930 3071 3979 contra
3099 3935 3316 3977 omnem
3346 3916 3730 3975 auctoritatem
3756 3922 3805 3969 et

2222 4025 2509 4087 rationem,
2539 4035 2604 4076 ac
2647 4026 2860 4090 patrum
2894 4024 3199 4071 vestrorum
3234 4029 3329 4070 seu
3366 4025 3556 4082 regum
3600 4023 3794 4079 praece-

2223 4117 2466 4174 dentium
2492 4110 2958 4172 consuetudinem,
2988 4106 3246 4162 laicorum
3283 4119 3430 4161 cura:
3467 4112 3524 4158 et
3558 4096 3803 4172 potestati

2225 4208 2278 4264 in
2305 4207 2543 4263 maximo
2564 4211 2744 4260 vestro
2766 4198 3005 4273 periculo
3033 4208 3087 4252 et
3118 4196 3335 4250 illorum
3386 4192 3713 4265 perditione,
3756 4197 3805 4243 et

2227 4298 2321 4354 Dei
2363 4311 2429 4352 ac
2462 4301 2772 4351 sanctorum
2813 4305 2919 4345 non
2948 4285 3157 4342 modica
3196 4285 3264 4340 ad
3312 4282 3660 4365 irascendum
3693 4293 3806 4349 pro-

2224 4389 2526 4453 vocatione,
2555 4399 2654 4442 vos
2692 4379 3028 4440 commisisse
3055 4376 3318 4433 dolemus.
3350 4373 3697 4444 Quapropter
3719 4381 3809 4439 pro

2227 4480 2445 4537 Christo
2476 4473 2823 4534 devotissime
2866 4470 3236 4532 obsecramus,
3269 4474 3332 4520 ut
3385 4472 3498 4519 tam
3563 4471 3804 4530 magnam

2229 4568 2512 4632 offensam,
2538 4575 2592 4620 et
2609 4562 2812 4632 justam
2841 4556 3334 4628 reprehensionem,
3361 4561 3525 4622 atque
3552 4547 3805 4621 periculo.

2153 4622 2203 4682 Β
2227 4622 2344 4718 sam
2374 4622 2761 4723 sine'exe'mplo
2788 4622 3206 4722 praecedentium
3226 4642 3727 4715 praesumptionem,
3746 4636 3807 4689 ab

2226 4748 2509 4805 animabus
2533 4742 2727 4800 vestris
2752 4748 2808 4797 et
2850 4755 2888 4793 a
2918 4737 3175 4792 felicitate
3212 4734 3363 4803 regni
3390 4732 3558 4788 vestri
3585 4727 3805 4801 pellatis,

2227 4846 2282 4893 et
2306 4836 2424 4892 loca
2458 4829 2787 4889 venerabilia
2814 4837 2869 4883 et
2899 4826 3142 4885 habitum
3197 4838 3260 4878 ac
3291 4820 3547 4878 ordinem
3602 4829 3808 4872 sacrum

2225 4929 2313 4984 eis
2337 4926 2429 4997 qui
2461 4924 2529 4980 ad
2560 4925 2661 4979 hoc
2687 4917 2863 4977 vocati
2889 4925 3037 4978 sunt.
3066 4915 3211 4970 virts.
3226 4912 3439 4968 scilicet
3485 4925 3554 4965 ex
3585 4901 3808 4997 clericali

2226 5027 2283 5075 et
2323 4995 2687 5073 ecclesiastico
2740 5004 2825 5064 vel
2873 5004 3172 5062 monastico
3201 5002 3393 5058 ordine
3422 4995 3690 5068 religiosis
3718 5006 3809 5048 seu

2233 5121 2289 5168 et
2320 5111 2372 5165 in
2402 5122 2499 5165 suo
2522 5120 2653 5162 sexu
2679 5100 2892 5158 feminis
2915 5099 3022 5153 Deo
3057 5093 3249 5149 dicatis
3272 5100 3440 5160 atque
3487 5087 3711 5147 devotis,
3758 5090 3811 5134 et
