3898 6320
129 314 143 325 ·
159 299 252 355 557

1237 295 1667 352 rnaucoaun
1708 265 1948 357 neeum
1984 303 2467 366 CAPITULARIA.

3315 311 3418 366 5'58

157 427 235 467 res
285 410 340 465 in
397 409 535 467 locis
594 420 776 468 eorum
803 411 1229 478 substituantur;
1282 421 1337 467 et
1382 425 1487 466 non
1523 417 1742 478 propter
1769 415 1817 472 A
1845 422 1898 468 et
1925 417 2167 473 scientiae
2201 419 2368 490 ipsius
2394 420 2648 476 uberibus
2679 420 3011 476 sufficienter
3045 418 3250 491 repleti,
3295 431 3420 476 ante
3463 441 3466 443 λ

153 515 439 572 pravorum
467 502 767 571 nequitiam
802 503 935 560 ordo
963 503 1233 572 religionis
1263 510 1316 556 ct
1343 501 1459 557 loca
1485 500 1740 556 sacratis-

153 592 282 646 sima
315 590 400 646 cis
445 592 648 661 quibus
673 592 877 662 licitum
909 608 1014 648 non
1041 602 1122 647 est
1153 594 1589 658 committantur;
1617 606 1738 644 cum

153 683 600 740 manifestissime
629 687 906 753 Scriptura
941 689 1310 752 demonstret,
1359 686 1524 742 Ozam
1566 693 1740 739 morte

154 775 488 838 damnatum,
540 776 634 846 Qui
668 778 886 832 archam
922 777 1129 832 Domini
1157 778 1309 848 quasi
1339 778 1617 832 cadentem
1655 792 1742 830 re-

151 863 322 918 levare
345 863 545 926 voluit,
573 881 729 936 quam
762 867 846 922 vel
888 868 1199 937 contingere
1225 866 1483 921 inlicitum
1511 866 1560 921 ei
1588 867 1707 921 fuit.

214 953 266 1008 4.
295 951 661 1010 Occasionem
689 957 852 1012 etiam
878 967 932 1012 et
959 957 1222 1024 fomitem,
1244 959 1386 1013 unde
1407 958 1539 1012 ordo
1568 958 1739 1013 cccle-

155 1045 400 1100 siasticus
425 1055 481 1100 et
515 1049 780 1103 canonica
811 1050 981 1105 forma
1031 1059 1190 1120 atque
1222 1049 1517 1105 monastica
1551 1049 1737 1119 religio

153 1153 284 1207 saepe
318 1153 348 1192 a
376 1137 546 1209 longe
577 1141 840 1210 superiori
869 1151 1126 1212 tempore,
1157 1157 1278 1196 cum
1313 1141 1488 1196 minus
1527 1141 1740 1211 religio-

154 1245 235 1284 sos
268 1228 554 1300 principes
582 1231 788 1298 habuit,
815 1232 1059 1286 titubavit
1088 1243 1139 1287 et
1171 1247 1306 1302 pene
1330 1230 1620 1286 conlabens
1644 1230 1738 1285 de-

155 1323 330 1391 periit;
371 1333 427 1378 et
459 1325 684 1388 iterum,
711 1340 831 1381 cum
853 1327 1073 1381 devotos
1098 1335 1151 1380 et
1183 1325 1233 1379 in
1260 1324 1355 1380 Dei
1385 1324 1500 1378 zelo
1523 1323 1736 1378 ferven-

156 1424 227 1469 tes
253 1415 534 1486 principes
573 1416 817 1486 accipere
844 1417 1056 1482 meruit,
1085 1415 1478 1471 resurrectione
1497 1414 1731 1484 quadam

157 1508 339 1562 revixit
366 1517 423 1562 et
455 1509 700 1580 vigorem
726 1509 929 1580 recepit
951 1549 965 1574 ,
996 1519 1157 1578 atque
1185 1507 1568 1577 suiprocessus
1602 1513 1735 1558 tem-

157 1613 272 1666 pore
307 1599 642 1664 ambulavit,
683 1601 823 1670 quod
855 1615 958 1655 non
1015 1600 1131 1654 sine
1181 1599 1327 1671 gravi
1356 1598 1539 1653 dolore
1588 1598 1633 1630 ³³
1680 1605 1736 1651 et

157 1689 360 1746 ultionis
389 1691 597 1745 divinae
623 1692 880 1758 dicimus;
915 1693 965 1746 in
993 1691 1159 1747 vestri
1191 1691 1468 1762 regiminis
1495 1701 1734 1760 tempore

1839 506 2021 563 oculos
2061 509 2398 577 reducentes,
2431 511 2666 565 tunicam
2691 511 2891 566 Christi
2923 510 3012 580 qui
3041 526 3136 565 vos
3176 510 3336 578 elegit
3365 520 3422 564 et

1838 597 2115 664 exultavit,
2147 615 2306 668 quam
2341 617 2438 656 nec
2481 601 2677 656 milites
2723 602 2838 656 ausi
2882 601 3099 655 fuerunt
3147 600 3417 666 scindere,

1841 696 2084 757 tempore
2116 701 2298 744 vestro
2327 693 2648 759 quantocius
2700 691 3005 746 recousuite
3048 698 3103 744 et
3134 690 3416 754 resarcite,

1838 789 1894 836 et
1919 795 2016 835 nec
2043 780 2273 836 violenta
2307 782 2596 848 ablatione,
2625 798 2725 837 nec
2762 781 3090 836 iulicitorum
3122 786 3418 850 praecepto-

1839 887 1957 926 rum
1989 872 2419 940 confirmatione,
2466 889 2555 928 res
2583 874 2651 928 ab
2679 873 2924 929 ecclesiis
2951 873 3103 927 vobis
3152 873 3220 926 ad
3267 880 3419 926 tuen—

1839 963 1964 1017 dum
2019 970 2074 1016 et
2125 960 2512 1016 defensantium
2547 979 2610 1018 ae
2641 963 3040 1034 propagandum
3089 961 3415 1026 commissis,

1838 1049 2054 1105 auferre
2113 1058 2316 1104 tentate
2349 1067 2363 1104 :
2394 1052 2486 1104 sed
2515 1058 2572 1105 ut
2609 1061 2807 1106 sanctze
2861 1051 3135 1106 memoria:
3177 1065 3309 1106 avus
3359 1058 3415 1104 et

1836 1149 1992 1210 pater
2031 1150 2211 1195 vester
2258 1153 2348 1196 eas
2389 1141 2764 1212 gubernandas
2809 1142 2981 1206 vobis,
3026 1141 3232 1196 fautore
3279 1140 3414 1206 Deo,

1839 1234 2173 1298 dimiserunt,
2201 1234 2581 1304 redintegrate,
2606 1245 2657 1290 ct
2688 1245 2953 1306 praecepta
2978 1236 3175 1306 regalia
3196 1249 3415 1290 earum-

1837 1325 1956 1379 dem
1985 1325 2336 1380 ecclesiarum
2365 1335 2683 1381 conservate
2710 1342 2774 1380 ac
2802 1326 3148 1392 confirmate;
3174 1342 3240 1380 ne
3269 1325 3410 1380 sicut

1839 1417 2134 1472 intentavit
2165 1416 2422 1470 Samuhel
2455 1417 2712 1487 propheta
2745 1416 2810 1470 ad
2859 1415 3098 1470 Roboam
3129 1415 3294 1468 ﬁlium
3320 1414 3421 1470 Sa-

1836 1507 2064 1564 lomonis
2121 1508 2170 1562 in
2227 1510 2592 1564 conscissionc
2650 1509 2818 1578 pallii,
2879 1522 3119 1577 praesens
3166 1523 3416 1578 regnum,

1836 1600 1978 1671 quod
2006 1601 2168 1665 absit,
2201 1600 2349 1655 vobis
2389 1609 2602 1671 patrum
2635 1600 2817 1655 labore
2852 1599 3178 1668 adquisitum
3217 1607 3272 1652 et
3321 1597 3417 1651 beo

1837 1693 2064 1747 reditate
2090 1692 2358 1757 relictum,
2389 1707 2419 1745 a
2464 1692 2617 1747 vobis
2664 1692 2777 1760 ipse
2807 1689 3057 1744 Christus
3087 1690 3311 1753 dividat,
3363 1696 3420 1743 et

161 1784 205 1838 in
230 1783 680 1848 destructionem,
723 1801 826 1839 non
851 1785 902 1839 in
931 1783 1334 1839 :edificationem
1367 1783 1506 1837 sicut
1539 1781 1735 1836 Paulus
1766 1772 1809 1830 Β
1837 1793 2097 1839 aeternum
2132 1799 2353 1854 regnum
2383 1783 2523 1853 quod
2570 1784 2818 1853 promisit
2865 1797 2972 1836 non
3029 1781 3248 1835 tribuat.
3307 1780 3418 1836 Nec

159 1874 424 1937 docuerat,
469 1875 740 1930 accidisse
791 1874 1168 1944 conspicimus.
1221 1872 1374 1940 Quod
1421 1880 1476 1927 et
1533 1871 1733 1926 nostris

160 1963 402 2032 peccatis,
439 1963 539 2033 qui
587 1964 983 2034 dispensatores
1010 1971 1064 2018 et
1092 1971 1336 2033 pastores
1383 1961 1731 2017 ecclesiarum

159 2066 264 2108 esse
283 2053 603 2121 debuimus,
635 2055 897 2110 veraciter
925 2055 1247 2124 imputamus
1272 2072 1285 2119 ;
1311 2062 1364 2109 et
1388 2069 1572 2110 eorum
1606 2068 1734 2122 quo-

160 2161 265 2200 runt
292 2144 530 2201 factione
562 2162 649 2202 res
679 2147 780 2202 ista
817 2148 950 2202 adeo
980 2148 1117 2202 male
1147 2147 1428 2217 pullulavit
1465 2159 1518 2204 et
1545 2164 1733 2203 excre-

161 2239 246 2304 vit,
273 2239 368 2292 alia
400 2241 773 2309 prcecedentia
795 2251 1010 2311 peccata
1036 2242 1137 2297 hoc
1160 2243 1439 2309 meruisse,
1469 2259 1567 2314 pro
1584 2254 1732 2299 certo

165 2329 469 2384 auctoritate
507 2331 695 2388 divina
752 2334 1125 2404 cognoscimus
1159 2353 1171 2389 :
1218 2341 1278 2388 ut
1315 2336 1404 2405 qui
1444 2334 1727 2400 nocebant,

164 2421 288 2476 sicut
310 2421 582 2494 scriptum
612 2433 714 2494 est,
742 2435 968 2480 noceant
1012 2425 1058 2459 “
1102 2427 1298 2491 adhuc,
1326 2437 1380 2482 et
1410 2428 1502 2498 qui
1534 2429 1586 2482 in
1616 2443 1733 2482 sor-

164 2510 302 2568 dibus
342 2523 524 2582 erant,
554 2517 863 2572 sordescant
891 2517 936 2551 ³⁵
963 2515 1153 2573 adhuc.
1188 2519 1340 2575 Unde
1393 2518 1558 2572 Deum
1608 2534 1732 2590 gra-

167 2602 268 2657 vius
299 2604 361 2658 ad
406 2605 747 2661 iracundiam
795 2616 1174 2678 provocarent.
1225 2617 1280 2662 ct
1323 2617 1557 2674 sanctos,
1595 2623 1730 2678 quos

166 2691 543 2752 intercessores
571 2713 668 2768 pro
691 2698 800 2753 suis
820 2701 1058 2768 peccatis
1087 2698 1290 2755 habere
1316 2701 1628 2766 debuerant,
1648 2700 1730 2755 in-

167 2780 324 2839 fensos
347 2786 642 2852 baberent,
661 2797 714 2842 et
735 2789 1041 2845 sacerdotes
1065 2805 1129 2845 ac
1148 2790 1294 2845 viros
1317 2791 1612 2860 religiosos,
1634 2806 1728 2846 seu

167 2872 340 2929 Christi
383 2891 680 2947 pauperes,
727 2894 861 2948 quos
890 2891 1134 2935 oratores
1192 2889 1246 2935 et
1291 2881 1729 2936 reconciliatores

169 2964 250 3018 sibi
281 2965 342 3020 de
369 2983 466 3024 suo
491 2971 794 3038 promereri
831 2986 1054 3027 necesse
1077 2973 1272 3040 fuerat,
1307 2974 1728 3044 proclamatores

169 3056 425 3113 adversum
455 3077 528 3116 se
551 3060 664 3116 fieri
699 3063 992 3130 irritarent,
1025 3073 1080 3120 et
1134 3065 1201 3120 ad
1229 3067 1498 3121 cumulum
1529 3081 1722 3137 pecca-

172 3152 321 3201 torum
344 3165 572 3205 suorum
593 3153 757 3207 etiam
785 3153 870 3206 illa
910 3163 1151 3223 peccata,
1183 3156 1323 3209 unde
1348 3156 1400 3209 in
1430 3163 1723 3226 conspectu
1751 3119 1796 3184 Ο

170 3235 247 3292 Dei
271 3239 311 3270 ³⁸
343 3244 616 3299 rationem
640 3243 692 3298 in
720 3244 805 3299 die
833 3246 1093 3302 terribilis
1123 3245 1309 3316 judicii
1339 3248 1644 3315 redderent,
1673 3257 1728 3304 et

174 3345 424 3402 augerent,
465 3351 598 3405 quae
620 3336 694 3391 illi
719 3338 1104 3395 commiserunt
1131 3341 1220 3409 qui
1246 3341 1431 3396 eadem
1458 3341 1569 3409 ipsa
1598 3357 1725 3411 pec-

171 3430 271 3476 cata
292 3439 381 3493 per
409 3426 859 3483 intercessionem
913 3429 1344 3485 fidelissimarum
1393 3430 1727 3487 oblationum

174 3509 490 3583 deleverunt,
515 3533 648 3587 quas
683 3519 1174 3576 ecclesiasticarum
1202 3538 1382 3577 rerum
1410 3538 1728 3593 pervasores

174 3600 444 3664 inconsulte
485 3617 539 3662 et
573 3609 626 3664 in
653 3611 944 3682 perniciem
984 3612 1066 3668 sui
1099 3612 1215 3669 sine
1268 3617 1567 3671 reverentia
1598 3619 1729 3673 abu-

174 3693 353 3748 tuntur.
380 3696 542 3764 Quod
567 3698 638 3752 ita
666 3714 854 3754 verum
904 3715 1024 3756 esse
1078 3712 1136 3756 ut
1183 3701 1434 3770 dicimus,
1471 3705 1730 3764 Dominus

175 3795 506 3856 protestatur,
540 3791 724 3847 dicens
755 3809 770 3847 :
809 3789 1033 3848 Peccata
1074 3794 1254 3864 pepuli
1294 3797 1396 3850 mei
1433 3799 1726 3854 comedunt.

174 3871 371 3934 Peccata
391 3882 542 3936 enim
568 3883 746 3952 populi
771 3885 1076 3952 comedunt,
1109 3885 1200 3956 qui
1226 3897 1414 3942 contra
1440 3891 1731 3946 auctorita-

178 3970 266 4019 tem
292 3969 527 4026 divinam
573 3987 661 4027 rcs
706 3974 1098 4030 ecclesiasticas
1129 3977 1365 4031 indebite
1409 3981 1728 4048 pervadunt,

177 4062 221 4106 et
241 4072 329 4113 nec
351 4061 764 4118 intercessionis
786 4078 906 4134 ope,
933 4079 1029 4119 nec
1051 4065 1451 4136 praedicationis
1481 4070 1727 4134 consilio,

179 4148 249 4201 vel
279 4167 611 4224 quocumque
663 4156 846 4210 divino
881 4156 1078 4211 auxilio
1123 4172 1222 4227 pro
1275 4160 1510 4228 peccatis
1540 4175 1728 4216 eorum

180 4237 254 4303 qui
275 4255 360 4295 cas
383 4244 666 4308 dederant,
709 4244 971 4309 laborant,
1002 4261 1100 4301 nec
1148 4247 1239 4316 pio
1290 4249 1459 4316 Operi,
1491 4250 1556 4304 ad
1586 4251 1732 4319 quod

182 4325 294 4384 fides
325 4333 557 4388 fidelium
583 4351 677 4390 eas
708 4337 1021 4401 tradiderat,
1072 4337 1337 4392 inservire
1388 4343 1728 4408 permittunt.

1835 1884 2024 1932 contra
2063 1875 2156 1930 Dei
2185 1874 2377 1930 faciem
2406 1874 2572 1929 iratas
2609 1875 2885 1929 hominum
2918 1873 3082 1928 facies
3113 1872 3422 1928 considere-

1837 1970 1936 2035 tis;
1980 1969 2106 2039 quia
2151 1967 2195 2022 si
2243 1967 2308 2023 ad
2344 1975 2553 2037 tempus
2582 1966 2688 2021 illis
2717 1965 3120 2037 displicueritis,
3144 1980 3265 2019 cum
3319 1978 3418 2018 vos

1837 2060 1946 2115 Deo
1974 2059 2275 2130 placebitis,
2307 2059 2358 2112 in
2385 2058 2536 2114 vobis
2563 2058 2653 2114 ille
2679 2059 2820 2129 quod
2846 2057 3115 2130 promisit,
3146 2056 3417 2127 implebit:-

1833 2148 1965 2204 Cum
1985 2149 2295 2220 placuerint,
2317 2149 2586 2220 inquiens,
2608 2149 2832 2204 Domino
2861 2152 2955 2204 via:
2971 2149 3217 2214 hominis,
3240 2164 3416 2202 omnes

1832 2242 2070 2296 inimicos
2099 2242 2211 2311 ejus
2237 2252 2492 2296 convertet
2513 2243 2580 2296 ad
2601 2259 2800 2312 pacem.
2823 2241 2976 2309 Quod
2999 2251 3057 2296 ut
3081 2241 3416 2296 commodius

1831 2331 2058 2387 valeatis
2113 2332 2354 2401 implere,
2386 2332 2754 2402 unusquisque
2793 2332 2874 2385 vir
2910 2330 3329 2393 ecclesiasticus,
3359 2336 3415 2383 et

1833 2421 2237 2478 intercessionis
2298 2422 2644 2493 adjutorium,
2703 2431 2758 2476 et
2802 2421 2978 2476 solatii
3029 2436 3134 2490 quo
3177 2435 3266 2474 res
3317 2434 3416 2489 pu-

1830 2514 1972 2568 blica
2020 2513 2225 2583 indiget
2271 2512 2589 2578 subsidium,
2638 2510 2790 2581 juxta
2846 2511 3199 2582 quantitatem
3229 2525 3412 2565 rerum

1831 2604 2073 2660 ecclesiae
2103 2604 2204 2660 sibi
2229 2604 2548 2668 commissae,
2599 2603 2748 2660 salvo
2771 2603 2894 2674 jure
2925 2602 3063 2673 quod
3093 2602 3284 2658 exinde
3336 2601 3418 2655 di-

1829 2701 1969 2755 vinis
2002 2700 2498 2769 dispensationibus
2520 2700 2679 2754 debet
2707 2700 2963 2769 impendi,
2996 2706 3244 2769 prompte
3269 2705 3322 2751 et
3347 2712 3417 2752 ex

1829 2792 2011 2846 animo
2038 2806 2251 2861 parare,
2284 2799 2338 2844 et
2382 2789 2628 2860 impigre,
2664 2791 2803 2845 sicut
2835 2799 3074 2859 tempore
3105 2796 3415 2842 antecesso-

1829 2903 1948 2941 rum
1976 2895 2281 2940 vestrorum
2308 2891 2677 2948 consueverat,
2704 2883 2937 2938 studebit
2970 2880 3184 2935 offerre.

1898 2977 1951 3032 5.
1991 2976 2055 3031 Et
2083 2976 2204 3045 quia
2237 2985 2422 3030 sancta
2457 2975 2684 3029 ecclesia
2721 2975 2772 3028 in
2806 2989 2930 3028 area
2987 2973 3194 3026 triturae
3246 2970 3418 3026 domi-

1829 3071 1964 3126 nicae
2010 3070 2190 3133 docta,
2237 3068 2482 3137 quaedam
2527 3068 2675 3122 novit
2730 3065 3124 3135 redarguenda,
3167 3063 3414 3134 quaedam

1827 3159 2252 3223 dissimulanda,
2301 3158 2554 3227 quatdam
2603 3159 2768 3214 etiam
2817 3157 3074 3228 gemenda
3123 3169 3294 3224 usque
3342 3153 3411 3206 ad

1827 3263 2036 3321 tempus
2064 3249 2407 3319 perferenda,
2437 3250 2809 3320 perspeximus
2836 3265 2899 3304 eo
2944 3245 3256 3304 ferventiori
3301 3244 3416 3300 zelo

1825 3359 1932 3416 quo
1966 3341 2168 3410 majora
2202 3342 2517 3411 corrigenda
2545 3350 2690 3405 sunt,
2718 3349 2953 3394 vestram
2986 3343 3327 3408 potestatem,
3356 3342 3411 3389 et

1826 3432 2177 3490 sacerdotalis
2197 3430 2407 3486 consilii
2457 3429 2852 3492 auctoritatem,
2889 3427 3132 3496 quaedam
3177 3425 3243 3480 ad
3273 3439 3410 3492 prte-

1827 3540 1950 3580 sens
1973 3539 2041 3578 ex
2065 3538 2184 3578 asse
2212 3537 2318 3576 non
2349 3519 2528 3575 valere
2547 3519 2839 3588 corrigere.
2866 3517 2929 3570 Et
2953 3517 3070 3572 ideo
3101 3515 3166 3568 de
3192 3512 3414 3568 canoni-

1827 3632 2012 3675 eorum
2058 3615 2402 3670 monasteriis
2435 3622 2488 3668 et
2518 3610 3001 3667 sanctimonialium
3049 3623 3167 3676 quae
3196 3607 3295 3661 sub
3323 3619 3416 3658 ea-

1827 3712 1948 3767 dem
1999 3708 2172 3764 forma
2222 3709 2404 3761 vivere
2453 3706 2726 3768 dicuntur,
2765 3701 3242 3763 consideravinms,
3273 3696 3414 3751 sicut

1826 3799 2099 3870 apostolus
2125 3796 2323 3852 Paulus
2349 3795 2502 3860 dicit,
2529 3793 2812 3847 secundant
2862 3789 3256 3858 indulgentiam,
3310 3801 3416 3838 non

1827 3889 2113 3946 secundum
2148 3885 2447 3958 imperium,
2479 3892 2539 3938 ut
2576 3882 2621 3936 si
2662 3888 2881 3951 propter
2917 3877 3284 3932 imminentem
3332 3874 3413 3928 rei

1826 3980 2056 4053 publicae
2098 3977 2476 4033 necessitatem
2525 3973 2678 4028 laicis
2723 3968 2937 4024 interim
2981 3960 3412 4031 committuntur,

1829 4071 2066 4142 episcopi
2103 4067 2458 4140 providentia,
2492 4055 2568 4120 in'
2593 4063 2744 4130 cujus
2770 4059 3044 4131 partechia
3088 4056 3409 4120 Consistunt,

1830 4165 2082 4234 adjuncto
2108 4163 2209 4217 sibi
2242 4161 2423 4232 aliquo
2450 4159 2646 4220 abbate
2673 4155 2791 4209 viro
2833 4151 3084 4221 religioso
3114 4148 3410 4209 studeatur,

1830 4254 2064 4323 qualiter
2093 4250 2415 4307 restauratio
2441 4249 2704 4310 locorum,
2734 4250 2790 4298 et
2822 4241 3056 4297 studium
3078 4253 3144 4292 ac
3171 4235 3410 4291 custodia

1831 4344 1997 4400 officii
2022 4353 2078 4400 et
2103 4341 2400 4412 religionis,
2431 4349 2592 4408 atque
2639 4334 2935 4392 subsidium
2977 4327 3285 4398 temporalis
3316 4341 3412 4380 ne-

181 4414 354 4488 Dequo
367 4423 671 4492 periculoso
684 4423 828 4479 facto
842 4440 956 4488 vos,
981 4426 1415 4483 christianissimi
1438 4431 1728 4501 principes,
1755 4463 1808 4524 Β
1833 4434 2120 4500 cessitatis,
2154 4434 2206 4488 in
2235 4431 2438 4486 eisdem
2468 4430 2602 4484 locis
2660 4425 2977 4496 degentibus
3025 4420 3183 4490 juxta
3241 4414 3412 4485 quali-

185 4513 538 4569 venerabiliter
554 4514 901 4570 admonemus
917 4525 970 4570 et
992 4516 1336 4573 devotissime
1359 4519 1727 4589 obsecramus,

187 4605 237 4652 ut
282 4618 538 4662 memores
583 4606 770 4662 salutis
815 4617 1030 4674 vestrae,
1081 4612 1366 4679 praesentis
1419 4613 1626 4670 scilicet
1675 4623 1730 4671 et

188 4700 375 4751 {eterna
405 4741 419 4766 ,
473 4714 741 4754 memores
794 4701 955 4755 etiam
1008 4700 1276 4774 largitatis
1322 4707 1730 4775 progenitorum

190 4793 464 4844 vestrorum
488 4807 614 4862 erga
643 4800 860 4847 sanctas
888 4782 1165 4858 ecclesias,
1198 4805 1419 4866 propter
1441 4813 1602 4867 quam
1647 4798 1728 4854 fe-

189 4868 340 4930 liciter
364 4891 730 4953 regnaverunt'
763 4890 820 4937 et
848 4884 950 4938 sibi
977 4887 1275 4942 contrarios
1315 4899 1728 4958 superaverunt,

182 4969 426 5026 memores
448 4971 706 5040 siquidem
731 4988 852 5028 cum
879 4981 1079 5042 quanta
1106 4974 1385 5045 religione,
1413 4979 1577 5032 etiam
1607 4987 1730 5034 ante

195 5047 370 5142 Christi
396 5062 736 5133 sanguinem,
767 5073 820 5120 et
849 5064 902 5119 in
948 5075 1186 5135 tempore
1214 5068 1372 5124 famis
1400 5070 1450 5123 in
1476 5072 1730 5142 Egypto,

192 5138 485 5232 discretione
537 5155 710 5208 sancti
751 5153 948 5224 Ioseph
997 5157 1135 5224 apud
1196 5158 1483 5214 nefandum
1550 5138 1731 5232 regem

194 5225 498 5294 Pharaonem
530 5250 675 5296 terra
701 5245 1045 5298 sacerdotalis
1070 5247 1264 5311 extitit,
1296 5248 1576 5304 innumera
1601 5225 1734 5321 quo-

198 5333 284 5385 ‘lue
307 5331 681 5400 scripturarum
707 5335 971 5405 exempla,
995 5343 1056 5405 ut
1093 5336 1232 5392 lacte
1269 5340 1510 5396 ecclesiae
1541 5344 1734 5398 nutriti

1832 4537 1996 4584 tatem
2027 4536 2083 4582 et
2103 4526 2456 4596 quantitatem
2485 4517 2870 4574 moderationis
2891 4513 3208 4568 adhibeatur
3228 4515 3280 4561 et
3310 4506 3416 4596 mia

1831 4595 2133 4674 nistreturi
2160 4623 2213 4670 et
2239 4613 2328 4683 qui
2365 4611 2551 4666 eadem
2584 4609 2701 4664 loca
2729 4604 3016 4666 tenuerint,
3047 4601 3128 4654 eis
3156 4599 3297 4663 inde,
3334 4595 3412 4650 si-

1832 4717 1924 4765 cut
1965 4716 2020 4762 et
2060 4708 2125 4760 de
2174 4705 2294 4760 aliis
2339 4701 2648 4758 Christianae
2696 4696 2968 4767 religionis
3017 4691 3270 4762 negotiis,
3315 4702 3412 4757 pro

1832 4801 2032 4859 Christi
2068 4808 2122 4855 et
2148 4808 2322 4853 vestra
2358 4795 2680 4858 reverentia,
2709 4791 3007 4848 obediatur.
3039 4787 3190 4854 Quod
3217 4786 3258 4840 si
3287 4783 3410 4853 quis

1831 4910 1940 4950 non
1970 4891 2180 4956 fecerit,
2223 4888 2561 4958 provisorum
2604 4897 2750 4938 cura:
2795 4883 2918 4944 erit,
2967 4887 3027 4932 ut
3076 4875 3141 4929 ad
3173 4882 3415 4928 vestram

1834 4989 1938 5043 hoc
1964 4987 2208 5042 notitiam
2239 4983 2496 5046 referant,
2521 4989 2574 5034 et
2598 4986 2774 5033 vestra
2802 4974 3096 5031 dominatio
3117 4967 3410 5025 secundum

1832 5079 1934 5134 sibi
1963 5094 1994 5132 a
2022 5077 2134 5130 Deo
2163 5073 2508 5130 commissum
2539 5068 2892 5125 ministerium
2915 5059 3012 5135 pro
3037 5063 3192 5117 modo
3219 5057 3409 5127 culpae,

1835 5184 1954 5238 qua:
1983 5165 2315 5221 emendanda
2341 5162 2719 5232 suntjcorriget
2740 5159 2806 5211 ³⁷.
2831 5157 2935 5212 Per
2962 5155 3077 5210 loca
3105 5151 3266 5206 etiam
3298 5163 3414 5238 mo-

1839 5236 2046 5312 nastica
2107 5255 2346 5324 ejusdem
2401 5251 2606 5308 ordinis
2662 5249 2970 5321 provisores
3028 5253 3246 5297 necesse
3307 5236 3414 5290 erit

1839 5350 2156 5420 di5p0nere,
2208 5361 2331 5401 cum
2386 5352 2568 5399 vestra
2633 5340 2929 5396 auctoritas
2982 5349 3075 5390 eos
3133 5330 3226 5402 qui
3264 5329 3415 5383 vices

1411 5517 1640 5572 VARIIE
1683 5518 2082 5578 LECTIONES.

260 5652 298 5683 ⁸³
324 5658 447 5717 deest
483 5667 534 5719 2.
613 5667 656 5701 ν’
681 5669 754 5725 ita
781 5670 834 5726 2.
866 5681 1121 5728 nocerent
1149 5671 1210 5726 Β.

1287 5672 1330 5705 ³⁸
1363 5673 1434 5727 ita
1458 5672 1510 5726 2.
1539 5675 1914 5731 sordesccrcnt
1940 5675 2004 5730 Β.

2082 5675 2126 5706 ⁸⁸
2166 5675 2304 5728 deest
2333 5673 2385 5726 2.
2465 5671 2507 5703 ³⁷
2549 5668 2890 5740 corrigantur
2915 5665 2967 5718 2.
