3876 5326
487 117 592 173 559

1192 115 1481 170 APPEND.
1525 115 1615 168 AD
1656 114 1828 169 ΒΑΕΟ.
1868 112 1936 166 Χ.
1979 143 2049 152 —-

2168 113 2522 170 )NUMENTA
2561 112 3044 171 DlPLOMATlCA.
3647 111 3738 170 5Ξο

481 235 683 292 Christi
709 234 752 264 ³⁸
789 233 1087 288 secundum
1130 233 1366 303 regulam
1400 233 1654 288 divinitus
1705 232 1959 286 dictatam
2009 231 2060 284 in
2091 237 2140 295 Λ
2167 240 2345 285 vestra
2383 230 2713 293 sublimitas,
2758 237 2810 284 et
2847 230 3073 299 quisque
3114 228 3165 283 in
3205 227 3447 299 quolibet
3491 235 3628 284 statu
3667 235 3736 286 vel

483 325 825 381 monasteriis
854 333 1038 394 agant,
1068 323 1331 378 studuerit
1359 322 1633 376 ordinare.

552 416 604 470 ὓ.
645 413 882 470 Petimus
922 415 1156 478 tandem,
1191 422 1247 466 ut
1273 413 1406 467 ordo
1436 413 1836 467 ecclesiasticus
1862 412 1915 466 in
1946 412 2065 482 qui-

481 508 814 578 bnscumque
839 507 884 560 ei
911 505 1068 560 fuerit
1095 522 1312 561 necesse
1351 507 1579 577 rigorem
1607 507 1794 561 salutis
1820 507 2066 561 humanm

480 616 724 664 exerere,
759 615 852 669 per
878 608 1193 668 potestatein
1218 609 1476 665 vestram,
1505 608 1558 654 et
1589 615 1683 668 per
1711 599 2065 653 ministerium

479 693 848 747 ministrorum
894 692 1274 746 dominationis
1320 701 1550 757 vestrae,
1594 693 1886 746 secundum
1929 691 2067 744 anti-

478 799 636 852 quam
665 784 1139 850 consuetudinem,
1167 800 1320 840 suum
1355 785 1588 855 vigorem
1619 783 1868 853 recipiat;
1899 790 1953 837 et
1974 798 2070 853 po-

479 877 585 945 puli
619 877 941 944 generalitas
974 896 1077 932 una
1111 894 1229 933 cum
1270 877 1635 934 ecclesiastica
1671 876 1954 931 devotione
1978 873 2068 942 ju-

478 973 706 1037 dicium,
739 974 880 1042 quod
926 973 1099 1027 honor
1131 974 1271 1044 regis
1310 973 1514 1043 diligit,
1553 981 1608 1026 et
1629 971 1891 1041 justitiam
1912 1011 1926 1036 ,
1960 985 2065 1039 qua

477 1064 704 1118 thronus
751 1065 866 1134 ejus
919 1064 1183 1128 ﬁrmatur,
1236 1079 1330 1134 per
1377 1063 1782 1133 dispositionem
1830 1070 2064 1115 vestram

391 1183 414 1204 ι
474 1153 760 1224 suscipiat;
788 1171 880 1211 seu
907 1156 1271 1210 admonitione
1299 1167 1459 1226 atque
1491 1157 1715 1211 consilio
1737 1156 2058 1210 sacerdotali

2165 323 2377 386 ordine,
2415 322 2480 376 de
2517 321 2721 391 rapinis
2759 329 2813 376 et
2847 320 3042 374 ceteris
3069 361 3082 384 ,
3123 334 3242 390 quae
3285 317 3573 374 discordia:
3613 323 3738 376 malo

2166 412 2501 476 acciderunt,
2525 412 2811 482 praeteritis
2835 412 3130 475 erroribus,
3160 410 3553 480 paenitudinem
3581 427 3736 481 gerat,

2165 515 2220 559 et
2257 504 2466 559 Domini
2499 503 2989 559 reconciliationem
3029 502 3347 572 expostulet.
3379 501 3557 569 Quam
3601 503 3740 559 facile

2167 598 2342 655 omnis
2382 597 2473 667 qui
2519 596 2794 666 quzcsierit
2837 597 3103 661 inveniet,
3145 595 3190 650 si
3231 595 3283 650 in
3323 594 3446 650 loco
3475 595 3740 651 discordia:

2166 691 2407 762 plantata
2444 688 2603 744 fuerit
2643 689 2873 752 caritas,
2920 703 3038 756 quae
3076 687 3314 758 cooperit
3357 687 3738 742 multitudinem

2170 793 2514 856 peccatorum
2536 824 2550 849 ,
2592 798 2822 852 eumque
2853 782 3028 853 potius
3057 796 3219 850 quam
3261 795 3359 834 nos
3395 780 3451 835 in
3493 781 3704 837 consilio
3725 823 3738 847 ,

2172 894 2277 934 non
2310 885 2523 942 nostro,
2559 876 2652 932 sed
2683 876 2797 942 Dei,
2841 875 3159 939 attendatis,
3193 873 3282 943 qui
3322 872 3464 927 dixit
3496 891 3508 926 :
3543 872 3641 938 Qui
3668 891 3740 929 ros

2171 971 2340 1034 audit,
2372 987 2451 1024 me
2479 969 2662 1032 audit;
2691 978 2738 1022 et
2769 967 2859 1038 qui
2887 984 2973 1021 vos
3010 965 3234 1038 spernit,
3276 980 3357 1018 me
3384 965 3601 1033 spernit.
3633 963 3738 1018 Non

2171 1066 2306 1120 enim
2338 1082 2423 1119 vos
2452 1065 2574 1118 estis
2602 1063 2690 1133 qui
2722 1062 3021 1133 loquimini,
3053 1061 3142 1116 sed
3170 1060 3386 1133 spiritus
3416 1062 3582 1129 patris
3608 1060 3739 1112 vestri

2167 1158 2254 1228 qui
2285 1157 2517 1226 loquitur
2546 1157 2599 1209 in
2629 1155 2788 1209 vobis.

1401 1310 1655 1366 KAROLI
1697 1310 1739 1365 ll
1773 1308 2148 1367 CONCILIUM
2185 1311 2251 1366 IN
2286 1310 2519 1369 VERNO
2556 1310 2870 1367 PALATIO.

1862 1472 1988 1544 (An.
2019 1471 2142 1535 844,
2180 1472 2331 1542 Dec.)

544 1627 906 1686 ASirmondo
931 1636 986 1683 et
1013 1627 1231 1682 Baluzio
1263 1643 1335 1688 ex
1365 1627 1522 1682 codd.
1557 1625 1770 1682 Tiliano
1805 1635 1858 1680 et
1887 1626 2172 1681 Pithoeano
2212 1625 2438 1685 editum.
2483 1639 2585 1696 ope
2628 1624 2868 1696 ejusdem
2915 1624 3119 1696 codicis
3160 1622 3217 1696 9)
3258 1622 3389 1696 bibl.
3435 1641 3545 1696 reg.
3578 1623 3731 1678 Paris.

476 1719 532 1758 n.
563 1701 703 1755 4658
728 1700 1158 1771 rcCOgnovimus.
1189 1699 1432 1769 Capitula
1460 1713 1523 1752 ea
1555 1715 1581 1751 a
1607 1697 1756 1768 Lupo
1782 1696 2126 1753 Ferrariensi
2155 1696 2351 1751 abbate
2375 1697 2684 1766 conscripta
2714 1695 2904 1762 fuisse,
2934 1711 3000 1750 ex
3024 1695 3253 1766 epistola
3273 1695 3392 1766 ejus
3421 1695 3492 1749 42
3509 1695 3733 1750 Baluzius

472 1771 777 1827 admonuit.

471 1901 710 1959 Canones
739 1903 944 1958 concilii
982 1903 1036 1955 in
1069 1901 1240 1972 γει·ηο
1271 1902 1470 1972 palatio
1506 1901 1693 1964 habiti,
1740 1901 1827 1954 ubi
1851 1917 2055 1972 pprwse-
2088 1904 2134 1964 Β

539 1977 615 2028 dit
665 1975 926 2029 Ebroinus
967 1974 1010 2004 ³⁸
1059 1969 1393 2027 Ρὶσιαυοήιιη
1440 1975 1820 2043 ερὲδεοριιεί-ει
1851 1969 2060 2043 Wenilo

543 2045 809 2100 Senonum
861 2043 1315 2114 archiepiscopus,
1369 2041 1569 2098 necnon
1622 2052 1668 2096 et
1722 2041 2059 2114 Hludowicus

539 2117 706 2170 sancti
757 2115 993 2184 Dionysii
1039 2111 1233 2179 abbas,
1265 2125 1314 2168 et
1357 2114 1675 2169 Hincmarus
1703 2111 2059 2184 posthemo-r

539 2203 657 2240 rtem
700 2183 1021 2256 episcopus,
1049 2201 1188 2238 anno
1235 2186 1416 2254 quinto
1463 2185 1606 2256 regni
1651 2183 1850 2237 domini
1895 2183 2061 2256 nostri

538 2254 752 2322 Karoli,
802 2256 901 2326 ﬁlii
950 2255 1248 2312 Illudowici
1292 2255 1642 2326 imperatoris,
1690 2269 1864 2308 mense
1907 2254 2059 2319 Dec.,

538 2329 826 2382 indictione
861 2327 891 2380 7
928 2326 996 2380 ιθ.

537 2438 755 2495 Gratias
801 2438 1164 2509 omnipotenti
1209 2438 1318 2494 Deo
1360 2437 1680 2504 referimus,
1725 2438 1923 2510 inclyte
1963 2454 2058 2494 rex

467 2530 684 2595 Karole,
714 2546 813 2586 nos
846 2532 1085 2602 episcopi
1109 2542 1164 2587 et
1187 2533 1372 2588 exteri
1405 2530 1587 2588 fideles
1607 2533 1699 2602 qui
1729 2547 1795 2588 ex
1831 2533 2061 2589 diversis

467 2622 714 2692 partibus
752 2622 819 2676 ad
858 2617 1094 2677 Veritum
1135 2621 1340 2678 evocati
1379 2638 1599 2688 sumus,
1641 2622 1783 2693 quod
1816 2623 2061 2694 deposita

466 2713 757 2787 discordia},
793 2714 934 2768 unde
966 2721 1046 2768 tot
1081 2712 1218 2767 mala
1260 2722 1660 2784 processerunt,
1691 2729 1812 2784 quae
1846 2725 1902 2770 et
1927 2731 2060 2771 euu-

468 2817 680 2864 merttre
711 2807 929 2878 longum
949 2816 1072 2874 est,
1105 2816 1161 2862 et
1193 2808 1467 2864 declinare
1500 2809 1676 2866 adhuc
1706 2809 2056 2880 impossibile,

468 2901 691 2957 redistis
728 2901 796 2956 ad
837 2916 1026 2972 pacem
1059 2917 1184 2956 cum
1228 2900 1489 2958 fratribus
1531 2904 1763 2970 vestris,
1805 2919 1966 2974 quam
2005 2913 2063 2961 et

468 3000 662 3044 natura
692 2990 847 3045 vobis
880 2998 936 3045 et
970 2990 1228 3061 religione
1256 2992 1464 3046 debetis
1492 3010 1505 3045 :
1537 2992 1589 3046 in
1619 3009 1725 3062 qua
1755 3004 1814 3048 ut
1843 3009 2061 3064 semper

467 3082 764 3148 maneatis,
794 3097 892 3153 per
918 3083 1192 3139 Christum
1219 3125 1234 3150 ,
1271 3085 1363 3154 qui
1393 3100 1496 3154 pax
1528 3094 1714 3140 nostra
1744 3094 1866 3152 est,
1899 3087 2059 3143 obse-

469 3187 716 3234 cramus;
758 3181 816 3227 ut
841 3172 934 3243 qui
967 3173 1232 3230 maximas
1273 3190 1360 3231 res
1387 3184 1596 3231 vestras
1627 3177 1891 3232 discordia
1922 3192 2060 3247 pene

2236 1900 2286 1954 1.
2328 1899 2514 1971 Itaque
2543 1913 2637 1955 vos
2673 1899 2848 1970 primo
2878 1899 3229 1956 convenimus
3248 1939 3263 1964 ,
3293 1907 3354 1952 ut
3382 1940 3398 1964 ,
3431 1898 3552 1969 quia
3583 1909 3728 1954 vestra

2163 1992 2407 2062 probitas
2433 1992 2642 2049 cunctis
2668 1992 2820 2047 vobis
2845 1998 3022 2063 potest
3055 1991 3312 2061 prodesse
3337 1991 3610 2062 subjectis,
3637 1990 3730 2045 cul-

2166 2094 2279 2142 tum
2327 2087 2424 2142 Dei
2472 2087 2635 2142 rebus
2661 2085 2936 2142 'omnibus
2977 2084 3301 2156 praeferatis.
3355 2081 3596 2153 Namque
3635 2083 3729 2152 ipse

2167 2179 2298 2234 dicit
2331 2195 2344 2232 :
2378 2177 2483 2244 Qui
2509 2177 2804 2249 gloriﬁcant
2833 2193 2914 2233 me
2937 2218 2952 2243 ,
2981 2177 3286 2247 gloriﬁcabo
3307 2193 3418 2231 eos.
3453 2175 3554 2241 Qui
3579 2185 3728 2229 autem

2166 2279 2502 2326 contemnunt
2530 2287 2632 2334 me,
2664 2280 2815 2324 erunt
2843 2270 3120 2340 ignobiles.
3149 2269 3422 2324 Prreterea
3449 2267 3725 2322 misericor-

2165 2363 2310 2417 diam
2335 2372 2390 2418 et
2409 2361 2672 2434 judicium
2697 2369 2858 2433 atque
2881 2362 3151 2433 justitiam
3179 2361 3223 2392 ⁸³
3247 2360 3614 2425 conservetis;
3641 2359 3727 2413 sci-

2165 2454 2289 2510 licet
2312 2463 2372 2508 ut
2399 2453 2768 2510 misericordia
2795 2461 3060 2525 temperet
3080 2453 3432 2509 severitatem
3456 2453 3728 2522 potestatis.

2158 2544 2423 2616 judicium
2475 2545 2800 2616 comprimat
2847 2545 3119 2601 obstinate
3171 2552 3505 2614 peccantes,
3543 2540 3725 2611 justitia

2166 2636 2499 2692 merentibus
2526 2635 2687 2708 digna
2715 2635 2984 2692 restituat.
3019 2634 3297 2705 Siquidem
3330 2651 3343 2687 :
3379 2632 3531 2687 Beati
3554 2631 3726 2685 miseri-

2165 2731 2369 2796 cordes,
2391 2728 2641 2801 quoniam
2670 2729 2772 2799 ipsi
2792 2727 3208 2782 misericordiam
3232 2734 3620 2796 consequentur.
3644 2721 3721 2775 Et:

2164 2818 2316 2876 Beati
2351 2820 2440 2891 qui
2467 2818 2768 2873 custodiunt
2787 2817 3052 2888 judicium
3081 2826 3130 2870 et
3169 2815 3373 2883 faciunt
3403 2812 3656 2885 justitiam
3683 2811 3724 2863 in

2165 2913 2306 2965 omni
2344 2921 2587 2982 tempore.
2617 2909 2684 2963 Et
2715 2926 2729 2961 :
2766 2907 2954 2962 Honor
2996 2908 3130 2977 regis
3169 2905 3439 2976 judicium
3479 2903 3636 2970 diligit
3669 2900 3721 2950 “.

2164 3003 2232 3058 Et
2259 3018 2272 3057 :
2303 3001 2524 3056 Iustitia
2550 3000 2758 3072 ﬁrmari
2788 3000 3030 3053 thronum
3060 2999 3212 3068 regis,
3247 2993 3620 3067 sapientissimi
3641 2991 3722 3046 Sa-

2163 3093 2416 3159 lomonis,
2444 3093 2610 3146 immo
2638 3104 2737 3161 per
2763 3104 2888 3144 eum
2914 3087 3187 3158 loquentis
3209 3087 3326 3152 Dei,
3355 3086 3536 3158 prodit
3563 3092 3721 3139 aucto-

2163 3187 2318 3241 ritas.
2349 3185 2556 3240 Taliter
2581 3183 2734 3238 vobis
2765 3181 3068 3249 agentibus,
3101 3179 3184 3234 vel
3211 3179 3548 3234 incruentam
3575 3173 3719 3234 vobis.

468 3263 705 3334 dilapsas
723 3263 944 3330 videtis,
969 3266 1259 3321 concordia
1287 3276 1343 3321 et
1371 3267 1477 3321 fido
1503 3267 1770 3336 adjutorio
1797 3268 2059 3326 relevatas
2087 3285 2134 3348 (ι
2164 3288 2222 3333 ιιι
2255 3277 2544 3341 credimus,
2570 3275 2656 3330 vel
2675 3275 2879 3346 justam
2905 3275 2972 3330 de
2995 3273 3239 3329 hostibus
3265 3273 3546 3328 victoriam
3570 3268 3719 3325 divina

469 3355 580 3408 cito
610 3354 905 3424 aspiciatis.
939 3355 1251 3424 Cedendum
1287 3366 1372 3413 est
1401 3360 1547 3413 enim
1581 3359 1710 3424 Deo,
1747 3360 1813 3414 de
1837 3375 1944 3429 quo
1971 3377 2062 3417 ve-

372 3458 379 3464 '
468 3449 685 3504 rissime
721 3451 999 3506 continent
1025 3451 1221 3507 littera:
1252 3470 1264 3505 :
1298 3451 1617 3506 Potestatem
1651 3453 1804 3507 liabet
1830 3454 2062 3511 excelsus

466 3542 524 3594 in
555 3557 710 3610 regno
733 3543 1023 3610 hominum,
1055 3552 1103 3598 et
1129 3545 1438 3614 cuicumque
1461 3542 1702 3608 voluerit,
1725 3544 1868 3598 dabit
1892 3544 2060 3612 illud;

468 3639 523 3686 et
548 3634 638 3702 qui
671 3633 980 3702 dignatione
1010 3635 1244 3690 mirabili
1285 3634 1570 3705 pollicetur
1602 3653 1614 3688 :
1643 3633 1794 3689 Beati
1819 3637 2060 3706 paciﬁci,

467 3726 713 3794 quoniam
744 3726 844 3794 ﬁlii
878 3726 972 3780 Dei
1005 3727 1346 3781 vocabuntur.
1384 3727 1680 3793 Caeterum,
1719 3727 1842 3797 quia
1871 3730 2061 3785 eodem

469 3818 580 3873 Deo
603 3819 904 3889 inspirante
929 3820 1133 3889 dignati
1157 3821 1288 3875 estis
1303 3819 1514 3888 jubere,
1544 3832 1603 3873 ut
1627 3821 1693 3875 de
1714 3828 1856 3875 statu
1882 3822 2060 3878 eccle-

471 3909 604 3974 siae,
655 3911 746 3980 qui
797 3911 1147 3965 vehementer
1192 3911 1562 3982 magnitudine
1611 3927 1676 3966 ac
1721 3912 2062 3970 multitudine

469 4009 814 4070 peccatorum
849 4007 1156 4054 nostrorum
1184 4000 1225 4031 “
1259 3999 1515 4055 confusus
1543 4009 1645 4066 est,
1680 4010 2060 4070 tractaremus,

471 4091 526 4146 in
564 4090 782 4146 nomine
809 4099 862 4146 et
891 4090 1159 4158 adjutorio
1183 4089 1320 4159 ejus,
1347 4107 1468 4161 quae
1492 4095 1766 4148 communi
1796 4095 2066 4151 delibera-

472 4181 616 4234 tione
651 4179 972 4249 reperimus,
1008 4179 1310 4236 celsitudini
1342 4191 1540 4238 vestrae
1571 4197 1634 4238 ac
1671 4184 1850 4254 p0puli
1890 4184 2061 4240 lidelis

473 4269 743 4324 devotioni
773 4269 1050 4325 humiliter
1072 4271 1364 4341 aperimus.
1393 4269 1578 4342 Neque
1601 4273 1744 4328 enim
1770 4289 1867 4328 nos
1884 4272 2062 4341 justos

473 4361 773 4428 approbare
800 4359 1208 4427 contendimus;
1249 4362 1681 4417 consideratione
1717 4364 2062 4418 conscientiae

471 4460 671 4514 nostrae
709 4449 836 4504 illud
881 4450 1162 4506 Hieremiae
1206 4451 1520 4522 suppliciter
1552 4453 1798 4507 dicamus
1841 4469 1854 4506 :
1903 4451 2062 4506 Mise-

471 4539 699 4604 ricordia
729 4550 802 4594 est
835 4540 1068 4607 Domini,
1095 4543 1215 4612 quia
1246 4526 1348 4597 non
1376 4559 1556 4597 sumus
1585 4543 1877 4613 consumpti
1899 4584 1915 4609 ,
1938 4545 2062 4614 quia

2163 3369 2334 3440 gratia
2364 3367 2688 3439 providebit.
2727 3366 2986 3436 Exemplo
3011 3365 3163 3421 vobis
3189 3379 3310 3420 esse
3337 3370 3559 3434 possunt
3581 3358 3720 3414 David

2162 3468 2218 3515 et
2261 3459 2541 3524 Ezechias,
2577 3458 2667 3527 qui
2707 3457 2900 3512 merito
2937 3457 3242 3511 sanctitatis
3289 3455 3534 3510 inimicos
3569 3450 3718 3522 pepuli

2164 3552 2291 3616 Dei,
2324 3551 2409 3606 vel
2454 3549 2741 3620 pugnando
2777 3547 2864 3603 vel
2908 3548 3115 3604 orando
3142 3589 3158 3611 ,
3205 3546 3442 3602 mirabili
3479 3543 3718 3600 celeritate

2160 3642 2412 3716 vicerunt
2445 3659 2458 3693 :
2490 3639 2584 3695 sed
2612 3648 2696 3694 est
2725 3639 3080 3694 domesticum
3111 3638 3290 3693 lumen
3323 3639 3610 3707 imperator
3633 3631 3718 3685 lia-

2163 3730 2333 3796 rolns,
2358 3729 2448 3799 qui
2476 3742 2671 3784 nomen
2695 3727 2839 3799 quod
2869 3727 3084 3783 familia:
3106 3737 3299 3783 vestra:
3321 3727 3543 3799 peperit,
3564 3721 3717 3778 claris-

2162 3822 2315 3878 simis
2352 3821 2560 3876 actibus
2591 3821 2892 3876 adornavit.
2934 3820 3045 3876 Nec
3084 3821 3233 3892 regni
3262 3821 3414 3876 vobis
3448 3811 3718 3888 amplitudi-

2162 3929 2287 3969 nem
2319 3927 2384 3968 ac
2409 3911 2740 3967 soliditatem
2766 3913 3160 3978 tantummodo,
3189 3927 3376 3966 verum
3404 3911 3560 3965 etiam
3587 3903 3714 3959 vobis

2163 4007 2300 4060 bene
2330 4003 2682 4074 gerentibus,
2714 4010 2837 4072 post
2866 4003 2987 4057 vita:
3036 4003 3194 4072 hujus
3235 4014 3517 4056 excursum
3554 3995 3710 4052 eadem

2163 4095 2256 4150 Dei
2304 4095 2477 4167 gratia
2514 4093 2738 4165 gloriam
2782 4093 3042 4165 largietur
3083 4103 3378 4158 aeternam,
3424 4091 3507 4146 cui
3552 4101 3633 4142 rex
3669 4090 3712 4136 et

2162 4188 2424 4258 propheta
2449 4186 2767 4256 suspirans:
2794 4183 3062 4248 Satiabor,
3087 4183 3282 4256 inquit,
3306 4199 3423 4238 cum
3449 4175 3708 4252 apparuerit

2163 4277 2329 4348 gloria
2369 4288 2481 4332 tua.
2515 4281 2638 4333 llaec
2672 4285 2852 4332 autem
2885 4285 3075 4331 vestra:
3112 4275 3380 4347 majestati
3413 4287 3514 4329 non
3543 4277 3710 4324 temere

2164 4369 2541 4447 suggerimus,
2586 4367 2713 4438 quia
2760 4367 2927 4422 vestri
2975 4381 3188 4438 quoque
3223 4381 3352 4422 cura
3400 4362 3548 4419 nobis
3585 4368 3706 4412 com-

2164 4461 2331 4515 missa
2388 4466 2516 4524 est,
2570 4473 2799 4528 quorum
2859 4458 3164 4514 ministerio
3215 4472 3313 4528 per
3365 4455 3518 4510 [idem
3574 4456 3706 4514 ειαυε

2165 4550 2431 4620 baptisma
2464 4547 2729 4614 mundati,
2761 4547 2903 4602 diem
2936 4547 3196 4603 tremendi
3223 4545 3407 4616 judicii
3435 4555 3548 4598 cum
3575 4542 3702 4591 cane-

472 4649 575 4696 non
611 4633 908 4703 defecerunt
940 4636 1298 4690 miserationes
1326 4636 1460 4705 ejus.
1514 4635 1620 4690 Sed
1659 4635 1724 4691 ad
1770 4636 1936 4690 Deum
1977 4653 2064 4692 re-
2093 4651 2144 4710 ι)
2171 4641 2247 4698 ris
2278 4641 2524 4696 ﬁdelibus
2549 4638 2866 4710 expectatis.

472 4723 646 4788 verti,
674 4732 729 4778 et
753 4739 850 4780 vos
880 4725 1157 4781 nobiscum
1199 4727 1412 4781 trahere
1446 4727 1791 4791 meditantes,
1823 4725 2058 4782 cilicium

472 4826 716 4874 nostrum
765 4819 1100 4888 exequimur,
1152 4818 1365 4874 cunctis
1413 4817 1887 4888 adquiescentibus
1933 4835 2060 4890 pro-

471 4909 731 4963 futurum.
761 4908 968 4980 Quipp‘e
1014 4925 1119 4964 non
1148 4909 1300 4964 vobis
1325 4919 1534 4976 nostra,
1574 4908 1668 4964 sed
1701 4906 1844 4965 illius
1874 4921 2059 4968 aucto-

471 5003 631 5058 ritate
674 5004 946 5073 loquimur
983 5004 1076 5074 qui
1109 5006 1226 5057 ait:
1264 5002 1368 5069 Qui
1392 5013 1468 5057 est
1504 5019 1569 5058 ea:
1608 5003 1752 5070 Deo,
1784 5003 1932 5058 verba
1962 5004 2058 5058 Dei

469 5095 638 5147 audit.
681 5093 836 5150 Absit
866 5103 1081 5159 autem,
1114 5105 1172 5149 ut
1204 5094 1255 5148 in
1302 5093 1454 5149 vobis
1485 5093 1770 5165 impleatur
1797 5097 1940 5165 quod
1976 5112 2060 5152 se-

471 5190 656 5256 quitur
687 5205 698 5241 :
739 5187 1019 5256 Propterea
1047 5205 1134 5242 vos
1180 5203 1283 5241 non
1313 5187 1505 5241 auditis
1529 5228 1542 5251 ,
1568 5187 1693 5257 quia
1722 5204 1785 5242 ex
1815 5189 1924 5243 Deo
1957 5206 2058 5243 non

470 5282 592 5326 estis
627 5280 694 5326 ³⁵³-

2235 4733 2290 4790 2.
2339 4733 2540 4788 Verum
2591 4744 2651 4786 ut
2700 4732 2766 4786 ad
2811 4745 2911 4785 nos
2956 4730 3237 4800 episcopos
3290 4727 3584 4783 redeamus,
3624 4726 3699 4783 per

2165 4827 2306 4883 hanc
2336 4823 2549 4880 civilem
2573 4863 2588 4888 ,
2621 4823 2785 4876 immo
2815 4819 2934 4890 plus
2963 4836 3122 4888 quam
3150 4818 3359 4874 civilem
3388 4806 3693 4869 discordiam,

2165 4915 2332 4971 multa
2369 4915 2644 4971 interdum
2689 4912 2742 4966 in
2783 4911 2941 4966 nobis
2980 4911 3110 4979 ipsis
3153 4925 3218 4964 ac
3257 4908 3374 4962 aliis
3403 4901 3542 4959 nobis
3577 4904 3695 4949 com-

2166 5007 2348 5064 missis
2368 5005 2719 5077 negleximus,
2744 5003 3013 5058 interdum
3045 5002 3322 5072 neglegere
3343 4993 3502 5055 coacti
3524 4996 3690 5077 ευιιιυξς

2169 5103 2240 5156 ita
2274 5109 2334 5155 ut
2364 5101 2416 5154 in
2444 5075 2705 5155 omnibus
2747 5095 3027 5152 ordinibus
3057 5096 3246 5166 religio
3291 5101 3529 5163 magnum
3561 5075 3692 5135 detri-

2168 5203 2408 5250 mentum
2443 5191 2750 5262 acceperit,
2786 5199 2841 5244 et
2882 5187 2972 5242 alii
3008 5188 3224 5258 quidem
3261 5202 3355 5258 per
3392 5168 3698 5254 ignorantiam

2168 5287 2218 5326 in
2251 5286 2526 5326 inlnrilnm
2562 5281 2806 5326 tendant-
2847 5282 2935 5326 alii
2987 5295 3116 5326 vero
3147 5280 3299 5326 lnnqa
3336 5278 3379 5309 “
3411 5267 3603 5326 licentia
3633 5271 3700 5311 35’
