3876 5326
143 289 225 344 5n
1157 290 1587 352 FRANCORUM
1612 287 1849 344 REGUM
1887 289 2374 348 CAPITULARIA.
3280 299 3384 353 διε

139 404 377 468 sucl'acti,
415 407 637 476 jmpune
671 423 729 462 se
775 424 997 478 peccare
1031 425 1185 479 posse
1229 409 1517 465 coaﬁdant.
1560 407 1701 462 Tan-
1730 413 1777 469 Α
1807 423 1901 463 nes
1931 407 2238 472 adtandent,
2285 409 2408 477 quia
2454 408 2755 478 ignorantia
2803 410 2971 479 magis
2999 426 3160 480 quam
3205 412 3385 466 studio

137 497 238 551 dem
266 496 424 564 igitur
450 497 519 550 ad
560 499 835 568 propriam
874 509 930 555 et
961 509 1280 554 caeterorum
1309 501 1697 555 correctionem
1801 511 1893 551 eas
1917 513 2103 553 errare
2132 506 2400 567 putamus,
2434 497 2799 553 admonendas
2824 499 3270 570 castigandasque
3292 501 3386 556 de-

136 585 394 651 conversi,
439 601 752 655 quaesumus
779 630 793 655 ,
845 597 904 644 ut
951 590 1214 645 scelerum
1263 600 1565 661 patratores
1590 631 1604 656 ,
1645 601 1698 644 et
1799 589 2108 654 cernimus;
2143 605 2209 643 ne
2240 588 2378 644 forte
2403 590 2601 644 veteris
2630 604 2694 644 ac
2727 589 2849 644 novi
2879 591 3221 645 instrumenti
3248 607 3385 661 pra:-

134 676 416 744 apostolica:
448 678 749 748 disciplina:
789 689 1220 751 contemptores,
1261 683 1441 737 missis
1468 698 1498 736 a
1529 682 1697 737 latere
1799 679 2166 743 varicatrices,
2189 677 2342 746 juxta
2370 678 2736 750 Gangrensem
2764 681 3052 750 synodum,
3095 681 3384 736 severitate

133 775 288 820 vestro
313 766 556 834 probatzc
582 769 707 824 ﬁdei
754 770 971 841 legatis,
1002 772 1204 842 absque
1239 782 1480 843 respectu
1513 787 1697 842 perso-
1799 769 2160 824 anathematis
2189 771 2255 824 ab
2285 771 2526 825 ecclesiae
2549 785 2773 840 corpore
2799 771 3184 840 prmcidantur.

135 873 297 912 narum
325 868 381 913 et
418 863 772 918 excecatione
803 879 1085 918 munerum
1111 907 1125 927 ,
1175 866 1606 929 coherceantur;
1642 873 1697 920 et
1869 863 1917 916 8.
1951 861 2216 928 Quoniam
2249 864 2508 932 quosdam
2536 864 2911 933 episcoporum
2935 864 3001 916 ab
3023 863 3382 932 expeditionis

133 950 224 1004 otio
241 948 282 980 “
307 951 486 1015 nobis,
512 962 773 1021 quantum
803 955 1055 1024 possibile
1079 965 1179 1019 cst,
1208 971 1486 1021 concesso,
1516 971 1696 1011 sermo
1799 955 1980 1008 labore
2008 957 2249 1026 corporis
2277 956 2514 1011 defendit
2546 955 2905 1020 imbecillitas,
2936 955 3056 1010 aliis
3081 965 3258 1010 autem
3285 972 3379 1010 ve-

134 1041 210 1098 Dei
242 1043 583 1111 praedicando
626 1045 945 1112 fructiﬁcet,
989 1058 1044 1102 et
1088 1064 1356 1102 canonum
1400 1047 1693 1103 reverenda
1797 1057 1906 1101 stra
1941 1049 2265 1119 indulgentia
2303 1050 2512 1104 cunctis
2537 1049 2824 1118 optabilem
2864 1049 3089 1119 largitur
3117 1049 3380 1117 quietem,

133 1135 400 1189 auctoritas
427 1136 672 1192 debitum
701 1138 753 1193 in
783 1139 1034 1194 omnibus
1059 1140 1296 1210 vigorem
1325 1139 1585 1194 obtineat.
1795 1138 2201 1206 prascavendnm
2227 1147 2310 1193 est
2336 1137 2598 1207 utrisque,
2626 1153 2693 1193 ne
2720 1153 2817 1207 per
2856 1152 3044 1191 eorum
3075 1137 3378 1213 absentiam

185 1225 232 1279 ὅ.
267 1225 322 1280 In
374 1226 510 1282 locis
561 1231 808 1295 sanctis,
855 1230 957 1286 hoc
1005 1240 1088 1286 est
1138 1231 1511 1294 monasteriis,
1559 1228 1694 1290 alios
1797 1245 1883 1283 res
1921 1228 2169 1283 militaris
2212 1229 2547 1297 dispendium
2592 1228 2844 1298 patiatur.
2880 1228 3063 1297 Itaque
3113 1227 3156 1281 si
3201 1235 3383 1282 vestra

132 1318 310 1382 studio,
338 1320 632 1376 nonnullos
667 1323 906 1386 desidia,
940 1323 1137 1378 multos
1167 1324 1490 1379 necessitate
1517 1324 1693 1378 victus
1795 1318 2061 1372 consentit
2089 1317 2413 1381 sublimitas,
2449 1318 2694 1371 homines
2723 1333 2850 1372 suos
2883 1317 2958 1371 rei
3006 1317 3233 1387 publica:
3258 1331 3382 1387 pro-

134 1422 174 1463 et
193 1412 512 1478 vestimenti,
543 1429 573 1468 a
598 1430 691 1470 sua
716 1415 1047 1485 professione
1073 1417 1285 1471 deviare
1311 1417 1688 1484 comperimus.
1795 1409 2022 1474 futuros,
2046 1409 2264 1486 cuilibet
2289 1409 2525 1464 ﬁdelium
2546 1418 2872 1472 vestrorum,
2897 1423 3053 1478 quem
3079 1408 3380 1463 sibintilem

134 1499 258 1566 Quod
299 1502 540 1569 petimus
586 1514 646 1560 ut
697 1506 748 1558 in
793 1494 1045 1562 omnibus
1089 1507 1379 1576 parmchiis
1422 1506 1610 1561 directi
1659 1523 1690 1560 ο
1787 1499 2169 1569 jndicaverint,
2215 1501 2574 1567 committant,
2604 1499 2757 1569 cujus
2787 1499 3080 1569 diligentia,
3113 1513 3180 1554 nc
3226 1513 3285 1555 se
3313 1499 3382 1553 ab

134 1599 281 1644 vestra
308 1594 723 1650 mansuetudine
753 1594 984 1666 religiosi
1017 1604 1177 1664 atque
1206 1594 1383 1650 idonei
1413 1595 1537 1659 viri,
1568 1611 1689 1650 ctnn
1793 1591 1969 1645 oﬁicio
2002 1592 2324 1647 subtrahere
2360 1591 2598 1658 valeant,
2636 1592 2974 1646 observetur.

133 1680 287 1734 notitia
333 1682 754 1754 episcoporum,
809 1693 1119 1740 scrutentur
1168 1694 1223 1738 et
1270 1684 1573 1753 corrigant,
1627 1700 1690 1738 ac
1865 1682 1917 1738 9.
1967 1681 2260 1738 Remorum
2309 1682 2615 1747 ecclesiam,
2653 1683 2743 1736 diu
2794 1681 3128 1752 multumque
3164 1689 3382 1752 pastore

133 1771 424 1840 singulorum
484 1774 726 1830 locorum
776 1784 976 1832 statum
1034 1787 1224 1833 vestra:
1273 1777 1581 1832 celsitudini
1637 1787 1691 1833 et
1723 1772 1764 1829 Β
1794 1777 2124 1840 destitutam,
2159 1791 2330 1850 nuper
2359 1777 2641 1848 spoliatam
2685 1777 2868 1841 rebus,
2895 1775 3208 1830 boneratam
3241 1775 3382 1845 inju-

135 1874 294 1918 nostra:
319 1865 699 1932 mediocritati,
728 1875 969 1938 tempore
989 1883 1018 1921 a
1049 1868 1199 1924 vobis
1221 1869 1262 1900 "
1286 1867 1684 1934 constituendo,
1793 1869 1907 1932 riis,
1941 1868 2143 1937 absque
2175 1868 2375 1939 ingenti
2405 1867 2589 1923 dolore
2620 1867 2775 1922 fateri
2805 1882 2910 1921 non
2958 1880 3265 1937 possumus.
3315 1865 3389 1918 Et.

136 1955 430 2010 renuntient.
1789 1961 1915 2028 quia
1963 1969 2196 2014 vestram
2232 1958 2615 2014 sublimitatem
2667 1967 2720 2012 et
2761 1967 3000 2012 nostram
3055 1956 3375 2025 parvitatem

187 2043 231 2098 ι.
265 2043 556 2102 Μοιιιιρῑιος
600 2048 689 2118 qui
743 2049 1053 2119 cupiditatis
1099 2065 1259 2105 causa
1302 2059 1588 2120 vagantur,
1631 2057 1688 2104 et
1787 2065 1976 2105 eruere
2005 2051 2445 2106 “desideramus
2473 2050 2730 2122 periculo,
2778 2051 3127 2104 obsecramus
3163 2056 3222 2101 ut
3270 2054 3380 2100 tant

136 2142 298 2188 sancite
337 2135 617 2206 religionis
653 2139 984 2208 propositum
1016 2140 1354 2208 impudenter
1391 2139 1684 2206 infamant,
1789 2141 1930 2194 finde
1953 2142 1997 2172 "
2028 2141 2260 2196 lacerata
2298 2141 2526 2197 ecclesia
2572 2142 2992 2211 redintegretur,
3038 2148 3199 2208 atque
3224 2137 3379 2208 juxta

138 2227 185 2280 ad
208 2242 290 2281 sua
319 2227 429 2281 loca
459 2229 712 2298 jubemus
738 2230 782 2262 “
813 2231 1041 2295 reverti,
1082 2240 1137 2286 et
1169 2231 1488 2303 regulariter
1517 2231 1683 2287 abba—
1786 2235 2175 2289 venerabilium
2201 2250 2469 2290 canonum
2500 2233 2940 2289 constitutionem
2979 2231 3172 2300 dignus
3211 2231 3259 2285 ei
3289 2243 3380 2285 ce-

138 2326 222 2370 tum
257 2318 470 2373 solertia
514 2322 698 2390 recipi.
741 2321 833 2376 Eis
876 2330 1056 2377 autem
1085 2323 1176 2392 qui
1224 2331 1348 2392 post
1381 2323 1684 2378 evidentem
1786 2324 1970 2380 leriler
2003 2333 2280 2394 quaeratur
2309 2331 2363 2379 et
2390 2323 2716 2393 prreﬁciatur
2747 2322 3072 2392 episcopus;
3107 2328 3164 2374 ut
3195 2320 3378 2374 clerus

137 2407 486 2475 professionem
539 2411 908 2467 monachicam
948 2411 1109 2467 etiam
1160 2413 1399 2466 habitum
1449 2413 1682 2482 reliqne-
1785 2427 1842 2472 et
1870 2416 2096 2487 pepulus
2120 2417 2287 2472 tantis
2316 2417 2533 2470 attritus
2561 2424 2615 2470 et
2640 2413 2969 2485 spiritalibus
2998 2421 3053 2466 et
3079 2410 3378 2480 corporali-

139 2507 262 2564 runt,
289 2501 368 2555 vel
395 2503 493 2571 qui
531 2518 624 2557 sua
655 2503 808 2572 culpa
845 2502 1202 2572 proiciuntur,
1249 2503 1350 2558 nisi
1385 2502 1596 2568 redire,
1631 2515 1670 2559 el

1844 2524 1886 2564 ts
1911 2508 2288 2574 incommodis,
2318 2507 2686 2564 consolatione
2711 2513 2946 2574 recepta,
2979 2517 3099 2557 cum
3123 2517 3218 2557 suo
3237 2517 3375 2572 prae-

140 2593 246 2659 quod
283 2593 385 2648 Deo
431 2595 840 2664 spoponderunt
887 2593 1108 2664 implere
1153 2596 1493 2649 consentiant
1519 2635 1532 2657 ,
1581 2596 1684 2650 hoc
1785 2600 1898 2656 snle
1925 2615 2020 2668 pro
2047 2607 2226 2654 vestra
2252 2598 2426 2655 salute
2456 2613 2519 2652 ac
2549 2595 2905 2668 prosperitate
2947 2592 3219 2649 communi
3268 2591 3376 2647 Do-

141 2681 361 2738 credimus
388 2700 553 2753 posse
577 2684 620 2716 "
647 2683 884 2739 remedio
912 2684 1210 2750 subveniri,
1242 2686 1285 2738 si
1319 2685 1370 2738 in
1398 2685 1684 2756 ergastulis
1782 2688 1929 2742 mino
1956 2687 2169 2742 studeat
2194 2686 2519 2760 supplicare.

141 2773 289 2828 inclusi
315 2776 521 2830 tamdiu
550 2792 577 2830 a
605 2784 868 2832 conventu
896 2777 1176 2831 hominum
1199 2775 1591 2841 abstineantur,
1623 2785 1681 2831 et
1853 2778 1938 2833 10.
1961 2777 2366 2832 Aurelianensis
2394 2777 2554 2831 etiam
2587 2774 2813 2830 ecclesia
2860 2771 3176 2828 confusione
3205 2771 3378 2826 maxis

139 2863 312 2929 pietatis
339 2866 536 2920 intuitu
572 2865 1012 2922 convenientibus
1042 2875 1384 2922 macerentur
1405 2869 1679 2936 operibus,
1781 2885 1868 2925 ma
1903 2869 2148 2924 noscitur
2175 2869 2443 2924 laborare.
2488 2867 2690 2922 Tamen
2739 2865 2866 2935 quia
2909 2862 3189 2934 superiore
3231 2876 3373 2918 anno

139 2953 271 3008 donec
297 2957 582 3012 sanitatem
614 2956 966 3012 correctionis
995 2955 1305 3011 admittant.
1335 2955 1579 3027 Namque
1606 2957 1681 3012 illi
1781 2961 2216 3032 archiepiscopus
2242 2960 2458 3015 Wenilo
2484 3000 2498 3023 ,
2543 2959 2656 3013 suis
2696 2955 3067 3011 annitentibus
3109 2951 3371 3024 sutl'raga-

139 3043 203 3110 qui
237 3047 498 3114 quondam.
523 3047 802 3113 monachi,
836 3055 1022 3117 postea
1071 3046 1258 3101 relicta
1295 3045 1680 3117 singularitatis
1783 3055 1920 3120 neis,
1949 3068 2013 3108 ex
2061 3054 2249 3108 eodem
2295 3051 2414 3108 loco
2451 3050 2646 3119 Agium
2671 3049 2717 3081 ⁸³
2762 3046 3137 3120 presbyterum
3187 3043 3370 3114 palatii

140 3134 446 3202 professione,
477 3141 543 3194 ad
571 3138 814 3194 militiam
851 3138 935 3192 vel
962 3137 1030 3193 ad
1058 3137 1274 3207 nuptias
1301 3139 1674 3206 devolvuntur,
1704 3129 1748 3192 C
1781 3144 1943 3199 vestri
1970 3151 2281 3198 memorata:
2307 3142 2547 3197 ecclesite
2571 3138 2862 3202 ordinavit,
2888 3134 3247 3207 probabilium
3275 3149 3370 3190 ca-

137 3246 249 3297 parite
293 3232 486 3288 Leonis
536 3234 753 3293 decreto
800 3236 1028 3306 publica:
1077 3235 1415 3307 ptenitentiae
1462 3233 1678 3289 satisfa-
1780 3235 2096 3290 nonicorum
2121 3234 2464 3289 aclaicorum
2492 3232 2836 3288 attestatioue
2860 3231 3179 3293 instructus,
3203 3237 3258 3282 et
3281 3241 3368 3297 pe-

137 3318 271 3376 ctione
294 3325 551 3396 purgandi
583 3334 726 3382 sunt.
761 3327 838 3382 De
869 3327 1082 3385 clericis
1110 3335 1292 3382 autem
1320 3326 1672 3383 ecclesiarum
1778 3328 1968 3386 titione
1998 3327 2277 3399 impulsus,
2303 3337 2357 3383 et
2382 3327 2573 3382 cadent
2614 3325 2846 3381 ecclesia
2870 3332 3059 3378 nostro
3088 3330 3144 3376 et
3189 3329 3374 3377 vestro.

137 3425 308 3468 tuarum
340 3417 706 3474 desertoribus
729 3459 744 3483 ,
782 3419 1002 3489 antiqua
1050 3417 1220 3474 forma
1267 3416 1675 3473 Calcidonensis
1776 3430 1934 3475 vacat
1961 3419 2220 3491 periculo,
2258 3420 2416 3490 hujus
2439 3419 2516 3474 rei
2543 3417 2708 3472 alium
2733 3417 2936 3472 exitum
2965 3429 3072 3469 non
3098 3413 3371 3480 videmus,

137 3503 304 3558 nortcilii
336 3511 596 3562 servanda
625 3517 728 3574 est,
759 3524 878 3578 qua:
908 3507 1242 3579 praascribit,
1282 3515 1342 3562 ut
1387 3507 1430 3562 si
1461 3507 1671 3577 episco-
1773 3511 1876 3566 nisi
1908 3520 1970 3566 ut
2005 3522 2183 3566 vestra
2219 3511 2391 3580 pictas
2425 3511 2568 3580 quod
2613 3523 2643 3563 a
2682 3506 2848 3562 tantis
2872 3505 3002 3561 viris
3027 3503 3226 3559 factum
3254 3514 3368 3568 est,

135 3604 207 3658 pus
241 3598 524 3666 susceperit
555 3597 805 3654 clericum
843 3599 910 3654 ad
955 3599 1117 3653 alium
1156 3599 1466 3669 episcopum
1502 3597 1670 3666 perti-
1775 3615 1951 3658 ratum
1977 3619 2096 3659 esse
2133 3603 2434 3674 permittat.

143 3691 314 3739 nentem
331 3728 344 3750 ,
375 3696 429 3742 et
455 3697 731 3757 susceptus
755 3698 808 3744 et
834 3689 1133 3758 suscipiens
1157 3687 1531 3743 communione
1555 3686 1667 3756 pri-
1844 3696 1930 3750 11.
1956 3695 2031 3750 ου
2050 3696 2360 3765 prmlatione
2384 3693 2819 3750 reverendissimi
2848 3691 3111 3763 Drogonis
3134 3691 3369 3748 deﬁnire.

137 3781 304 3837 'enlm‘.
343 3777 513 3832 donec
549 3779 593 3832 is
634 3780 724 3849 qui
770 3780 1092 3849 migraverat
1127 3779 1383 3843 clericus,
1428 3777 1493 3832 ad
1538 3792 1667 3848 pro-
1769 3785 1970 3854 aliquid
1999 3784 2044 3816 ⁵⁸
2093 3799 2201 3839 non
2247 3785 2524 3850 audemus,
2569 3784 2672 3837 nisi
2715 3781 3111 3850 expectandum
3138 3822 3153 3846 ,
3199 3795 3364 3851 quam

136 3862 264 3927 Ρΐίθῐη
292 3877 584 3922 revertatur
608 3869 914 3924 ecclesiam.
1769 3877 2040 3932 maximus
2065 3877 2181 3947 cogi
2207 3885 2384 3945 potest
2406 3874 2591 3930 Gallia:
2606 3873 3016 3941 Germaniaeque
3037 3879 3360 3935 conventus,

183 3952 225 4006 5-
260 3955 348 4024 QUi
408 3962 903 4016 Sﬂnclimonialibus
967 3961 1169 4017 ἱιιιὶςῖῑθ
1227 3962 1555 4031 miscentur,
1611 3972 1665 4018 et
1764 3969 1896 4026 etin
1925 3985 1989 4026 eo
2013 3967 3018 4040 metropolitanorumreliquorumque
3057 3959 3357 4019 antistitum

136 4045 343 4132 iacrilcga
391 4049 589 4106 foedera
633 4069 754 4108 cum
805 4055 883 4108 eis
929 4055 1130 4109 faciunt
1175 4055 1520 4125 nuptiarum,
1570 4071 1662 4111 eos
1765 4061 2142 4132 inquirendum
2185 4076 2303 4117 esse
2330 4074 2674 4124 consensum,
2717 4058 2804 4114 cui
2852 4058 3105 4112 resistere
3134 4070 3234 4110 nec
3264 4069 3357 4108 vo-

136 4130 376 4195 lnnomilii
420 4159 565 4212 ρθρτε
607 4160 832 4199 censura
868 4161 898 4199 a
941 4147 1320 4201 communione
1355 4145 1509 4215 jubet
1560 4163 1646 4202 ευ·
1763 4130 1943 4210 lumus
1971 4167 2070 4207 nec
2097 4152 2355 4206 valemus.
2388 4149 2552 4206 Nobis
2587 4156 2788 4211 tamen,
2819 4148 2862 4202 si
2890 4146 3018 4216 quid
3048 4144 3153 4199 tale
3191 4143 3352 4201 alicui

137 4230 311 4295 spondi;
343 4241 393 4287 et
418 4235 516 4288 nisi
551 4251 646 4304 per
671 4236 938 4306 publicam
975 4237 1364 4308 probatamqne
1394 4239 1661 4307 poeniten-
1761 4244 2026 4301 committi
2076 4251 2273 4314 potest,
2325 4251 2380 4297 et
2433 4256 2537 4296 non
2588 4239 2689 4294 alia
2740 4252 2904 4307 quam
2951 4251 3072 4306 quae
3119 4244 3352 4306 prteten~

138 4319 233 4375 tiam
261 4329 462 4384 omnino
491 4347 592 4384 nou
634 4331 836 4400 recipi,
873 4340 965 4386 aut
996 4332 1080 4387 his
1111 4345 1260 4389 certe
1301 4334 1559 4388 viaticum
1594 4334 1660 4390 de
1761 4339 1904 4393 ditur
1931 4338 2065 4392 latet
2087 4353 2272 4401 causa,
2303 4337 2375 4390 illi
2403 4334 2745 4404 potissimum
2781 4329 3070 4387 convenire
3117 4329 3350 4392 videtur,

136 4413 271 4466 seculo
308 4422 734 4482 transeuntibus.
787 4424 829 4478 si
878 4433 1056 4480 tamen
1107 4424 1496 4492 ptenituerint,
1547 4432 1654 4479 n0n
1688 4480 1732 4500 ﬁ
1761 4432 1929 4500 quiet
1957 4429 2338 4486 communione
2384 4426 2672 4484 sacerdotii
2707 4425 2882 4489 nobis,
2929 4432 2986 4478 et
3019 4420 3352 4479 excellentiae

137 4505 293 4568 ηθὲπί·
1683 4505 1734 4539 υ
1759 4531 1953 4576 vestra:
1983 4522 2400 4592 propinquitatis
2428 4520 2729 4591 privilegio,
2761 4518 3019 4574 sociatur.

183 4592 225 4644 6.
250 4598 321 4652 Ab
363 4601 523 4656 altero
565 4619 689 4660 vero
717 4606 1056 4677 desponsata,
1099 4616 1154 4662 et
1197 4612 1264 4664 ab
1294 4610 1466 4664 altero
1496 4619 1650 4680 rapta
1830 4613 1914 4666 1'2.
1946 4611 2237 4666 Veniemus
2276 4626 2417 4665 nunc
2460 4611 2527 4664 ad
2560 4611 2803 4664 ultimam
2840 4616 3047 4677 partem
3096 4606 3346 4661 atlmonic

136 4685 285 4773 puella.
315 4695 593 4750 secundum
625 4706 822 4752 statuta
851 4700 1104 4754 Ancirani
1135 4701 1346 4756 concilii
1391 4704 1439 4757 ei
1487 4718 1514 4756 a
1543 4717 1650 4772 quo
1754 4705 1916 4759 tionis
1948 4715 2144 4758 nostra)~
2172 4721 2186 4770 ;
2221 4719 2382 4773 quam
2406 4719 2508 4773 qua
2543 4701 2838 4756 intentione
2863 4699 3158 4764 fundimus,
3186 4701 3348 4755 dede-

137 4771 396 4841 tlesponsata
441 4783 629 4850 fuerat,
666 4789 930 4843 reddenda
970 4799 1084 4852 est,
1107 4791 1316 4846 etiarnsi
1345 4793 1452 4847 vim
1483 4808 1512 4846 a
1561 4771 1646 4846 ra-
1750 4795 1821 4849 rit
1851 4795 1990 4850 Deus
2019 4802 2078 4848 ut
2105 4809 2197 4848 vos
2233 4771 2297 4850 ac
2324 4771 2578 4866 proceres
2606 4793 2892 4862 casterique
2936 4791 3120 4846 ﬁdeles
3154 4806 3218 4846 ea
3245 4791 3342 4845 de~

137 4866 250 4922 Wire
273 4871 543 4934 pertulerit.
577 4875 650 4930 De
677 4878 978 4950 raptoribus
1018 4884 1198 4932 autem
1241 4881 1296 4934 id
1321 4881 1473 4936 nobis
1500 4880 1646 4936 vide—
1748 4884 1964 4938 votione
1990 4883 2316 4952 suscipiatis.
2359 4881 2616 4937 Videmus
2644 4881 2787 4936 enim
2815 4882 2950 4935 iram
2984 4880 3078 4935 Dei
3105 4881 3261 4936 nobis
3286 4887 3343 4934 et

139 4955 1248 5052 tu{optimummtquoniamecclesiasticam
1269 4971 1639 5027 excommuni-
1745 4975 1897 5030 vobis
1946 4973 2227 5029 imminere
2256 5014 2271 5039 ,
2337 4988 2458 5030 cum
2507 4988 2606 5044 pro
2655 4971 2856 5040 rapinis
2914 4978 2970 5024 et
3009 4969 3340 5023 immanibus

139 5049 344 5104 cationem
368 5059 756 5127 parvipendunt,
779 5061 1110 5120 secularium
1131 5061 1308 5133 legum
1338 5071 1641 5120 terreantur
1745 5067 1864 5121 aliis
1889 5065 2208 5131 sceleribus,
2235 5076 2346 5121 tum
2371 5065 2536 5120 etiam
2567 5064 2801 5118 maxime
2827 5061 2965 5130 quod
2996 5059 3235 5113 ecclesiae
3262 5056 3340 5111 fa-

143 5138 392 5184 austeritatn
414 5149 455 5180 ao

1813 5160 1964 5184 ’.λίηι-
2037 5172 2166 5184 nonno-
2211 5174 2363 5184 -ΑΑ-Ακ
2399 5166 2444 5184 Α.
2481 5157 2670 5184 δελπηιιῖ
2707 5152 2984 5184 Λιιηέοιῖηιὶἶ
3027 5150 3134 5184 non
3178 5166 3340 5184 unua-
