3876 5326
484 277 604 371 sis

1198 314 1496 372 APPEND.
1539 316 1628 371 AD
1668 316 1837 375 S/EC.
1880 317 1948 373 Χ.
1988 349 2057 359 -
2088 318 2518 378 MONUMENTA
2550 319 3031 379 DlPLOMATlCA.

3635 322 3729 378 5H

499 435 659 498 atque
688 426 1007 497 templorum
1048 426 1145 483 Dei
1186 428 1650 497 instaurationem,
1695 446 1837 486 nunc
1874 432 1926 486 in
1971 448 2068 489 usu
2097 442 2142 502 Α
2172 436 2435 492 lissimam
2481 438 2772 510 perniciem
2802 452 2952 496 suam
2994 447 3220 511 occupet
3246 447 3301 496 et
3328 437 3549 495 invadat
3609 438 3653 498 0
3677 438 3729 494 li-

497 516 822 573 secularium
861 517 1190 573 detinentur.
1219 516 1357 573 Hinc
1405 519 1555 591 multi
1591 521 1730 575 servi
1755 519 1852 575 Dei
1895 536 2067 592 penu-

497 608 636 662 riam
657 608 763 663 cibi
792 616 844 662 et
873 616 1031 679 potus
1056 623 1119 663 ac
1146 609 1581 665 vestimentorum
1615 611 1913 680 patiuntur,
1938 628 2071 683 pau~

495 710 654 766 peres
683 705 992 751 consuetam
1021 696 1383 753 mlemosinam
1414 714 1518 753 non
1544 701 1837 770 accipiunt,
1885 702 2069 773 negle-

496 795 694 858 guntur
718 786 975 857 hospites,
1000 785 1314 843 fraudantur
1339 790 1555 858 captivi,
1580 799 1634 845 et
1663 790 1803 845 fama
1828 793 2067 847 omnium

495 881 691 935 merito
720 878 1010 935 laceratur.
1043 881 1107 935 Et
1137 882 1352 951 quidem
1379 883 1423 937 si
1469 884 1582 938 haec
1611 899 1639 938 a
1667 884 1891 955 paganis
1920 895 2070 955 pate-

496 978 645 1024 retur
671 969 918 1034 ecclesia,
948 971 1259 1040 patientiam
1282 970 1562 1043 flagitaret.
1592 972 1748 1029 Nunc
1772 983 1950 1028 autem
1975 991 2069 1047 op—

493 1059 664 1131 pressi
689 1076 718 1114 a
743 1059 867 1115 ﬁliis
898 1062 1116 1127 nostris,
1143 1063 1245 1118 hoc
1264 1071 1368 1128 est,
1396 1065 1464 1118 ab
1486 1064 1568 1120 his
1591 1079 1726 1134 quos
1751 1065 1834 1120 vel
1862 1079 1959 1119 nos
1986 1065 2070 1120 vel

493 1150 807 1206 decessores
844 1153 1013 1206 nostri
1057 1152 1108 1209 in
1139 1152 1354 1208 Christo
1397 1154 2070 1233 genuimus,christianos

492 1258 585 1298 eos
631 1252 817 1299 nostro
865 1243 1166 1300 ministerio
1208 1244 1496 1310 facientes,
1547 1246 1747 1300 nullam
1794 1247 2069 1316 patientia:

490 1335 909 1390 consolationem
940 1335 1253 1404 recipimus,
1281 1337 1538 1406 quoniam
1580 1338 1646 1392 de
1673 1337 1884 1392 illorum
1930 1338 2070 1394 inte-

489 1427 596 1481 ritu
626 1410 998 1497 formidamus.
1038 1425 1219 1493 Certe,
1247 1428 1390 1497 quod
1422 1427 1596 1483 nullus
1633 1444 1870 1499 unquam
1897 1429 1942 1460 ⁸⁸
1976 1429 2071 1482 im-

487 1516 912 1588 pudentissimus
962 1533 1161 1590 negare
1204 1519 1452 1586 audebit,
1494 1519 1767 1589 possessio
1824 1520 2069 1576 ecclesiae

487 1617 672 1662 votum
696 1615 780 1663 est
807 1608 1062 1673 fidelium,
1087 1610 1469 1680 patrimonium
1511 1626 1829 1683 pauperum,
1860 1613 2071 1667 redem-

486 1695 601 1767 ptio
633 1698 949 1753 animarum.
985 1696 1179 1753 Votum
1211 1715 1340 1771 ergo
1365 1698 1587 1757 alterius
1616 1701 1886 1771 quomodo
1913 1701 2068 1771 quis-

2168 526 2314 582 deles
2341 528 2452 601 Deo
2475 536 2530 583 et
2556 529 2707 584 vobis
2735 529 2886 599 ipsis,
2933 529 3099 586 nclite
3131 544 3228 600 pro
3265 529 3550 600 temporali
3578 529 3733 584 abun-

2169 615 2350 671 dantia
2396 618 2701 674 divitiarum
2759 621 2956 677 mereri
3007 621 3385 691 sempiternam
3429 619 3732 690 congeriem

2168 708 2527 777 miseriarum,
2558 726 2659 767 nec
2683 711 2825 768 ultra
2866 713 3028 769 decus
3052 715 3245 770 animae
3271 723 3467 770 vestrae
3512 720 3623 768 tam
3650 726 3734 783 pe-

2169 800 2375 868 stifero,
2411 810 2519 857 tam
2556 803 2817 871 inaudito,
2864 811 2974 860 tam
3002 804 3235 877 denique
3279 815 3427 862 certo
3462 803 3734 875 sacrilegio

2168 889 2452 961 polluatis!
2479 892 2707 949 Reddite
2740 893 2851 949 Deo
2876 908 2993 960 sua,
3022 903 3082 950 ut
3111 904 3288 952 vestra
3313 911 3436 951 eum
3465 910 3601 966 pace
3629 908 3735 965 pos-

2169 982 2413 1049 sideatis,
2442 991 2706 1039 tormenta
2725 984 2965 1041 evadatis
2983 992 3205 1053 aeterna,
3227 994 3284 1042 et
3304 986 3649 1057 postmodum
3675 988 3747 1043 ad'

2168 1075 2419 1146 gaudium
2449 1074 2659 1131 Domini
2686 1075 2881 1142 nostri,
2923 1084 2984 1131 ut
3011 1076 3153 1133 servi
3183 1076 3388 1146 fideles,
3418 1077 3738 1134 intromitta-

2168 1164 2321 1219 miui.
2356 1163 2639 1221 Seculares
2666 1165 2898 1221 honores
2923 1166 3192 1222 seculares
3209 1166 3547 1238 possideant,
3578 1165 3736 1221 eccle-

2166 1254 2419 1311 siasticos
2445 1256 2798 1312 ecclesiastici
2820 1257 3136 1313 sortiantur.
3166 1256 3277 1313 Nec
3301 1272 3401 1312 nos
3424 1256 3735 1312 insatiabilis

2167 1345 2476 1415 cupiditatis
2496 1346 2755 1416 arguatis,
2777 1346 2925 1417 quia,
2951 1347 3370 1418 qualescumque
3384 1362 3600 1411 sumus,
3620 1361 3733 1399 vera

2167 1450 2267 1491 nos
2296 1437 2475 1493 dicere
2521 1451 2622 1492 nec
2650 1436 2749 1507 ipsi
2787 1437 3028 1493 nescitis.
3060 1436 3129 1493 Et
3152 1437 3276 1494 licet
3320 1437 3515 1508 pauci,
3563 1446 3681 1492 sunt
3696 1437 3736 1472 ⁸⁸

2169 1535 2349 1582 tamen
2370 1527 2539 1597 aliqui
2564 1537 2807 1582 nostrum
2831 1528 2998 1583 Deum
3024 1528 3295 1593 timentes,
3322 1527 3412 1597 qui
3439 1527 3598 1596 juxta
3623 1524 3737 1578 illud

2168 1618 2537 1689 propheticum
2567 1619 2965 1673 exaudiantur:
2995 1615 3322 1672 Votuntatm
3360 1616 3656 1671 timentium
3688 1630 3737 1667 se

2170 1711 2347 1780 faciet,
2388 1718 2436 1764 et
2468 1709 2881 1780 deprecationem
2926 1723 3105 1763 eorum
3133 1706 3420 1771 exaudiet;
3461 1707 3591 1774 quia
3638 1717 3740 1781 om-

488 1783 649 1858 qua‘m
676 1788 785 1845 Deo
807 1789 968 1845 audet
987 1789 1222 1858 auferre,
1248 1793 1612 1849 haereditatem
1638 1806 1934 1863 pauperum
1962 1809 2068 1865 qua
2098 1797 2143 1855 B
2169 1802 2318 1856 nium
2347 1801 2468 1857 ﬁnis
2493 1801 2733 1871 quotidie
2756 1800 3186 1871 appropinquat;
3218 1809 3275 1855 et
3315 1812 3440 1869 quae
3476 1797 3733 1859 videntur.

486 1880 793 1934 temeritate
818 1881 1093 1951 praesumit
1139 1883 1441 1939 invadere?
1470 1885 1622 1941 Unde
1648 1885 1741 1941 alii
1787 1899 1918 1941 suas
1952 1887 2073 1941 ani-

486 1987 608 2028 mas
632 1973 992 2040 redemerunt,
1025 1988 1122 2030 cur
1147 1976 1271 2032 inde
1302 1977 1392 2033 alii
1437 1991 1561 2034 suas
1586 1980 1864 2052 perdunt?
1887 1978 2076 2048 Itaque

488 2064 735 2134 quaedam
779 2065 896 2121 loca
922 2067 1274 2133 venerabilia,
1305 2070 1446 2140 quod
1495 2086 1766 2142 nunquam
1796 2080 1953 2127 antea
1985 2087 2076 2127 au-

489 2155 658 2210 ditum
701 2164 802 2221 est,
846 2158 969 2212 laici
1015 2173 1080 2213 ex
1126 2159 1338 2231 integro
1368 2162 1675 2232 possident,
1716 2164 2075 2234 quorumdam

487 2254 697 2317 partem
722 2247 822 2304 sibi
849 2249 1147 2317 vindicant,
1189 2256 1542 2323 quorumdam
1584 2256 1783 2327 praedia
1811 2256 2072 2326 multipli-

488 2338 627 2394 citer
651 2340 819 2396 divisa
842 2341 895 2395 in
927 2343 1292 2399 hmreditatem
1321 2345 1421 2402 sibi
1451 2347 1566 2404 dari
1608 2347 1868 2404 fecerunt.
1903 2350 2075 2423 Egy-

488 2430 587 2498 ptii
616 2433 948 2501 sacerdotes,
980 2433 1139 2491 famis
1164 2436 1488 2500 neceSsitate
1511 2440 1719 2495 caeteris
1735 2450 2076 2498 cunctaren-

488 2520 760 2589 dentibus,
792 2537 918 2579 suas
953 2528 1324 2596 possessiones
1364 2528 1722 2597 retinuerunt,
1750 2541 1806 2586 et
1850 2531 1972 2589 falsi
2001 2534 2074 2589 dii

490 2617 850 2672 reverentiam
902 2634 932 2673 a
980 2620 1092 2675 suis
1121 2620 1418 2677 cultoribus
1452 2610 1781 2689 meruerunt,
1822 2640 1984 2696 quam
2022 2626 2075 2681 in

488 2706 593 2761 hac
618 2715 773 2775 parte
797 2707 940 2775 solus
970 2717 1024 2765 et
1051 2725 1212 2765 verus
1239 2713 1379 2768 Deus
1410 2728 1513 2767 non
1544 2714 1768 2769 obtinet.
1808 2714 1918 2770 Oza
1948 2731 2074 2786 per-

2176 1890 2492 1961 temporalia
2525 1898 2667 1953 sunt,
2700 1902 2820 1960 quae
2849 1896 3026 1944 autem
3072 1903 3178 1943 non
3208 1886 3482 1953 videntur,
3529 1893 3737 1941 eterna.

2177 1981 2233 2036 Si
2261 1981 2506 2036 volumus
2526 1981 2754 2038 evadere
2788 1988 3079 2051 praesentes
3105 1978 3445 2034 calamitates
3464 1986 3525 2034 et
3547 1975 3742 2032 futuras

2175 2075 2382 2130 evitare
2412 2073 2681 2140 miserias,
2727 2073 2782 2128 in
2811 2086 3094 2129 commune
3115 2086 3303 2128 omnes
3330 2086 3363 2127 a
3384 2069 3600 2126 .nostris
3629 2083 3739 2139 pra-

2174 2167 2432 2224 vitatibus
2480 2165 2546 2220 ad
2578 2164 2862 2220 Dominum
2891 2172 3291 2233 convertamur,
3338 2171 3395 2219 et
3425 2161 3759 2233 declinantes.

2175 2275 2207 2314 a
2231 2258 2373 2314 malo
2399 2256 2657 2315 faciamus
2679 2256 2878 2313 bonum
2897 2294 2913 2324 ,
2938 2264 3001 2314 ut
3030 2255 3170 2313 bona
3199 2253 3412 2313 Domini
3458 2267 3742 2327 mereamur

2176 2353 2359 2407 videre
2384 2352 2436 2407 in
2466 2360 2613 2407 terra
2632 2350 2951 2405 viventium.
2978 2349 3057 2405 Tu
3080 2357 3281 2414 autem,
3302 2346 3609 2403 clarissime
3634 2359 3740 2410 rex,

2175 2446 2299 2518 quia
2328 2445 2610 2501 verissime
2637 2444 2897 2516 scriptum
2937 2450 3040 2508 est,
3081 2448 3422 2511 corrumpunt
3454 2454 3624 2493 mores
3662 2436 3741 2491 bo-

2177 2553 2270 2593 nos
2298 2535 2560 2607 colloquia
2592 2533 2757 2601 mala,
2805 2532 2930 2603 fuge
2958 2546 3336 2603 perversorum
3385 2526 3660 2585 consortia
3692 2530 3739 2577 et

2176 2629 2419 2696 consilia,
2446 2643 2545 2684 nec
2574 2643 2605 2681 a
2634 2635 2686 2682 te
2711 2627 2994 2696 quisquam
3020 2633 3206 2696 petere
3229 2622 3452 2688 audeat,
3477 2620 3616 2691 quod
3642 2632 3740 2672 ma-

2171 2717 2425 2787 iestatem
2455 2724 2600 2772 tuam
2628 2723 2882 2786 praestare
2909 2728 3015 2770 non
3040 2713 3249 2769 deceat.
3281 2710 3392 2766 Nec
3425 2709 3618 2763 timeas
3642 2705 3738 2759 ira-

489 2811 681 2852 cussus
709 2808 812 2864 est,
834 2807 1120 2869 propterea
1157 2802 1301 2871 quod
1343 2811 1621 2858 nutantem
1650 2806 1873 2860 archam
1898 2805 2079 2861 suble-
2177 2821 2263 2868 tos
2307 2810 2571 2876 homines,
2602 2811 2707 2865 hoc
2752 2815 2854 2874 est,
2887 2814 3088 2863 terram
3134 2813 3189 2860 et
3222 2804 3487 2866 cinerem,
3534 2797 3739 2869 amplius

486 2903 617 2944 vare
660 2891 1019 2961 praesumpsit,
1050 2907 1210 2962 quam
1253 2901 1475 2963 tangere
1521 2895 1674 2950 nefas
1701 2904 1841 2951 erat.
1878 2896 2078 2952 Rideat

486 2980 603 3034 hoe
622 2980 833 3050 aliquis,
864 2982 990 3049 nisi,
1027 2985 1169 3053 quod
1201 3000 1413 3041 summo
1441 2986 1624 3042 dolore
1655 2988 1906 3056 dicimus,
1954 2991 2078 3059 qui—

489 3068 613 3124 dam
639 3085 988 3141 oppressores
1011 3073 1252 3130 ecclesiae
1282 3076 1501 3146 dignum
1531 3078 1643 3133 suis
1686 3081 1930 3136 moribus
1959 3081 2075 3137 cxi-

2177 2915 2340 2971 quam
2370 2900 2538 2955 Deum
2568 2898 2660 2969 qui
2699 2904 2753 2952 te
2776 2896 3004 2961 creavit,
3035 2894 3235 2965 quique
3258 2893 3315 2949 in
3340 2891 3576 2948 veritate
3608 2886 3737 2957 judi-

2178 2991 2357 3047 cabit:
2386 2990 2538 3061 cujus
2565 2988 2892 3044 voluntatem
2940 2986 2986 3041 si
3011 2985 3247 3056 perfecte
3294 2992 3522 3040 secutus
3567 2978 3735 3038 fueris,

2179 3083 2447 3139 credimus
2473 3079 2616 3151 quod
2644 3093 2673 3133 a
2703 3075 3065 3147 quorumlibet
3090 3075 3365 3131 hominum
3394 3080 3455 3129 te
3478 3078 3737 3128 contuma-

492 3166 604 3211 tum
634 3168 820 3215 nostro
848 3160 1007 3215 etiam
1034 3170 1273 3234 tempore
1300 3166 1642 3224 invenerunt.
1667 3166 1933 3241 Propheta
1962 3178 2072 3228 cla-
2098 3153 2142 3215 C
2173 3176 2256 3233 cia
2282 3174 2551 3235 liberabit,
2589 3180 2644 3227 et
2666 3171 2917 3228 omnibus
2937 3168 3199 3240 angustiis
3220 3168 3521 3229 clementer
3540 3160 3732 3233 eripiet.

492 3259 643 3305 mat:
673 3251 778 3318 Qui
818 3252 1081 3321 dixerunt,
1128 3257 1413 3314 hereditate
1439 3262 1796 3331 possideamus
1824 3273 2073 3318 sanctua-

492 3343 628 3397 rium
663 3343 778 3410 Dei,
806 3344 945 3401 Deus
963 3362 1126 3411 meus,
1160 3367 1291 3422 pone
1316 3351 1434 3408 illos
1455 3364 1509 3408 ut
1538 3364 1725 3420 rotam,
1752 3364 1798 3409 et
1825 3357 1956 3408 sicut
1979 3356 2073 3409 sti-

493 3436 675 3504 pulam
708 3446 826 3492 ante
851 3437 1036 3505 faciem
1064 3443 1216 3497 venti.
1244 3443 1525 3500 Postremo
1562 3447 1676 3517 ipse
1705 3446 1953 3502 dominus
1980 3446 2073 3502 Je-

496 3539 589 3581 sus
639 3527 887 3584 conditor
923 3540 980 3586 et
1014 3532 1361 3605 redemptor:
1386 3535 1527 3603 Quid
1566 3537 1770 3607 proﬁcit
1813 3538 1990 3604 homo,
2027 3537 2075 3592 si

492 3613 728 3672 lucretur
755 3621 1049 3677 universum
1073 3621 1345 3691 mundum,
1372 3644 1428 3682 se
1456 3638 1629 3682 autem
1655 3628 1825 3698 ipsum
1862 3627 2068 3697 perdat,

495 3718 545 3763 et
575 3708 937 3766 detrimentum
963 3716 1048 3769 sui
1075 3715 1283 3785 faciat?
1324 3719 1391 3774 Et
1436 3721 1719 3792 quisquam
1754 3727 1860 3774 tam
1892 3720 2068 3774 audax

496 3806 551 3855 et
576 3799 888 3872 desperatus
909 3803 1205 3876 invenitur,
1232 3810 1323 3882 qui
1345 3812 1714 3884 possessiones
1735 3808 1829 3867 Dei
1860 3810 1927 3866 ad
1955 3823 2071 3866 cer—

2175 3282 2237 3324 ac
2262 3275 2384 3337 post
2407 3268 2512 3321 hoc
2535 3263 2581 3297 ⁸⁷
2612 3262 2907 3334 temporale
2938 3275 3164 3332 regnum
3209 3260 3275 3314 ad
3303 3266 3624 3329 perpetuum
3659 3266 3736 3307 cu.

2174 3359 2376 3416 mulata
2404 3356 2661 3413 felicitate
2684 3355 2961 3426 perducet.
2988 3353 3047 3408 ln
3071 3353 3175 3407 line
3196 3365 3386 3407 omnes
3405 3348 3731 3420 alloquimur,

2175 3450 2315 3521 quod
2334 3449 2377 3506 si
2402 3448 2602 3504 nostris
2624 3446 2945 3513 salutaribus
2971 3441 3355 3516 adquieveritis
3372 3441 3633 3506 consiliis,
3655 3452 3735 3493 ve-

2173 3549 2288 3598 stro
2312 3540 2575 3611 profectui
2597 3539 2885 3610 plurimum
2910 3536 3422 3609 congratulabimur.
3451 3533 3549 3590 Sin
3572 3540 3732 3587 autem

2174 3647 2295 3699 nos,
2328 3632 2493 3687 immo
2517 3631 2685 3687 Deum
2706 3644 2803 3701 per
2819 3644 2917 3686 nos
2936 3629 3264 3699 loquentem,
3292 3620 3730 3695 contempseritis,

2177 3721 2496 3777 necessitate
2534 3720 2784 3791 implendi
2813 3717 3121 3785 ministerii,
3156 3715 3299 3788 quod
3333 3714 3622 3777 nollemus,
3660 3707 3729 3764 fa-

2177 3825 2300 3867 cere
2321 3811 2725 3885 compellemur.

1464 4032 1721 4090 KAROLI
1753 4033 1797 4089 ιι
1825 4013 2145 4091 SYNODUS
2180 3996 2762 4089 BELLOVACENSIS.

1853 4208 1977 4281 (Au.
2007 4205 2133 4278 845,
2164 4207 2357 4281 April.)

568 4381 793 4458 Editam
822 4394 869 4458 Ξ.
891 4378 1180 4458 Sjrmondo
1221 4383 1528 4458 et_Baluzio
1553 4400 1621 4458 es
1649 4384 1805 4458 codd.
1851 4385 2083 4458 Tiliano,
2112 4383 2400 4458 Pithoeano
2427 4390 2483 4458 et
2504 4378 2778 4458 Mettensi,
2825 4378 3124 4458 ope-“codd.
3154 4375 3213 4445 2)
3239 4373 3395 4458 regii
3433 4371 3731 4458 P'aﬂsiensis

499 4469 556 4507 ιι.
582 4450 730 4528 ίεξξξ
747 4456 803 4507 et
822 4450 878 4526 5)
909 4451 1083 4508 Paris.
1114 4452 1256 4509 inter
1278 4453 1552 4526 Supplem.
1585 4455 1750 4512 latina
1785 4473 1840 4514 ιι.
1871 4456 1941 4512 75
1967 4444 2398 4528 recognovimus.
2426 4454 2619 4510 Exstat
2642 4444 2807 4510 etiam
2834 4444 2890 4506 in
2921 4449 3180 4506 Vaticano
3197 4444 3257 4505 et
3277 4444 3433 4517 "regio
3458 4444 3729 4501 Parisieusi

500 4538 556 4577 ιι.
595 4522 754 4578 5878.

500 4674 631 4750 Ha’c
656 4677 882 4750 capitula
907 4693 1022 4750 quia
1046 4679 1498 4750 sequunturpfacta
1519 4692 1638 4735 sunt
1661 4682 1713 4735 in
1750 4680 1945 4750 synodo
1980 4681 2075 4735 Ιια-
2101 4682 2152 4742 D
2248 4678 2356 4733 Deo
2383 4687 2526 4743 teste,
2544 4676 2639 4732 sub
2658 4675 2783 4745 ﬁdei
2808 4689 2919 4729 suw
2940 4669 3340 4750 adstipulatione
3358 4685 3411 4724 se
3429 4672 3728 4750 servatura?

568 4748 673 4820 b‘ila
690 4746 827 4820 apud
839 4746 1240 4820 Beipacumiﬂ)
1255 4746 1528 4820 civitatem,
1544 4769 1678 4806 anno
1693 4746 2070 4806 incarnationis

570 4817 843 4890 dominica:
866 4817 1198 4890 845,7ntense
1223 4817 1451 4889 'Aprilio,
1497 4838 1633 4875 anno
1674 4831 1817 4876 sexto
1839 4820 1885 4852 ⁸⁸
1924 4823 2069 4890 regni

570 4888 747 4940 domui
770 4886 978 4953 Karoli,
999 4886 1284 4944 indictione
1304 4892 1539 4956 septima.
1568 4891 1698 4955 Quae
1727 4890 1917 4944 collata
1943 4886 2064 4944 sunt

568 4956 705 5011 inter
739 4960 973 5032 eumdem
1003 4958 1291 5032 principem
1321 4958 1567 5031 domuum
1596 4958 1852 5032 Karolunt
1881 4970 1930 5032 et
1957 4960 2067 5029 epi-

2244 4750 2479 4818 promisit
2507 4740 2627 4817 erga
2655 4740 2829 4818 omnes
2857 4743 3100 4818 ecclesias
3129 4749 3176 4794 et
3197 4740 3456 4818 episcopos
3482 4740 3618 4816 ηεθιξῖ
3638 4743 3726 4818 ῩῘΪῙ

2244 4807 2377 4883 Ὡιιιὲ
2404 4819 2472 4872 ad
2493 4807 2648 4872 vic'em
2671 4815 2902 4868 omnium
2920 4807 3291 4883 episcoporum
3316 4809 3399 4862 sui
3434 4807 3729 4883 principatatt

2240 4877 2330 4958 qui
2356 4897 2527 4951 erant,
2557 4886 2744 4956 quique
2765 4882 2928 4958 futuri
2952 4877 3119 4958 erant,
3145 4879 3208 4958 de
3244 4895 3403 4958 manu
3430 4877 3725 4958 liora-iulg};-

2238 4934 2873 5032 ἶῖάρξίνῖίῖςᾷιςξξζυαῇάα
2885 4934 3196 5032 suscepit...
3208 4956 3302 5032 est,
3317 4941 3598 5032 Wenilogg
3608 4934 3725 5032 (ἓξ)ἷ
