3898 6320
185 390 278 458 545
1174 373 1603 434 FRANCORUM
1635 372 1877 430 REGUM
1900 371 2380 430 CAPITULARIA.

3301 374 3406 429 546

239 490 1366 568 mcénis(29),7Lupi(50),ngenarii(51),
1397 489 1564 568 (felice
1593 487 1728 559 (5‘2),
1757 489 1808 548 Α
1904 484 1958 539 4.
2011 484 2080 540 Ut
2119 495 2382 555 praecepta
2427 483 2628 540 inlicita
2671 483 2738 539 de
2786 483 2944 539 rebus
2987 484 3226 540 ecclesiae
3278 486 3410 539 mihi

237 560 503 639 Erpoini”
525 560 656 638 (55),
806 560 944 639 (Si),
971 560 1251 618 Hincmari
1277 560 1542 633 presbiteri
1569 570 1614 613 et
1646 576 1730 613 tvo-

238 637 331 696 cati
358 637 725 709 archiepiswpi
749 637 794 668 ⁶⁰
822 637 956 707 (55).

237 755 285 808 1.
323 750 391 804 Ut
417 750 506 820 jus
534 747 957 804 ecclesiasticum
983 753 1036 800 et
1061 745 1234 816 legem
1273 743 1590 814 canonicam
1630 755 1729 795 no-

173 844 246 898 bis
271 842 339 896 ita
363 838 708 902 conservetis,
742 837 883 893 sicut
911 845 1284 892 antecessores
1308 835 1474 890 vestri
1508 835 1599 904 qui
1628 834 1732 888 hoc

173 935 293 988 bene
324 940 378 986 et
406 928 802 985 rationabiliter
839 929 1298 993 observaverunt,
1329 928 1481 998 juxta
1516 925 1560 957 “
1588 924 1732 995 quod

173 1022 285 1078 sciri
332 1021 530 1092 poterit
571 1026 627 1074 et
651 1019 792 1074 Deus
837 1018 992 1074 vobis
1037 1033 1195 1090 posse
1239 1017 1448 1073 dederit
1482 1025 1537 1072 et
1567 1014 1732 1070 vestri

171 1110 571 1182 pmdecessores
597 1107 642 1140 “
666 1118 1143 1164 conservaverunt.

227 1201 278 1255 2.
314 1199 463 1266 Quod
509 1199 565 1254 in
599 1213 720 1254 mea
747 1213 980 1269 persona
1013 1214 1114 1254 nec
1151 1199 1207 1254 in
1235 1213 1356 1254 meo
1389 1198 1598 1263 ordine,
1629 1196 1733 1252 nisi

172 1291 315 1357 forte,
356 1290 498 1360 quod
549 1291 712 1357 absit,
763 1291 980 1347 inantea
1015 1299 1208 1346 contra
1235 1291 1403 1346 Deum
1451 1298 1507 1344 et
1543 1299 1733 1344 contra

170 1401 254 1441 vos
277 1384 559 1440 manifeste
581 1384 781 1451 fecero,
806 1393 866 1440 ut
888 1386 1174 1456 dampnari
1203 1385 1462 1448 canonice
1487 1383 1732 1447 debeam,

171 1479 430 1534 adversum
470 1492 560 1533 me
593 1485 650 1533 et
688 1493 869 1533 meum
916 1479 1162 1534 ordinem
1207 1479 1278 1533 ita
1323 1476 1737 1548 dampnabiliter

171 1583 264 1624 non
309 1569 521 1624 faciatis
572 1583 670 1639 pro
721 1584 1064 1641 quacumque
1115 1569 1393 1640 praeterita
1439 1583 1621 1632 causa,
1675 1577 1736 1623 ut

171 1658 283 1712 mibi
309 1658 663 1715 dehonoratio
696 1667 790 1713 aut
817 1660 1130 1730 dampnatio
1153 1659 1361 1714 veniat.

229 1747 278 1801 3.
315 1746 464 1814 Quod
491 1762 586 1804 res
612 1749 680 1803 ad
714 1747 1000 1804 ecclesiam
1040 1749 1170 1804 mihi
1200 1748 1545 1804 commissam
1573 1746 1738 1819 perti-

1831 578 2135 634 commissae
2173 594 2203 632 a
2240 579 2394 633 vobis
2439 577 2580 633 facta
2634 577 3010 634 rescindantur
3045 577 3110 643 “,
3155 586 3210 633 et
3247 585 3306 631 ut
3346 577 3412 632 de

1723 694 1735 700 ε
1832 679 2046 736 caetero,
2080 685 2146 725 ne
2175 672 2325 736 fiant,
2357 671 2614 726 caveatis.

1900 761 1955 815 5.
1999 759 2066 815 Ut
2095 762 2163 817 ab
2206 761 2434 816 ecclesia
2476 759 2605 814 mihi
2641 762 2928 816 commissa
2979 760 3250 815 indebitas
3285 774 3414 815 con-

1832 852 2143 908 suetudines
2190 860 2246 905 et
2295 849 2519 918 injustas
2567 851 2877 904 exactiones
2907 849 2953 881 “
2983 850 3046 905 de
3078 859 3258 904 cetero
3305 864 3412 902 non

1831 943 2119 1008 exactetis;
2157 941 2249 996 sed
2276 941 2354 997 sic
2382 956 2475 996 eas
2499 941 2851 1008 conservetis,
2881 941 3021 998 sicut
3054 951 3295 1010 tempore
3324 938 3412 994 avi

1833 1042 1888 1087 et
1913 1033 2083 1102 patris
2108 1032 2272 1086 vestri
2300 1041 2633 1088 conservatae
2664 1033 2900 1088 fuerunt.

1903 1124 1957 1176 6.
2004 1123 2074 1178 Ut
2115 1132 2303 1177 contra
2335 1123 2734 1192 depraedatores
2763 1131 2817 1176 et
2845 1135 3196 1192 Oppressores
3242 1119 3414 1175 eccle-

1834 1215 2036 1270 siarum
2076 1223 2402 1278 nostrarum,
2431 1225 2483 1268 et
2519 1227 2696 1267 rerum
2725 1213 2790 1266 ad
2819 1213 3034 1266 easdem
3067 1211 3109 1242 °"
3142 1210 3416 1280 pertinen-

1837 1306 1992 1371 tium,
2021 1303 2384 1360 defensionem
2413 1303 2707 1358 secunilum
2757 1301 3116 1356 ministerium
3151 1309 3414 1367 vestrum,

1835 1403 2093 1464 quantum
2124 1407 2280 1462 posse
2311 1391 2462 1446 vobis
2490 1391 2629 1446 Deus
2656 1390 2887 1456 dederit,
2923 1389 3245 1444 exliibeatis.

1906 1487 1958 1540 7.
2005 1485 2070 1541 Ut
2097 1494 2362 1555 prazcepta
2387 1499 2506 1553 qua:
2537 1499 2668 1537 avus
2697 1491 2749 1538 et
2782 1492 2935 1552 pater
2969 1491 3148 1536 vester
3176 1480 3418 1536 ecclesiis

1835 1577 1992 1631 nobis
2040 1575 2344 1646 commissis
2387 1574 2636 1629 fecerunt
2680 1583 2734 1628 et
2764 1572 3139 1636 firmaverunt,
3165 1580 3219 1625 et
3248 1570 3418 1624 stabi-

1837 1668 1908 1722 lia
1934 1667 1979 1698 “
2007 1672 2488 1730 conservaverunt,
2537 1679 2657 1732 qua:
2702 1663 2866 1717 ctiam
2916 1676 3008 1716 vos
3036 1659 3418 1725 conlirmastis,

1838 1769 1895 1816 ct
1919 1759 1962 1794 ⁸⁸
1988 1759 2054 1814 de
2081 1767 2260 1813 cetero
2289 1765 2404 1811 rata
2433 1755 2781 1811 conservetis.

138 1846 339 1894 nentes
374 1848 429 1896 et
478 1849 727 1910 tempore
770 1840 1108 1911 principatus
1153 1842 1322 1896 vestri
1375 1840 1603 1904 ablatas,
1657 1837 1777 1898 ita]

1902 1847 1955 1903 8.
1998 1848 2070 1904 Ut
2111 1847 2157 1902 si
2186 1862 2282 1902 vos
2309 1856 2498 1901 contra
2531 1846 2648 1899 lucc
2693 1843 2948 1914 capitula,
2981 1851 3077 1896 aut
3127 1855 3247 1908 nos,
3274 1838 3418 1910 quod

171 1929 544 1998 prasentaliter
601 1931 900 1987 restituatis
951 1941 1007 1986 ct
1052 1932 1332 1987 restitutas
1379 1931 1730 1997 conservetis,

169 2019 291 2074 sicut
328 2027 575 2090 tempore
604 2020 690 2075 avi
727 2029 782 2076 et
808 2021 982 2091 patris
1003 2023 1170 2078 vestri
1209 2021 1451 2088 fuerunt,
1494 2030 1549 2076 et
1578 2035 1735 2076 exce-

164 2120 250 2180 pto
280 2114 624 2184 superposito
669 2115 814 2184 quod
848 2115 903 2170 in
945 2131 1078 2171 usus
1115 2115 1506 2186 possidentium
1543 2113 1627 2168 vel
1666 2126 1734 2168 es

169 2201 386 2260 aedificiis
431 2205 784 2276 absumptum
826 2206 872 2238 ⁸³
909 2215 1021 2272 est,
1067 2209 1335 2278 quomodo
1384 2216 1514 2262 tunc
1557 2213 1732 2270 erant,

169 2303 404 2361 quantum
433 2294 506 2350 ad
538 2295 642 2351 hoc
666 2296 809 2366 quod
833 2311 921 2352 res
945 2297 1145 2352 usitato
1167 2298 1385 2352 nomine
1409 2295 1738 2368 appellamus

171 2389 376 2450 constat,
403 2383 633 2455 quando
659 2399 754 2442 vos
783 2384 910 2441 inde
939 2385 1060 2441 illas
1083 2385 1127 2418 ⁸³
1158 2385 1378 2442 tulistis.

1790 1944 1798 1953 ‘
1833 1937 1995 2003 absit,
2034 1953 2139 1992 non
2170 1936 2398 2000 malitia,
2433 1949 2534 1989 nec
2565 1948 2819 2003 perverso
2847 1933 3042 1997 studio,
3071 1932 3164 1986 sed
3203 1940 3293 1985 aut
3323 1944 3420 2000 per

1834 2028 2126 2084 humanam
2151 2026 2525 2098 fragilitatem,
2553 2033 2646 2079 aut
2672 2041 2767 2094 per
2802 2023 3183 2095 ignorantiam,
3213 2019 3298 2075 vel
3322 2036 3421 2090 per

1835 2121 2260 2189 subreptionem,
2289 2135 2397 2173 non
2422 2118 2836 2186 dampnabiliter
2874 2126 3060 2172 contra
3100 2132 3196 2171 vos
3224 2115 3270 2146 ⁷⁰
3297 2128 3420 2184 ege-

1836 2209 2028 2276 rimus,
2073 2218 2260 2264 mutuo
2291 2209 2392 2264 boc
2422 2208 2646 2264 consilio
2697 2208 3065 2280 corrigamus;
3101 2216 3153 2262 et
3206 2205 3418 2260 firmata

1839 2298 2094 2371 deinceps
2121 2298 2497 2355 convenientia
2530 2306 2764 2354 maneat.

1084 2580 1477 2641 HLUDOWlCl
1512 2583 1555 2640 ll
1591 2581 1843 2640 lTALl/E
1879 2581 2083 2642 REGIS
2121 2580 2543 2642 CAPITULUM.

1603 2738 1726 2810 (An.
1749 2735 2030 2809 844.850.)

231 2912 412 2969 Exstat
435 2911 500 2968 in
529 2911 718 2967 codice
741 2910 1000 2968 Cbisiano
1027 2927 1154 2968 saec.
1184 2928 1220 2967 χ
1245 2912 1459 2968 initium
1485 2912 1802 2982 capitularis
1825 2911 2098 2967 Ludovico
2119 2911 2255 2981 regi,
2305 2912 2546 2968 Lotbarii
2580 2913 2708 2977 filio,
2747 2909 2990 2982 ascripti,
3020 2910 3174 2981 cujus
3202 2909 3411 2979 reliqua

181 2999 290 3056 pars
309 2984 427 3056 fatis
447 2984 824 3038 invidentibus
849 2985 1028 3053 periit.
1051 2981 1632 3056 Ascribenilumnigitur
1657 2993 1776 3056 erat
1800 2998 1940 3037 anno
1969 2984 2126 3036 alicui
2161 2985 2304 3056 intra
2329 2984 2472 3056 diem
2504 2984 2570 3038 l5
2595 2983 2738 3037 Junii
2767 2981 3000 3056 an._84_t,
3027 2998 3134 3051 quo
3160 2998 3251 3056 rex
3277 2982 3420 3034 Lan-

181 3053 516 3123 gobardorum
551 3064 849 3124 coronatus
871 3062 973 3116 est,
1000 3054 1217 3124 etdiem
1247 3055 1280 3106 6
1303 3053 1512 3124 Aprilis
1532 3070 1620 3108 an.
1645 3054 1769 3119 850,
1799 3069 1905 3122 quo
1938 3069 2192 3109 coronam
2227 3054 2436 3123 imperii
2461 3056 2719 3124 suscepit.
2745 3053 3053 3121 Capitulum
3079 3055 3221 3121 quod
3243 3065 3418 3124 unum

180 3132 419 3190 superest,
447 3125 501 3177 in
527 3123 806 3178 codicibus
827 3123 1209 3186 Ambrosiano,
1253 3122 1587 3187 Florentino,
1616 3124 1970 3187 Londinensi,
2002 3122 2421 3190 Viiulobonensi,
2449 3122 2768 3188 Veronensi,
2818 3123 3031 3177 Estensi
3059 3124 3196 3190 apud
3240 3122 3421 3174 Mura-

181 3193 354 3266 torium
377 3209 498 3262 cap.
530 3195 602 3248 80
631 3193 872 3266 Lotbarii
901 3209 1096 3248 nomen
1122 3193 1470 3266 prafert,sed
1492 3195 1734 3251 Chisiaui
1756 3195 2053 3250 auctoritas
2082 3194 2137 3248 in
2168 3194 2252 3250 his
2279 3195 2440 3251 rebus
2463 3195 2759 3266 praevalere
2781 3195 2957 3258 debet,
2983 3203 3037 3246 et
3064 3193 3285 3263 reliquis
3307 3193 3415 3246 Lo-

183 3263 390 3317 tliarium
417 3273 609 3334 utpote
635 3264 1016 3334 imperatorem
1043 3265 1325 3318 nominare
1354 3265 1570 3320 licebat.

366 3464 505 3519 Item
529 3464 578 3497 ⁷⁸
601 3463 831 3534 capitula
854 3465 1046 3520 domno
1068 3465 1369 3538 Loudowigi
1396 3467 1525 3538 regi.

1767 3430 1812 3492 C
1843 3423 2166 3489 emendent;
2217 3424 2360 3494 quod
2410 3423 2454 3480 si
2486 3423 2726 3494 paruerit
2769 3421 2890 3476 ideo
2935 3436 3028 3476 eas
3059 3421 3331 3490 delegasse
3358 3437 3425 3477 ne

1841 3517 2106 3587 justitiam
2136 3515 2397 3582 facerent,
2445 3516 2712 3581 volumus,
2742 3524 2801 3569 ut
2832 3515 2932 3584 ipsi
2960 3529 3047 3569 res
3092 3514 3144 3567 in
3177 3515 3412 3568 bannum

235 3596 305 3652 De
325 3599 369 3630 ⁷⁸
397 3599 484 3654 bis
518 3598 738 3669 quidem
759 3599 805 3632 "
859 3599 1105 3670 personis
1141 3599 1232 3670 qui
1263 3615 1350 3655 res
1378 3614 1503 3655 suas
1526 3599 1646 3655 ideo
1691 3600 1744 3655 in
1847 3608 2132 3662 mittantur
2153 3607 2220 3673 ",
2253 3621 2534 3677 quousque
2576 3607 2650 3661 illi
2682 3607 2773 3675 qui
2807 3620 2900 3660 eas
2927 3605 3124 3660 habent
3150 3613 3425 3658 auctorem

180 3687 382 3744 alteram
411 3706 703 3762 personam
727 3691 997 3763 delegant,
1027 3700 1087 3745 ut
1116 3692 1182 3745 ad
1208 3691 1467 3761 placitum
1489 3691 1536 3723 ⁷⁸
1564 3692 1748 3747 venire
1848 3697 1915 3751 ad
1942 3696 2198 3765 placitum
2227 3697 2518 3755 adducant.
2547 3705 2602 3750 et
2633 3695 2802 3750 isdem
2829 3691 3426 3763 malefactorjustitiam

132 3772 270 3865 :‘non
317 3781 718 3854 conpellantur.
770 3791 830 3838 ut
880 3783 1019 3838 mala
1064 3798 1182 3854 qua:
1228 3783 1368 3838 facta
1407 3783 1606 3839 habent
1640 3799 1748 3838 non

1853 3784 2041 3841 faciat.

1023 3895 1281 3954 KAROLI
1315 3896 1357 3952 ll
1399 3894 1816 3954 CONYENTUS
1844 3897 1911 3952 IN
1947 3898 2148 3954 VILLA
2183 3898 2565 3956 SPARNACO.

1562 4027 1686 4098 (An.
1729 4025 1853 4083 846.
1891 4028 2049 4100 Jun.)

239 4159 356 4218 Haec
380 4163 593 4234 primus
615 4160 787 4234 edidit
805 4161 996 4216 Petrus
1022 4160 1267 4234 Pitlimus
1294 4171 1415 4234 post
1437 4161 1607 4216 libros
1629 4159 2025 4234 iCapitularium
2059 4177 2113 4234 p.
2141 4161 2406 4226 415-424,
2432 4162 2661 4232 ejusque
2683 4162 2972 4234 editionem
2997 4161 3427 4234 Lindenbrogius

179 4229 226 4301 in
247 4229 426 4288 codice
447 4249 550 4288 suo
581 4243 635 4287 et
658 4232 944 4287 Goldastus
975 4229 1360 4301 repetiverunt.
1388 4231 1660 4287 Sirmondi
1696 4229 1752 4285 et
1794 4231 1999 4286 Baluzii
2024 4229 2192 4288 editio
2214 4229 2488 4289 codicibus
2519 4229 2748 4299 Titiano,
2790 4233 3093 4296 Pithoeano,
3121 4229 3341 4289 Metenéi
3367 4243 3422 4288 et

178 4299 936 4379 bondinensi_nititur5__quain
967 4299 1064 4357 nos
1106 4302 1308 4379 auxilio
1355 4303 1513 4357 codd.
1542 4303 1602 4372 2)
1640 4301 1941 4379 Pithteani,
1957 4302 2070 4371 jam
2107 4318 2220 4374 reg.
2248 4303 2424 4359 Paris.
2474 4321 2529 4358 n.
2559 4304 2700 4359 4658
2737 4313 2794 4359 et
2821 4304 2875 4366 3)
2910 4305 3042 4362 reaii
3082 4305 3258 4359 Paris.
3287 4305 3429 4360 inter

183 4372 359 4444 Suppl.
393 4373 589 4429 Latina
616 4391 671 4428 n.
704 4373 772 4429 75
799 4389 923 4428 srec.
950 4389 982 4427 x
1010 4373 1444 4443 recognovimus.

182 4503 300 4559 Haec
329 4523 447 4586 quae
487 4512 775 4586 sequuntur
802 4503 1033 4586 capitula
1073 4515 1311 4586 excerpta
1350 4515 1471 4586 sunt
1499 4523 1532 4560 a
1555 4506 1745 4586 domno
1770 4490 1824 4551 Ῑ)
1921 4507 2137 4586 Weniio
2145 4507 2265 4586 (37)
2292 4508 2482 4586 scilicet
2511 4507 2996 4586 cumlsuﬁ‘ragqneis
3016 4508 3143 4571 suis,
3173 4491 3433 4586 (iambo!-

241 4574 354 4645 rege
382 4575 637 4646 Karolo,
659 4585 706 4627 et
747 4574 1068 4646 principibus
1102 4574 1241 4644 ejus,
1274 4592 1338 4631 ea:
1378 4579 1458 4630 his
1499 4579 1746 4646 capitulis

239 4644 351 4717 qm
375 4664 516 4700 anno
541 4645 644 4700 846
687 4644 961 4698 ediderunt
1001 4646 1227 4716 episcopi
1274 4648 1328 4700 in
1371 4644 1584 4717 synodis
1613 4649 1749 4720 (56),

1925 4579 2023 4631 dus
2052 4579 2162 4648 (58)
2185 4594 2299 4631 cum
2324 4579 2672 4648 tm/frqgan‘tis
2701 4579 2832 4642 suis,
2865 4577 3147 4632 Ursmarus
3173 4579 3283 4646 (59)
3316 4596 3434 4632 cum

1927 4649 2276 4718 suffragancis
2299 4650 2426 4712 suis,
2454 4647 2775 4701 Hincmarus
2793 4663 2908 4700 cum
2925 4649 3272 4719 suffraganeis
3301 4653 3431 4711 suis,

1441 4781 1678 4837 VARUE
1717 4782 2120 4841 LECTIONES.

243 4891 286 4928 ι’
317 4891 506 4964 erdoin
531 4890 706 4964 2.“?
736 4889 1050 4964 hriecdesunt
1075 4891 1206 4964 in_3.
1284 4892 1326 4964 εί
1357 4893 1426 4947 ita
1455 4894 1509 4947 3.
1559 4894 1631 4964 7“
1670 4895 1878 4950 dederit
1903 4895 2103 4950 nostris
2133 4893 2614 4964 praedecessoribus
2645 4909 2695 4948 c.
2739 4893 2796 4964 5.
2843 4892 2900 4948 S.
2952 4903 3000 4949 et
3050 4893 3182 4948 BAL.
3259 4893 3304 4964 ξ’
3350 4909 3409 4946 as

183 4972 445 5032 sumptum
473 4961 540 5016 3.
604 4961 650 4993 ⁸³
673 4962 834 5032 indie
856 4962 947 5032 illa
974 4962 1039 5032 5ἒ
1103 4962 1148 4994 ⁸⁸
1173 4963 1523 5020 rescidandur
1545 4963 1598 5018 2.
1626 4964 1692 5019 Β.
1769 4966 1813 4997 ⁸⁸
1839 4961 2207 5020 exactationes
2257 4965 2315 5020 S.
2363 4964 2427 5019 Β.
2505 4965 2548 4996 ⁸⁷
2604 4980 2699 5019 eas
2737 4963 2788 5019 3.

181 5031 313 5086 deest
339 5034 398 5087 ‘2.
473 5033 518 5065 ⁷⁰
547 5047 596 5087 c.
633 5048 682 5085 v.
713 5031 897 5085 desunt
925 5031 979 5086 2.
1002 5031 1071 5085 Β.

1182 5034 1224 5073 τι
1253 5034 1320 5088 Et
1343 5032 1440 5088 Ch.
1514 5035 1678 5105 "(qui
1720 5034 1817 5090 Ch.
1846 5036 1983 5090 deest
2038 5037 2091 5091 in
2140 5036 2370 5104 reliquis.
2450 5035 2497 5067 ⁷³
2538 5034 2761 5105 plaitum
2791 5033 2888 5090 Ch.

2881 4965 2926 5000 ⁸⁸
2955 4964 3191 5020 stabilita
3241 4963 3307 5017 B.
3389 4965 3432 4996 ‘9

2981 5036 3030 5068 ⁷⁸
3067 5035 3265 5105 reliqua
3294 5035 3434 5087 exci-

182 5099 358 5156 derunt
383 5103 443 5157 in
470 5101 749 5168 Chisiano;
774 5101 1003 5172 suppleri
1038 5119 1100 5157 ea
1120 5119 1214 5174 ope
1239 5105 1476 5160 codicum
1503 5099 1839 5176 reliquorum.

1697 5218 1926 5276 ΝΟΤίΕ.

271 5305 358 5364 29)
397 5307 791 5364 Landunensis.

183 5391 188 5394 '
251 5377 362 5434 (50)
399 5379 827 5434 Catalaunensis.

254 5447 363 5517 (3|)
398 5448 796 5504 Ambianensis.

254 5516 363 5588 (52)
399 5518 468 5573 Ca
477 5520 762 5574 rnotensis.

220 5597 228 5606 '
256 5587 365 5654 (35)
405 5588 842 5645 Silvanectensis.

257 5656 364 5722 (54)
403 5658 828 5715 Aurelianensis.

258 5726 368 5791 (55)
407 5726 709 5786 Remensis.

259 5796 366 5867 (36)
408 5797 661 5857 Meldcnsi
691 5811 745 5858 et
765 5801 1074 5858 Parisiensi.
1126 5801 1254 5870 Quae
1277 5819 1421 5861 enim
1453 5812 1750 5874 sequuntur

1855 5309 1922 5364 l9
1950 5308 2176 5378 capitula
2205 5307 2383 5364 omnia
2408 5308 2621 5379 quidem
2644 5307 2696 5379 in
2720 5308 2923 5378 synodo
2949 5307 3201 5363 Melilensi
3236 5306 3335 5362 sub
3364 5307 3428 5360 iis

1856 5381 2094 5434 numeris
2121 5381 2210 5450 qui
2239 5378 2460 5449 singulis
2483 5378 2728 5449 capitulis
2757 5380 2968 5450 praeﬁxa
2990 5387 3120 5450 sunt
3145 5380 3430 5450 contingu-

1859 5459 1976 5514 tur;
2009 5452 2100 5504 sed
2128 5445 2246 5520 qum
2284 5445 2617 5505 in'Meldeusi
2652 5445 2938 5520 constituta
2979 5449 3218 5520 fuerant,
3239 5447 3302 5520 in
3330 5445 3430 5501 Pa-

1859 5518 2414 5583 risiacensidemum,
2447 5529 2503 5574 ut
2539 5518 2784 5588 praefatio
2809 5519 3066 5587 declarat,
3103 5518 3343 5574 absoluta
3376 5524 3429 5574 et

1859 5591 2003 5646 edita
2035 5599 2160 5645 sunt
2184 5606 2325 5646 anno
2352 5591 2474 5645 816.
2503 5588 2788 5660 Sumoan

1931 5661 2043 5732 (37)
2085 5662 2429 5732 Senonensis.

1951 5729 2039 5801 38)
2080 5729 2541 5798 Rothomagensis.

1952 5803 2039 5873 39)
2079 5801 2426 5858 Turonensis.
