3898 6320
153 379 240 434 549
1124 359 1556 420 FRANCORUM
1596 360 1840 417 REGUM
1881 358 2364 416 CAPITULARIA.
2633 322 2642 336 ’
3278 362 3381 414 550

149 497 352 546 tractare
399 487 599 552 oportet
645 486 702 532 ut
741 476 1037 531 alienarum
1084 474 1540 544 dispensatorem,
1586 487 1691 526 non
1722 462 1768 519 Λ
1799 484 1961 545 atque
1989 475 2377 546 hospitalitate,
2415 473 2707 529 secundum
2735 489 2920 528 eorum
2947 474 3306 530 ministerium
3331 479 3378 511 ”

144 579 445 654 propriarum
494 572 817 642 largitorem.
873 568 940 623 Et
988 583 1016 621 a
1079 566 1220 620 milia
1269 573 1533 636 potestate
1572 563 1693 632 quis
1796 570 2083 623 hortentur
2112 577 2165 622 et
2195 566 2536 637 compellant.

141 681 337 742 cogatur
366 666 536 719 facere
582 661 882 733 precariam
924 659 988 713 de
1031 659 1192 712 rebus
1238 657 1456 728 proprie
1491 657 1602 710 Deo
1637 661 1694 708 et
1864 659 1952 713 57.
1997 659 2065 714 Ut
2097 660 2423 730 quicumque
2464 675 2528 713 ex
2579 658 2724 713 clero
2754 674 2875 714 esse
2920 659 3191 726 videntur,
3224 676 3376 716 arma

139 759 314 816 sanctis
339 756 472 810 illius
495 751 718 816 dicallS;
751 765 872 804 cum
900 749 1039 803 ι’ίηῖο
1065 757 1119 802 ει
1149 763 1277 802 usus
1308 746 1572 809 οιηίηετιῐ.
1598 758 1691 798 lle-
1793 765 1898 805 non
1927 761 2167 818 sumant,
2194 767 2293 806 nec
2320 751 2512 804 armati
2554 751 2843 815 incedant;
2887 751 2978 804 sed
3025 749 3378 819 professionis

137 853 310 907 minem
338 848 419 903 cui
455 861 562 900 non
603 843 719 899 vult
755 851 940 898 contra
989 839 1277 895 utilitatem
1323 848 1377 894 Ct
1422 839 1688 893 rationem
1795 859 1904 897 sua:
1930 841 2251 898 vocabulum
2277 841 2806 919 religiosismoribns
2831 849 2884 894 et
2916 840 3166 911 rel':gioso
3189 842 3375 895 habitu

135 941 400 1013 prtestitum
425 938 470 970 ⁸³
505 936 568 991 de
589 934 806 1006 proprio
831 934 1012 988 facere
1037 932 1380 988 beneficium.
1411 931 1686 1000 Praecepta
1792 934 2086 1005 praebeant.
2129 934 2280 1000 Quod
2317 932 2360 987 si
2407 932 2852 1002 contempserint,
2887 938 3156 999 tamquam
3188 945 3370 984 sacro-

134 1044 288 1089 autem
346 1029 543 1102 regalia
583 1043 746 1097 super
791 1027 1055 1097 precariis
1107 1026 1492 1082 ecclesiasticis
1544 1025 1684 1093 fieri,
1793 1042 1911 1079 rum
1964 1040 2231 1079 canonum
2265 1033 2690 1092 contemptores,
2736 1031 2791 1076 ct
2843 1021 3223 1076 ecclesiastica:
3251 1036 3375 1074 san—

133 1141 218 1181 nec
253 1125 383 1178 ratio
423 1122 569 1188 sinit,
612 1135 711 1176 nec
762 1119 1061 1174 auctoritas
1091 1119 1330 1190 quolibet
1371 1119 1531 1174 modo
1569 1135 1689 1190 pcr-
1793 1117 1995 1171 ctitatis
2025 1115 2423 1186 profanatores,
2462 1112 2663 1184 proprii
2699 1111 2897 1183 gradus
2922 1111 3212 1166 amissione
3238 1110 3377 1164 mul-

133 1215 300 1281 mittit;
327 1213 575 1284 quoniam
601 1220 870 1282 praecepta
892 1211 944 1265 in
966 1209 1088 1279 jure
1113 1197 1483 1266 ecclesiastico
1508 1211 1688 1264 iirma-
1793 1215 1997 1273 tentur,
2025 1205 2148 1276 quia
2183 1220 2287 1259 non
2320 1211 2548 1274 possunt
2594 1201 2752 1257 simul
2782 1201 2896 1256 Deo
2919 1210 2975 1256 et
3012 1200 3195 1256 seculo
3231 1201 3376 1255 mili-

135 1325 181 1363 re
203 1307 464 1376 indignum
485 1303 692 1373 judicet
718 1317 942 1376 necesse
962 1311 1046 1356 est
1076 1300 1330 1371 majestas
1366 1302 1533 1372 regia,
1582 1301 1687 1357 nisi
1792 1308 1926 1353 tare.

131 1401 186 1454 ab
228 1395 587 1454 ecclesiastico
628 1404 836 1450 rectore
890 1393 938 1425 ⁸³
984 1403 1255 1463 petantur.
1289 1393 1461 1450 Isdem
1505 1404 1686 1449 autem
1857 1388 1946 1443 40.
1989 1386 2340 1443 Admonenda
2365 1393 2448 1441 est
2482 1385 2628 1456 regia
2661 1383 2973 1454 magnitudo
3003 1381 3376 1453 dehospitali-

129 1499 286 1544 custos
330 1485 572 1541 ecclesia:
610 1483 982 1539 sollertissime
1019 1495 1224 1548 caveat,
1273 1499 1342 1538 ne
1369 1484 1451 1538 sui
1480 1484 1686 1540 ordinis
1789 1478 1910 1545 bus,
1940 1495 2058 1549 quae
2089 1488 2328 1549 tempore
2355 1476 2818 1547 praedecessorum
2870 1488 3092 1528 suorum
3137 1483 3193 1527 et
3221 1474 3367 1527 ordi-

131 1575 559 1634 ctecclesiastica:
583 1573 977 1628 communionis
1007 1570 1146 1627 forte
1195 1572 1500 1639 immemor,
1554 1589 1684 1629 con-
1789 1579 1911 1623 nata
1962 1579 2015 1623 et
2041 1568 2254 1624 exculta
2286 1565 2523 1631 fuerunt,
2561 1575 2616 1620 et
2660 1565 2820 1619 modo
2860 1565 2928 1618 ad
2973 1563 3199 1618 nihilum
3247 1573 3373 1618 sunt

130 1681 196 1724 tra
226 1668 596 1723 auctoritatem
623 1673 950 1736 praeceptum
982 1665 1186 1733 regium
1215 1681 1314 1735 pro
1345 1682 1685 1737 quacumque
1788 1662 2028 1716 redacta.
2072 1660 2179 1716 Sed
2222 1668 2275 1714 et
2313 1658 2600 1730 hospitalia
2634 1657 2988 1722 Scottorum,
3036 1671 3154 1725 qua:
3195 1655 3368 1709 sancti

129 1761 466 1816 adsentatione
490 1758 608 1813 fieri
639 1765 809 1828 petat.
841 1756 942 1823 Qui
974 1765 1026 1811 et
1053 1757 1097 1811 si
1125 1755 1336 1822 fecerit,
1366 1773 1472 1812 non
1497 1758 1684 1811 audia-
1787 1755 2033 1810 homines
2057 1755 2230 1826 gentis
2272 1754 2413 1808 illius
2438 1754 2490 1808 in
2521 1753 2623 1808 hoc
2661 1767 2826 1824 regno
2855 1754 2899 1786 ⁹¹
2932 1760 3367 1816 construxerunt,

128 1867 196 1908 tur
215 1871 228 1909 :
249 1854 288 1908 si
317 1861 493 1906 autem
520 1849 840 1914 obtinuerit,
875 1850 1018 1921 regia
1043 1849 1388 1905 districtione
1416 1850 1460 1882 ⁸⁷
1484 1860 1540 1905 ct
1563 1852 1679 1922 epi-
1716 1829 1757 1888 Β
1787 1856 1842 1900 et
1867 1847 2029 1900 rebus
2051 1860 2150 1916 pro
2181 1844 2468 1899 sanctitate
2498 1859 2594 1898 sua
2639 1842 2923 1913 adquisitis
2953 1842 3366 1912 ampliaverunt.

129 1945 295 2015 scopali
319 1943 524 2016 judicio
563 1942 706 1996 idem
738 1941 1100 2008 rescindatur,
1129 1951 1183 1997 et
1219 1943 1418 2012 petitor
1443 1942 1680 2012 injustus
1787 1940 1855 1994 ab
1881 1940 2070 1994 eodem
2100 1937 2481 2008 hospitalitatis
2515 1935 2691 1991 olIicio
2737 1935 2977 1989 funditus
3006 1941 3131 1988 sunt
3157 1933 3204 1963 "
3243 1932 3371 1986 alie-

127 2051 205 2105 pro
227 2037 472 2106 principis
515 2035 717 2114 injusta
753 2038 1095 2108 suggestione
1122 2037 1282 2109 digne
1327 2038 1676 2109 corripiatur.
1782 2043 1938 2100 nata;
1974 2041 2025 2088 et
2059 2049 2166 2088 non
2190 2032 2361 2086 solum
2393 2030 2838 2101 supervenientes
2885 2029 2936 2082 in
2969 2028 3156 2082 eadem
3183 2027 3364 2096 hospi-

128 2126 179 2180 Et
200 2127 472 2196 precariae,
498 2117 797 2182 Secundum
829 2128 1108 2198 antiquam
1144 2131 1593 2185 consuetudinem
1625 2139 1679 2185 et
1784 2127 1912 2180 talia
1943 2141 2050 2180 non
2102 2125 2458 2195 recipiuntur,
2505 2137 2694 2176 verum
2740 2122 2901 2176 etiam
2927 2119 3027 2190 ipsi
3067 2119 3157 2189 qui
3193 2119 3262 2174 ab
3291 2119 3374 2172 in-

128 2220 490 2285 auctorilatem,
521 2220 590 2274 de
611 2220 984 2291 quinquennio
1035 2221 1088 2276 in
1129 2222 1556 2293 quinquennium
1591 2239 1670 2280 re.
1781 2217 1949 2271 fantia
1978 2216 2032 2271 in
2072 2216 2276 2271 eisdem
2307 2212 2440 2268 locis
2482 2213 2582 2267 sub
2612 2210 2872 2280 religione
2901 2209 3128 2264 Domino
3167 2208 3366 2262 milita-

126 2317 368 2364 Ilovenlur-
1781 2317 2003 2374 verunt,
2031 2308 2225 2363 exinde
2260 2307 2558 2370 eiciuntur,
2592 2312 2647 2358 et
2673 2303 2910 2358 ostiatim
2939 2299 3246 2356 mendicare
3275 2314 3368 2353 co-

179 2401 256 2455 24.
288 2401 353 2457 Ut
380 2411 575 2457 contra
606 2403 1002 2474 depraedatores
1044 2415 1098 2461 et
1138 2421 1489 2478 oppressores
1508 2407 1677 2464 eccle-
1781 2411 1998 2471 guntur.
2032 2400 2186 2456 Unde
2208 2394 2637 2470 pertimescenda
2662 2403 2744 2450 est
2783 2392 3042 2449 canonica
3080 2389 3367 2452 sententia,

129 2493 294 2548 siarum
317 2503 368 2548 et
396 2508 585 2548 rerum
613 2495 679 2548 ad
724 2495 944 2552 easdem
985 2497 1397 2566 pertinentium,
1428 2499 1678 2554 del‘enso-
1781 2503 1835 2549 et
1858 2493 2094 2549 maxime
2125 2490 2415 2546 decretalis
2439 2488 2734 2544 Simmacbi
2779 2501 2929 2557 papa:
2955 2483 3216 2548 definitio,
3241 2484 3367 2553 quia

130 2597 198 2637 res
227 2585 509 2640 secundum
551 2585 918 2642 ministerium
948 2598 1214 2654 vestrum,
1244 2599 1506 2658 quantum
1534 2589 1677 2645 Deus
1781 2592 1842 2638 ut
1865 2590 2090 2638 necator
2114 2595 2430 2651 pauperum,
2452 2586 2510 2634 et
2538 2577 2741 2634 Christi
2763 2576 2988 2632 tradilor
3008 2572 3192 2640 ludas,
3227 2573 3366 2628 idem

129 2687 254 2740 posse
280 2675 500 2743 dederit,
539 2676 825 2743 existatis;
861 2689 918 2733 et
966 2691 1234 2749 praecepta
1283 2694 1404 2748 qua:
1433 2695 1566 2735 avus
1621 2691 1677 2737 ει
1780 2672 1826 2704 ⁸³
1856 2672 1950 2742 qui
1999 2668 2160 2740 hujus
2203 2669 2425 2725 sceleris
2458 2677 2650 2723 auctor
2680 2676 2735 2722 et
2764 2673 3103 2736 perpetrator
3128 2678 3251 2718 esse
3282 2662 3366 2717 di-

129 2759 249 2831 pa'ter
268 2775 439 2822 vester
474 2765 728 2824 ecclesiis
765 2769 954 2824 ditioni
999 2777 1194 2826 vestrae
1235 2769 1491 2838 subjectis
1535 2769 1668 2826 fece-

1830 2760 2047 2826 ascitur,
2093 2759 2347 2830 przesenti
2400 2766 2456 2812 et
2507 2764 2770 2829 perpetuo
2799 2763 2882 2810 est
2930 2753 2977 2784 ’³
3023 2753 3369 2806 anathemate

128 2869 229 2913 runt
249 2876 305 2916 ac
329 2860 711 2929 ﬁrmaverunt,
754 2871 811 2918 et
838 2863 1049 2920 stabilia
1097 2874 1558 2920 conservaverunt
1606 2866 1674 2932 ³³,
1777 2852 2070 2910 feriendus-
2129 2849 2233 2918 Qui
2277 2847 2566 2913 reiculam.
2616 2846 2790 2916 inquit
2820 2844 3164 2900 Simmachus
3205 2856 3366 2913 papa.

131 2965 315 3020 quisque
343 2968 436 3008 vos
463 2953 859 3020 conﬁt-massis,
909 2954 974 3010 de
1019 2965 1215 3011 caetero
1247 2965 1362 3010 rata
1393 2957 1447 3012 in
1502 2957 1679 3012 omni-
1779 2943 1862 3000 vel
1888 2943 2145 3015 quicquid
2173 2939 2619 3008 fueritechesize,
2655 2947 2835 3010 petunt
2865 2954 2897 2992 a
2924 2936 3150 3006 regibus,
3182 2946 3368 2990 etcor-
3437 2970 3441 2974 τ

130 3037 206 3092 bus
231 3043 574 3098 conservetis.
1781 3037 2083 3108 rumpenda:
2107 3036 2315 3106 pietatis
2342 3035 2590 3089 instinctu
2619 3035 2879 3104 egentium
2902 3030 3250 3086 substantiam
3280 3046 3364 3082 ra-

181 3128 254 3229 es.
293 3129 526 3234 Utregia
561 3133 960 3204 magnificentia
1005 3136 1315 3194 liberiorem
1364 3137 1720 3236 libertatem,

1828 3129 1951 3194 lunt,
1990 3127 2144 3182 irrita
2180 3126 2472 3180 habeantur
2497 3141 2613 3196 qua:
2639 3124 2866 3178 obtinent
2893 3123 2959 3188 ",
2991 3131 3039 3176 et
3066 3140 3097 3176 a
3135 3137 3367 3175 commn-

1828 3221 1887 3238 !,,
1928 3237 1936 3238 κ
1982 3219 2203 3238 κκκΙΑγΞ.Δ
2282 3217 2422 3238 --.2---
2457 3215 2756 3238 I,-‘--Ie_.‘...
2797 3215 2997 3238 ---ι’-....-
3027 3216 3233 3238 --...2....ο
3288 3228 3345 3238 ιι..

128 3218 382 3292 episcopis,
428 3223 496 3279 ad
536 3239 696 3281 suum
749 3226 1114 3296 peragendum
1162 3229 1217 3284 in
1270 3243 1457 3284 eorum
1501 3245 1680 3300 parm—
1705 3215 1750 3238 υ
1785 3221 1940 3274 nione
1968 3219 2224 3283 ecclesiis,
2270 3217 2423 3290 cujus
2452 3215 2759 3287 facultatem
2789 3215 2998 3285 auferre
3020 3216 3257 3282 cupiunt,
3283 3228 3370 3266 ex-

131 3307 236 3364 Chiis
275 3311 657 3378 ministerium,
693 3327 857 3382 quam
903 3325 1127 3372 actenus
1172 3327 1394 3389 propter
1435 3318 1678 3377 diversas
1779 3311 2082 3366 cludantur.
2136 3317 2262 3366 item
2311 3311 2368 3365 in
2419 3324 2628 3364 canone
2669 3307 3044 3363 Aurelianensi
3091 3325 3103 3361 :
3143 3305 3203 3360 Si
3252 3308 3368 3376 quis

131 3403 524 3467 Perlurbationes
552 3403 892 3472 habuissent,
925 3408 1163 3464 maxime
1187 3397 1262 3464 ’in
1293 3412 1678 3468 sacratissimis
1777 3403 2004 3476 quolibet
2042 3413 2269 3474 tempore
2295 3410 2477 3457 contra
2518 3401 2656 3455 hanc
2687 3401 3107 3455 constitutionem
3132 3407 3363 3452 nostram

132 3494 438 3562 temporibus,
471 3496 904 3568 quadragesimae
949 3499 1154 3555 scilicet
1192 3511 1249 3557 et
1285 3503 1546 3558 adventus
1574 3503 1678 3558 Do-
1779 3496 1951 3550 venire
1979 3496 2266 3558 tentaveril,
2301 3503 2394 3547 aut
2430 3492 2630 3563 aliquid
2657 3493 2722 3546 de
2763 3490 3140 3546 consuetudine
3178 3488 3255 3543 vel
3285 3489 3367 3556 [n-

131 3578 251 3648 mini,
273 3585 496 3653 tribuat;
529 3597 801 3655 quatenus
831 3599 887 3642 et
910 3589 1206 3659 periculum
1256 3599 1310 3646 et
1339 3591 1439 3661 ipsi
1477 3593 1521 3626 ⁸⁰
1564 3593 1677 3662 epi-
1777 3587 1972 3641 cultate
2018 3585 2331 3640 aenodocltii
2376 3585 2540 3655 ipsius
2587 3583 2635 3614 ⁹⁶
2684 3581 2986 3648 abstulerit,
3024 3589 3078 3633 ut
3137 3580 3368 3633 metando-

129 3672 238 3739 copi,
261 3682 310 3728 et
337 3677 482 3748 regia
516 3677 772 3747 dignitas,
811 3678 1084 3735 salubrius
1109 3695 1207 3749 pro
1238 3681 1542 3736 ministerio
1573 3683 1675 3738 sibi
1776 3680 1970 3744 cltium,
2001 3677 2142 3749 quod
2187 3687 2384 3732 avertat
2437 3677 2599 3742 Deus,
2648 3692 2758 3730 esse
2803 3674 3038 3738 desinat,
3070 3681 3124 3726 ut
3156 3680 3370 3726 necator

128 3765 373 3821 commisso
395 3777 451 3823 et
479 3766 754 3837 neglecto,
800 3769 1012 3839 possint
1037 3772 1288 3837 evadere,
1316 3779 1370 3826 et
1398 3787 1498 3842 pro
1532 3781 1670 3828 stre-
1774 3787 2064 3843 pauperum
2090 3769 2428 3826 inrevocabiti
2459 3769 2790 3823 anathemate
2813 3765 3058 3835 feriatur.

129 3866 210 3908 nuc
249 3866 494 3914 exsecato
523 3858 760 3914 divinam
788 3858 1213 3916 misericordiam
1244 3863 1347 3918 sibi
1388 3864 1675 3920 conciliare
1844 3864 1934 3919 45.
1973 3862 2284 3918 Cavendum
2327 3869 2384 3914 et
2425 3872 2770 3928 summopere
2805 3837 3216 3928 praecavendum
3243 3894 3260 3921 ,
3305 3869 3367 3908 ac

128 3945 430 4007 prieraleant.
476 3947 590 4018 Ipsi
647 3956 828 4003 autem
886 3949 1125 4021 episcopi
1195 3967 1510 4009 concessum
1570 3956 1673 4010 sibi
1773 3973 1870 4028 per
1898 3957 2154 4011 virtutem
2183 3952 2384 4010 Cbristi
2413 3951 2691 4022 sanguinis
2713 3948 3150 4020 interdicendum
3171 3955 3228 4002 et
3250 3946 3366 4017 epi-

128 4033 287 4102 otium,
312 4055 412 4094 non
436 4041 492 4094 in
524 4055 650 4094 suas
677 4040 1000 4111 voluptates,
1029 4045 1124 4100 sed
1148 4045 1204 4100 in
1241 4045 1481 4101 divinum
1505 4055 1560 4102 et
1591 4047 1674 4102 of-
1775 4047 1952 4116 scopis
1973 4053 2027 4101 et
2049 4044 2288 4116 regibus,
2322 4050 2377 4098 et
2402 4041 2654 4096 omnibus
2680 4037 3085 4095 sublimioribus
3125 4041 3365 4104 potesta-

130 4121 334 4182 fteiosutn
379 4139 703 4185 convertant
735 4134 1050 4203 negotium:
1078 4145 1348 4206 quatenus
1395 4141 1672 4195 studentes
1774 4138 1942 4203 tibus,
1995 4145 2160 4206 atque
2209 4132 2422 4190 cunctis
2451 4130 2751 4185 fautoribus
2781 4137 2833 4184 et
2862 4125 3186 4182 clectoribus
3232 4137 3367 4193 quo-

128 4218 452 4279 prtedicationi
483 4229 651 4291 atque
684 4223 1101 4291 confirmationi,
1132 4229 1276 4297 quod
1303 4237 1526 4285 actenus
1573 4245 1672 4302 per
1775 4242 2146 4297 rumcumque,
2179 4234 2342 4295 atque
2371 4219 2788 4277 consensoribus
2831 4232 2926 4273 seu
2966 4211 3367 4270 ordinatoribus

129 4311 391 4371 partecbias
414 4312 520 4368 fuit
545 4313 870 4384 neglectum,
898 4317 1128 4373 solerter
1151 4329 1205 4374 et
1234 4320 1578 4379 devotissime
1605 4325 1672 4379 de
1774 4317 1828 4370 in
1855 4318 2022 4386 gradu
2051 4314 2444 4377 ecclesiastico,
2469 4320 2526 4365 ut
2549 4325 2710 4365 nemo
2739 4324 2836 4378 per
2860 4305 3225 4378 symoniacam
3259 4303 3367 4357 bte-

129 4405 290 4454 cmtero
316 4402 714 4459 sitcorrectum
745 4414 798 4460 et
822 4407 1184 4463 emendatum.
1216 4409 1283 4464 Et
1306 4426 1412 4467 non
1446 4423 1672 4484 propter
1774 4411 1934 4465 resim
1961 4406 2238 4478 regiminis
2262 4405 2435 4459 locum
2457 4403 2702 4458 obtineat
2731 4412 3073 4471 quacumque
3101 4397 3362 4461 factione,

128 4499 249 4586 suam
275 4493 640 4561 quictudinem
666 4498 900 4569 episcopi
942 4499 1010 4555 ad
1039 4504 1330 4556 remotiora
1375 4504 1491 4560 loca
1515 4522 1666 4563 sece-
1697 4526 1749 4586 ι)
1774 4499 2087 4561 calliditate,
2120 4494 2504 4568 promissione,
2533 4507 2626 4547 seu
2665 4491 3046 4547 commoditate
3076 4496 3168 4541 aut
3200 4487 3368 4541 dona-

128 4577 301 4668 (lentes,
345 4595 399 4640 et
421 4603 578 4641 suum
627 4590 986 4646 ministerium
1024 4593 1390 4664 neglegentes,
1425 4600 1671 4668 proprias
1697 4573 1743 4586 ν
1779 4595 1944 4656 tione,
1973 4604 2070 4659 per
2097 4603 2156 4643 se
2185 4595 2278 4641 aut
2302 4601 2398 4655 per
2434 4584 2690 4639 emissam
2710 4596 3021 4653 personam,
3045 4595 3167 4634 cum
3195 4573 3368 4646 Spiri-

129 4667 345 4730 deserant
378 4677 660 4745 civitates;
691 4679 786 4735 sed
817 4689 875 4736 ut
903 4683 1206 4752 parcecbias
1239 4700 1367 4742 suas
1400 4701 1520 4743 cum
1551 4689 1668 4744 oﬂi-
1780 4692 1866 4738 tus
1886 4689 2106 4736 sanctus
2129 4679 2269 4732 inter
2301 4685 2495 4730 caetera
2526 4675 2850 4730 documenta
2871 4669 3240 4726 ecclesiastica
3271 4682 3369 4738 per

129 4758 184 4813 cii
203 4761 424 4824 efﬁcacia
469 4768 826 4840 circumeant,
856 4783 952 4828 aut
1002 4790 1126 4830 cum
1177 4777 1434 4850 religione
1474 4782 1529 4836 in
1560 4783 1672 4838 suis
1779 4789 1841 4830 os
1862 4769 2035 4828 sancti
2062 4765 2474 4836 dicatGregorii
2509 4782 2522 4817 :
2558 4762 2667 4818 Cur
2708 4779 2812 4816 non
2864 4759 3199 4832 perpenditur
3244 4757 3366 4828 quia

131 4850 401 4943 civitatibus
431 4863 690 4918 canonice
715 4879 836 4918 cum
859 4865 973 4921 suis
1001 4867 1126 4923 filiis
1151 4847 1366 4940 degant.
1396 4872 1464 4927 Et
1487 4874 1671 4943 bospi-
1780 4863 2065 4921 benedictio
2091 4858 2169 4913 illi
2196 4858 2240 4889 ⁸⁷
2274 4859 2325 4910 in
2355 4854 2771 4909 maledictionem
2802 4849 3140 4913 conuertitur,
3179 4849 3270 4917 qui
3297 4847 3366 4898 ad

131 4938 306 5042 lalilate
331 4951 528 5015 ornati,
561 4951 806 5022 quaajam
830 4971 964 5025 pene
1007 4938 1490 5028 proptervdiversas
1515 4938 1669 5036 rapa.
1775 4959 1872 5012 hoc
1889 4966 1942 5009 ut
1971 4954 2065 5024 ﬁat
2089 4952 2362 5007 Itwreticus
2389 4945 2760 5018 promovetur?
2813 4944 2878 4997 Et
2910 4943 3038 4996 item
3073 4959 3085 4995 :
3118 4939 3365 4994 Ementes

129 5032 291 5093 citatos
332 5043 599 5099 adnullata
630 5055 729 5111 est,
782 5062 888 5102 non
931 5026 1120 5105 solum
1153 5054 1206 5107 in
1243 5056 1413 5110 oculis
1459 5026 1670 5114 Doztiini
1775 5048 1961 5118 quippe
1983 5052 2138 5113 atque
2169 5039 2440 5095 uendentes
2467 5053 2567 5108 par
2587 5051 2736 5105 pinna
2758 5032 3088 5101 constringit,
3131 5044 3248 5080 cum
3302 5026 3366 5078 li-

129 5136 318 5198 Propter
348 5135 710 5192 obedientiam
739 5141 980 5194 mandati
1007 5141 1176 5196 divini
1215 5143 1508 5200 reddantur
1545 5165 1672 5202 con-
1773 5149 1927 5210 queat
1954 5137 2088 5189 hanc
2113 5133 2350 5187 hwresim
2383 5131 2437 5183 in
2460 5131 2569 5199 ipsa
2592 5145 2691 5182 sua
2713 5127 2914 5197 origine
2940 5120 3142 5196 apostol
3166 5136 3227 5173 ca
3254 5135 3362 5173 esse

130 5216 304 5286 spicai,
362 5239 549 5280 verum
605 5237 664 5281 et
707 5229 906 5283 bonum
951 5233 1320 5287 testimonium
1377 5237 1671 5291 secundum
1774 5229 2114 5286 detestatione
2140 5227 2468 5278 damnatam.
2496 5223 2562 5278 Et
2589 5220 2864 5292 apostolus
2885 5221 3088 5273 docet:
3130 5211 3361 5266 Naisso-

131 5315 346 5403 siti-clum
395 5315 680 5384 adquirant
728 5321 1049 5389 apostolum.
1099 5322 1451 5394 Presbyteros
1506 5328 1670 5380 etiam
1776 5321 1886 5375 lum
1909 5318 1996 5389 qui
2027 5317 2252 5386 faciunt,
2284 5314 2372 5368 sed
2395 5314 2551 5367 etiam
2581 5314 2670 5380 qui
2695 5311 3046 5373 consentiunt,
3075 5303 3218 5373 digni
3242 5309 3362 5352 sunt

133 5394 214 5450 sibi
237 5405 562 5473 commiSSOS,
602 5417 656 5463 et
697 5410 960 5477 doctrina,
992 5413 1241 5469 castitate
1267 5390 1324 5467 et
1357 5415 1670 5478 sobrietate,
1779 5421 1964 5467 morte.
2027 5409 2094 5464 Et
2137 5407 2264 5462 item
2311 5407 2499 5461 beatus
2545 5403 2838 5473 Gregorius
2872 5419 2884 5454 :
2921 5397 3137 5457 Dolens,
3165 5390 3359 5458 inquit,

1404 5567 1638 5624 VARUE
1675 5562 1966 5623 LECTION
1975 5563 2074 5619 ES.

189 5667 227 5706 ⁸⁸
251 5672 542 5751 praefectum
559 5679 623 5751 2.
699 5680 743 5711 ⁸⁵
775 5689 918 5736 recte
947 5690 1258 5751 repetantur
1282 5681 1336 5734 9..
1389 5662 1993 5736 '3’iit5231is‘cretione
2019 5677 2215 5751 S_irm.__
2258 5676 2302 5751 '3
2327 5674 2778 5751 confirmaverunt
2803 5669 2860 5723 2ο
2934 5666 2976 5698 ⁸³
3007 5665 3050 5720 εἰ
3081 5661 3134 5751 9;
3209 5663 3358 5751 "ll"-

134 5734 456 5864 ςξιῖξὲδῗιαϐο
491 5739 497 5746 ’
528 5750 566 5781 ’ί
593 5751 730 5804 deest
760 5734 823 5802 ἐξ(
889 5752 932 5782 ⁹²
955 5734 1298 5807 digestim”
1331 5751 1387 5806 id
1411 5734 1495 5807 est
1525 5734 1840 5806 Bctlouah“
1875 5752 2014 5803 deest
2041 5748 2092 5800 ‘2.
2173 5746 2216 5776 ⁹⁸
2239 5747 2518 5800 obtineant
2549 5746 2603 5796 2.
2680 5742 2725 5772 *⁵⁸
2766 5742 2801 5795 i.
2835 5755 2884 5794 a.
2919 5748 2974 5793 ut
3006 5754 3058 5791 χ.
3099 5737 3277 5789 desunt
3303 5734 3357 5784 2.
