3876 5326
543 306 645 365 531

1221 301 1510 358 APPEND.
1554 300 1643 353 AD
1684 294 1860 352 SxEC.
1901 295 1970 350 Χ.
2009 323 2081 333 -
2113 292 2546 354 MONUMENTA
2584 300 3059 360 DIPLOMATICA.
3661 312 3743 369 552

541 420 680 485 dico,
702 434 907 489 gemens
939 415 1208 483 denuntio,
1235 416 1361 484 quia
1391 414 1760 480 sacerdotium,
1790 413 1929 485 quod
1979 430 2119 484 apua
2148 418 2201 476 Α
2225 420 2512 470 mamtesta
2536 428 2744 485 peccati
2772 433 2954 484 causa,
2985 416 3359 474 communione
3400 420 3566 489 privet
3603 427 3745 483 eccle-

541 526 628 564 vos
648 509 788 563 intus
815 507 1020 572 cecidit,
1063 505 1194 574 [oris
1246 503 1337 578 diu
1384 511 1523 557 stare
1572 518 1674 556 non
1721 504 1926 573 poterit.
1982 502 2114 557 Item

540 597 683 652 idem
713 597 760 629 ”
792 611 807 650 :
837 594 1180 650 Adversarius
1208 592 1508 645 animarum
1538 590 1733 645 callida
1786 592 1953 662 specie
1990 609 2116 648 sua-

538 687 621 739 det
647 686 797 756 quasi
818 685 997 739 debere
1032 684 1096 736 ab
1151 681 1456 735 habentibus
1502 681 1690 752 accipi,
1741 692 1795 736 ut
1844 684 1911 737 sit
1976 694 2113 755 quod

536 779 699 848 possit
735 793 838 831 non
872 773 1177 829 habentibus
1219 772 1457 843 erogari;
1482 772 1614 826 sicut
1642 772 1688 804 9°
1716 774 1962 842 scriptum
1988 783 2063 828 est
2094 789 2114 829 :

540 865 744 921 Hostiae
770 866 1046 936 impiorum
1073 860 1464 928 abominabiles,
1489 862 1613 933 quia
1641 861 1709 894 ¹⁰⁰
1733 862 2024 932 oﬁ'eruntur
2048 879 2114 919 ea:

534 961 744 1016 scelere.

605 1051 694 1105 47.
737 1048 807 1105 Ut
831 1062 1008 1115 nemo,
1068 1048 1319 1119 episcopo
1355 1048 1588 1113 vivente,
1638 1047 1921 1103 ecclesiam
1972 1045 2113 1103 illius

523 1148 740 1207 ,autres
768 1140 835 1195 ad
878 1155 998 1195 eam
1030 1139 1365 1209 pertinentes
1413 1137 1666 1193 invadere
1718 1147 1810 1192 aut
1850 1138 2112 1193 dominari

532 1237 843 1300 praesumat,
866 1243 1042 1299 neque
1075 1228 1173 1284 sub
1206 1226 1520 1282 voluntariae
1550 1225 1681 1282 cleri
1702 1242 1766 1282 ac
1794 1227 1974 1296 populi
2003 1227 2111 1282 ele-

533 1320 727 1376 ctionis
756 1320 997 1384 obtentu,
1025 1327 1222 1390 praeter
1281 1318 1614 1373 voluntatem
1654 1318 1915 1389 episcopi,
1958 1318 2111 1388 quis-

533 1427 694 1481 quam
730 1426 1069 1482 quacumque
1089 1408 1318 1465 seculari
1346 1416 1614 1479 potestate
1648 1409 1923 1479 praeditus,
1955 1409 2109 1479 quasi

532 1515 874 1558 osconomum
924 1499 1236 1555 constituat.
1294 1498 1400 1555 Sed
1438 1500 1484 1555 si
1536 1500 1815 1569 episcopus
1867 1500 2110 1555 ministe—

530 1590 673 1645 rium
708 1588 1131 1645 ecclesiasticum
1157 1596 1381 1660 propter
1399 1588 1767 1643 inﬁrmitatem
1791 1603 2107 1659 corpoream

529 1683 784 1737 exhibere
815 1698 920 1738 non
950 1682 1203 1754 potuerit,
1226 1683 1279 1737 in
1309 1682 1700 1753 archiepisc0pi
1733 1683 1837 1738 hoc
1866 1697 1986 1737 cum
2018 1698 2109 1736 vo-

2217 503 2460 559 siastica.
2487 505 2788 562 Anathema
2805 517 2986 562 autem
3003 508 3119 564 sine
3131 521 3389 564 consensu
3402 510 3744 585 archiepiscopi

2215 601 2308 649 aut
2339 595 2799 667 coepiscoporum,
2819 599 3040 670 prmlata
3068 599 3137 632 ⁸⁸⁸
3164 599 3324 655 etiam
3367 602 3651 672 evangelica
3672 607 3747 660 ad-

2214 685 2530 754 monitione,
2560 688 2689 744 nulli
2722 690 2982 761 imponat,
3014 690 3119 745 nisi
3150 692 3289 747 unde
3332 692 3580 748 canonica
3620 696 3748 752 docet

2214 779 2540 846 auctoritas;
2563 781 2689 852 quia
2713 783 2999 837 anathema
3025 790 3239 838 aeternae
3259 784 3444 840 mortis
3461 792 3541 839 est
3562 785 3747 842 damna-

2216 867 2311 934 tio,
2345 878 2528 925 etnon
2562 872 2663 927 nisi
2686 887 2786 943 pro
2811 873 3025 929 mortali
3057 874 3215 930 debet
3244 874 3443 946 imponi
3463 875 3685 947 crimine,
3702 886 3746 935 et

2213 954 2287 1011 illi
2312 958 2404 1027 qui
2436 958 2592 1015 aliter
2618 975 2724 1015 non
2749 963 2986 1032 potuerit
3014 963 3229 1036 corrigi.

2283 1046 2374 1101 57.
2402 1048 2474 1105 Ut
2494 1051 2745 1107 monachi
2768 1052 2963 1121 quibus
2989 1053 3442 1112 monasteriorum
3482 1073 3603 1113 cura
3627 1070 3746 1118 cem-

2212 1136 2378 1193 missa
2412 1154 2518 1194 non
2549 1148 2653 1206 est,
2677 1141 2878 1211 passim
2906 1151 2963 1199 et
2995 1143 3111 1199 sine
3159 1145 3481 1203 auctoritate
3525 1150 3745 1220 palatium

2211 1244 2318 1284 non
2356 1230 2573 1299 adeant,
2597 1247 2697 1289 nec
2724 1234 2776 1289 in
2800 1249 2866 1290 eo
2895 1234 3267 1304 immorentur,
3308 1238 3394 1295 vel
3440 1240 3528 1296 ubi
3577 1251 3628 1298 et
3672 1244 3747 1301 ubi

2214 1318 2282 1354 ¹⁰⁹
2308 1322 2611 1380 discurrere
2633 1341 2696 1381 ac
2717 1327 2998 1399 pervagari
3019 1326 3260 1399 accphali
3289 1342 3627 1400 prmsumant.
3661 1334 3745 1391 Sed

2210 1409 2258 1463 si
2290 1410 2423 1466 tales
2451 1411 2675 1482 quilibet
2702 1414 2901 1471 fuerint
2925 1425 2985 1470 ut
3009 1416 3167 1472 utiles
3197 1428 3253 1473 et
3287 1420 3574 1475 necessarii
3599 1422 3746 1477 eccle-

2210 1499 2304 1554 siae
2339 1515 2403 1556 ac
2431 1502 2659 1573 principi
2686 1503 3044 1573 reperiantur,
3073 1520 3194 1562 cum
3213 1509 3528 1564 auctoritate
3548 1510 3746 1583 episcopi

2211 1591 2470 1647 canonice
2498 1607 2563 1647 ac
2586 1592 2835 1663 religiose
2859 1603 3105 1667 pergant.
3135 1595 3230 1652 Sin
3257 1606 3459 1666 autem,
3508 1599 3561 1655 in
3591 1608 3746 1656 mona-

2208 1680 2390 1735 steriis
2419 1681 2549 1748 suis,
2588 1683 2726 1738 sicut
2757 1686 3014 1740 canonica
3042 1693 3099 1741 et
3137 1686 3399 1758 regularis
3437 1691 3588 1744 docet
3623 1691 3747 1747 insti-

528 1772 733 1828 luntate
755 1773 989 1844 episcOpi
1043 1770 1283 1839 ejusdem
1333 1772 1574 1827 ecclesiae
1623 1783 1842 1827 maneat
1893 1772 2108 1828 ordina-
2140 1756 2183 1815 Β
2215 1769 2366 1835 tutio,
2404 1768 2648 1840 religiose
2680 1772 2965 1827 resideant.
2995 1772 3139 1839 Quos
3166 1756 3331 1831 etiam
3359 1792 3463 1833 nec
3481 1780 3745 1849 episcopus,

528 1866 696 1927 tione,
721 1864 953 1935 qualiter
976 1865 1211 1919 debitum
1248 1864 1482 1919 ollicium
1515 1878 1620 1918 non
1645 1871 1944 1918 remaneat.
1996 1863 2108 1920 0b-

528 1955 774 2022 sequium
804 1968 933 2008 vero
953 1952 1019 2027 ad
1061 1969 1171 2007 rem
1223 1953 1493 2022 publicam
1550 1954 1826 2023 pertinens
1880 1953 2112 2021 qualiter

528 2051 875 2112 exsequatur,
910 2057 1010 2112 per
1048 2042 1187 2097 tales
1236 2056 1304 2096 ex
1351 2040 1578 2096 subditis
1618 2050 1674 2096 et
1727 2042 2110 2098 ecclesiasticis

527 2134 813 2200 ministris,
836 2149 958 2188 cum
986 2147 1247 2188 consensu
1278 2132 1667 2201 archiepiscopi
1695 2144 1914 2203 propter
1958 2133 2108 2202 pacis

526 2224 878 2293 caritatisque
898 2222 1219 2284 custodiam,
1251 2222 1536 2290 cpiscopus
1561 2221 1776 2278 ordinet
1823 2229 1879 2275 et
1931 2220 2111 2290 diSpo-

524 2323 640 2380 nat,
676 2328 811 2384 quos
837 2311 1158 2368 succedendi
1193 2312 1245 2364 in
1279 2310 1589 2381 episcopatu
1645 2311 1914 2380 appetitus
1961 2310 2111 2366 inde-

523 2406 672 2462 bitus
699 2420 805 2459 non
835 2403 1011 2459 elevet
1034 2418 1211 2472 neque
1235 2408 1423 2467 vexet;
1452 2400 1556 2456 nisi
1586 2409 1830 2456 moratus
1877 2401 1950 2455 ita
1974 2401 2112 2455 exti-

527 2495 674 2561 terit,
707 2501 765 2548 nt
790 2494 1085 2549 secundum
1116 2491 1361 2546 instituta
1383 2490 1528 2546 beati
1578 2490 1827 2562 Gregorii
1868 2491 1924 2546 in
1970 2491 2109 2546 libro

523 2583 895 2654 epistolarum,
924 2590 978 2637 et
1000 2579 1278 2636 humiliter
1302 2581 1354 2634 in
1383 2580 1688 2635 subditione
1711 2580 1781 2611 “”
1806 2580 1981 2650 prosit
2012 2580 2102 2645 ‘°‘,

523 2686 579 2730 et
647 2682 770 2745 post
835 2673 1041 2728 utiliter
1097 2672 1167 2705 ¹⁰⁸
1231 2673 1561 2727 conveniens
1627 2672 1832 2727 sanctis
1911 2672 2109 2742 regulis

418 2772 423 2776 ’
523 2767 705 2843 praesit
721 2765 889 2835 ;quia
911 2765 980 2819 ob
1022 2765 1125 2819 hoc
1170 2763 1225 2818 in
1276 2761 1461 2817 multis
1508 2761 1751 2818 ecclesiis
1794 2761 2109 2816 scandalum

521 2869 778 2926 maguum
809 2852 1209 2923 conspeximus.
1263 2850 1321 2905 Si
1360 2858 1541 2905 autem
1593 2850 1649 2904 in
1705 2849 2109 2919 archiepiscopo

526 2948 651 3002 talis
707 2944 1005 3001 necessitas
1068 2941 1371 3008 acciderit,
1429 2941 1683 2997 similiter
1726 2941 1845 3011 ipse
1884 2941 2108 2998 consilio

524 3038 968 3110 coepiscoporum
998 3036 1067 3070 ’θλ
1113 3050 1334 3092 suorum
1373 3033 1679 3104 huiusmodi
1716 3033 2105 3091 ordinationem

520 3130 795 3187 exhibeat.

591 3220 683 3274 53.
714 3219 785 3275 Ut
808 3217 1053 3274 canonici
1076 3217 1129 3273 in
1149 3216 1369 3273 civitate
1410 3215 1499 3273 vel
1542 3216 1911 3283 monasteriis,
1966 3216 2108 3273 sicut

464 3323 467 3325 '
522 3307 878 3362 constitutum
906 3315 1009 3373 est,
1040 3307 1094 3360 in
1122 3306 1442 3362 dormitorio
1468 3307 1760 3375 dormiant,
1788 3316 1844 3363 et
1864 3307 1919 3363 in
1969 3307 2109 3364 rele-

522 3401 697 3456 ctorio
716 3402 1017 3468 comedant,
1041 3410 1099 3457 et
1131 3403 1184 3457 in
1219 3403 1380 3457 domo
1409 3402 1747 3458 inﬁrmorum
1800 3404 2106 3461 necessario

524 3490 894 3559 subleventur,
925 3499 981 3546 et
1007 3501 1115 3548 tam
1152 3493 1268 3548 sani
1297 3508 1459 3562 quam
1503 3504 1558 3549 et
1610 3493 1809 3549 inﬁrmi
1847 3495 2106 3550 canonice

523 3585 841 3651 vestiantur,
874 3593 1036 3656 atque
1064 3586 1119 3641 in
1141 3585 1390 3642 claustris
1410 3585 1562 3642 horis
1590 3586 1842 3656 congruis
1890 3587 2103 3658 degant,

522 3682 579 3731 et
615 3675 715 3731 sub
744 3676 985 3731 custodia
1013 3676 1277 3731 canonica
1300 3674 1518 3731 lectioni
1553 3675 1623 3707 ¹⁰⁸
1665 3684 1722 3730 et
1768 3676 1981 3730 caeteris
2026 3677 2107 3731 di-

520 3766 662 3821 vina:
682 3765 1033 3822 institutionis
1066 3767 1315 3823 insistant
1351 3764 1564 3823 oﬁiciis.
1623 3765 1727 3834 Qui
1757 3767 1827 3799 ³⁸⁸
1850 3782 1978 3823 vero
1998 3768 2108 3837 epi-

525 3868 811 3927 scoporum
834 3856 936 3912 loci
959 3858 1392 3914 convenientiam
1423 3866 1517 3912 aut
1552 3855 1862 3913 facultatem
1888 3873 1994 3914 non
2017 3859 2108 3911 ha-

519 3947 701 4004 buerit
728 3957 788 4002 ut
817 3950 922 4004 hoc
946 3950 1211 4019 perficere
1228 3958 1285 4006 et
1313 3949 1568 4005 ordinare
1607 3950 1801 4019 possit,
1850 3949 2106 4019 princeps

520 4038 816 4095 secundum
844 4027 1284 4094 Constitutionem
1327 4038 1532 4092 domini
1578 4038 1923 4107 imperatoris
1968 4038 2104 4093 Illu-

523 4127 715 4183 dovvici
744 4128 1065 4183 annuat:id
1085 4137 1193 4193 est,
1217 4128 1264 4183 si
1309 4127 1486 4183 vicina
1533 4128 1806 4198 episcopio
1848 4138 1991 4184 terra
2038 4129 2104 4185 de

522 4219 713 4272 eadem
736 4216 963 4273 ecclesia
987 4232 1109 4272 esse
1141 4225 1355 4287 reperta
1385 4216 1572 4281 fuerit,
1608 4226 1664 4271 et
1691 4219 1759 4273 ab
1791 4216 1899 4271 alio
1932 4218 2105 4288 possi-

523 4306 700 4373 detur,
733 4307 972 4364 ecclesia:
1000 4308 1194 4362 rectori
1221 4309 1290 4363 ad
1342 4308 1581 4364 claustra
1639 4308 1975 4374 clericorum,
2019 4309 2104 4365 vel

523 4394 631 4451 alia
664 4397 915 4467 quzelibet
937 4397 1182 4453 ecclesia:
1203 4400 1486 4455 commoda
1509 4399 1780 4467 facienda,
1824 4402 2097 4456 reddatur.

525 4484 583 4539 Si
611 4460 791 4541 autem
818 4486 886 4542 de
932 4487 1064 4542 ﬁsco
1109 4486 1294 4554 fuerit,
1352 4488 1502 4560 regia
1545 4460 1838 4547 liberalitas
1877 4491 2100 4547 eandem
2129 4460 2178 4520 θ

523 4588 724 4633 terram
751 4580 817 4634 ad
853 4594 1131 4636 servorum
1158 4582 1250 4636 Dei
1277 4582 1582 4639 habitacula
1606 4584 1965 4639 construenda
1990 4583 2101 4638 lar-

524 4669 626 4740 girl
656 4669 923 4741 dignetur.
952 4670 1009 4725 Si
1039 4680 1216 4726 autem
1240 4674 1306 4728 de
1323 4672 1429 4727 alia
1456 4689 1582 4728 casa
1606 4674 1698 4728 Dei
1720 4683 1813 4728 aut
1835 4674 1903 4731 dc
1920 4674 2127 4745 cujus-.

523 4755 659 4813 libet
683 4760 902 4830 proprio
957 4760 1143 4828 fuerit,
1195 4776 1260 4817 ex
1326 4763 1698 4818 convenientia
1740 4765 2104 4819 commutandi

524 4846 743 4904 licentia
762 4851 1049 4905 tribuatur.
1071 4851 1141 4906 Et
1167 4852 1213 4907 si
1237 4860 1529 4923 paupertas
1548 4853 1649 4909 loci
1670 4853 1738 4908 ad
1758 4854 2105 4910 aediﬁcandas

525 4936 714 4993 domos
738 4941 1070 5001 necessarias
1098 4940 1163 4973 m
1192 4956 1297 4997 non
1325 4941 1615 5005 suﬁ‘ecerit,
1670 4957 1764 4999 eos
1787 4944 1856 5000 ad
1895 4944 2105 5012 adjuto-

526 5024 667 5081 rium
696 5027 997 5083 aediﬁcandi
1035 5037 1274 5100 potestas
1302 5031 1449 5099 regia
1476 5039 1635 5101 cogat
1656 5031 1750 5100 qui
1777 5046 1866 5087 res
1910 5032 1979 5087 de
2013 5046 2103 5087 ea-

527 5119 650 5168 dem
680 5120 904 5168 ecclesia
938 5122 991 5168 in
1014 5122 1294 5168 beneﬁciis
1320 5122 1574 5168 retinent-
1790 5132 1792 5135 '

2210 1874 2313 1915 nec
2347 1861 2536 1928 abbas,
2563 1861 2648 1917 vel
2686 1863 2911 1932 quilibet
2930 1864 3066 1920 alius
3095 1880 3190 1922 eos
3214 1868 3605 1925 veredariorum
3623 1885 3747 1927 more

2209 1948 2266 2005 in
2291 1952 2580 2009 missaticis
2610 1953 2874 2009 instanter
2899 1956 3256 2024 transmittat;
3306 1959 3433 2028 quia
3486 1974 3581 2029 per
3621 1976 3747 2030 quos-

2209 2042 2332 2097 dam
2360 2042 2590 2112 illorum,
2613 2053 2803 2100 contra
2846 2045 2914 2078 “°
2942 2047 3265 2105 canonicam‘
3302 2051 3680 2117 auctoritatem,
3700 2059 3745 2107 et

2208 2133 2575 2190 ecclesiastica
2598 2143 2651 2190 et
2677 2136 2855 2191 civilia
2882 2136 3265 2206 perturbantur
3285 2140 3518 2210 negotia.
3540 2141 3641 2197 Nec
3664 2143 3744 2197 sub

2207 2234 2467 2294 praetextu
2489 2226 2808 2283 obedientite
2829 2227 3026 2284 diutius
3039 2229 3436 2288 vilicationibus
3456 2231 3744 2300 inserviant;

2209 2317 2302 2369 sed
2329 2315 2647 2386 regulariter
2682 2317 3042 2374 obedientiam
3070 2321 3445 2378 vicissitudine
3485 2339 3578 2380 sua
3618 2340 3747 2395 pera.

2207 2414 2414 2474 gentes,
2452 2415 2739 2472 secum,ut
2788 2408 2854 2463 de
2901 2418 3087 2465 sancto
3134 2409 3427 2468 Benedicto
3474 2413 3672 2486 legitur,
3703 2415 3745 2469 in

2208 2496 2532 2551 monasterio
2555 2496 2820 2565 habitent,
2866 2509 3027 2570 atque
3052 2516 3110 2556 se
3132 2501 3277 2570 ipsus
3302 2503 3623 2575 recolligant.
3645 2504 3745 2560 llzcc

2208 2593 2387 2638 autem
2429 2588 2921 2655 transgredientes,
2938 2590 3050 2645 sive
3076 2590 3281 2660 praelati
3304 2593 3357 2648 in
3380 2591 3623 2662 favendo,
3650 2597 3742 2651 sive

2208 2673 2406 2727 subditi
2436 2673 2490 2728 in
2520 2675 2830 2742 obtinendo,
2852 2681 3407 2737 excommunicentur.

2278 2762 2366 2817 65.
2400 2762 2466 2819 Hi
2495 2781 2621 2822 vero
2647 2767 2739 2837 qui
2789 2782 2855 2823 ex
2902 2771 3063 2826 rebus
3092 2771 3477 2831 ecclesiasticis
3518 2791 3673 2832 nonas
3703 2784 3747 2831 et

2209 2853 2446 2911 decimas
2466 2858 2791 2926 persolvere,
2824 2867 2878 2916 et
2896 2869 3042 2917 sarta
3067 2870 3204 2918 tecta
3227 2864 3473 2922 ecclesias
3487 2867 3743 2923 secundum

2209 2948 2485 3018 antiquam
2507 2953 2881 3008 auctoritatem
2904 2963 2961 3010 et
2982 2957 3429 3013 consuetudinem
3471 2969 3744 3015 restaurare

2209 3038 2427 3106 debent,
2454 3051 2508 3096 et
2532 3043 2634 3098 hoc
2659 3058 2765 3099 non
2794 3045 2965 3099 solum
3018 3046 3325 3118 neglegunt,
3381 3065 3568 3105 verum
3596 3058 3645 3105 et
3669 3064 3745 3121 per

2132 3118 2178 3182 C
2209 3138 2570 3201 contemptum
2595 3133 2890 3203 dimittunt,
2929 3144 3093 3207 atque
3119 3138 3344 3196 clericos
3393 3139 3538 3197 fame
3579 3150 3629 3197 et

2206 3220 2382 3285 nuria,
2410 3221 2774 3280 ecclesiastica
2802 3240 3015 3297 quoque
3063 3228 3287 3285 aediﬁcia
3311 3230 3648 3289 dissolutione
3671 3233 3746 3287 ad-

2205 3309 2398 3365 nullari
2434 3313 2778 3381 permittunt,
2830 3317 3030 3372 tamdiu
3058 3316 3127 3372 ab
3146 3318 3513 3377 ecclesiastica
3539 3338 3746 3378 commu-

2207 3402 2365 3458 nione
2391 3414 2732 3474 separentur,
2756 3420 2926 3477 usque
2957 3407 3084 3463 dum
3106 3408 3378 3481 diligentia
3405 3413 3473 3444 ¹¹¹
3491 3413 3745 3469 emendare

2205 3496 2477 3562 studeant,
2500 3496 2642 3566 quod
2669 3500 2914 3553 socordia
2962 3498 3334 3569 neglexerunt.
3388 3501 3540 3569 Quod
3579 3502 3619 3556 si
3665 3502 3745 3555 ite-

2205 3601 2324 3640 rum
2358 3586 2673 3642 iteraverint
2697 3587 2784 3655 η’,
2807 3596 2927 3658 post
2947 3590 3523 3648 excommunicationis
3564 3589 3744 3647 satisfa-

2203 3680 2437 3735 ctionem
2462 3679 2606 3750 regia
2628 3688 2892 3751 potestate
2915 3681 3199 3751 compulsi,
3222 3683 3375 3751 juxta
3398 3682 3564 3754 legale
3583 3691 3633 3739 et
3666 3697 3743 3736 an—
3804 3718 3809 3725 ι

2161 3807 2164 3810 .
2205 3768 2412 3837 tiquum
2436 3768 2662 3833 dictum,
2687 3769 2777 3839 qui
2805 3769 3022 3840 neglegit
3042 3786 3273 3835 censum,
3288 3772 3553 3841 perdatm
3565 3787 3742 3841 agrum.

2205 3859 2358 3915 Servi
2387 3868 2565 3915 autem
2593 3860 2942 3916 ecclesiarum
2968 3861 3395 3931 quibuscumque
3422 3861 3744 3934 potestatibus

2203 3949 2429 4015 subditi,
2458 3950 2600 4004 unde
2630 3950 2820 4005 melior
2844 3952 3173 4008 consuetudo
3212 3952 3295 4006 vel
3336 3952 3578 4008 devotior
3623 3966 3745 4007 corn-

2203 4041 2474 4098 mendatio
2504 4054 2569 4096 ex
2595 4050 2833 4112 tempore
2854 4051 2909 4096 et
2929 4039 3171 4108 iussione
3214 4041 3399 4097 domni
3450 4040 3741 4101 Hludovvici,

2201 4135 2286 4189 vel
2311 4142 2459 4189 certe
2482 4133 2661 4188 domni
2688 4132 2891 4201 Karoli,
2941 4148 3033 4189 seu
3080 4134 3245 4190 etiam
3296 4133 3527 4204 Pippini,
3567 4149 3662 4188 non
3690 4132 3744 4163 ¹¹⁶

2201 4223 2404 4289 existit,
2433 4220 2622 4277 saltem
2647 4221 2839 4291 viginti
2870 4222 3059 4279 diebus
3081 4222 3135 4277 in
3165 4210 3306 4277 anno
3331 4222 3507 4277 eidem
3530 4218 3741 4277 ecclesia:

2201 4312 2270 4367 ad
2295 4310 2611 4367 reﬁciendas
2641 4310 2807 4380 ipsius
2829 4311 3014 4367 ruinas
3036 4312 3239 4382 absque
3283 4310 3527 4365 molestia
3565 4308 3741 4364 servire

2203 4403 2466 4459 sinantur.
2500 4401 2602 4457 Ubi
2637 4410 2815 4457 autem
2837 4402 3149 4471 et-amplior
3162 4402 3557 4456 commendatio
3579 4408 3632 4454 et
3656 4412 3745 4452 me-

2202 4495 2305 4550 lior
2331 4494 2662 4549 consuetudo
2688 4493 2811 4547 inde
2839 4493 3086 4556 habetur,
3117 4507 3217 4561 pro
3242 4492 3345 4548 hac
3368 4504 3552 4550 nostra
3581 4505 3743 4546 neces-

2201 4585 2450 4640 situdinis
2469 4583 2899 4640 consideratione
2924 4596 3031 4637 non
3057 4582 3291 4637 decidat.

2212 4704 2217 4705 ί
2274 4676 2361 4731 67.
2382 4676 2484 4742 Q‘ui
2511 4672 2947 4729 sanctimoniales
2966 4666 3200 4743 virgines
3218 4673 3302 4727 vel
3326 4672 3514 4727 viduas
3534 4670 3743 4739 rapiunt,

2202 4774 2257 4822 et
2290 4779 2579 4837 progressu
2605 4765 2768 4819 etiam
2791 4763 3033 4819 criminis
3078 4763 3131 4816 in
3179 4750 3481 4832 coniugium
3528 4763 3742 4820 sumunt,

2203 4856 2428 4927 publicae
2449 4854 2780 4925 paenitentiae
2801 4851 2951 4921 juxta
2983 4853 3198 4907 modum
3218 4866 3377 4920 quem
3402 4851 3471 4883 ¹¹⁸
3502 4846 3745 4920 praevide-

2205 4946 2278 5000 rit
2309 4945 2616 5014 episcopus,
2646 4942 2991 5013 subigantur;
3032 4942 3163 5011 ipsae
3189 4954 3315 4995 vero
3339 4938 3472 4994 locis
3519 4933 3747 5006 congruis

2205 5035 2534 5104 pmnitentiae
2561 5033 2928 5097 retrudantur,
2986 5039 3041 5086 et
3092 5032 3160 5086 ad
3203 5031 3444 5085 habitum
3497 5024 3747 5097 religionis

2205 5124 2382 5168 redire
2402 5132 2679 5168 nouantur-
2726 5120 2964 5168 liter-nne
3016 5119 3083 5151 ¹ί⁶
3127 5126 3304 5168 autem
3352 5117 3467 5168 sine
3513 5115 3620 5168 ulla
3666 5122 3747 5168 δυο
