3898 6320
73 258 152 312 555
1050 248 1479 308 FRANCORUM
1518 248 1756 306 REGUM
1796 245 2278 304 CAPITULARIA.

3137 247 3241 303 554

73 371 180 442 quod
201 368 341 434 absit,
362 364 592 435 coniugia
621 363 817 418 iterare
867 363 1327 433 praesumpserint,
1368 361 1563 417 acriori
1595 351 1639 407 Α
1669 359 1797 416 dum
1820 371 2129 416 sanctorum
2153 361 2370 416 Patrum
2410 368 2608 415 statuta
2652 377 2708 414 se
2735 375 2962 430 purgare
2995 369 3242 430 cogatur.

72 459 312 517 subdantur
331 455 580 518 vindictae,
611 462 664 505 et
700 453 930 521 amplius
959 453 1346 523 propellantur.
1394 451 1494 518 Qui
1521 451 1568 505 si

72 554 176 607 forte
195 549 388 606 obedire
405 547 614 602 monitis
635 545 962 602 salutaribus
1006 545 1298 613 noluerint,
1345 546 1568 600 anathe-

69 643 350 696 matizentur.
1162 647 1166 656 ‘

118 728 188 782 68.
215 726 376 781 Deliis
399 725 484 795 qui
515 739 738 795 sponsas
772 723 976 780 alienas
1015 725 1252 795 rapiunt,
1303 725 1387 780 vel
1439 740 1567 779 con—

69 832 187 871 sensu
212 825 468 884 parentum
498 814 784 884 accipiunt,
816 816 1035 884 antiqua
1061 823 1116 869 et
1147 815 1418 886 synodalis
1443 831 1570 870 sen-

67 907 192 962 tentia
219 907 530 960 observetur.
558 906 708 972 Quod
735 914 790 959 et
819 905 862 958 si
891 904 1031 960 forte
1061 905 1115 960 in
1141 905 1372 961 ecclesia
1399 920 1569 959 even-

67 1009 128 1052 tus
157 996 256 1050 talis
282 997 492 1066 reperiri
523 997 838 1062 dinoscitur,
867 1006 925 1051 ut
954 1013 1051 1067 pro
1105 997 1296 1053 salutis
1346 1007 1400 1053 et
1448 997 1573 1052 reli-

67 1087 196 1157 gionis
243 1087 583 1156 competentia
664 1087 951 1141 humanius
1026 1088 1280 1158 quiddam
1345 1089 1574 1142 debeant

69 1187 246 1231 tractare
270 1177 555 1246 pontiﬁces,
579 1178 719 1232 sicut
749 1180 1031 1244 canonica,
1059 1189 1117 1233 ut
1139 1179 1344 1234 eisdem
1394 1179 1574 1234 verbis

66 1279 247 1334 utamur,
270 1267 416 1322 docet
467 1269 778 1335 auctoritas,
841 1271 966 1338 quia
1008 1270 1162 1340 prior
1207 1271 1440 1340 quidem.
1493 1271 1572 1324 in-

69 1358 226 1426 quiens,
254 1357 476 1412 deﬁnitio
506 1359 728 1424 durius,
788 1361 1058 1430 posterior
1099 1369 1277 1415 autem
1319 1360 1574 1430 quiddam

69 1449 260 1502 tractavit
284 1449 583 1513 humanius,
608 1449 756 1504 nullo
783 1450 964 1516 modo,
993 1458 1051 1504 ut
1072 1449 1140 1506 ad
1174 1450 1463 1504 maximam
1495 1451 1574 1504 in-

1741 449 1828 505 72.
1854 449 1924 504 Ut
1951 465 2108 504 nemo
2131 449 2425 522 quemlibet
2449 458 2720 504 mortuum
2753 451 2803 503 in
2834 450 3065 504 ecclesia
3092 451 3247 520 quasi

1631 575 1639 581 υ
1671 540 1998 595 hereditario
2021 541 2160 610 jure.
2201 540 2305 595 nisi
2331 554 2489 610 quem
2515 541 2801 610 episcopus
2847 549 2940 592 aut
2968 540 3249 609 presbyter

1669 643 1768 699 pro
1791 629 2051 698 qualitate
2079 629 2504 684 conversationis
2528 637 2583 683 et
2613 629 2737 682 vita:
2763 629 2982 698 dignum
3009 628 3250 700 duxerit,

1671 717 1896 786 sepelire
1924 726 2233 786 praesumat.
2290 716 2398 771 Nec
2446 717 2734 787 quisquam
2789 733 2911 771 ossa
2964 717 3250 786 cujuslibet

1672 807 1865 860 mortui
1897 807 1962 862 de
1990 807 2239 875 sepulcro
2264 821 2362 859 suo
2406 807 2589 875 ejiciat
2627 806 2714 872 ηπ,
2765 814 2859 860 aut
2914 807 3248 873 sepulturam

1669 896 1988 966 cujusquam
2020 899 2087 932 ¹¹⁹
2112 898 2401 951 temerario
2431 913 2565 950 ausu
2595 911 2812 966 quoquo
2855 896 3012 950 modo
3042 897 3200 950 violet
3233 914 3248 960 ;

1671 991 1766 1042 sed
1794 1002 2228 1057 unumquemque
2251 989 2302 1042 in
2334 987 2508 1042 loculo
2558 989 2657 1042 sibi
2712 1004 2742 1040 a
2794 989 2904 1042 Deo
2948 998 3254 1057 praeparato

1672 1089 1836 1149 atque
1861 1095 2121 1135 concesso
2144 1081 2431 1134 adventum
2464 1081 2544 1134 sui
2565 1080 2763 1150 judicis
2792 1081 3087 1148 prmstolari
3120 1095 3250 1134 con-

1672 1171 2124 1236 cedat;maxime
2173 1187 2295 1225 cttm
2336 1186 2440 1224 non
2499 1171 2670 1224 solmn
2719 1172 2909 1225 divinae
2960 1171 3124 1240 leges,
3159 1171 3254 1224 sed

1672 1263 1834 1316 etiam
1858 1269 1914 1315 et
1938 1263 2188 1316 humana:
2219 1259 2358 1330 apud
2389 1261 2674 1314 humanam
2706 1275 2815 1314 rem
2844 1261 3110 1330 publicam
3163 1275 3248 1313 se-

1671 1353 1978 1424 pulcrorum
2009 1353 2298 1407 violatores
2316 1368 2437 1408 reos
2464 1353 2653 1407 mortis
2688 1351 3002 1421 diiudicent.
3062 1349 3166 1406 Sel
3199 1362 3253 1405 ct

1674 1457 1847 1512 neque
1868 1457 1965 1512 pro
1989 1443 2107 1497 loco
2124 1443 2430 1511 sepulturae,
2461 1453 2520 1498 ut
2549 1443 2728 1498 verbis
2785 1443 2955 1497 sancti
3007 1441 3256 1512 Gregorii

70 1539 752 1608 dulgentiamdescendamus,
804 1541 1028 1597 alterius
1079 1557 1292 1612 sponsae
1325 1550 1576 1612 acceptor

1694 1543 1910 1594 ttamur,
1938 1535 2170 1603 pretium
2197 1534 2262 1587 de
2300 1543 2440 1588 terra
2493 1533 2759 1603 putredini
2798 1523 3055 1588 concessa
3105 1550 3256 1604 qum~

69 1630 148 1682 sine
166 1628 352 1699 publica
379 1639 616 1686 transeat
645 1633 984 1701 paenitentia,
1016 1643 1072 1687 et
1101 1648 1298 1703 sponso
1328 1631 1576 1703 legaliter
1675 1638 1816 1688 rere,
1844 1633 1900 1678 et
1919 1625 1984 1678 de
2013 1624 2188 1678 alieno
2218 1623 2352 1679 velle
2383 1624 2452 1655 ¹¹⁶
2503 1624 2681 1678 facere
2738 1622 2884 1678 luctu
2910 1625 2974 1656 ¹²¹
3005 1639 3262 1695 compen-

69 1720 234 1773 multam
263 1722 320 1752 ¹¹⁷
346 1731 649 1792 componat.
683 1721 834 1788 Quod
862 1723 905 1776 si
930 1723 1043 1777 hzec
1071 1723 1291 1777 obedire
1314 1721 1571 1788 reuuerit,
1603 1707 1648 1766 Β
1676 1714 1845 1778 dium,
1886 1712 2066 1783 aliquo
2114 1713 2273 1768 modo
2331 1723 2572 1783 temptet.
2631 1713 2686 1768 Si
2723 1716 2938 1783 quando
2981 1726 3158 1769 autem
3190 1716 3258 1747 ⁸⁸⁸

69 1812 149 1863 sine
184 1810 274 1864 ulla
326 1809 680 1882 refragatione
737 1813 1222 1867 anathematizetur
1271 1829 1286 1864 :
1340 1811 1575 1866 fautores

68 1914 158 1954 vero
181 1901 300 1956 illius
323 1900 471 1970 juxta
521 1904 742 1957 modum
797 1902 968 1972 culpa:
1016 1903 1305 1972 episcopali
1357 1904 1574 1959 decreto

69 1990 316 2057 pteniteant.
346 1993 399 2048 Si
423 2008 577 2059 vero,
603 1998 747 2064 quod
776 2009 880 2049 non
904 2004 1173 2065 optamus,
1202 2011 1292 2064 qut
1319 1997 1382 2049 de
1404 1995 1572 2064 gradu

71 2079 362 2136 ecclesiastico
379 2083 574 2138 talibus
598 2085 802 2154 nuptiis
823 2099 881 2138 se
906 2100 1282 2156 consensqrem
1306 2086 1388 2139 vel
1406 2086 1576 2142 inter-

71 2180 282 2225 rentorem
303 2173 583 2229 manifeste
603 2174 899 2244 prodiderit
921 2191 949 2228 a
973 2175 1137 2244 gradu
1161 2177 1380 2246 pr0prio
1398 2176 1576 2245 repel-

72 2255 184 2312 latur.
209 2261 266 2315 Et
289 2263 328 2318 si
356 2264 736 2320 verisimilibus
765 2265 960 2320 exinde
993 2267 1385 2336 suspicionibus
1415 2266 1579 2322 fuerit

71 2348 356 2419 propulSatus,
371 2362 425 2408 et
439 2354 703 2409 canonice
723 2355 1030 2424 nequiverit
1051 2356 1360 2424 approbari,
1379 2370 1574 2411 secun~

1680 1806 1909 1875 proximi
1935 1805 2017 1859 vel
2045 1806 2269 1860 heredes
2297 1815 2490 1875 sponte
2528 1805 2728 1876 aliquid
2776 1806 2971 1862 otl‘erre
3017 1807 3260 1862 ecclesiae

1679 1895 1947 1949 voluerint
1969 1896 2021 1948 iu
2047 1895 2342 1951 elemosiua
2381 1897 2642 1960 defuncti,
2678 1898 2924 1969 accipere
2954 1914 3055 1952 non
3113 1907 3262 1953 veta-

1680 2001 1800 2041 mus
1832 2004 1846 2039 :
1874 1987 1981 2055 peti
2008 2003 2137 2043 vero
2175 1997 2269 2043 aut
2305 1988 2506 2058 aliquid
2543 1990 2682 2060 exigi
2715 1991 3025 2045 omnimodo
3076 1992 3263 2060 prohi-

1680 2079 1898 2145 bemus,
1930 2095 2018 2145 ue,
2042 2082 2183 2152 quod
2205 2082 2358 2136 valde
2389 2081 2757 2152 inreligiosum
2785 2093 2888 2148 est,
2915 2093 3008 2137 aut
3036 2083 3258 2149 venalis,

1677 2170 1818 2239 quod
1850 2169 2008 2235 absit,
2040 2171 2250 2226 dicatur
2281 2172 2532 2239 ecclesia,
2561 2183 2654 2227 aut
2682 2174 2748 2228 de
2776 2174 3026 2228 humanis
3072 2175 3265 2229 morti-

1677 2264 1778 2318 bus
1800 2264 2080 2319 videamur
2113 2265 2397 2336 gratulari,
2421 2267 2464 2322 si
2488 2267 2864 2338 compendium
2898 2267 3092 2324 exinde
3145 2275 3259 2324 stu-

1677 2353 1868 2409 demus
1905 2355 2064 2411 modo
2087 2356 2327 2426 quolibet
2348 2371 2608 2426 quaerere.

453 2473 862 2571 ιιιοτιιΑιιιι,
900 2503 1301 2564 HLUDOWICI
1348 2507 1435 2563 ET
1468 2507 1581 2562 ΚΑΙ

1690 2506 1723 2562 .l
1759 2506 2180 2565 CONVENTUS
2211 2510 2396 2567 APUD
2433 2511 2794 2568 MARSNAM.

1391 2663 1515 2736 (An.
1545 2663 1672 2720 847.
1715 2663 1905 2736 Febr.)

119 2815 341 2874 Sirmondi
368 2828 422 2875 et
445 2819 656 2875 Baluzii
687 2817 951 2875 editiones
983 2833 1086 2891 ope
1119 2819 1324 2876 codicis
1349 2819 1406 2893 2)
1431 2820 1562 2892 regii
1594 2819 1916 2878 Parisiensis
1942 2840 1997 2878 ιι.
2029 2823 2171 2882 4658
2194 2827 2623 2897 recognovimus.

73 2981 596 3069 Hecqttw‘sequuntu-f‘
619 2986 851 3069 capitula
881 2998 998 3069 acte
1051 2990 1436 3069 sunt-quando
1482 3000 1583 3048 tm
1612 2976 1657 3038 C
1756 2995 1810 3050 5.
1842 2995 1913 3052 Ut
1939 2996 2163 3069 singulis
2185 3012 2376 3056 eorum
2403 2997 2651 3056 fidelibus
2688 3000 2811 3056 talis
2839 3001 2924 3057 lex
2971 3017 3263 3062 conserve-

119 3071 226 3127 [eges
259 3057 457 3127 fratres,
521 3057 837 3114 Hlotharius
868 3059 1084 3126 scilicet,
1132 3057 1494 3126 Hltidowicus.
1536 3074 1583 3118 et

123 3123 320 3196 libratus,
350 3123 505 3184 simul
534 3139 880 3183 convenerunt
907 3146 1053 3185 secus
1071 3123 1426 3196 'municipium
1461 3123 1587 3188 Tre-

123 3149 320 3196 uarams,
350 3149 502 3184 simtu
534 3149 880 3183 convenerunt
907 3149 1053 3185 secus
1085 3149 1276 3184 mumcr
1318 3149 1426 3186 tum
1462 3149 1488 3187 1
1508 3149 1586 3188 re-

111 3195 290 3271 jftittm,
334 3203 385 3254 in
425 3201 544 3255 loco
590 3199 679 3269 qui
732 3200 927 3253 dicitur
977 3149 1357 3271 ﬂammarii)
1388 3243 1403 3268 ,
1447 3219 1586 3258 anno

117 3264 352 3323 Dominicre
391 3264 776 3325 incarmitionis
824 3271 926 3324 847
973 3287 1146 3326 mense
1193 3264 1479 3328 Febronrio
1517 3275 1584 3306 ¹²³

115 3349 200 3401 qua
237 3341 383 3395 etiam
431 3339 668 3412 capitula
695 3339 1022 3411 singulorum
1045 3343 1468 3398 adnuntiationes
1500 3361 1584 3400 se-

114 3420 319 3472 quuntur.

115 3515 213 3572 Ειι».
241 3521 285 3575 t.
313 3521 387 3579 De
437 3537 580 3594 pace
603 3532 660 3580 et
686 3522 972 3579 concordia
1025 3532 1190 3595 atque
1236 3527 1588 3583 unanimitate

69 3606 184 3662 trium
219 3610 431 3670 fratrum
459 3625 518 3670 et
554 3629 737 3686 regum
774 3615 915 3670 inter
942 3628 1021 3681 se,
1051 3625 1105 3670 et
1131 3615 1276 3685 quod
1305 3615 1587 3672 verissimo

69 3705 104 3747 et
117 3713 194 3753 non
216 3702 330 3761 ﬁcto
361 3707 614 3762 caritatis
642 3706 854 3761 vinculo
895 3707 1002 3762 sint
1029 3708 1191 3771 uniti,
1221 3715 1357 3762 etut
1411 3707 1588 3764 nullus

68 3786 253 3864 deinceps
287 3797 667 3853 scandalorum
717 3781 860 3852 inter
885 3782 1001 3854 'eos
1044 3799 1359 3854 occasiones
1406 3813 1589 3854 serere

66 3879 203 3941 possit.

109 3968 148 4022 2.
176 3973 232 4030 Ut
257 3977 349 4048 ipsi
396 3989 592 4036 mutuo
639 3980 740 4036 sibi
791 3981 1137 4048 auxilientur,
1183 3991 1236 4038 et
1269 3993 1454 4040 contra
1494 3982 1587 4038 Dei

65 4071 305 4136 sanctaque
358 4072 608 4128 ecclesiae
659 4087 723 4128 ac
783 4088 911 4129 suos
984 4074 1232 4130 inimicos
1294 4076 1586 4132 secundum

61 4158 414 4216 oportunitatem
439 4163 701 4232 temporis
723 4162 952 4218 invicem
986 4165 1263 4234 adjuvent.

106 4239 146 4294 3.
168 4243 226 4300 Ut
245 4263 396 4306 nemo
425 4268 527 4322 per
553 4252 844 4322 quamlibet
871 4253 1217 4322 cupiditatem
1263 4254 1408 4326 leges
1441 4256 1589 4326 pacis

61 4322 96 4380 in
121 4331 373 4402 cujuslibet
393 4355 588 4396 eorum
635 4355 799 4411 regno
847 4341 1150 4398 convellere
1174 4343 1243 4375 ⁸³⁵
1271 4322 1579 4414 praesumat.
1611 4351 1662 4410 Ι)

60 4416 168 4481 Quod
195 4427 232 4481 si
259 4427 434 4486 facere
465 4432 892 4502 praesumpserit,
920 4447 1261 4489 communem
1287 4436 1354 4490 ab
1390 4436 1469 4490 eis
1497 4435 1581 4490 ul-

61 4508 208 4572 tionem
229 4521 487 4580 incurrat.

245 4637 490 4694 ecclesiae
511 4636 712 4694 Christi
749 4639 818 4672 η’
842 4654 939 4709 per
958 4655 1119 4697 omne
1147 4655 1332 4696 eorum
1360 4655 1583 4711 regnum

56 4721 281 4817 pristinam
338 4729 661 4800 dignitatem
728 4730 1096 4802 honoremque
1153 4733 1458 4796 retineant;
1531 4741 1584 4787 et

55 4816 256 4880 quthuid
300 4821 596 4889 superstite
638 4819 836 4876 domno
889 4821 1202 4878 Hludowico
1261 4824 1588 4893 imperatore

52 4893 140 5001 ll"?
163 4902 388 5001 legitimo
427 4913 805 4982 possederunt,
837 4913 1042 4970 absone
1081 4914 1187 4969 ulla
1217 4915 1586 4973 deminutione

57 4994 289 5060 lecipiant.
1177 5021 1182 5028 ·
1467 5019 1478 5025 ”

1687 3099 1794 3158 tur,
1827 3090 2042 3161 qualem
2087 3093 2422 3162 temporibus
2461 3093 2700 3164 priorum
2742 3109 2952 3166 regum,
2984 3106 3040 3152 et
3073 3099 3265 3168 przeci-

1684 3200 1788 3256 pue
1846 3187 1933 3242 avi
1971 3187 2248 3257 patrisque
2291 3202 2500 3256 eorum,
2553 3189 2804 3245 habuisse
2853 3201 3173 3261 noscuntur,
3221 3193 3268 3248 si

1686 3286 1867 3332 tamen
1912 3285 1965 3332 et
2011 3277 2113 3348 ipsi
2168 3278 2453 3349 pristinam
2497 3277 2658 3336 tidem
2689 3294 2817 3352 erga
2867 3281 3010 3350 ipsos
3043 3297 3270 3339 conser-

1683 3375 1832 3422 vent.

1757 3456 1810 3511 6.
1835 3457 1906 3512 Ut
1955 3459 2159 3528 rapina:
2190 3469 2246 3514 et
2290 3460 2737 3529 deprzedationes,
2771 3477 2891 3532 qua:
2945 3463 3100 3534 quasi
3140 3463 3271 3532 jure

1686 3546 1924 3618 legitimo
1962 3549 2225 3602 hactenus
2253 3548 2408 3605 facta:
2428 3559 2576 3614 sunt,
2599 3551 2818 3621 penitus
2843 3551 3262 3620 interdicantur,

1686 3649 1740 3694 et
1769 3655 1928 3694 nemo
1966 3653 2024 3696 se
2049 3640 2266 3710 impune
2288 3643 2552 3712 posthaec
2596 3657 2690 3698 eas
2720 3659 3056 3714 praesumere
3109 3661 3273 3718 posse

1688 3732 1947 3787 confidat.

1758 3822 1810 3875 7.
1843 3820 1911 3876 Ut
1933 3821 1986 3876 in
2010 3821 2236 3892 singulis
2260 3819 2508 3892 partibus
2543 3824 2697 3894 regni
2734 3825 2885 3881 missi
2917 3825 3097 3882 idonei
3143 3842 3274 3883 con-

1687 3914 2005 3979 stituantur,
2043 3915 2137 3984 qui
2186 3913 2438 3985 querelas
2467 3930 2763 3987 pauperum
2803 3925 2857 3972 et
2895 3919 3273 3989 oppressiones

1689 4005 1804 4060 sive
1854 4021 2318 4076 quorumcumque
2377 4020 2574 4064 causas
2619 4009 2952 4073 examinare,
2986 4018 3043 4064 et
3069 4024 3270 4066 secun-

1688 4096 1815 4151 dum
1839 4095 1973 4168 legis
1997 4097 2306 4168 aequitatem
2335 4097 2548 4154 valeant
2571 4096 2817 4153 definire.
2872 4099 2939 4153 Et
2984 4101 3028 4154 si
3069 4101 3136 4154 ab
3164 4117 3273 4154 uno

1689 4189 1743 4245 in
1766 4190 1912 4245 aliud
1950 4205 2174 4261 regnum
2201 4188 2507 4260 huiusmodi
2546 4200 2962 4260 praesumptores
3005 4191 3265 4263 confuge-

1693 4283 1819 4346 rint,
1849 4283 1920 4338 ibi
1947 4283 2199 4338 similiter
2229 4283 2623 4354 opprimantur.

1757 4375 1808 4428 8.
1843 4373 1913 4429 Ut
1955 4373 2133 4430 nullus
2179 4374 2232 4428 in
2259 4375 2404 4429 omni
2436 4388 2622 4429 eorum
2665 4390 2830 4445 regno
2881 4375 3135 4446 deinceps
3183 4393 3270 4432 ra-

1685 4473 1836 4534 ptum
1871 4463 2048 4518 facere
2076 4471 2387 4534 praesumat.
2416 4464 2525 4518 Aut
2561 4464 2607 4520 si
2638 4463 2853 4532 fecerit,
2893 4465 3139 4537 legaliter
3173 4483 3275 4537 pu-

1687 4556 1834 4609 uiatu
1844 4571 1888 4608 r.

1757 4647 1811 4702 9.
1866 4647 1932 4704 Ut
1987 4663 2172 4718 regum
2219 4647 2313 4702 lilii
2368 4647 2662 4718 legitimam
2712 4650 3068 4705 hereditatem
3119 4653 3268 4722 regni

1688 4739 1983 4794 secundum
2016 4738 2268 4793 detinitas
2289 4740 2541 4807 praesenti
2575 4748 2818 4809 tempore
2839 4743 3118 4810 portiones
3152 4753 3275 4812 post

1687 4845 1781 4886 eos
1809 4829 2194 4896 retineant;et
2244 4831 2348 4886 hoc
2389 4831 2714 4902 quicumque
2765 4848 2830 4888 ex
2867 4835 2952 4890 his
3011 4834 3271 4892 fratribus

1687 4927 1963 4990 superstes
1994 4919 2252 4976 fratribus
2300 4919 2466 4976 fuerit
2505 4923 2827 4989 consentiat,
2863 4925 2908 4979 si
2951 4934 3128 4982 tamen
3169 4927 3273 4998 ipsi

1690 5021 1915 5080 nepotes
1940 5013 2148 5082 patruis
2175 5010 2492 5068 obedientes
2523 5027 2640 5069 esse
2661 5016 3055 5071 consenserint.

1283 5139 1515 5196 νΑιιιΔιι
1571 5141 1952 5199 LECTIONES

109 5243 160 5323 nr
174 5210 353 5323 31m“:
379 5253 436 5308 2.
465 5253 582 5323 Mus
609 5253 790 5323 δραι-ρ
814 5251 870 5306 2,
901 5322 906 5323 γ
1039 5269 1202 5323 quam
1235 5263 1276 5308 ι.
1309 5271 1361 5310 a.

58 5376 139 5436 lete
171 5386 220 5441 2.
293 5391 362 5424 ³³⁸
395 5376 558 5448 deest
579 5392 618 5446 2
715 5447 723 5453 .

193 5258 350 5305 multa
379 5258 436 5308 2.
513 5258 582 5287 "'
609 5258 787 5309 eicere
814 5258 870 5306 Ξ.
948 5258 1014 5288 ³³⁸
1039 5269 1202 5323 quam
1235 5263 1276 5308 t.
1309 5271 1361 5310 a.
1401 5273 1455 5326 q.
1516 5274 1588 5312 ιιι.
1621 5273 1673 5310 v.
1705 5274 1749 5313 s.
1805 5273 1861 5311 ιι.
1914 5258 1968 5312 in
2001 5259 2038 5311 l.
2070 5271 2115 5312 s.
2152 5271 2182 5312 a
2209 5258 2320 5312 Deo
2346 5260 2532 5314 desunt
2561 5259 2614 5314 2.
2693 5261 2760 5294 ¹³⁰
2793 5260 2940 5315 nullo
2966 5260 3021 5314 2.
3074 5261 3270 5315 Βρηου.

58 5305 147 5384 βαι.
173 5315 266 5373 Tit.
304 5321 416 5377 ullo
461 5321 606 5376 Trec.
685 5321 748 5354 ¹³¹
779 5322 913 5379 lucri
942 5322 1041 5378 Tit.
1084 5325 1222 5379 deest
1255 5325 1309 5379 2.
1389 5328 1455 5359 ¹¹¹
1481 5329 1617 5382 deest
1646 5327 1701 5384 2.
1797 5328 1864 5361 ‘"
1892 5343 1987 5384 uer
2011 5343 2248 5384 mensem
2275 5327 2603 5384 februarium
2641 5330 2802 5384 etiam
2829 5332 2951 5384 edd.
3027 5330 3097 5362 ¹²⁶
3122 5331 3267 5384 evel-

1797 5328 1864 5361 ⁸⁸³
1890 5343 1987 5400 per
2011 5343 2248 5385 mensem
2275 5327 2603 5386 februarium
2641 5330 2802 5386 etiam
2829 5332 2951 5386 edd.
3027 5330 3097 5362 ¹²⁸
3122 5331 3267 5387 evel-

1543 5467 1752 5526 ΝΟΤᾹΕ
1763 5509 1776 5524 .

61 5540 480 5626 μαθςιηιιιιρῑ
527 5551 894 5626 Ferrariensis
937 5555 1194 5626 epistolas
1243 5559 1336 5623 δι),
1365 5558 1456 5624 δι,
1481 5559 1581 5626 59;

60 5622 96 5660 m
118 5627 204 5682 qua
233 5621 358 5674 dicit
405 5637 555 5694 reges
581 5625 912 5680 hebdomada
941 5621 1175 5684 secunda
1219 5621 1578 5703 Quadragesi-I

293 5715 557 5783 Ρηιιοιι.
605 5718 1008 5782 CXXXVIII.

1692 5577 1794 5647 ma:
1823 5562 2169 5647 _colloquium
2203 5546 2656 5647 celebrati-tros”,
2685 5562 3006 5647 §irrnondo_
3018 5573 3274 5647 monente

1684 5631 2122 5714 Quadragesimai
2145 5633 2356 5690 initium
2386 5647 2474 5689 an.
2498 5633 2601 5689 847
2632 5631 2732 5689 fuit
2754 5635 2840 5690 die
2879 5635 2943 5689 t6
2962 5633 3270 5692 Februarii.

2885 5726 2958 5790 18
