3876 5326
613 280 716 337 555

1315 278 1605 335 APPEND.
1655 277 1746 332 AD
1777 274 1952 332 SIEC.
1992 274 2058 329 X.
2099 304 2166 314 —-
2206 272 2640 330 MONUMENTA
2679 274 3163 334 DIPLOMATICA.
3756 280 3840 336 556

675 391 759 446 10.
789 392 859 449 Ut
882 390 1041 462 legati
1077 392 1143 445 ad
1183 390 1372 445 ducem
1401 389 1705 444 Brittonum
1753 374 2061 449 mittantur,
2089 383 2181 453 qui
2212 372 2258 429 Α
2291 365 2473 442 Karoli
2502 386 2739 454 fuerunt,
2777 395 2831 444 et
2859 387 2965 443 illis
2992 387 3232 453 mandat,
3263 393 3323 442 ut
3359 403 3457 458 per
3482 388 3685 445 nullum
3716 372 3844 465 inge-

601 484 667 540 de
695 486 966 540 communi
996 497 1122 555 erga
1148 497 1241 538 eos
1269 480 1645 538 observatione
1675 478 1824 548 pacis
1862 493 1983 532 eum
2035 490 2183 531 com-

600 585 874 630 moneant.

672 667 759 722 11.
793 666 863 722 Ut
888 665 1137 721 similiter
1172 665 1240 735 ad
1286 679 1465 735 regem
1496 662 1966 727 Nordmannorum
2026 658 2184 730 legati

601 762 904 825 mittantur,
934 760 1024 829 qui
1054 774 1178 814 eum
1217 765 1614 822 contestentur,
1663 754 1805 826 quod
1855 761 1950 807 aut
1995 766 2185 823 pacem

599 867 820 909 servare
851 850 1106 915 studebit,
1132 857 1226 904 aut
1273 847 1636 905 communiter
1664 861 1758 902 eos
1792 843 2035 900 infensos
2084 842 2183 896 ha-

597 945 765 1000 bebit.

952 1054 1299 1110 Adnuntiatio
1325 1053 1505 1119 damni
1528 1051 1820 1107 Hlotharii.

666 1148 833 1205 Nobis
856 1157 912 1204 et
941 1148 1008 1178 ¹²⁶
1056 1146 1317 1202 fratribus
1368 1144 1574 1200 nostris
1628 1144 1804 1198 visum
1832 1141 1954 1208 fuit,
2014 1149 2074 1195 ut
2119 1139 2185 1195 ad

597 1240 690 1295 Dei
714 1239 1051 1295 voluntatem
1076 1234 1446 1307 qumrendam,
1477 1232 1712 1303 qualiter
1733 1240 1919 1287 sancta
1951 1229 2184 1285 ecclesia

597 1336 913 1399 recuperata
938 1341 1058 1401 esse
1088 1325 1277 1395 possit,
1308 1332 1365 1380 et
1406 1338 1596 1394 pacem
1642 1330 1697 1377 et
1742 1335 1842 1376 nos
1887 1334 1951 1376 ac
1981 1334 2078 1375 vos
2130 1326 2186 1374 et

595 1422 699 1477 iste
727 1418 956 1492 populus
982 1408 1312 1473 christianus
1338 1416 1540 1472 habere
1560 1415 1833 1486 possimus
1852 1454 1867 1480 ,
1899 1428 1998 1470 nos
2022 1411 2184 1467 simul

596 1511 1070 1583 conjungeremus,
1097 1508 1238 1564 sicut
1264 1522 1407 1563 nunc
1439 1505 1687 1570 fecimus,
1712 1513 1768 1560 et
1800 1504 1879 1560 sic
1902 1504 2075 1561 simus
2101 1503 2184 1559 in-

595 1615 679 1660 ter
711 1617 840 1666 nos,
876 1601 1017 1657 sicut
1054 1599 1254 1656 fratres
1294 1613 1393 1671 per
1434 1606 1641 1654 rectum
1696 1609 1818 1651 esse
1854 1595 2071 1651 debent.
2116 1593 2184 1649 Et

592 1711 691 1765 pro
713 1703 861 1750 certo
886 1692 1015 1748 illud
1042 1691 1260 1757 sciatis,
1302 1689 1431 1762 quia
1457 1688 1661 1760 gratias
1692 1687 1837 1743 Deo!
1874 1686 1954 1741 sic
1995 1699 2182 1741 sumus

592 1796 646 1842 et
667 1788 746 1842 sic
766 1799 1086 1856 permanere
1120 1781 1407 1854 adjuvante
1436 1780 1547 1836 Deo
1596 1779 1780 1834 inante
1825 1776 2096 1844 volumus,

592 1879 647 1934 in
674 1877 899 1934 consilio
929 1884 985 1931 et
1025 1874 1079 1929 in
1114 1872 1314 1928 auxilio
1351 1870 1725 1941 unusquisque
1773 1883 1900 1939 erga
1950 1866 2180 1923 alterum

590 1969 765 2040 parati
797 1982 984 2025 sumus
1024 1965 1349 2038 adjutorium
1374 1963 1553 2031 ferre,
1586 1963 1727 2019 sicut
1756 1960 1961 2018 fratres
1991 1960 2047 2015 in
2085 1959 2181 2016 Dei

593 2061 868 2117 voluntate
911 2067 966 2114 et
1017 2056 1292 2114 communi
1341 2055 1584 2128 profectu
1635 2054 1817 2111 facere
1855 2053 2077 2119 debent,
2124 2052 2181 2106 in

591 2148 1021 2220 quibuscumque
1041 2146 1419 2221 potuerimus,

910 2238 1258 2293 Adnuntiatio
1307 2238 1486 2292 damni
1519 2235 1838 2291 Hludowici.

663 2333 713 2386 i.
744 2331 941 2386 Sciatis
979 2328 1109 2400 quia
1147 2326 1345 2384 fratres
1371 2327 1541 2384 nostri
1567 2336 1623 2383 et
1648 2342 1749 2383 nos
1792 2335 2008 2384 nostros
2054 2327 2181 2382 niis-

590 2440 680 2482 sos
702 2425 769 2480 ad
805 2436 1148 2480 communem
1180 2429 1432 2493 nepotem
1459 2428 1704 2476 nostrum
1735 2418 1849 2491 (45)
1873 2419 1929 2474 in
1951 2418 2180 2490 Aquila-

590 2518 738 2572 niam
780 2515 1077 2578 mittimus,
1136 2521 1192 2570 et
1241 2512 1293 2569 ei
1345 2511 1479 2568 tales
1526 2511 1818 2568 comitatus
1871 2510 2182 2583 designatos

589 2608 933 2675 mandamus,
973 2607 1028 2663 in
1075 2605 1275 2677 quibus
1300 2605 1416 2676 ipse
1462 2620 1583 2660 cum
1610 2604 1724 2660 suis
1776 2604 1995 2659 interim
2030 2602 2180 2659 sufﬁ-

591 2700 800 2754 cienter
840 2712 963 2754 esse
991 2696 1183 2770 possit,
1211 2703 1268 2753 et
1313 2695 1500 2753 fideles
1530 2694 1712 2752 dilecti
1766 2693 1952 2751 fratris
2008 2693 2181 2750 nostri

589 2790 772 2846 Karoli
801 2791 867 2847 de
895 2789 987 2845 illo
1033 2803 1202 2860 regno
1241 2802 1431 2858 pacem
1482 2787 1685 2844 habere
1733 2786 1961 2858 possint,
2010 2801 2182 2858 usque

588 2883 717 2938 dum
753 2883 895 2939 idem
927 2882 993 2914 ⁸³⁷
1023 2894 1190 2952 nepos
1214 2888 1401 2935 noster
1417 2879 1484 2934 ad
1513 2894 1801 2936 commune
1825 2879 1892 2912 ¹²⁸
1922 2879 2179 2951 placitum

589 2984 836 3031 nostrum
869 2973 1082 3041 veniat;
1110 2973 1178 3028 ad
1200 2971 1344 3044 quod
1371 2986 1495 3028 cum
1520 2970 1614 3027 tali
1640 2970 1933 3029 securitate
1960 2987 1991 3027 a
2024 2968 2182 3028 nobis

591 3074 813 3135 accepta
853 3080 973 3122 eum
998 3063 1185 3120 venire
1213 3063 1557 3129 mandamus,
1585 3070 1647 3118 ut
1693 3076 1861 3119 sanus
1905 3062 2089 3118 venire
2124 3068 2183 3118 et

590 3173 756 3214 sanus
787 3165 935 3212 stare
962 3163 1019 3212 et
1059 3168 1226 3211 sanus
1272 3153 1496 3221 reverti,
1540 3161 1800 3226 quantum
1839 3152 1989 3209 illum
2040 3152 2183 3209 Deus

592 3249 805 3305 salvare
829 3245 1079 3311 voluerit,
1104 3244 1294 3317 possit.
1324 3243 1393 3300 Et
1413 3243 1459 3301 si
1483 3252 1609 3300 tunc
1634 3251 1879 3300 nostrum
1895 3241 2182 3300 consilium

593 3340 784 3396 audire
808 3337 1058 3403 voluerit,
1085 3335 1334 3393 volumus
1357 3351 1479 3392 cum
1507 3335 1601 3392 Dei
1632 3334 1901 3407 adjutorio
1926 3342 1980 3390 et
1999 3343 2181 3391 vestro

592 3429 819 3487 consilio
871 3428 1254 3493 considerare,
1302 3426 1573 3498 quomodo
1627 3424 1823 3482 melius
1883 3423 2181 3482 secundum

594 3535 936 3577 communem
966 3516 1266 3591 profectum
1294 3526 1350 3573 et
1389 3515 1677 3571 utilitatem
1701 3514 1884 3571 inante
1906 3529 2027 3570 esse
2052 3528 2182 3585 pos-

592 3612 682 3668 sit.
711 3612 777 3668 Et
800 3613 848 3667 si
872 3620 1116 3667 nostrum
1148 3606 1433 3664 consilium
1463 3605 1651 3662 audire
1690 3619 1798 3661 non
1831 3604 2062 3662 voluerit
2090 3604 2181 3670 "',

594 3715 725 3761 tunc
759 3704 901 3760 sicut
924 3702 1114 3758 melius
1136 3716 1261 3757 cum
1296 3698 1391 3755 Dei
1424 3696 1691 3767 adjutorio
1716 3704 1773 3752 et
1800 3707 1980 3753 vestro
2004 3695 2183 3752 consi-

592 3797 668 3853 lio
699 3796 942 3852 invenire
966 3791 1328 3866 potuerimus,
1360 3789 1559 3846 exinde
1585 3803 1746 3860 agere
1776 3788 2047 3844 volumus.

664 3893 722 3947 2.
751 3888 949 3946 Sciatis
976 3887 1142 3942 etiam
1162 3927 1176 3953 ,
1202 3885 1329 3956 quia
1359 3882 1609 3939 similiter
1638 3881 1836 3938 missos
1860 3889 2078 3938 nostros
2114 3883 2185 3938 ad

594 3983 870 4039 Brittones
917 3978 1200 4042 mittimus,
1231 3983 1287 4029 et
1323 3972 1444 4028 illos
1491 3970 1560 4026 ad
1594 3984 1934 4027 communem
1966 3970 2181 4041 profec-

595 4086 709 4130 tum
734 4052 789 4128 et
828 4083 1018 4143 pacem
1043 4069 1347 4124 hortamur.
1377 4062 1480 4131 Qui
1525 4062 1571 4118 si
1618 4060 1893 4117 audierint
1938 4069 2033 4115 aut
2073 4075 2184 4115 non

594 4161 886 4229 audierint,
918 4173 1042 4215 cum
1070 4150 1165 4213 Dei
1191 4154 1462 4225 adjutorio
1488 4161 1544 4208 et
1562 4159 1744 4207 vestro
1766 4149 1994 4206 consilio
2030 4149 2183 4205 exin-

597 4257 663 4311 de
684 4255 851 4310 etiam
879 4251 1061 4307 facere
1091 4247 1362 4304 volumus.

664 4343 720 4397 3.
772 4339 971 4397 Sciatis
1019 4336 1145 4407 quia
1191 4333 1553 4392 communiter
1603 4330 1799 4387 missos
1847 4338 2061 4386 nostros
2114 4330 2183 4386 ad

593 4433 971 4490 Nordmannos
1009 4443 1107 4502 pro
1135 4440 1268 4499 pace
1296 4423 1609 4497 accipienda
1640 4421 1928 4478 mittimus.

2125 1748 2258 1832 etB

2288 478 2438 533 nium
2469 477 2673 545 inante,
2703 479 2846 534 sicut
2871 478 2938 534 de
2965 479 3059 534 Dei
3095 487 3150 534 et
3192 493 3285 534 sua
3312 479 3487 550 gratia
3511 479 3741 552 gaudere
3764 498 3843 538 vo-

2287 565 2422 633 lunt,
2466 568 2520 623 in
2552 568 2696 625 illius
2717 578 2771 625 et
2798 568 3035 626 fidelium
3065 568 3182 640 ejus
3208 569 3651 627 contrarietatem
3671 570 3843 643 aliquid

2288 658 2508 715 faciant.

2359 752 2413 808 5.
2440 752 2505 807 Et
2532 753 2718 810 sciatis
2744 754 2868 825 quia
2892 752 3158 813 volumus,
3191 760 3248 806 ut
3290 767 3379 808 res
3407 752 3779 817 ecclesiarum,
3803 754 3845 810 in

2288 843 2674 915 cujuscumque
2702 860 2867 917 regno
2893 854 3055 917 caput
3084 842 3269 910 fuerit,
3305 852 3415 898 tam
3448 843 3516 899 de
3544 843 3845 915 episcopali-

2285 933 2389 988 bus
2417 949 2579 1004 quam
2625 936 2692 991 de
2728 935 2982 1000 abbatiis,
3017 935 3133 991 sine
3163 933 3250 989 illa
3297 934 3732 991 contradictione
3771 953 3843 992 re-

2288 1033 2465 1079 ctores
2491 1025 2725 1096 ipsarum
2748 1027 3125 1092 ecclesiarum,
3150 1027 3291 1081 sicut
3323 1036 3567 1097 tempore
3601 1027 3774 1083 domui
3796 1047 3846 1085 ac

2286 1118 2545 1188 genitoris
2575 1121 2745 1175 nostri
2772 1121 3032 1186 fecerunt,
3065 1121 3183 1177 illas
3206 1120 3541 1193 possideant.

2357 1212 2410 1265 6.
2440 1208 2706 1268 Similiter
2756 1222 2813 1268 et
2853 1214 2920 1270 de
2967 1215 3367 1286 episcopalibus
3395 1225 3452 1272 et
3506 1220 3845 1286 monasteriis,

2285 1303 2611 1374 ubicumque
2640 1305 2693 1359 iu
2724 1314 2910 1361 nostro
2932 1309 3205 1363 communi
3234 1324 3400 1381 regno
3425 1309 3585 1366 aliter
3605 1321 3685 1366 est
3711 1313 3848 1368 modo

2285 1392 2446 1473 quam
2479 1392 2692 1462 debeat,
2722 1394 2969 1452 volumus
2998 1412 3103 1451 una
3134 1412 3257 1452 cum
3288 1399 3383 1454 Dei
3421 1399 3692 1471 adjutorio
3734 1402 3844 1457 illud

2284 1484 2594 1551 emendare,
2617 1493 2678 1540 ut
2702 1486 2932 1542 ecclesia
2985 1486 3076 1543 Dei
3106 1504 3262 1543 suum
3312 1491 3576 1547 honorem
3628 1493 3845 1549 debitum

2286 1574 2488 1629 habere
2516 1576 2710 1648 possit,
2742 1588 2795 1632 et
2841 1578 3071 1650 populus
3094 1595 3247 1636 suam
3296 1582 3470 1655 legem
3503 1592 3558 1641 et
3600 1584 3847 1655 justitiam

2285 1666 2499 1727 habeat.

2782 1763 3129 1819 Adnuntiatio
3156 1762 3365 1822 Karoli.

2356 1852 2407 1907 1.
2444 1851 2641 1909 Sciatis
2670 1855 2797 1925 quia
2832 1855 3011 1911 dilecti
3040 1854 3241 1914 fratres
3281 1859 3452 1915 nostri
3502 1870 3558 1915 et
3599 1876 3697 1917 nos
3720 1877 3849 1918 com-

2284 1944 2519 2001 muniter
2538 1946 2794 2016 placitum
2829 1956 3074 2004 nostrum
3106 1950 3173 2005 ad
3204 1951 3424 2008 missam
3466 1955 3640 2010 sancti
3669 1954 3847 2027 Johang

2283 2036 2369 2093 nis
2398 2038 2539 2109 apud
2582 2037 2826 2095 Parisius
2869 2039 2936 2071 ¹³⁰
2982 2041 3293 2098 condictum
3340 2044 3628 2111 habemus,
3670 2047 3759 2102 ubi
3796 2050 3847 2104 de

2284 2128 2403 2184 istis
2427 2144 2548 2200 quae
2575 2129 2649 2185 illi
2680 2124 2839 2188 modo
2868 2131 3144 2201 dixerunt,
3179 2143 3236 2190 et
3272 2135 3485 2193 caneris
3523 2152 3645 2207 qua:
3673 2138 3739 2192 ad
3771 2139 3846 2195 Dei

2282 2219 2611 2277 voluntatem
2649 2232 2704 2278 et
2733 2234 2978 2279 nostrum
3028 2241 3093 2282 ac
3139 2236 3379 2284 vestrum
3426 2244 3767 2287 communem
3796 2231 3848 2264 '“

2280 2314 2582 2385 profectum
2634 2316 2877 2374 invenire
2916 2319 3286 2388 potuerimus,
3345 2324 3771 2392 consideremus,
3805 2334 3849 2377 et

2282 2421 2387 2461 una
2412 2421 2535 2462 cum
2571 2406 2665 2464 Dei
2709 2407 2978 2478 adjutorio
3012 2411 3080 2467 ad
3119 2411 3375 2470 effectum
3397 2400 3849 2486 perducamus!)

2282 2498 2550 2567 volumus,
2577 2508 2636 2555 ut
2664 2501 2863 2558 abhinc
2892 2503 3093 2569 inaute,
3132 2506 3456 2579 ubicumque
3497 2511 3845 2580 unusquisque
3874 2510 3876 2523 '

2282 2589 2469 2657 fuerit,
2503 2606 2624 2647 cum
2652 2607 2787 2662 pace
2811 2595 3096 2661 consistat,
3127 2603 3181 2651 et
3208 2598 3275 2651 ad
3305 2596 3434 2652 illud
3463 2597 3723 2669 placitum
3745 2615 3847 2655 cum

2282 2697 2416 2753 pace
2444 2682 2817 2755 unusquisque
2848 2685 3061 2752 veniat;
3111 2688 3235 2757 quia
3266 2687 3319 2742 in
3367 2688 3489 2744 istis
3536 2690 3768 2746 miseriis
3802 2698 3847 2745 et

2282 2774 2486 2845 rapinis
2508 2790 2680 2847 usque
2708 2775 2866 2833 modo
2889 2777 3114 2833 multum
3139 2777 3307 2834 Deum
3335 2777 3685 2837 offendimus.
3719 2779 3846 2836 Unde

2283 2867 2442 2924 nobis
2480 2867 2573 2923 Dei
2626 2868 3058 2925 misericordiam
3102 2871 3405 2940 deprecari,
3446 2872 3584 2929 satis
3614 2886 3844 2929 necessa-

2284 2957 2422 3013 rium
2455 2972 2574 3014 esse
2599 2959 2997 3030 cognoscimus.

2352 3050 2408 3105 2.
2439 3050 2698 3107 Volumus
2720 3052 2906 3117 etiam,
2936 3061 2997 3108 ut
3029 3054 3399 3125 unusquisque
3443 3055 3584 3111 liber
3612 3056 3772 3112 homo
3804 3056 3847 3110 in

2285 3151 2471 3199 nostro
2497 3159 2664 3215 regno
2688 3145 2975 3209 seniorem,
3003 3147 3217 3218 qualem
3250 3146 3499 3213 voluerit,
3546 3149 3604 3204 in
3631 3148 3783 3206 nobis
3806 3159 3850 3203 et

2284 3233 2338 3288 in
2364 3233 2564 3289 nostris
2586 3233 2831 3292 fidelibus
2854 3237 3105 3307 accipiat.

2354 3323 2752 3382 3.Mandamus
2794 3327 2984 3394 etiam,
3041 3337 3097 3386 ut
3147 3324 3328 3386 nullus
3386 3330 3551 3386 homo
3600 3330 3849 3387 seniorem

2283 3429 2440 3470 suum
2470 3416 2587 3471 sine
2611 3415 2756 3488 justa
2803 3418 3012 3474 ratione
3057 3419 3313 3487 dimittat,
3360 3435 3461 3477 nec
3497 3420 3701 3492 aliquis
3741 3436 3847 3477 eum

2285 3505 2531 3577 recipiat,
2555 3506 2661 3564 nisi
2685 3509 2826 3565 sicut
2855 3519 3099 3582 tempore
3126 3520 3531 3570 antecessorum
3555 3524 3850 3571 nostrorum

2285 3594 2615 3654 censuetudo
2645 3597 2765 3654 fuit.

2353 3688 2409 3744 4.
2438 3688 2504 3745 Ει
2532 3690 2777 3747 volumus
2804 3699 2863 3747 ut
2881 3691 3089 3761 sciatis,
3127 3694 3254 3764 quia
3275 3709 3375 3752 nos
3395 3695 3649 3754 ﬁdelibus
3671 3698 3852 3754 nostris

2286 3791 2495 3839 rectum
2523 3784 2833 3841 consentire
2862 3783 3131 3854 volumus,
3166 3796 3225 3844 et
3265 3796 3453 3844 contra
3496 3790 3765 3847 rationem
3787 3791 3851 3844 eis

2286 3876 2468 3931 facere
2515 3890 2622 3932 non
2668 3876 2938 3933 volumus.
2979 3860 3048 3934 Et
3087 3879 3338 3936 similiter
3376 3895 3474 3938 vos
3530 3896 3597 3938 ac
3643 3892 3854 3938 caeteros

2288 3968 2472 4025 fideles
2495 3978 2713 4026 nostros
2744 3969 2811 4001 ‘“
2840 3971 3217 4037 admonemus,
3248 3980 3305 4025 ut
3337 3987 3432 4028 vos
3461 3973 3668 4029 vestris
3699 3972 3852 4028 homi-

2286 4062 2444 4119 nibus
2472 4071 2683 4119 reetum
2721 4062 3096 4130 consentiatis,
3139 4073 3195 4121 et
3229 4072 3421 4119 contra
3468 4065 3739 4120 rationem
3767 4064 3855 4118 illis

2286 4167 2392 4208 non
2421 4151 2654 4208 faciatis.

2356 4243 2406 4299 5.
2443 4243 2509 4298 Et
2536 4243 2806 4309 volumus,
2855 4253 2915 4298 ut
2957 4241 3341 4314 cujuscumque
3384 4253 3633 4300 nostrum
3689 4245 3854 4305 homo,

2286 4337 2340 4392 in
2370 4335 2762 4407 cujuscumque
2799 4350 2968 4407 regno
2990 4336 3082 4403 sit,
3109 4352 3233 4391 cum
3271 4337 3486 4392 seniore
3543 4353 3645 4392 suo
3685 4338 3738 4393 in
3778 4338 3855 4391 ho-

2287 4435 2427 4482 stem
2449 4424 2531 4481 vel
2552 4426 2675 4482 aliis
2695 4425 2809 4482 suis
2836 4425 3159 4483 utilitatibus
3182 4436 3402 4499 pergat;
3433 4426 3537 4483 nisi
3569 4429 3699 4484 talis
3724 4429 3856 4498 regni

663 4525 718 4579 4.
753 4522 951 4579 Sciatis
984 4495 1149 4576 etiam
1168 4559 1182 4582 ,
1215 4516 1341 4588 quia
1384 4495 1611 4572 dilectus
1639 4512 1808 4568 frater
1840 4521 2025 4568 noster
2053 4510 2185 4568 lllo-
2212 4495 2261 4556 Ῑ)
2289 4514 2497 4571 invasio
2522 4530 2684 4586 quam
2712 4514 2959 4570 lantweri
2983 4495 3198 4580 dicunt,
3225 4495 3368 4585 quod
3393 4515 3559 4583 absit,
3586 4495 3856 4573 acciderit.

598 4614 808 4671 tharius
828 4614 1024 4670 missos
1046 4624 1175 4667 suos
1197 4609 1264 4665 ad
1296 4621 1422 4664 suos
1452 4604 1700 4661 homines
1736 4602 2059 4659 transmittit
2087 4602 2180 4674 qui

602 4722 772 4779 usque
795 4708 955 4763 modo
978 4705 1033 4761 in
1061 4701 1507 4761 contrarietatem
1551 4696 1734 4754 dilecti
1773 4696 1960 4751 fratris
2014 4695 2183 4751 nostri

2288 4615 2348 4662 ut
2373 4606 2550 4662 omnis
2582 4605 2994 4677 populusillius
3032 4607 3181 4678 regni
3223 4608 3291 4662 ad
3337 4620 3459 4662 eam
3512 4608 3859 4679 repellendam

2289 4698 2651 4755 communiter
2680 4706 2870 4768 pergat
2902 4697 3037 4769 (ιθ).

1874 4807 1960 4862 VA
1970 4806 2110 4862 RUE
2149 4806 2554 4865 LECTIONES.

666 4936 735 4969 ""
758 4950 825 4992 ex
847 4936 904 4990 Ξ.
984 4934 1049 4967 ¹²⁷
1075 4930 1199 4987 inde
1225 4929 1279 4983 2.
1360 4926 1427 4959 ¹¹⁸
1456 4938 1794 4982 communem
1819 4924 1875 4977 2.
1954 4923 2020 4955 “’
2050 4921 2284 4979 noluerit
2308 4922 2364 4977 2.
2427 4920 2511 4953 ’¹³⁰
2546 4922 2805 4991 parisium
2839 4919 2894 4976 S.
2944 4921 3033 4977 Β..

3114 4922 3177 4954 ¹³¹
3206 4936 3492 4980 commune
3546 4923 3598 4979 2.
3684 4924 3752 4956 ¹³²
3788 4939 3864 4976 ve-

2130 5060 2360 5118 NOTAE.

591 5019 734 5067 stros
758 5006 812 5061 3.

665 5174 713 5206 ιι
726 5170 778 5206 εει
805 5170 861 5206 υς
870 5168 1088 5206 ηιιῖηιιηὶ

664 5261 779 5316 (40)
802 5261 987 5297 houex
1012 5261 1145 5326 xu"!
1172 5261 1231 5318 ρ.
1259 5261 1500 5326 ιὶιςιιιιεειι¹
1513 5229 1828 5326 ἑιῗιιὶςηξίῧῖ

2292 5166 2370 5206 ter
2390 5156 2491 5206 nisi
2512 5157 2802 5206 secundum
2842 5156 3000 5206 istum
3039 5158 3252 5206 ntadnm
3285 5159 3341 5206 in
3367 5158 3480 5206 lena
3503 5168 3592 5206 aut
3630 5160 3691 5206 εει
3736 5163 3865 5206 mni.

2291 5261 2304 5280 I
2316 5261 2416 5282 ιιιιο
2440 5261 2591 5298 IIICI-ID.
2605 5261 2711 5308 “tv,
2724 5261 2811 5281 ﬂ".
2835 5261 2910 5280 ου,
2926 5261 2993 5297 "ll
3003 5261 3089 5282 ιυη

2325 5298 2359 5308 ι.
2567 5297 2578 5308 ο
2591 5307 2595 5308 ,
2667 5298 2678 5308 ι
2751 5297 2762 5308 ι
3019 5298 3052 5308 ι.

3111 5261 3382 5292 ηαυοηιιιο,
3411 5261 3513 5284 IN“
3551 5261 3600 5285 με
3648 5261 3864 5287 “menu-

2464 5295 2705 5326 ηιζηὶηιηι
2730 5297 2790 5326 ΑΛ
2811 5295 3128 5326 ηηυιέηηέιι..-
3167 5296 3431 5326 Ω-,....;-’“
3447 5300 3533 5326 -..2

2290 5298 2433 5326 ..ΣΙ-ι..
2464 5296 2705 5326 ..;...'...I:.
2730 5297 2790 5326 ΑΛ
2811 5298 3128 5326 κηρυκι-κει...-
3167 5296 3431 5326 Ω-,-...;-’“
3447 5300 3533 5326 -..2
3572 5302 3614 5326 ,2
3662 5318 3761 5326 μ-..
3787 5303 3841 5326 L-
