3898 6320
1093 321 1522 381 FRANCORUM
1549 323 1682 378 ΒΕο
1696 324 1788 378 [Μ
1812 325 1893 379 CA
1907 322 2293 379 HTL’LARIA.

3260 321 3362 377 538

795 483 1192 541 HLUDOWICl
1222 484 1265 539 ll
1298 483 1770 540 IMPERATORIS
1801 483 2218 540 CONVENTUS
2258 481 2656 538 TICINENSIS.

1538 642 1663 715 (Au.
1699 641 1849 714 350.)

190 804 307 856 Acta
337 799 579 870 quaedam
630 808 928 857 conventus
959 799 1266 858 Ticiuensis
1300 809 1560 854 autumno
1594 800 1720 854 anni
1767 799 1872 856 850
1902 817 1929 854 a
1961 799 2237 870 Ludovico
2273 797 2315 853 ll
2365 800 2689 870 imperatore
2719 796 2976 854 celebrati
3023 798 3254 870 primum
3304 797 3372 854 ab

131 873 334 928 Henrico
356 867 575 926 Canisio
603 886 703 940 ope
730 872 933 941 codicis
961 871 1330 941 Saugallensis
1376 871 1427 924 iu
1470 870 1644 925 Lectt.
1676 871 1927 940 Antiquis
1957 881 2085 926 tom.
2117 867 2180 933 ν,
2210 881 2351 940 part.
2379 867 2592 941 tt,_pag.
2620 869 2725 924 674
2748 885 2899 940 seqq.
2937 867 3105 941 edita,
3129 869 3240 937 jam
3270 887 3373 940 0pc

128 944 342 999 codicum
369 941 599 996 Gotltani
630 951 687 998 et
725 940 1252 1012 Blankenburgensis
1285 941 1455 996 multo
1500 941 1760 1011 ampliora
1805 944 2176 1012 proponimus.
2205 941 2272 994 Et
2297 940 2529 1009 primum
2570 949 2832 1010 quantum
2863 941 2930 995 ad
2971 940 3374 1012 ecclesiasticas

130 1015 274 1084 leges,
303 1013 671 1083 episcoporum
703 1014 1026 1082 rescriptum
1053 1009 1118 1066 ad
1145 1013 1471 1081 quaestimres
1492 1009 1835 1136 imperatoris
1865 1009 1945 1067 eis
1973 1013 2274 1086 propositas
2301 1027 2379 1086 ex
2399 1009 2863 1067 codice’Gothano
2885 1020 2939 1067 et
2959 1009 3200 1076 Canisio,
3225 1011 3373 1082 leges

130 1085 251 1136 insas
276 1084 341 1136 ah
363 1083 687 1136 imperatore
714 1084 1083 1136 nromulaatas
1121 1099 1188 1136 ex
1218 1082 1406 1136 codice
1433 1081 1564 1136 Blan
1588 1083 1931 1136 'enburaensi
1957 1083 2257 1136 vulaamus.
2284 1082 2485 1136 Leaum
2512 1081 2854 1136 saecularium
2884 1083 3098 1136 nonnisi
3131 1082 3373 1136 auinaue

129 1081 251 1153 ipsas
276 1084 341 1137 ah
363 1081 687 1152 imperatore
714 1081 1083 1153 promulgatas
1121 1099 1188 1137 ex
1218 1082 1406 1137 codice
1433 1081 1564 1136 Blan

1607 1083 1931 1154 enburgensi
1957 1079 2257 1153 vulg'at'uus.
2284 1079 2485 1150 Legum
2512 1081 2854 1154 saecularium
2884 1083 3098 1154 nonnisi
3131 1079 3373 1154 quinque

127 1152 172 1210 et
191 1168 247 1224 ea
281 1153 590 1224 imperfecta
623 1155 858 1224 capitula
887 1169 916 1207 a
937 1152 1156 1224 Canisio
1181 1163 1394 1224 reperta
1417 1163 1603 1218 erant;
1644 1154 1732 1224 hic
1767 1152 1893 1208 vero
1915 1164 1964 1208 et
1999 1152 2340 1224 imperatoris
2363 1152 2596 1224 capitula
2622 1152 2911 1207 comitibus
2941 1152 3053 1208 suis
3075 1153 3370 1223 proposita.

125 1223 320 1296 etleges
341 1223 468 1292 ipsa:
494 1222 726 1296 integra:
746 1240 814 1296 ex
844 1225 1031 1280 codice
1073 1222 1324 1296 Gotha'no
1362 1225 1652 1296 prodeunt.
1681 1222 1947 1296 Cancrum
1980 1224 2123 1294 leges
2159 1240 2188 1277 a
2232 1223 2505 1280 Ludovico
2534 1223 2862 1292 imperatore
2891 1222 3184 1293 superstite
3213 1234 3370 1293 patre

126 1293 350 1350 Lothario
368 1293 933 1365 conditaz,'utriusque
953 1295 1278 1350 auctoritate
1311 1294 1666 1366 promulgatae
1689 1293 1926 1350 fuerunt.

126 1471 252 1525 Anno
281 1469 344 1539 93
364 1467 1062 1539 incarnationis_Dominicte
1087 1467 1225 1532 850,
1275 1469 1558 1539 indictione
1591 1469 1676 1529 Η,
1709 1455 1755 1514 Α

179 1551 218 1594 et
243 1538 504 1593 Hlotharii
529 1550 684 1610 atque
714 1537 1007 1592 Hludowici
1029 1537 1387 1608 piissimaruut
1412 1540 1677 1610 Augusto-

181 1627 283 1664 rum
311 1611 572 1664 tricesimo
600 1609 757 1679 atque
806 1611 996 1677 primo,
1044 1611 1099 1662 itt
1138 1610 1267 1679 urbe
1310 1610 1453 1678 regia
1500 1609 1678 1662 Ticino

179 1681 307 1747 facta
336 1682 586 1750 synodus,
618 1677 704 1733 cui
726 1680 1079 1750 praesederunt
1111 1677 1447 1750 Augilbertus
1474 1679 1677 1733 Medio-

180 1748 390 1804 tanensis
438 1748 893 1820 archiepiscopus,
939 1748 1329 1803 Theodemarus
1393 1749 1460 1784 ""
1520 1751 1682 1820 Aqui-

177 1821 368 1874 leiensis
392 1819 722 1888 patriarcha,
763 1819 812 1872 et
839 1819 1030 1888 Joseplt
1065 1819 1371 1890 venerabilis
1411 1819 1681 1890 episcopus

180 1903 318 1960 atque
340 1891 795 1960 archicapellanus
834 1891 992 1944 totius
1021 1889 1271 1954 ecclesitt’,
1305 1890 1359 1942 in
1407 1905 1510 1960 quo
1568 1891 1680 1944 lucc

178 1961 441 2016 constituta
470 1970 614 2016 sunt.

124 2090 420 2129 RESCRIP'IUII
481 2075 550 2106 ¹³⁸
607 2088 1065 2129 CONSULTATIONIS
1116 2087 1231 2128 srva
1287 2087 1682 2129 EXOB‘MTIONIS

178 2160 520 2201 EPISCOPOBUH
576 2160 644 2198 ΑΙ)
701 2160 922 2201 DOHNUI
976 2160 1333 2200 ιιιυυοννιεωι
1387 2159 1681 2200 ιωρειιλτο-

177 2230 268 2269 REI
304 2231 441 2279 QUOD
481 2233 536 2270 IN
577 2231 729 2270 PAPIA
771 2232 897 2272 FUIT
939 2229 1141 2270 Αοτωι.

178 2325 386 2380 Domino
415 2325 482 2358 ³³⁸
509 2326 756 2396 glorioso
783 2325 1099 2396 imperatori
1147 2324 1462 2381 Hludovvico
1491 2341 1598 2397 pax
1626 2335 1683 2382 et

123 2417 232 2484 vita,
256 2417 392 2474 salus
419 2426 475 2474 et
499 2419 751 2485 victoria,
792 2419 1135 2474 ministretur
1183 2435 1214 2472 a
1260 2418 1370 2474 Deo
1425 2429 1580 2489 patre
1628 2428 1683 2474 et

124 2509 309 2564 domino
332 2507 456 2565 Iesu
486 2510 731 2564 Christo.

178 2599 492 2654 t.Decrevit
517 2608 712 2654 sancta
759 2599 998 2671 synodus
1046 2598 1399 2671 domesticam
1453 2608 1508 2655 et
1545 2599 1682 2654 inte-

125 2689 290 2744 riorem
317 2690 558 2761 episcopi
582 2690 1056 2746 conversationem
1091 2690 1259 2745 totius
1305 2689 1683 2759 reprehensio-

126 2782 189 2837 nis
218 2791 364 2852 atque
390 2781 720 2853 suspitiouis
749 2781 1198 2852 inpenetrabilem
1229 2779 1346 2836 fieri
1373 2781 1590 2845 debere,
1623 2789 1682 2835 ut

120 2873 242 2941 juxta
263 2876 563 2945 apostolum
585 2876 969 2945 provideamus
989 2875 1128 2931 bona
1159 2888 1267 2930 non
1289 2872 1462 2929 solum
1493 2887 1675 2928 coram

125 2968 228 3034 Deo,
255 2973 340 3026 sed
359 2972 529 3028 etiam
557 2985 744 3028 coram
775 2971 1027 3026 omnibus
1068 2969 1414 3036 hominibus;
1464 2977 1679 3038 oportet

124 3060 257 3128 igitur
282 3072 338 3118 ut
363 3063 622 3125 cubiculo
659 3062 898 3134 episc0pi
938 3069 994 3118 et
1021 3062 1416 3118 secrecioribus
1455 3062 1679 3131 quibus-

123 3148 228 3204 libet
256 3152 530 3224 obsequiis
557 3152 786 3208 sincerae
822 3150 1106 3222 opinionis.
1122 3151 1434 3206 sacerdotes
1465 3158 1520 3206 et
1568 3150 1679 3205 cle-

125 3241 200 3297 rici
225 3243 499 3309 assistant,
535 3242 631 3312 qui
685 3241 1310 3313 vigilantem,orantem,
1361 3255 1516 3297 sacra
1567 3240 1679 3296 elo-

124 3332 220 3398 quia
248 3342 578 3389 scrutantem
608 3331 921 3402 episcopum
951 3345 1106 3387 suum
1129 3331 1334 3402 jugiter
1359 3330 1675 3396 adtendant,

122 3419 306 3492 ejusque
328 3433 535 3480 sanctas
569 3422 1006 3479 conversationis
1047 3430 1232 3487 testes,
1259 3423 1580 3488 imitatores,
1623 3430 1679 3479 et

125 3513 174 3566 ad
197 3514 276 3569 Dei
303 3515 538 3586 gloriam
565 3513 951 3586 praedicatores
982 3513 1047 3545 ⁸³⁷
1077 3513 1336 3569 existant.

174 3600 220 3656 2.
254 3602 555 3661 Statuimus
592 3611 653 3659 ut
684 3620 794 3660 non
823 3611 1032 3658 tantum
1071 3603 1360 3659 dominicis
1405 3603 1593 3658 diebus
1623 3610 1702 3657 et'

122 3695 368 3765 praecipuis
416 3695 809 3753 festivitatibus
853 3695 1091 3766 episcopi
1139 3694 1333 3749 missas
1374 3694 1677 3759 celebrent,

123 3795 187 3841 set
208 3802 317 3844 cum
340 3787 602 3861 possibile
629 3787 815 3853 fuerit,
839 3786 1112 3844 cotidiana
1150 3800 1367 3856 quoque
1405 3785 1677 3842 sacriﬁcia

123 3873 460 3948 frequentem;
517 3894 620 3936 nec
662 3877 943 3936 fastidiant
992 3878 1246 3949 privatim
1300 3877 1532 3949 primum
1581 3892 1680 3948 pro

124 3979 186 4034 se,
205 3970 382 4026 deinde
409 3986 514 4042 pro
543 3970 1042 4036 consaeerdotibus,
1073 3985 1173 4042 pro
1211 3970 1430 4041 regibus
1460 3978 1516 4025 et
1541 3985 1678 4025 cun-

123 4060 205 4115 ctis
222 4063 456 4120 ecclesiae
482 4063 583 4118 Dei
608 4062 936 4128 rectoribus,
967 4075 1176 4132 proque
1201 4061 1288 4118 his
1315 4061 1407 4133 qui
1449 4076 1510 4118 se
1553 4077 1679 4117 ora-

126 4150 327 4210 tionibus
378 4155 625 4227 ipsorum
673 4153 1024 4224 peculiariter
1064 4154 1438 4210 commiserint
1487 4154 1578 4220 ¹⁸⁸,
1625 4161 1682 4210 et

123 4243 324 4300 maxime
348 4219 810 4316 propauperibus
848 4259 1039 4315 preces
1069 4245 1313 4312 fundere,
1343 4254 1399 4302 et
1429 4247 1680 4317 omnipo-
1707 4219 1753 4282 Ο

124 4333 232 4386 tenti
272 4333 378 4390 Deo
422 4334 639 4391 hostias
681 4334 902 4403 offerre,
949 4337 1246 4392 comitante
1293 4337 1382 4406 pia
1439 4354 1683 4408 conpun-

122 4420 287 4486 ctione,
313 4433 367 4479 et
387 4439 563 4480 sacra:
590 4424 895 4481 devotionis
922 4423 1137 4492 aﬁ‘ectu,
1170 4425 1312 4497 quod
1363 4427 1533 4497 magis
1576 4427 1683 4482 uti~

123 4523 207 4577 que
253 4512 314 4547 “’
364 4513 578 4570 occulte
627 4515 1060 4571 sacriﬁcantibus
1119 4517 1406 4582 convenit,
1461 4525 1522 4573 ut
1567 4519 1682 4588 ipse

122 4610 307 4670 quoque
334 4603 592 4660 sacerdos
621 4603 799 4661 hostia
823 4605 944 4661 viva
969 4604 1085 4671 ﬁat,
1109 4613 1166 4660 et
1190 4607 1516 4664 sacrificium
1546 4609 1678 4676 Deo,

123 4689 287 4756 spiritu
316 4693 703 4751 contribulato.

117 4793 122 4860 ι
177 4780 222 4834 5.
249 4781 428 4841 Placet
461 4785 776 4856 episcopum
811 4787 1109 4845 moderatis
1149 4788 1325 4860 epulis
1363 4798 1677 4844 contentum

120 4867 242 4935 Esse,
261 4886 494 4944 suosque
521 4875 778 4930 convivas
798 4876 868 4931 ad
893 4877 1282 4933 comedendum
1307 4887 1364 4934 et
1383 4879 1680 4949 potandum

125 4971 212 5014 nou
236 4977 424 5034 urgere
456 4965 548 5032 ⁸⁸⁸,
569 4964 698 5035 quin
724 4966 906 5035 potius
932 4982 1147 5037 semper
1177 4983 1236 5023 se
1265 4969 1326 5001 ¹⁸¹
1365 4969 1680 5026 sobrietatis

1714 2843 1755 2900 Β

1785 1477 2022 1547 praebeat
2073 1477 2404 1548 exemplum.
2471 1478 2878 1533 “amoveantur
2941 1477 3009 1532 ab
3058 1474 3180 1546 eius
3243 1492 3374 1532 cou-

1784 1566 2016 1621 victibus
2063 1567 2130 1598 m
2169 1576 2370 1622 cuncta
2426 1567 2780 1636 turpitudinis
2849 1575 3203 1636 argumenta;
3262 1581 3371 1620 non

1782 1657 1988 1713 ludicra
2017 1655 2350 1729 spectacula,
2379 1672 2487 1712 non
2523 1667 2858 1714 acromatum
2905 1657 3235 1728 vaniloquia,
3267 1673 3374 1713 non

1783 1749 2056 1804 fatuorum
2123 1749 2485 1819 stultiloquia,
2540 1764 2646 1804 non
2693 1747 2950 1804 scurriles
3018 1747 3378 1804 admittantur

1783 1842 2092 1913 prmstigiw.
2132 1841 2326 1896 Adsint
2364 1839 2634 1912 peregrini
2662 1849 2718 1895 et
2762 1853 3028 1910 pauperes
3051 1848 3111 1896 et
3148 1838 3374 1901 debiles.

1783 1934 1874 2002 qui
1909 1933 1975 1989 de
2019 1931 2340 1987 sacerdotali
2395 1945 2581 1986 mensa
2634 1929 2910 1986 Christum
2967 1928 3372 1993 benediccutes.

1783 2023 2210 2079 benedictionem
2273 2022 2596 2094 percipiant.
2648 2021 2925 2084 Recitetur
2978 2035 3130 2076 sacra
3178 2021 3372 2087 lectio;

1784 2115 2146 2184 subsequatur
2166 2115 2303 2169 viva:
2337 2114 2486 2168 vocis
2535 2113 2872 2178 exhortatio;
2910 2119 2968 2167 ut
3013 2128 3120 2167 non
3168 2121 3376 2169 tantum

1784 2203 2048 2274 corporali
2079 2204 2234 2275 cybo,
2287 2204 2452 2260 immo
2497 2203 2646 2260 verbi
2693 2202 2954 2274 spiritalis
2996 2204 3254 2260 alimento
3285 2205 3374 2270 ¹’⁶³,,

1783 2297 2132 2353 convivautes
2161 2313 2222 2354 se
2263 2297 2493 2354 refectos
2540 2297 2900 2367 gratulentur,
2932 2306 2991 2352 ut
3026 2297 3078 2352 in
3126 2299 3377 2354 omnibus

1785 2386 2174 2442 honoriﬁcctur
2214 2387 2355 2443 Deus
2395 2402 2493 2459 per
2538 2386 2723 2442 lesum
2767 2386 3042 2444 Christum
3096 2389 3375 2446 dominum

1785 2483 2050 2532 nostrum.

1854 2585 1907 2641 Α.
1942 2586 2012 2642 Ut
2039 2587 2325 2659 episcopus
2368 2603 2558 2645 omnes
2600 2589 2938 2656 affectiones,
2980 2607 3100 2662 quae
3127 2607 3157 2647 a
3188 2604 3376 2650 saneta

1782 2679 2195 2734 conversatione
2219 2689 2275 2734 et
2297 2680 2618 2735 sacerdotali
2657 2681 2954 2737 abhorrent
2977 2681 3172 2749 ofﬁcio,
3199 2687 3374 2754 poeni—

1787 2778 1872 2824 tus
1903 2770 2166 2840 repudiet.
2213 2770 2281 2825 Et
2318 2786 2424 2825 non
2455 2787 2580 2826 cum
2628 2770 2855 2828 cauib‘us
2887 2783 2982 2831 aut
3027 2775 3380 2846 accipitribus

1784 2860 1867 2915 vel
1890 2861 2062 2930 capis,
2093 2875 2230 2930 quos
2261 2861 2450 2933 vulgus
2480 2861 2717 2919 falcones
2759 2874 2936 2931 vocat,
2963 2881 3062 2936 per
3108 2881 3168 2924 se
3199 2867 3380 2937 ipsum.

1782 2953 2102 3010 venationes
2127 2964 2401 3011 exerceat.
2437 2955 2712 3026 Equorum
2737 2972 2952 3028 quoque
3001 2958 3378 3031 mulorumque

1781 3043 2107 3112 superﬂuam
2134 3059 2324 3100 curam
2353 3054 2694 3113 contemnat;
2746 3049 3240 3120 prmeiosarumque
3281 3067 3376 3106 ve-

1783 3137 1948 3192 stium
1982 3137 2211 3204 cultum,
2245 3146 2302 3194 et
2345 3136 2687 3203 dissolutum,
2717 3153 2782 3194 ac
2807 3138 2953 3204 velut
3008 3141 3077 3196 ad
3125 3155 3377 3212 pompam

1781 3230 2166 3300 compositum,
2191 3230 2325 3285 vitet
2371 3231 2644 3287 incessum
2685 3231 2770 3287 ⁸⁸⁸.
2811 3230 2895 3288 Sit
2937 3234 3238 3290 sacerdotis
3266 3235 3380 3290 clo.

1781 3323 1970 3392 quium
2000 3322 2230 3394 spiritali
2263 3322 2375 3380 sale
2406 3323 2717 3390 conditum;
2764 3341 2871 3381 non
2918 3325 3196 3397 injuriosis
3234 3328 3299 3361 “'
3325 3340 3381 3386 ct

1781 3415 2052 3485 protervis
2102 3427 2158 3472 et
2208 3417 2514 3472 coturnosis
2566 3418 2790 3473 vocibus
2843 3419 3106 3474 tumidum
3157 3421 3246 3475 “°.
3294 3419 3380 3477 Sit

1779 3520 1962 3562 sermo
2009 3506 2248 3577 episcopi
2289 3505 2444 3576 juxta
2485 3508 2820 3580 evangelium
2878 3526 2893 3562 :
2945 3519 3049 3577 est,
3098 3521 3223 3578 est;
3270 3527 3397 3569 nou'

1781 3613 1910 3653 non.
1944 3597 2003 3652 Si
2049 3598 2178 3668 quid
2220 3597 2436 3653 enixius
2479 3598 2900 3664 adﬁrmandum,
2947 3600 3100 3657 durae
3148 3601 3378 3659 forsitan

1783 3688 2116 3745 audientium
2157 3697 2369 3744 mentes
2399 3688 2646 3760 exigunt,
2675 3705 2828 3744 more
2853 3692 3034 3760 potius
3079 3693 3380 3763 apostolico

1783 3779 2096 3848 interponat
2117 3793 2228 3834 suae
2255 3777 2515 3834 locutioni
2544 3793 2560 3834 :
2588 3779 2732 3834 Deus
2756 3781 2889 3834 scit!
2916 3791 3010 3836 aut
3028 3798 3207 3837 coram
3234 3783 3380 3839 Deo!

1782 3885 1947 3940 quam
1971 3885 2065 3939 per
2089 3868 2154 3901 “1
2184 3870 2518 3940 imperatoris
2553 3871 2780 3942 gratiam
2827 3871 2968 3927 sicut
3017 3873 3379 3931 militantibus

1782 3960 1965 4017 seculo
1987 3961 2176 4031 jurare
2199 3960 2414 4016 celebre
2447 3969 2552 4028 est,
2591 3977 2689 4017 sua
2727 3962 2871 4018 dicta
2904 3964 3211 4020 conﬁrmet.
3243 3965 3377 4022 Pur-

1781 4059 1940 4121 getur
1975 4067 2107 4107 sane
2135 4051 2366 4107 Domino
2400 4049 2729 4123 suffragante
2765 4053 2836 4108 ab
2863 4054 3011 4108 omni
3043 4054 3263 4111 levitate
3295 4065 3378 4111 at—

1783 4157 1890 4212 que
1909 4142 2173 4212 iactantia
2197 4143 2434 4214 dignitas
2463 4143 2811 4214 episcOpalis,
2862 4153 2922 4198 ut
2949 4144 3204 4202 omnibus
3229 4147 3378 4202 chris

1783 4239 1972 4294 sttanis
1994 4239 2149 4294 bona:
2170 4237 2604 4294 conversationis
2630 4236 2908 4308 speculum
2939 4237 3056 4293 ﬁeri
3084 4239 3282 4293 valeat.

1853 4330 1908 4385 5.
1951 4329 2023 4387 Ut
2053 4330 2289 4400 episcopi
2317 4330 2608 4384 canonicas
2636 4329 2935 4399 scripturas
2971 4339 3026 4385 et
3059 4338 3246 4386 sancta
3274 4330 3374 4386 do-

1785 4433 1963 4495 gmata
2008 4422 2122 4494 jugi
2153 4423 2506 4480 meditatione
2534 4423 2849 4492 discutiant,
2879 4431 2934 4478 et
2962 4423 3281 4494 presbiteris
3311 4439 3376 4480 ac

1783 4515 1998 4571 clericis
2022 4514 2136 4570 suis
2181 4513 2432 4569 subtilius
2459 4515 2741 4570 tractando
2769 4524 2825 4571 et
2852 4515 3164 4570 disserendo
3186 4515 3373 4571 occul-

1785 4613 1868 4658 tos
1894 4611 2204 4658 sanctarum
2229 4601 2298 4633 ⁸⁸⁸
2325 4601 2628 4657 litterarum
2661 4603 2945 4660 thesauros
2970 4604 3237 4674 aperiant.
3271 4603 3377 4659 Po-

1782 4694 1924 4765 pulis
1961 4707 2093 4749 vero
2124 4691 2281 4762 juxta
2322 4693 2560 4762 ipsorum
2601 4694 2959 4765 capacitatem
3002 4695 3292 4752 dominicis
3321 4706 3378 4753 et

1781 4785 1935 4841 festis
1973 4785 2164 4840 diebus
2200 4784 2425 4839 verbum
2467 4784 2868 4852 praedicationis
2909 4785 3224 4855 impendere
3266 4802 3374 4844 non

1783 4877 2101 4950 neglegant;
2131 4876 2276 4948 quod
2303 4876 2350 4932 si
2377 4876 2500 4947 quis
2527 4891 2586 4933 se
2615 4877 2869 4949 deinceps
2895 4879 2964 4937 ab
2989 4879 3091 4936 hac
3117 4881 3375 4939 observa-

1784 4971 1928 5027 tione
1952 4980 2008 5027 et
2033 4969 2102 5027 ab
2122 4971 2206 5028 his
2230 4987 2350 5042 quae
2373 4973 2624 5042 superius
2645 4979 2772 5028 sunt
2794 4982 2995 5030 statuta
3019 4976 3371 5043 subtraxerit,

1380 5102 1615 5160 VARUE
1651 5103 2060 5163 LECTIONES.

186 5208 365 5293 ‘3'"th
387 5214 896 5293 inscriptioftabetur
918 5213 1090 5281 infimo
1103 5213 1465 5293 :Sangatleasi.
1545 5216 1612 5249 ¹³⁸
1626 5216 1698 5293 ita
1719 5221 1922 5293 correagi
1945 5221 2361 5293 Theodcmanus
2383 5219 2561 5279 Canis.
2642 5223 2711 5256 ¹³⁸
2731 5223 2843 5278 [uec
2858 5224 3129 5293 inscriptio
3146 5224 3292 5280 adest
3315 5226 3371 5280 its

245 5350 309 5426 ξξξ
337 5353 474 5407 deest
511 5354 574 5408 (2.
601 5424 623 5426 ᾖ
651 5355 719 5388 ⁸⁸⁸
750 5343 1074 5426 ιιι-ευθτθὈ.
1125 5355 1231 5426 νίδξ
1249 5355 1389 5410 deest
1432 5358 1490 5410 in
1519 5357 1586 5413 (ὲ.

127 5289 214 5356 lituo
232 5279 485 5356 Cothona.
527 5279 631 5356 “‘3'
661 5285 889 5356 Domino
909 5279 1071 5356 usque
1095 5279 1462 5356 Jesu'Christo
1488 5297 1654 5342 exstat
1675 5290 1729 5341 in
1753 5306 1856 5343 uno
1881 5288 2141 5346 Gal/iano.
2220 5292 2286 5328 ³³⁷
2312 5294 2714 5356 praedicationis
2740 5294 2807 5349 G.

2887 5294 2953 5326 ⁸⁸⁸
2981 5295 3372 5351 commiserunt

1666 5358 1734 5394 ιδ’
1760 5360 2006 5415 convictu
2039 5359 2099 5416 C.
2180 5362 2248 5394 m
2275 5358 2530 5419 alimenta
2562 5363 2626 5418 (ἓ.
2705 5364 2771 5396 ’³⁸
2799 5364 2921 5418 vitae
2970 5363 3252 5420 incensum
3298 5366 3372 5421 sit

128 5412 179 5470 (ἓν
249 5419 310 5453 ⁸⁸⁸
332 5425 560 5481 curiosis
584 5424 646 5479 C.
725 5425 795 5458 ίδθ
818 5412 1062 5483 tumidus
1090 5425 1162 5482 sit
1190 5423 1254 5481 G.
1333 5427 1398 5458 “7
1423 5412 1562 5483 deest
1591 5426 1657 5483 G.
1736 5429 1804 5462 ⁸⁸⁸
1825 5412 2103 5488 sacrarum
2133 5431 2196 5486 ϐ.

1631 5563 1858 5623 NOTAE.

122 5662 415 5748 pauperibus
457 5668 691 5748 Francis
731 5673 922 5748 ibidem
985 5665 1240 5745 scriptum
1286 5677 1596 5744 invenimus,
1636 5689 1690 5733 ut

125 5743 450 5818 unusquisque
472 5759 638 5812 comes
659 5744 916 5800 describat
950 5743 1134 5816 quanti
1169 5748 1272 5801 sint
1319 5749 1370 5816 ia
1399 5764 1494 5802 suo
1517 5751 1690 5803 comi-.

1801 5691 1914 5759 tatu
1937 5683 2028 5759 qui
2052 5699 2143 5748 per
2167 5700 2220 5759 se
2258 5685 2453 5759 hostem
2501 5685 2674 5755 facere
2713 5703 2817 5741 non
2857 5701 3095 5759 posstmt,
3137 5697 3194 5745 ut
3235 5690 3367 5748 alios

1784 5753 2116 5822 adfaturiant,
2149 5757 2279 5810 sicut
2306 5755 2376 5810 ibi
2408 5753 2654 5828 scriptum
2682 5763 2775 5812 est.
