3876 5326
537 211 604 266 ἲίθ
1179 204 1467 258 ΑΙΨΕΝΙ).
1500 203 1592 258 Μ)
1633 200 1807 258 διλΕΟ.
1846 200 1916 256 Χ.
1955 229 2025 242 --
2061 199 2087 254 l

2192 197 2497 257 iUMENTA
2525 200 3012 257 DIPLOMATICA.

3663 203 3756 257 500

500 331 778 391 tamquam
811 314 1013 390 proprii
1040 314 1286 370 desertor
1310 311 1468 368 cilicii
1497 311 1691 368 divinis
1722 310 1929 382 legibus
1959 309 2084 366 sub-
2113 302 2158 360 Α
2186 331 2420 388 peccata,
2466 322 2800 374 remittuntur
2841 321 2935 384 eis,
2965 329 3013 374 et
3041 335 3261 391 quorum
3308 322 3647 387 minueritis,
3688 339 3760 376 re-

504 413 720 470 iacebit.

496 434 909 558 JacdimSiillicite
947 506 1236 570 procurent
1267 496 1332 528 ’δ’
1363 496 1617 568 episcopi.
1659 510 1820 565 quam
1862 480 2084 562 diligen-

503 599 632 652 tiam
664 609 788 667 erga
818 592 1027 663 plebem
1056 590 1156 644 sibi
1186 587 1531 643 commissam
1569 585 1933 655 unusquisque
1963 597 2086 652 prc—

502 691 828 744 sbiterorum
867 682 1062 756 gerat;
1096 689 1310 752 oportet
1346 681 1491 736 enim
1533 690 1592 735 ut
1627 677 1861 750 plebium
1905 677 2083 732 archi-

502 779 785 851 presbiteri
820 793 917 848 per
956 773 1198 847 singulas
1226 773 1292 806 ¹⁸⁰
1324 773 1477 828 villas
1514 783 1950 842 unumquemque
1991 783 2085 839 pa-

501 886 637 927 trem
664 870 897 925 familias
939 869 1299 932 conveniant;
1337 865 1592 936 quatinus
1623 873 1730 918 tam
1777 864 1876 934 ipsi
1919 877 2082 932 quam

499 983 689 1024 omnes
726 968 777 1023 in
807 980 991 1021 eorum
1023 963 1270 1020 domibus
1301 965 1697 1016 commorantes
1738 956 1830 1027 qui
1872 954 2084 1024 publice

484 1049 726 1117 erimina
756 1063 1169 1131 ,perpetraruut,
1215 1054 1430 1126 publice
1471 1051 1775 1123 peniteant;
1820 1049 1912 1119 qui
1955 1063 2084 1104 vero

498 1152 708 1209 occulte
734 1151 1021 1221 deliquerit
1045 1149 1132 1214 ιω,
1157 1147 1262 1202 illis
1287 1146 1668 1209 confiteantur,
1693 1158 1827 1213 quos
1847 1141 2082 1212 episcopi

498 1256 551 1301 et
605 1246 841 1317 plebium
897 1241 1336 1312 archipresbiteri
1393 1241 1616 1295 idoneos
1662 1239 1729 1293 ad
1778 1237 2082 1292 sccreciora

496 1338 719 1395 vulnera
750 1327 1010 1392 mentium
1044 1334 1280 1388 medicos
1309 1331 1601 1402 elegerint;
1644 1329 1734 1401 qui
1769 1329 1811 1383 si
1854 1327 2080 1382 forsitan

497 1432 552 1485 in
605 1429 787 1500 aliquo
831 1424 1230 1489 dubitaverint,
1277 1423 1653 1492 episcoporum
1703 1435 1924 1475 suorum
1975 1432 2082 1472 non

497 1517 839 1574 dissimulent
867 1515 1154 1584 implorare
1177 1511 1522 1567 sententiam.
1557 1507 1614 1564 Si
1647 1523 1776 1563 vero
1802 1507 2085 1578 episcopus

496 1606 850 1671 btesitavcrit,
884 1619 990 1658 non
1035 1610 1356 1673 aspernetur
1399 1598 1682 1654 consulere
1720 1597 1928 1652 vicinos
1965 1597 2084 1666 epi-

497 1715 712 1770 scopos.
743 1707 798 1752 et
826 1697 1132 1765 ambiguam
1164 1709 1276 1750 rem
1309 1693 1529 1748 alterius
1558 1700 1652 1746 aut
1678 1698 1828 1746 certe
1853 1691 2081 1745 duorum

496 1792 580 1847 vel
623 1792 784 1846 trium
819 1789 1048 1843 fratrum
1080 1785 1394 1842 examinare
1424 1798 1688 1839 consensu
1716 1783 1804 1836 ιδ’.
1847 1781 1999 1849 Quod
2037 1783 2080 1837 si

497 1885 630 1938 adeo
676 1881 856 1952 aliqua
902 1879 1230 1934 obscuritate
1277 1877 1360 1931 vel
1407 1877 1645 1931 novitate
1692 1873 1945 1945 perplexa
1997 1887 2083 1927 res

494 1975 680 2039 fuerit,
722 1973 988 2042 siquidem
1034 1968 1364 2026 diffamatum
1416 1977 1579 2023 certae
1622 1980 1866 2037 persona:
1908 1968 2083 2020 scelus

489 2075 598 2130 est,
631 2062 1031 2132 metropolitani
1060 2069 1114 2116 et
1141 2059 1486 2132 provincialis
1514 2058 1705 2129 synodi
1747 2057 1921 2127 palam
1963 2071 2083 2112 scn-

489 2157 663 2213 tcntia
695 2156 1023 2226 requiratur,
1055 2162 1115 2209 ut
1156 2153 1282 2209 illud
1327 2152 1611 2223 impleatur
1641 2149 1867 2220 apostoli
1908 2169 1919 2202 :
1953 2148 2084 2203 Pec-

495 2262 672 2307 cantes
700 2250 904 2321 publice
932 2265 1115 2320 argue,
1162 2256 1223 2302 ut
1253 2246 1319 2279 ⁸⁵³
1345 2245 1526 2301 cteteri
1575 2255 1778 2300 metum
1827 2242 2078 2298 habeant.

495 2345 553 2400 Si
587 2353 766 2398 autem
793 2342 1003 2398 occulta
1035 2339 1306 2396 confessio
1336 2346 1439 2403 est,
1473 2346 1528 2392 et
1570 2338 1618 2392 is
1646 2352 1673 2390 a
1702 2350 1810 2407 quo
1840 2335 2087 2406 queritur

495 2438 687 2493 salutis
709 2437 1001 2492 consilium
1029 2433 1303 2505 eXplicare
1343 2447 1451 2486 non
1496 2431 1714 2494 sullicit,
1755 2437 1935 2500 potest
1959 2443 2087 2497 sup-

497 2544 684 2600 presso
713 2527 1004 2582 facinerosi
1034 2525 1254 2580 nomine
1282 2523 1516 2593 qualitas
1541 2521 1922 2592 quantitasque
1960 2534 2085 2589 pec-

493 2621 600 2673 cati
635 2617 854 2680 discuti,
877 2626 933 2671 et
960 2628 1231 2685 congruos
1261 2612 1588 2668 correctioni
1618 2612 1810 2666 modus
1832 2609 2082 2665 inveniri.

496 2712 759 2769 Similiter
793 2717 972 2764 autem
1000 2718 1056 2763 et
1085 2707 1137 2761 in
1163 2705 1390 2778 singulis
1419 2703 1634 2760 urbium
1655 2703 1788 2758 vicis
1820 2709 1872 2757 et
1899 2701 2087 2756 subur-

492 2806 674 2870 banis,
699 2819 796 2876 per
821 2803 888 2834 ⁸⁸⁵
914 2799 1288 2869 municipalem
1317 2794 1849 2867 archipresbiterum,
1879 2801 1935 2848 et
1965 2791 2088 2846 reli-

495 2913 634 2967 quos
657 2912 721 2952 ex
753 2894 1070 2966 presbiteris
1110 2900 1359 2947 strenuos
1396 2889 1672 2945 ministros
1697 2895 1947 2958 procuret
1975 2885 2088 2956 epi-

497 3005 685 3061 copus,
716 2987 901 3042 habita
931 2984 1169 3057 poenitus
1198 2983 1253 3038 in
1287 2981 1451 3036 rebus
1477 2979 1655 3035 dubiis
1688 2976 2086 3042 observatione,

497 3097 617 3152 quzc
645 3079 892 3151 superius
916 3076 1137 3148 praefixa
1168 3083 1269 3131 est.

571 3173 624 3227 7.
667 3171 892 3242 Oportet
918 3169 1081 3224 etiam
1117 3182 1214 3238 per
1245 3165 1438 3239 oppida
1470 3164 1676 3235 singula
1702 3163 1964 3233 villasque
1991 3178 2089 3218 cu-

501 3277 616 3318 ram
651 3268 843 3332 gerere
881 3259 1233 3330 presbiteros,
1262 3256 1496 3326 qualiter
1532 3255 1859 3324 poenitentes
1889 3253 2093 3324 inposi-

496 3365 610 3407 tam
656 3351 756 3408 sibi
800 3348 1136 3405 abstinentia:
1185 3347 1411 3402 formam
1440 3345 1769 3408 custodiant,
1815 3353 1869 3400 et
1909 3353 2090 3398 utrum

494 3443 932 3512 elemosynarum
963 3439 1248 3509 largitione
1289 3436 1373 3490 vel
1417 3435 1536 3490 aliis
1567 3435 1939 3492 remissionem
1969 3449 2090 3506 pec-

491 3542 747 3588 catorum
782 3531 1227 3602 promercalibus
1267 3528 1370 3600 piis
1395 3527 1646 3596 operibus
1673 3527 2000 3592 inserviant;
2036 3535 2092 3580 ct

501 3642 608 3696 qua
659 3625 840 3680 cordis
887 3623 1228 3678 .eontricione
1273 3621 1353 3676 vel
1402 3621 1788 3675 lamentatione
1841 3635 1900 3675 se
1949 3621 2090 3690 ipsos

501 3716 756 3783 alliciant,
778 3725 836 3769 ut
867 3716 968 3770 hac
993 3712 1425 3769 consideratione
1454 3711 1730 3782 praemissa
1759 3711 1826 3742 '”
1853 3710 2090 3780 paenitu-

501 3807 642 3862 dinis
673 3817 884 3876 tempus
915 3803 1292 3859 rationabilem
1324 3802 1392 3835 ¹¹⁶
1423 3803 1594 3872 possit
1626 3802 1873 3872 accipere
1907 3800 2089 3855 termi-

501 3911 654 3960 num,
685 3902 741 3950 et
779 3894 862 3948 vel
900 3894 1221 3949 extendatur
1248 3893 1294 3949 si
1329 3892 1600 3962 pmnitens
1639 3891 1981 3960 neglegenter
2010 3890 2095 3944 in-

500 3985 685 4056 iuncta
729 3993 1044 4055 prosecutus
1092 3993 1194 4047 est,
1226 3984 1310 4039 vel
1350 3985 1624 4039 breviatur
1648 3983 1691 4038 si
1722 3983 2093 4039 desideranter

504 4077 678 4131 venite
705 4075 1060 4145 placationem
1109 4073 1312 4148 studuit
1339 4074 1658 4144 promereri.
1704 4072 2091 4130 Rcconciliatio

503 4186 637 4226 vero
681 4169 1036 4239 pcenitentum
1074 4165 1229 4236 juxta
1257 4167 1600 4236 antiquorum
1630 4182 1898 4222 canonum
1941 4167 2093 4229 insti-

505 4269 620 4314 tuta
655 4274 760 4314 non
805 4273 836 4312 a
869 4257 1188 4328 presbiteris
1217 4257 1313 4312 sed
1353 4257 1423 4311 ab
1466 4257 1735 4328 episcopis
1765 4258 1877 4312 tieri
1909 4257 2088 4324 debet,

2111 3041 2160 3104 (ἶ

2185 421 2326 464 tenta
2354 420 2496 465 sunt.

2258 507 2311 560 8.
2352 505 2482 561 Illud
2512 521 2724 578 quoque
2759 506 2996 562 salutare
3027 517 3424 562 sacramentum
3453 508 3596 579 quod
3628 524 3764 564 rom-

2188 602 2404 656 mendat
2428 599 2663 657 Iacobus
2689 602 2962 672 apostolus
2987 604 3208 659 dicens:
3233 603 3551 673 Inﬁt-matur
3574 607 3690 677 quis
3716 609 3766 660 in

2186 695 2346 760 nobis,
2373 694 2588 748 inducat
2619 695 2949 764 presbiteros,
2977 706 3024 750 et
3052 705 3196 750 orent
3220 713 3375 766 super
3394 713 3513 750 eum
3539 714 3769 768 unguen-

2186 796 2260 840 tes
2283 804 2403 840 eum
2425 787 2539 840 oleo
2567 786 2622 840 in
2648 787 2855 840 nomine
2883 786 3110 846 Domini,
3137 795 3186 840 et
3203 786 3376 840 oratio
3395 787 3525 854 ﬁdei
3551 789 3768 842 salrabit

2186 870 2479 945 inﬁrmum,
2514 887 2560 930 et
2595 876 2866 930 suscitabit
2895 875 3042 930 illum
3075 875 3363 941 Dominus;
3403 886 3451 930 et
3494 877 3539 930 si
3567 879 3622 930 in
3657 896 3768 948 pec-

2185 967 2316 1020 catis
2351 967 2532 1036 fuerit,
2577 967 2912 1020 remittuntur
2943 967 3008 1000 ¹⁶⁰
3039 968 3105 1034 ei,
3143 967 3349 1022 sollerti
3388 969 3770 1037 praedicatione

2185 1061 2395 1133 populis
2439 1061 2883 1117 innotescendum
2917 1070 3030 1126 est;
3081 1076 3333 1130 magnum
3367 1077 3498 1116 sane
3539 1071 3594 1117 et
3621 1063 3771 1118 valde

2186 1151 2541 1223 appetendum
2567 1152 2915 1223 mysterium;
2941 1167 3038 1222 per
3059 1151 3201 1221 quod
3247 1152 3292 1206 si
3342 1151 3571 1207 fideliter
3596 1154 3768 1222 posci-

2187 1254 2295 1311 tur,
2323 1253 2377 1300 et
2403 1255 2627 1314 peccata
2661 1244 2724 1275 ¹⁶¹
2755 1245 3125 1308 remittuntur,
3153 1251 3207 1298 et
3234 1252 3633 1313 consequenter
3656 1259 3769 1298 cor-

2185 1335 2388 1420 poralis
2436 1335 2582 1390 salus
2628 1335 2948 1390 restituitur.
2998 1334 3103 1388 Sed
3139 1335 3267 1405 quia
3307 1333 3619 1404 frequenter
3646 1351 3772 1390 con-

2188 1433 2347 1504 tingit
2394 1433 2481 1499 ¹⁶¹,
2527 1442 2584 1487 ιιι
2613 1441 2882 1502 aegrotans
2923 1431 3121 1500 aliquis
3161 1439 3255 1485 aut
3291 1431 3620 1485 sacramenti
3665 1431 3766 1484 vim

2187 1527 2423 1586 nesciat,
2467 1533 2561 1580 aut
2595 1525 2774 1580 minus
2800 1523 3162 1596 periculosam
3191 1532 3452 1594 reputans
3492 1523 3768 1579 inﬁmita-

2193 1626 2319 1680 tem,
2341 1615 2568 1670 salutem
2588 1629 2740 1668 suam
2757 1613 2969 1683 operari
2991 1613 3311 1679 dissimulet,
3329 1623 3423 1668 aut
3437 1623 3584 1669 certe
3603 1614 3768 1669 morbi

2190 1705 2443 1761 violentia
2475 1703 2851 1769 obliviscatur,
2877 1703 3038 1759 debet
3063 1719 3187 1760 eum
3216 1703 3317 1758 loci
3347 1704 3619 1774 presbiter
3647 1720 3770 1758 con-

2186 1807 2442 1868 gruenter
2465 1797 2778 1862 admonere,
2809 1797 3062 1865 quatinus
3087 1799 3153 1852 ad
3187 1798 3327 1852 hanc
3352 1796 3654 1867 Spiritalem
3681 1813 3770 1852 cu-

2181 1905 2301 1944 ram
2346 1888 2637 1944 secundum
2679 1888 2916 1958 propriae
2961 1887 3332 1958 possibilitatis
3375 1887 3524 1942 vires
3568 1887 3770 1942 vicinos

2185 1995 2400 2050 quoque
2446 1979 2779 2049 presbiteros
2822 1980 3035 2034 invitet.
3089 1979 3201 2035 lloe
3241 1989 3422 2033 tamen
3467 1979 3766 2041 sciendum,

2186 2073 2313 2142 quia
2342 2073 2386 2128 si
2425 2073 2471 2128 is
2499 2071 2590 2142 qui
2623 2071 2931 2126 infirmatur
2955 2071 3182 2143 publica;
3207 2071 3528 2141 penitencize
3569 2072 3770 2125 manci-

2185 2177 2344 2238 patus
2372 2175 2475 2229 est,
2503 2182 2610 2222 non
2637 2174 2816 2237 potest
2843 2164 3004 2234 hujus
3039 2165 3266 2221 misterii
3310 2164 3568 2233 consequi
3604 2164 3768 2217 medi-

2187 2263 2386 2325 cinam,
2425 2258 2529 2314 nisi
2571 2259 2722 2328 prius
2752 2257 3192 2313 reconciliatione
3219 2265 3496 2326 percepta,
3530 2271 3768 2311 commu-

2187 2350 2406 2404 nionem
2450 2348 2693 2418 corporis
2734 2356 2790 2403 ct
2823 2347 3100 2417 sanguinis
3130 2345 3332 2401 Christi
3362 2345 3655 2411 meruerit;
3686 2347 3767 2399 cui

2187 2440 2332 2494 enim
2379 2438 2582 2507 reliqua
2629 2447 2967 2492 sacramenta
3010 2437 3294 2492 interdicta
3329 2445 3487 2500 sunt,
3535 2436 3638 2490 hoc
3665 2451 3770 2489 uno

2189 2522 2332 2583 nulla
2366 2527 2573 2581 ratione
2605 2527 2680 2580 uti
2711 2526 3044 2582 conceditur.
3072 2524 3128 2580 Si
3163 2534 3341 2580 autem
3367 2524 3566 2578 inﬁrmi
3595 2523 3767 2594 quali-

2189 2631 2271 2674 tas
2303 2618 2426 2674 talis
2455 2627 2555 2683 est,
2586 2627 2645 2672 ut
2670 2633 2765 2688 per
2791 2633 2846 2672 se
2877 2617 3050 2687 ipsum
3080 2617 3406 2672 visitandnm
3438 2627 3494 2671 et
3524 2632 3768 2688 unguen-

2188 2711 2315 2766 dum
2345 2710 2565 2782 dignum
2597 2709 2872 2764 existimet
2909 2709 3214 2778 episcOpus,
3255 2708 3323 2763 ab
3364 2709 3482 2778 ipso
3510 2723 3673 2778 quam
3703 2706 3768 2739 ¹⁶⁸

2189 2802 2476 2872 plurimum
2531 2808 2896 2871 competenter
2947 2798 3064 2854 fieri
3116 2799 3288 2864 valet,
3342 2815 3372 2854 a
3431 2815 3539 2870 quo
3596 2799 3768 2868 ipsum

2189 2895 2424 2950 chrisma
2454 2893 2757 2957 coniicitur,
2804 2900 2860 2946 et
2899 2893 2983 2946 cui
3016 2902 3236 2962 peccata
3267 2893 3579 2948 remittendi
3610 2891 3767 2947 officii

2191 2983 2473 3055 privilegio
2501 2983 2568 3014 ¹⁶⁸
2596 2990 2836 3054 potestas
2862 2996 3116 3036 concessa
3143 2989 3245 3036 est.

2261 3079 2314 3134 9.
2355 3078 2432 3133 Ex
2464 3077 2690 3133 diversis
2728 3077 2973 3146 partibus
3016 3086 3332 3147 perventum
3359 3088 3444 3133 est
3468 3078 3533 3132 ad
3561 3093 3769 3134 sacram

2189 3167 2474 3241 synodum,
2507 3167 2650 3238 quod
2678 3167 2896 3236 quidam
2923 3177 3208 3236 parentum
3238 3167 3376 3220 tilias
3399 3181 3526 3222 suas
3553 3182 3678 3221 cum
3707 3166 3770 3220 ad

2190 3259 2426 3317 nubilem
2450 3259 2795 3328 pervenerint
2821 3267 3062 3321 aetatem,
3085 3271 3288 3328 easque
3310 3272 3408 3328 pro
3432 3273 3530 3312 suo
3558 3256 3772 3311 modulo

2191 3351 2323 3406 satis
2351 3350 2735 3405 convenienter
2764 3358 2987 3418 nuptum
3027 3349 3239 3402 tradere
3283 3348 3529 3419 possint,
3575 3346 3773 3400 diutius

2191 3453 2350 3510 quam
2377 3451 2597 3493 necesse
2630 3445 2716 3492 est
2752 3451 2934 3491 secum
2967 3435 3280 3501 detineant;
3315 3437 3456 3490 unde
3484 3451 3614 3506 sepe
3643 3451 3768 3489 eon-

2193 3529 2349 3600 tiugit
2379 3527 2467 3595 ⁸⁸⁵,
2500 3536 2556 3582 ιιι
2606 3526 2659 3581 in
2708 3526 2822 3596 ipsa
2863 3534 3088 3596 paterna
3129 3526 3287 3580 domo
3332 3533 3768 3594 corrumpantur.

2190 3621 2386 3675 Fertur
2424 3619 2573 3675 etde
2614 3617 2959 3688 quibusdam,
3002 3618 3144 3688 quod
3187 3618 3330 3672 dictu
3363 3632 3582 3688 quoque
3625 3616 3772 3672 nefas

2189 3723 2308 3779 est,
2355 3715 2502 3785 ipsos
2542 3722 2796 3784 parentes
2839 3711 3070 3768 filiarum
3114 3728 3332 3768 suarum
3364 3714 3772 3782 corruptoribus

2192 3807 2588 3862 eonhibentiam
2620 3805 2893 3876 prmberc,
2927 3813 2983 3860 et
3012 3816 3261 3860 natarum
3305 3820 3525 3860 suarum
3555 3805 3772 3859 lenones

2195 3899 2452 3955 existere.
2499 3897 2746 3952 Monendi
2790 3897 2955 3966 igitur
2995 3914 3023 3951 a
3067 3898 3380 3969 presbiteris
3421 3907 3549 3952 sunt
3593 3907 3772 3969 patres

2193 3989 2446 4055 familias,
2477 3998 2534 4044 ut
2579 3989 2790 4043 Illiabus
2821 3989 2933 4043 suis
2981 3988 3296 4059 tempestive
3341 3988 3563 4057 nuptias
3593 3989 3758 4057 provi-

2193 4080 2388 4143 deant,
2431 4089 2484 4134 et
2527 4079 2762 4134 calorem
2812 4077 3070 4134 ferventis
3114 4079 3290 4132 :etatis
3337 4077 3609 4149 coniugali
3660 4077 3770 4147 lege

2191 4170 2551 4242 prmveniant;
2585 4169 2816 4239 primum
2855 4168 3108 4232 scientes,
3152 4167 3276 4237 quia
3312 4168 3446 4223 tales
3475 4177 3535 4223 et
3579 4169 3624 4223 si
3657 4178 3770 4239 post

2193 4263 2550 4333 corruptelam
2600 4262 2850 4332 legitimis
2895 4261 3026 4315 viris
3069 4259 3332 4330 copulata:
3378 4258 3618 4322 fuerint,
3670 4273 3768 4314 non

506 4353 608 4408 nisi
643 4352 780 4408 forte
824 4352 946 4423 quis
989 4352 1041 4405 in
1087 4350 1330 4422 periculo
1373 4351 1538 4407 fuerit
1569 4353 1912 4418 constitutus,
1942 4361 1995 4408 et
2031 4367 2090 4408 se
2119 4386 2167 4446 ο
2193 4363 2418 4425 possunt
2451 4362 2626 4408 tamen
2669 4369 2790 4408 eum
2839 4365 3036 4423 sponso
3064 4351 3263 4421 pariter
3305 4349 3569 4405 sollemne
3613 4349 3770 4404 bene-

508 4444 846 4500 reconciliari
875 4445 1067 4498 devote
1098 4443 1328 4514 petierit.
1360 4444 1414 4498 Si
1441 4445 1724 4515 episcopus
1751 4445 1944 4500 absens
1976 4443 2091 4499 fue-
2120 4441 2152 4446 ⁷
2194 4447 2444 4503 dictionis
2473 4462 2501 4499 a
2529 4447 2806 4501 sacerdote
2835 4460 3028 4499 munus
3059 4443 3354 4514 percipere.
3388 4441 3602 4496 Deinde
3647 4441 3690 4496 si
3724 4442 3768 4493 in

508 4537 600 4600 rit,
633 4535 791 4590 debet
821 4536 1006 4606 utique
1052 4536 1319 4604 presbiter
1351 4535 1660 4606 episcopum
1688 4534 1755 4567 "'
1786 4536 2087 4602 consulere,

509 4635 565 4682 et
597 4626 675 4680 sic
704 4626 1029 4696 penitentcm
1053 4624 1169 4693 ejus
1185 4635 1461 4695 ιιι-ευσεβιο
1490 4625 1844 4680 reconciliare
1865 4625 1967 4690 ’ς
1995 4624 2094 4680 ali-

509 4729 598 4775 ter
626 4727 808 4774 autem
849 4720 987 4774 sicut
1013 4733 1116 4774 nec
1151 4719 1463 4774 chrismatis
1487 4717 1753 4773 confectio
1776 4717 1859 4771 vel
1891 4717 2098 4787 puclla-

512 4825 633 4877 rum
682 4809 1041 4870 consecratio.
1088 4809 1160 4863 ita
1207 4822 1307 4863 nec
1353 4808 1687 4876 penitentum
1732 4807 2095 4864 reconciliatio

516 4900 784 4954 ullatenus
815 4915 844 4954 a
888 4899 1202 4969 presbiteris
1239 4897 1352 4951 licri
1401 4891 1616 4952 debebit
1661 4897 1748 4961 ⁸⁵³,
1793 4899 1918 4969 quia
1967 4900 2095 4954 solis

519 4992 784 5062 episcopis
812 4990 1174 5061 apostolorum
1204 4989 1378 5042 vicem
1427 4988 1728 5044 tenentibus
1759 4985 1860 5060 per
1905 5004 2096 5044 manus

517 5082 898 5151 inpositioncm
925 5078 1231 5149 specialiter
1260 5078 1313 5132 in
1355 5078 1549 5132 eclesia
1590 5080 1923 5146 conceditur,
1955 5081 2097 5150 quod

520 5159 649 5227 tunc
678 5168 935 5242 apostolis
979 5169 1044 5221 ad
1089 5168 1232 5236 ipsos
1267 5165 1494 5222 Domino
1534 5167 1750 5222 dicente
1782 5183 2096 5226 concessum

517 5255 602 5318 est
634 5277 648 5315 :
677 5260 908 5326 Accipite
942 5257 1196 5326 Spiritum
1233 5267 1502 5322 sanctum;
1540 5273 1761 5313 auorum
1800 5260 2100 5316 remiseritis

2191 4551 2379 4592 eorum
2405 4537 2651 4591 domibus
2676 4536 2775 4590 tale
2805 4535 2953 4589 nefas
2979 4533 3048 4564 ¹⁶⁶
3075 4533 3349 4598 acciderit,
3375 4533 3648 4601 siquidem
3678 4531 3772 4586 illis

2194 4625 2556 4682 nescientibus
2580 4640 2680 4695 pro
2703 4625 2813 4680 sola
2847 4624 3196 4694 neglegentiae
3221 4623 3286 4655 ¹⁶¹
3315 4623 3468 4692 culpa
3502 4623 3771 4692 paeniten-

2195 4719 2284 4774 tia:
2305 4717 2619 4788 subiiciendi
2662 4726 2818 4780 sunt;
2865 4716 2910 4770 si
2943 4730 3070 4770 vero
3093 4714 3456 4783 corruptionis
3489 4713 3769 4781 turpitudi-

2197 4825 2318 4867 nem
2359 4810 2458 4882 ipsi
2487 4809 2877 4872 consenserint,
2922 4806 3094 4876 major
3119 4807 3202 4861 his
3241 4807 3332 4877 qui
3362 4806 3657 4876 prohibere
3684 4807 3774 4860 de-

2194 4904 2426 4960 buerant
2451 4901 2761 4971 penitcntiae
2790 4899 2999 4954 sarcina
3025 4899 3093 4930 “3
3118 4912 3276 4968 quam
3309 4895 3436 4964 ipsis
3461 4896 3553 4966 qui
3586 4911 3774 4965 perpe-

2195 5001 2474 5047 traverunt
2495 4990 2815 5060 imponenda
2837 4989 3031 5044 εει.Λὰ
3054 4987 3294 5042 ultimum
3315 4984 3381 5017 ³³³
3398 4985 3500 5041 hoc
3524 4989 3770 5038 noverint

2194 5080 2548 5136 cclcsiasticis
2593 5077 2962 5134 sanctionibus
2999 5092 3117 5132 esse
3154 5074 3454 5145 praeﬁxum,
3493 5082 3555 5128 ut
3597 5074 3770 5128 nullus

2197 5163 2408 5243 publice
2442 5167 2713 5239 paenitens
2743 5182 2912 5237 usque
2933 5167 3001 5222 ad
3034 5175 3242 5234 tempus
3268 5172 3502 5234 peracta:
3526 5164 3769 5232 peniten-

2199 5262 2288 5317 tiae
2316 5259 2634 5326 coniugium.
2651 5259 2972 5314 contrahere
2995 5256 3189 5326 valeat,
3218 5264 3271 5311 et
3298 5256 3398 5310 hac
3421 5255 3634 5308 ratione
3658 5267 3771 5306 eor-
