3898 6320
117 421 198 478 561
900 451 906 458 ·
1064 415 1496 476 FRANCORUM
1535 411 1776 472 REGUM
1816 409 2295 469 CAPITULARIA.

3227 403 3334 458 562

115 548 296 610 ruptam
324 536 482 593 tiliam
510 551 610 593 non
639 550 794 607 posse
814 537 1065 609 conjugio
1088 535 1347 609 copulari,
1370 547 1650 605 quousque
1677 523 1721 582 Α
1753 532 1831 588 rei
1867 531 1932 564 ¹⁸⁶
1973 529 2515 586 amministralionem
2560 506 2784 598 implere
2825 523 3184 595 nequiverint.
3232 524 3332 592 Qui

112 648 191 702 per
227 628 479 700 publicam
522 628 894 699 paenitentiam
941 637 996 684 et
1041 628 1155 700 ipsa
1197 636 1252 683 et
1285 633 1560 698 parentes,
1607 622 1652 678 si

109 724 227 779 forte
250 723 574 777 consensisse
598 721 806 792 probati
837 721 1054 784 fuerint,
1081 720 1573 777 reconciliationem
1598 727 1653 772 et

111 815 226 870 sacri
251 814 430 868 altaris
457 813 886 870 communionem
915 813 1160 868 obtinere
1189 811 1506 866 meruerint.

167 906 239 960 l0.
273 906 350 960 De
380 903 492 975 (47)
523 903 828 974 raptoribus
860 918 1011 970 vero,
1053 903 1396 975 antiquorum
1430 901 1652 958 Patrum

108 1006 279 1052 statuta
320 1002 631 1066 sequentes,
679 995 781 1050 hoc
828 994 1113 1050 tenendum
1156 1008 1458 1058 censemus,
1506 1000 1566 1046 ut
1607 993 1656 1048 si

107 1105 182 1144 eas
207 1087 474 1158 rapuerint
514 1102 633 1158 quae
659 1101 781 1142 cum
822 1101 1020 1159 Sponso
1059 1087 1258 1158 pariter
1283 1085 1656 1141 benedictione

107 1178 406 1236 sacerdotale
447 1180 671 1234 initiatae
699 1189 844 1245 sunt,
878 1179 1002 1234 licet
1032 1179 1250 1235 easdem
1291 1178 1651 1247 corruperint,

107 1271 462 1324 abstrahamur
492 1277 671 1324 tamen
714 1270 782 1323 arb
811 1269 916 1336 his,
945 1277 998 1323 et
1025 1269 1260 1339 propriis
1292 1268 1504 1339 sponsis
1536 1267 1654 1323 red-

105 1363 287 1416 dantur.
317 1361 446 1428 Qua:
485 1375 614 1416 vero
643 1360 726 1416 Vel
751 1361 924 1415 viduae
952 1369 1100 1427 sunt,
1127 1360 1212 1416 vel
1243 1360 1418 1416 adhuc
1445 1375 1655 1431 sponsa:

105 1468 189 1508 non
223 1452 436 1523 fuerint,
469 1462 525 1508 et
553 1453 759 1525 absque
789 1454 1026 1524 ipsarum
1057 1463 1113 1510 et
1151 1464 1436 1524 parentum
1465 1453 1656 1510 volun-

104 1553 193 1599 tate
233 1545 534 1613 rapiuntur,
578 1545 929 1601 nihilominus
969 1546 1285 1616 parentibus
1315 1545 1398 1600 vel
1443 1545 1659 1616 propino

103 1638 200 1709 quis
223 1639 592 1705 restituantur,
624 1647 682 1693 et
703 1637 844 1703 aliis,
872 1638 916 1694 si
947 1638 1233 1702 voluerint,
1265 1639 1488 1694 nubant.
1518 1639 1654 1694 Nam

103 1729 207 1799 ipsis
233 1744 260 1783 a
291 1730 488 1799 quibus
536 1738 702 1800 raptae
743 1737 906 1793 sunt,
934 1729 1186 1800 legitima:
1213 1730 1429 1785 demum
1459 1745 1658 1784 uxores

103 1821 374 1876 nullatenus
424 1837 548 1877 esse
596 1832 841 1893 possunt.
891 1822 1040 1893 Ipsos
1071 1822 1140 1856 ¹τ⁶
1179 1831 1360 1878 autem
1412 1831 1657 1893 raptores

1756 640 1886 681 vero
1925 625 1990 680 ad
2029 624 2448 680 admonitionem
2480 622 2544 654 '“
2573 620 2805 692 episcopi
2853 635 2944 676 seu
2995 618 3333 674 sacerdotum

1755 731 1852 787 pro
1877 724 2182 787 perpetrato
2209 713 2386 785 palam
2427 711 2631 768 scelere
2671 709 3002 782 poenitentiae
3041 708 3332 764 remedimu

1757 806 2030 876 suscipere
2055 804 2343 870 noluerint,
2389 803 2559 874 magis
2594 800 2878 872 abjicieudi
2923 808 3073 862 sunt,
3110 797 3338 852 anathe-

1757 896 2047 952 matizandi
2091 895 2320 961 scilicet,
2368 904 2421 950 et
2468 902 2740 964 tamquam
2785 891 2995 962 putrida
3039 905 3103 944 ac
3143 890 3336 958 despe-

1758 997 1874 1044 rata
1905 989 1969 1023 ¹⁸⁴⁸
2001 988 2241 1044 membra
2268 988 2335 1044 ab
2365 985 2686 1042 universalis
2709 983 2949 1040 ecclesiae
2973 995 3198 1052 corpore
3225 979 3336 1033 dis-

1756 1081 2006 1149 secandi;
2047 1080 2343 1154 cujusmodi
2370 1071 2480 1149 jam
2532 1079 2673 1133 inter
2720 1075 3046 1132 christianos
3091 1071 3238 1128 nulla
3270 1069 3338 1102 ‘“

1757 1177 1965 1248 legum,
1983 1174 2128 1230 nulla
2168 1189 2401 1238 morum,
2430 1171 2574 1226 nulla
2610 1169 2822 1242 collegii
2867 1167 3205 1240 participatio
3236 1172 3336 1228 est.

1756 1270 1960 1341 quibus.
1997 1282 2169 1338 neque
2211 1267 2265 1321 in
2307 1267 2422 1336 ipso
2461 1264 2608 1319 exitu
2647 1261 3097 1326 communicatur,
3127 1267 3182 1312 et
3209 1271 3342 1328 quo-

1759 1379 1877 1418 rum
1908 1377 2080 1432 neque
2103 1369 2221 1432 post
2247 1369 2496 1424 mortem,
2518 1356 2700 1412 saltim
2730 1355 2871 1410 inter
2895 1352 3180 1408 defunctos
3210 1347 3344 1404 lide-

1756 1456 1855 1520 les,
1899 1453 2344 1510 commemoratio
2388 1450 2465 1504 lit.
2504 1449 2609 1505 Sed
2651 1447 2695 1505 si
2738 1447 2940 1502 adhoc
2986 1441 3343 1498 inrevocabile

1751 1546 2008 1619 juditium
2031 1543 2284 1602 obdurati
2309 1542 2485 1599 cordis
2511 1547 2854 1609 contemptus
2883 1535 3070 1600 trahit,
3099 1548 3202 1588 non
3227 1531 3345 1587 sine

1759 1654 1950 1710 magna
1988 1647 2166 1692 tamen
2196 1634 2597 1691 examinatione
2638 1629 2962 1686 veniendum
2990 1637 3104 1691 est,
3141 1634 3194 1682 et
3224 1639 3342 1679 om-

1759 1731 1846 1785 nia
1876 1727 2142 1785 sacerdoti
2175 1727 2325 1796 prius
2348 1722 2691 1795 experienda,
2719 1737 2818 1776 nec
2848 1719 3052 1788 absque
3076 1729 3347 1786 metr0po-

1758 1820 1911 1876 litaui
1939 1819 2247 1891 cognitione
2270 1827 2323 1874 et
2347 1815 2756 1887 provincialium
2791 1812 3165 1883 episcoporum
3195 1822 3345 1864 com»

102 1913 255 1983 eisque
283 1913 544 1968 auxilium
575 1886 1270 1985 permutem-quamquam
1293 1886 1652 1968 anathetnati-
1691 1886 1732 1946 Β
1761 1915 1908 1969 muni
1931 1886 2130 1985 juditio
2155 1910 2448 1984 quemlibet
2474 1905 3043 1965 anathematizandum
3071 1918 3192 1959 esse
3221 1916 3350 1974 per~

103 2005 273 2059 zandos
297 2004 510 2076 antiqui
541 2019 776 2060 canones
803 2004 1138 2074 praecipiant,
1177 2005 1230 2059 in
1259 2003 1446 2058 ultimo
1479 2010 1660 2059 tamen

103 2096 395 2160 constitutis,
437 2096 488 2151 si
532 2097 726 2151 devote
774 2096 1184 2167 postulaverint,
1224 2111 1391 2152 sacra:
1421 2110 1662 2151 commu-

103 2187 247 2241 nionis
271 2186 528 2242 viaticum
559 2203 657 2258 pro
683 2187 1055 2243 misericordia
1094 2185 1328 2242 dandum
1361 2201 1464 2241 non
1496 2202 1664 2258 nega-

104 2294 214 2333 mus.
252 2278 398 2347 Quod
445 2280 498 2334 si
529 2279 726 2348 aliquis
760 2279 825 2334 de
854 2279 1043 2334 ordine
1071 2278 1308 2334 clericali
1353 2278 1658 2349 hujusmodi

104 2369 564 2436 transgressoribus
587 2368 653 2401 ’τι
679 2378 998 2440 cooperator
1023 2369 1286 2434 extiterit,
1312 2368 1512 2440 proprii
1538 2383 1662 2440 gra-

105 2455 182 2512 dus
209 2457 401 2514 honore
430 2457 667 2514 carebit.

159 2566 235 2623 ll.
269 2569 625 2625 Inveniuntur
654 2570 894 2626 nonnulli
939 2586 1039 2641 per
1071 2573 1314 2627 diversas
1351 2571 1662 2642 provincias

105 2669 148 2714 et
167 2661 392 2719 civitates
423 2663 695 2719 habentes
731 2666 1120 2735 possessiones,
1157 2666 1250 2737 qui
1289 2683 1410 2723 cum
1443 2667 1662 2738 aliquod

106 2750 275 2819 publice
297 2753 481 2810 scelus
506 2756 937 2826 perpetraverint
965 2762 1021 2810 et
1049 2756 1116 2810 ab
1141 2757 1395 2828 episcopo
1424 2758 1505 2813 Vel
1539 2775 1664 2829 pre-

107 2843 282 2901 sbiteris
307 2846 410 2904 loci
442 2847 704 2903 conventi
730 2846 953 2915 fuerint,
976 2860 1037 2905 ιιι
1062 2850 1428 2921 penitudiuem
1449 2861 1659 2922 gerant,

107 2934 160 2990 ab
191 2937 395 2995 alterius
431 2938 683 2996 civitatis
721 2940 975 3011 episcopo
1009 2941 1094 2997 vel
1135 2941 1436 3014 presbitero
1466 2958 1526 3000 se
1547 2943 1660 3014 jam

107 3026 416 3093 penitentiam
459 3029 535 3060 ³⁷⁸
575 3031 896 3100 suscepisse,
940 3032 1022 3087 vel
1063 3033 1360 3104 suscipere,
1403 3033 1540 3089 velle
1583 3033 1664 3088 fa-

109 3128 283 3174 teantur
306 3121 394 3188 "3,
418 3130 593 3192 atque
622 3123 694 3178 ita
722 3124 941 3179 sibimet
970 3124 1275 3193 illudentes,
1305 3127 1416 3183 Deo
1442 3109 1658 3184 mentiri

109 3222 348 3267 conantur.
379 3212 550 3268 Tales
591 3228 721 3286 ergo
760 3215 828 3270 ab
858 3216 1110 3289 episcopo
1140 3219 1374 3274 civitatis
1412 3219 1466 3274 in
1504 3218 1660 3289 cujus

110 3303 348 3366 parrochia
370 3304 560 3360 scelus
583 3305 931 3363 commissum
954 3317 1057 3374 est,
1074 3310 1257 3365 statim
1280 3312 1660 3367 communione

108 3393 283 3463 privati,
325 3398 392 3455 ad
429 3400 704 3470 agendam
749 3401 1099 3470 penitentiam
1128 3412 1409 3474 cogantur.
1445 3401 1661 3460 Scribat

109 3495 251 3542 autem
275 3491 362 3558 qui
387 3505 525 3547 eum
554 3492 933 3548 communione
959 3493 1273 3564 privaverit,
1300 3495 1421 3552 aliis
1447 3511 1661 3568 quoque

108 3577 331 3650 episcopis
359 3582 411 3636 in
445 3597 681 3652 quorum
719 3583 1127 3653 parrochiarum
1161 3587 1450 3643 territoriis
1475 3587 1662 3658 hujus-

108 3672 220 3725 tnodi
246 3676 441 3744 praedia
481 3675 742 3744 possidet,
769 3684 904 3732 utet
947 3675 1048 3748 ipsi
1095 3693 1210 3732 rem
1241 3677 1310 3709 ¹⁷⁸
1338 3680 1591 3744 scientes,
1627 3695 1658 3733 a

110 3777 182 3816 sua
219 3765 354 3822 illum
394 3768 787 3824 communione
831 3778 1170 3836 removeant,
1217 3783 1285 3826 ne
1326 3769 1466 3826 forte
1507 3783 1656 3842 post-

109 3855 286 3911 modum
315 3873 410 3929 per
462 3859 819 3930 ignorantiam
849 3859 949 3915 sibi
978 3861 1294 3932 subreptum
1339 3870 1654 3930 querantur.

109 3943 346 4005 manifesta
370 3951 583 4007 etenim
613 3961 694 4008 est
724 3952 1195 4010 ""a:cciesiastiea
1229 3953 1457 4019 sanctio,
1488 3954 1659 4009 conti-

109 4051 215 4096 nens
234 4042 315 4108 m,
351 4053 411 4099 ut
463 4045 555 4114 qui
601 4043 668 4100 ab
714 4061 821 4101 uno
860 4047 1114 4117 episcopo
1160 4047 1660 4103 excommunicatus

108 4138 191 4194 εει,
211 4133 271 4189 ab
295 4135 412 4191 aliis
447 4137 495 4190 ei
525 4151 631 4192 non
655 4137 851 4193 debeat
879 4137 1148 4208 episcopis
1174 4137 1585 4194 communicari.

160 4224 234 4280 η
272 4226 382 4284 Hoc
423 4238 610 4285 autem
655 4231 907 4287 omnibus
950 4230 1262 4287 christianis
1303 4230 1659 4287 intimandum

108 4327 187 4382 cst,
213 4321 326 4389 quia
355 4323 408 4377 hi
447 4323 538 4392 qui
573 4323 714 4378 sacri
743 4322 931 4380 altaris
959 4323 1337 4380 communione
1364 4323 1582 4394 privati,
1605 4331 1660 4378 et

109 4422 184 4473 pro
207 4411 640 4468 suissceleribns
679 4415 990 4470 reverendis
1029 4414 1266 4471 aditibus
1293 4413 1534 4479 exclusi,
1562 4429 1662 4484 pu-

107 4494 231 4554 blica?
258 4503 586 4573 poenitentia:
621 4503 888 4576 subjugati
923 4515 1069 4571 sunt,
1097 4505 1242 4560 nullo
1273 4504 1477 4560 militia:
1505 4520 1661 4561 secu-

1761 2008 2044 2064 mittimus.

1837 2124 1921 2180 l3.
1973 2122 2201 2194 Propter
2242 2119 2514 2178 assiduam
2557 2134 2682 2191 erga
2726 2117 2982 2190 populum
3035 2113 3129 2170 Dei
3158 2125 3347 2168 curam

1762 2213 1990 2285 singulis
2007 2212 2257 2284 plebibus
2283 2211 2766 2280 archipresbiteros
2806 2220 3035 2279 praeesse
3065 2203 3345 2266 volumus;

1761 2306 1850 2376 qui
1877 2320 1983 2360 non
2014 2303 2186 2360 solum
2218 2302 2434 2372 inperiti
2471 2299 2613 2371 vulgi
2664 2297 3081 2355 sollicitudinem
3127 2299 3344 2365 gerant,

1761 2411 1949 2451 verum
1985 2395 2148 2451 etiam
2174 2407 2365 2449 eorum
2391 2390 2819 2464 presbiterorum
2848 2387 2940 2459 qui
2969 2401 3068 2458 per
3110 2384 3348 2440 minores

1763 2487 1951 2543 titulos
1983 2485 2439 2552 habitant,vitam
2456 2483 2571 2554 jugi
2594 2479 3138 2550 circnmspectionem
3172 2483 3350 2531 custo-

1762 2581 1945 2646 diant;
1977 2587 2032 2636 et
2061 2595 2166 2650 qua
2194 2578 2572 2648 unusquisque
2620 2573 2886 2630 industria
2936 2570 3177 2627 divinum
3209 2582 3346 2639 opus
3409 2561 3412 2566 ’

1761 2679 2032 2738 exerceat,
2084 2670 2336 2742 episcopo
2385 2685 2484 2724 suo
2543 2665 2872 2724 renuntient.
2922 2662 3032 2718 Nec
3085 2660 3347 2717 obtendat

1761 2765 2068 2836 episcopus,
2096 2777 2202 2819 non
2250 2776 2412 2833 egere
2443 2759 2654 2831 plebem
2684 2756 3158 2828 archiprcshitero,
3204 2753 3349 2824 quod

1764 2856 1882 2926 ipse
1908 2869 2027 2911 eam
2057 2869 2153 2924 per
2201 2869 2262 2910 se
2289 2852 2592 2924 gubernare
2616 2849 2824 2914 valeat;
2851 2849 2977 2918 quia
3023 2858 3078 2903 et
3121 2847 3164 2901 si
3192 2845 3346 2902 valde

1766 2950 1993 3006 idoneus
2021 2956 2124 3013 est,
2155 2948 2311 3004 decet
2337 2956 2515 3002 tamen
2557 2953 2615 3000 ut
2640 2944 2918 3016 parciatur
2941 2957 3111 3000 onera
3133 2955 3253 3002 sua,
3293 2947 3368 2994 et'

1765 3041 1905 3097 sicut
1933 3041 2048 3111 ipse
2069 3039 2283 3096 matrici
2311 3046 2524 3110 praeest,
2556 3038 2630 3092 ita
2658 3032 3096 3105 archipresbiteri
3128 3039 3350 3102 pracsutt

1766 3134 1990 3204 plebeis,
2021 3142 2082 3188 ut
2127 3133 2180 3188 in
2208 3131 2352 3188 nullo
2386 3130 2579 3186 titubet
2619 3127 2968 3184 teclesiastica
3017 3121 3342 3192 sollicitudo.

1766 3224 1970 3281 Cuncta
2015 3236 2197 3279 tamen
2227 3222 2293 3277 ad
2325 3223 2634 3293 episcopum
2677 3218 2939 3284 referant,
2997 3231 3096 3272 nec
3139 3212 3345 3277 aliquid

1762 3325 1952 3374 contra
1978 3316 2095 3386 ejus
2121 3316 2399 3373 decretum
2429 3315 2682 3370 ordinare
2710 3320 3070 3381 praesumant.

1832 3409 1931 3467 ιι.
1960 3409 2224 3476 Quianon
2245 3416 2451 3463 tantum
2483 3422 2512 3460 a
2543 3405 2878 3462 secularibus
2899 3399 3352 3473 personis,imtuo.

1761 3501 1907 3556 etab
1931 3499 2062 3570 ipsis
2090 3497 2432 3569 prtesulibus,
2459 3494 2600 3566 quod
2630 3495 2852 3549 minime
2897 3492 3098 3557 decuit,
3135 3499 3240 3544 tam
3270 3489 3350 3542 vi-

1764 3608 1944 3648 rorum
1971 3607 2136 3663 quam
2165 3590 2488 3647 feminarum
2520 3587 2851 3643 monasteria
2892 3586 3163 3641 destructa
3194 3584 3350 3638 inve-

1762 3680 2238 3751 niuntur,,placuit
2261 3688 2464 3735 sanctae
2511 3677 2736 3749 synodo,
2771 3683 2828 3730 ut
2855 3676 2922 3730 ab
2942 3673 3209 3744 episcopis
3239 3671 3349 3742 pri-

1759 3785 1907 3826 mum
1934 3785 2119 3825 eorum
2169 3777 2344 3824 status
2372 3766 2794 3837 recuperationis
2835 3773 3013 3819 sumat
3040 3762 3349 3825 exordium.

1760 3869 1815 3914 et
1834 3860 2014 3916 omnia
2042 3860 2367 3915 monasteria
2399 3873 2519 3928 quae
2545 3858 2646 3912 sub
2672 3858 3045 3926 episcoporum
3089 3863 3214 3908 sunt
3240 3868 3345 3925 po-

1763 3959 1977 4015 testate,
1999 3949 2258 4022 protinus
2287 3957 2684 4012 restaurentur,
2708 3956 2764 4002 et
2781 3947 3105 4015 quicumque
3129 3944 3342 4013 cpisco-,

1760 4055 1951 4111 porum
1977 4041 2043 4096 ad
2075 4048 2357 4096 venturam
2387 4039 2664 4111 sequentis
2698 4037 2823 4092 anni
2859 4035 3083 4090 Domino
3108 4034 3340 4104 prepitio

1762 4131 2025 4203 synodum
2053 4130 2382 4187 monasteria
2413 4145 2531 4200 quae
2563 4129 2662 4184 sub
2684 4143 2779 4183 sua
2804 4135 3068 4198 potestate
3101 4126 3342 4196 neglecta

1759 4221 1997 4287 fuerant,
2033 4224 2214 4294 aliqua
2239 4238 2305 4278 ex
2356 4232 2509 4292 parte
2551 4233 2904 4292 recuperasse
2957 4229 3203 4290 repertus
3234 4233 3338 4272 non

1761 4313 1947 4383 fuerit,
1967 4315 2484 4372 excommunicetur.

1834 4409 1922 4466 l5.
1962 4409 2224 4466 Similiter
2244 4417 2298 4464 et
2319 4410 2385 4464 de
2406 4408 2752 4481 synodochiis
2781 4407 3091 4472 statuimus,
3113 4415 3172 4460 ut
3195 4420 3340 4476 quae-

1761 4515 1993 4572 cumque
2037 4500 2088 4555 in
2131 4501 2507 4572 episcoporum
2561 4509 2685 4556 sunt
2724 4509 3009 4571 potestate,
3048 4498 3341 4553 secundum

109 4582 211 4678 latis
250 4593 325 4648 uti
364 4594 580 4666 cingulo
622 4595 712 4661 "7',
756 4595 1066 4667 nullamque
1109 4595 1418 4666 reipublicae
1461 4595 1660 4652 debent
1684 4619 1737 4678 Β
1764 4591 2168 4663 dispositionem
2195 4607 2380 4648 eorum
2425 4593 2519 4662 qui
2545 4607 2608 4647 ea
2659 4592 3009 4647 instituerunt
3045 4591 3347 4661 gubernene

108 4674 452 4736 administrare
477 4683 824 4753 dignitatem;
860 4685 984 4754 quia
1023 4699 1122 4740 nec
1149 4684 1499 4756 popularibus
1525 4700 1655 4740 con-

84 4769 320 4828 ‘ventibus
346 4774 416 4806 "‘
440 4789 536 4830 eos
571 4776 785 4832 misceri
821 4785 1052 4848 oportet,
1096 4791 1198 4832 nec
1225 4792 1420 4832 vacare
1462 4777 1657 4834 saluta-

107 4855 327 4927 tionibus,
356 4880 460 4921 nec
487 4867 852 4936 quorumlibet
880 4882 1074 4924 causas
1103 4868 1368 4939 judicare,
1395 4884 1519 4924 cum
1549 4869 1661 4924 sint

108 4945 187 5015 ipsi
214 4951 387 5011 divino
415 4956 612 5014 addicti
635 4958 872 5027 judicio;
908 4961 1232 5017 domesticas
1263 4971 1446 5018 autem
1477 4976 1660 5018 neces-

105 5039 265 5100 sitates
291 5064 482 5104 curare
527 5066 634 5106 non
677 5051 1056 5122 prohibentur,
1099 5055 1200 5109 nisi
1235 5053 1390 5120 forte,
1439 5065 1660 5128 propter

106 5133 336 5192 scelerum
367 5150 428 5196 ut
468 5157 610 5212 saepe
645 5141 704 5197 fit
743 5146 1124 5201 enormitatem
1165 5147 1512 5204 conscientia:
1558 5148 1659 5204 sti-

106 5224 239 5282 mulis
267 5232 543 5303 exagitati,
567 5241 622 5288 et
653 5233 832 5290 mente
861 5235 927 5267 "’
950 5235 1204 5308 perculsi,
1237 5236 1407 5310 ipsius
1436 5238 1661 5309 privatae

1764 4693 1882 4750 tur;
1911 4699 2031 4754 qua:
2059 4693 2238 4738 autem
2265 4683 2366 4738 sub
2382 4682 2692 4738 defensioue
2705 4683 2918 4752 quidem
2937 4679 3356 4743 suntecclcsim,~,

1763 4791 1845 4837 set
1866 4780 2022 4850 juxta
2070 4779 2441 4836 institutorum
2472 4777 2690 4834 decreta
2723 4793 2820 4848 per
2869 4777 3097 4833 heredes
3144 4777 3227 4831 vel
3251 4793 3346 4848 pa—

1760 4880 1943 4927 rentes
1966 4869 2034 4901 ‘“
2057 4868 2150 4939 qui
2173 4868 2485 4937 religiosam
2512 4869 2681 4922 vitam
2709 4866 2967 4923 duxerint
2991 4867 3102 4938 regi
3121 4866 3360 4930 debent,

1758 4971 2015 5036 procuret
2039 4961 2342 5033 episcopus,
2372 4970 2432 5015 ut
2454 4959 2523 5015 ab
2549 4960 2629 5016 eis
2659 4975 2766 5015 non
2793 4959 3162 5034 neglegantur.
3203 4958 3268 5012 Et
3295 4957 3341 5011 si

1762 5056 1816 5111 in
1868 5055 2053 5124 aliquo
2107 5053 2262 5108 malze
2303 5052 2641 5108 tractationis
2695 5051 2916 5107 obnoxii
2977 5051 3340 5120 reperiuntur,

1762 5146 2145 5204 ecclesiasticae
2168 5143 2483 5214 subjaceant
2513 5143 2832 5214 disciplinae.
2849 5141 3004 5213 Quod
3027 5143 3072 5196 si
3091 5141 3338 5204 heredes,

1760 5239 1875 5294 sive
1902 5236 2085 5293 clerici
2141 5237 2256 5292 sive
2308 5234 2600 5300 seculares,
2653 5236 2787 5292 adeo
2839 5235 3130 5304 inportune
3154 5240 3342 5285 contra

1351 5343 1587 5401 VARIIE
1621 5343 2024 5404 LECTIONES.

163 5450 222 5482 "°
268 5453 366 5522 ipsi
404 5453 466 5509 G.

106 5517 364 5601 "illan—Ct
439 5528 504 5562 ⁸⁷⁸
526 5525 677 5601 et_C.
713 5529 785 5601 Ἢ
808 5517 1049 5601 continet
1086 5525 1146 5582 (Ἰ.

105 5595 526 5653 ministratiouem
583 5598 643 5654 C.
723 5599 790 5631 ¹⁶²
817 5599 1098 5669 desparata
1133 5595 1196 5652 G.

555 5457 619 5490 ⁸⁷⁸
665 5464 1034 5527 transgressor
1069 5456 1155 5511 vel
1193 5465 1512 5526 cooperator
1549 5455 1612 5510 V.
1653 5456 1754 5512 Vn.
1789 5465 1828 5511 t.
1871 5467 1965 5511 aut
2007 5473 2056 5513 c.
2098 5456 2213 5513 Est.

555 5538 580 5581 τι
617 5525 677 5581 C.
713 5529 782 5564 ¹⁷⁶
808 5529 1049 5581 continet
1086 5525 1146 5581 C.
1229 5527 1291 5558 ¹⁷⁷
1334 5527 1564 5581 concilio
1594 5526 1654 5581 C.
1733 5527 1802 5561 ⁸⁷⁸
1828 5529 2079 5581 gentibus
2101 5528 2163 5581 C.

1277 5597 1344 5630 ⁸⁸³
1377 5596 1576 5651 nullum
1603 5595 1666 5652 G.

2895 5457 2968 5490 ⁸⁷³
3003 5457 3242 5512 fatentur
3273 5455 3340 5510 C.

2313 5460 2716 5529 ‘7’»‘peniteutia:
2752 5458 2817 5512 G.
2895 5458 2968 5490 ⁸⁷³
3003 5458 3242 5512 fatentur
3273 5458 3310 5510 G

2331 5541 2385 5580 et
2422 5533 2473 5580 in
2501 5547 2561 5580 se
2591 5529 2652 5580 (Σ.
2731 5528 2798 5561 ’⁸ο
2833 5528 2944 5580 retti
2977 5525 3046 5580 G.
3123 5528 3188 5561 ¹⁸¹
3244 5527 3310 5580 ad

1828 5529 2079 5598 Senlibus
2101 5528 2163 5584 C.
2241 5531 2308 5561 m
2331 5541 2385 5586 et
2409 5525 2473 5585 'in
2501 5547 2561 5586 se
2591 5529 2652 5584 (Σ.
2731 5528 2798 5561 ’⁸ο
2833 5528 2944 5598 regi
2977 5525 3046 5587 G.
3123 5528 3188 5561 ¹⁸¹

1745 5599 1813 5632 η*
1840 5600 2176 5669 pertinentes
2205 5599 2267 5656 C.

1615 5711 1839 5770 NOTAE.

169 5818 269 5894 (47)
304 5823 361 5882 in
395 5831 546 5888 codd.
577 5830 657 5887 F1.
701 5832 793 5890 fol.
831 5831 953 5889 {29.
985 5832 1044 5888 ν.
1078 5830 1179 5886 Vn.
1223 5828 1335 5884 Est.
1376 5828 1513 5896 apud
1555 5826 1747 5884 Mitrat.
1783 5831 1924 5889 inter
1955 5832 2212 5892 Ludovici
2241 5833 2283 5888 Il
2320 5835 2483 5904 leges,
2515 5847 2634 5902 cap.
2666 5837 2718 5891 5.
