3876 5326
85 352 166 408 565
1049 347 1470 405 FRANCORUM
1511 346 1646 402 REC
1659 347 1750 403 ΗΜ
1790 346 2271 403 CAPITULARIA.

1654 443 1696 504 Α
1729 459 1876 515 verbi
1923 458 2180 532 spiritalis
2218 457 2475 512 alimento
2499 443 2547 521 ,ί
2569 442 2915 512 convivantes
2961 471 3019 511 se
3064 455 3296 511 refectos

86 498 172 540 tem
224 483 468 539 idoneam
514 481 889 541 adulescentes
931 486 1198 552 venerint,
1232 493 1358 541 tunc
1385 483 1624 556 legitimo

86 573 263 644 possint
280 573 512 628 conubio
540 573 610 604 ⁸⁸⁵
638 573 898 644 copulari.

137 663 217 716 ‘33.
257 662 389 730 Quia
411 661 700 732 pestiferas
725 665 902 720 adhuc
927 664 1122 734 stirpes
1138 674 1192 721 et
1210 664 1466 736 reliquias
1495 665 1626 721 artis

87 753 275 822 magicae
317 753 370 806 in
402 760 610 808 tantum
662 755 843 826 vigere
873 756 941 812 ad
989 771 1087 813 nos
1128 757 1391 828 perlatum
1431 765 1534 825 est,
1570 768 1629 813 ut

85 845 296 913 quedam
327 843 581 900 maleﬁca:
604 845 873 902 inlicitum
917 863 1156 905 amorem
1187 848 1414 905 aliorum
1438 850 1628 905 menti-

87 941 183 1004 bus,
203 938 317 993 aliis
361 954 492 994 vero
523 938 709 996 odium
752 942 1026 999 inmittere
1067 944 1627 1017 dicantur;qu:edam

87 1030 219 1084 etiam
265 1028 339 1082 ita
391 1032 700 1088 venenarite
749 1044 896 1101 sunt,
930 1044 989 1090 ut
1039 1038 1298 1106 quosdam
1336 1039 1630 1107 peremisse

3192 345 3294 399 566

1725 551 2080 621 gratulentur,
2127 559 2186 604 ut
2226 549 2282 604 in
2329 548 2580 604 omnibus
2609 547 2995 602 honoriﬁcetur
3022 547 3161 602 Deus
3200 562 3296 617 per

1723 639 1904 696 Jcsum
1928 640 2200 696 Christum
2225 638 2496 694 dominum
2525 646 2789 692 nostrum.

1795 730 1848 786 4.
1885 730 1958 787 Ut
1996 731 2280 801 episcopus
2317 743 2506 784 omnes
2543 725 2875 793 affectiones,
2906 742 3022 797 qua:
3051 742 3080 779 a
3107 735 3292 781 sancta

1727 821 2138 878 conversatione
2184 829 2240 874 ct
2280 818 2596 876 sacerdotali
2653 818 2947 873 abhorrent
2977 817 3048 848 '°'
3084 816 3294 877 ollicio,

1727 916 1942 986 penitus
1966 912 2234 985 repudiet,
2249 921 2432 978 etnon
2453 925 2576 966 cum
2600 909 2821 965 canibus
2842 918 2935 963 aut
2956 907 3300 979 accipitribus

1729 1006 1811 1063 vel
1836 1006 1984 1077 capis
2008 1045 2024 1072 ,
2065 1019 2199 1076 quos
2229 1003 2388 1073 vulgo
2433 1002 2676 1058 falcones
2706 1011 2882 1069 vocat,
2913 1017 3009 1072 per
3037 1015 3095 1056 se
3125 1000 3299 1070 ipsqu

1732 1100 2048 1156 venationes
2081 1113 2188 1152 non
2233 1105 2502 1152 exerceat.
2553 1095 2824 1165 Equorum
2872 1105 3081 1163 quoque
3129 1089 3301 1144 mulo-

89 1121 227 1176 multo
247 1120 423 1191 pepuli
457 1139 679 1180 rumore
712 1125 1041 1194 deferantur,
1085 1130 1388 1200 huiusmodi
1433 1133 1630 1189 diaboli

88 1213 334 1268 ministras
357 1213 606 1284 diligenti
631 1219 1036 1278 examinatione
1065 1224 1322 1291 proditas,
1353 1227 1454 1281 sub
1485 1242 1632 1283 acer-

89 1303 201 1355 rima
237 1304 530 1371 penitentia
555 1306 879 1379 redigendas
907 1313 1214 1380 statuimus,
1236 1326 1292 1369 et
1312 1314 1364 1369 in
1380 1315 1494 1377 ipso
1515 1325 1632 1371 tan-

1733 1203 1959 1259 rumque
1985 1183 2309 1258 superfluam
2336 1199 2524 1241 curam
2545 1190 2877 1246 contemnat,
2902 1179 3305 1253 pratiosarum-

1731 1293 1836 1348 que
1881 1277 2112 1332 vestium
2161 1276 2362 1331 cultum
2390 1315 2405 1341 ,
2452 1283 2508 1329 et
2566 1272 2882 1330 dissolutum
2934 1287 2997 1328 ac
3043 1270 3192 1325 velut
3237 1270 3304 1324 ad

1736 1383 1984 1440 pompam
2027 1367 2383 1439 compositum
2411 1366 2546 1422 vitet
2577 1366 2863 1423 incessum.
2900 1364 2981 1420 Sit
3009 1362 3308 1419 sacerdotis

1732 1459 2002 1529 eloquium
2034 1458 2266 1529 spiritali
2311 1458 2423 1514 sale
2461 1458 2760 1525 conditum,
2790 1473 2896 1512 non
2934 1454 3208 1525 iniuriosis
3238 1455 3312 1487 '°’

150 1574 225 1628 ει,
260 1572 417 1631 omni
465 1579 679 1634 ratione
720 1592 891 1650 caret,
930 1547 1635 1657 'el’rel’iéiéhi'chrisuanm
1735 1561 1790 1606 et
1807 1551 2072 1654 protervis
2095 1559 2149 1605 et
2169 1551 2474 1657 coturitosis
2493 1547 3113 1606 vocibustumidum.Sit
3133 1561 3310 1657 sermo

91 1667 277 1721 noxium
296 1677 350 1723 et
373 1671 709 1728 contrarium
733 1675 994 1744 noscitur,
1020 1686 1078 1732 ut
1095 1677 1248 1736 Judei
1274 1695 1304 1734 a
1329 1681 1634 1739 christianis

93 1757 333 1812 vectigalia
379 1761 619 1812 exigant.
671 1773 765 1812 aut
803 1766 939 1812 ullas
989 1768 1174 1812 ιιῖνῑιρςι
1213 1780 1305 1812 mit
1333 1773 1634 1812 nrirninnlna

1743 1641 1972 1713 episcopi
2011 1640 2163 1710 juxta
2213 1641 2553 1713 evangelium
2592 1650 2744 1708 :est,
2795 1652 2896 1708 est,
2925 1658 3052 1707 non,
3096 1657 3224 1698 non.
3254 1640 3313 1695 Si

1743 1731 1866 1802 quid
1895 1732 2106 1787 enixius
2145 1729 2517 1787 aﬁlrmandum
2544 1731 2691 1787 dura:
2726 1730 2952 1786 forsitan
2979 1731 3314 1786 audientium

93 1766 333 1828 vectigalia
379 1766 619 1828 exigant,
671 1773 765 1820 aut
803 1766 939 1823 ullas
989 1768 1174 1827 civiles
1211 1780 1306 1828 aut
1333 1773 1638 1828 criminales
1669 1813 1709 1828 ,,
1737 1766 1866 1802 Ψυι·
1895 1766 2106 1828 “mf”
2145 1766 2517 1787 “""""'"“""'
2540 1766 2691 1828 ,“‘"°°
2726 1766 2900 1828 “'9':

95 1773 333 1828 vecugata
379 1773 619 1832 erigant,
671 1773 765 1820 aut
803 1773 939 1823 ullas
989 1773 1174 1827 civiles
1211 1780 1306 1828 aut
1333 1773 1638 1832 criminales
1737 1773 1866 1802 “¹“’“
1896 1773 2106 1833 ””’“’ἷ’⁰
2145 1773 2691 1832 ““““”’“”““””ῖ¹““”⁹

95 1864 252 1950 Causas
277 1851 420 1955 inter
464 1853 792 1956 christianos
828 1857 1103 1929 iudicandi
1147 1860 1323 1918 locum
1368 1864 1632 1932 habeant;
1669 1813 1711 1871 Β
1739 1828 2418 1965 ﬁgit]:
2442 1819 3316 1965 ξὲἱωζυῗῗῖῗῖὲὶξθῡὲὲίϊεὲἓῗξ

95 1919 881 2015 ‘luicuianeigiturjudiciarite
900 1952 1185 2021 Potestatis
1201 1968 1363 2022 super
1382 1919 1636 2012 christia:
1739 1925 1848 1965 sum
1868 1919 2122 2016 {caluom
2146 1919 2250 2016 Ii“:
2280 1919 2418 2014 Deu.s
2442 1919 2563 1974 ωδ
2587 1920 2717 2015 in":
2753 1923 2936 2014 uitam
2963 1919 3092 2012 [380’
3114 1923 3305 1978 quam:

244 2028 273 2040 ..
551 2033 563 2040 .
628 2035 640 2040 -
686 2036 696 2040 _
844 2038 853 2040 _
1066 2038 1086 2040 ᾉ
1740 2019 1836 2040 nar
1877 2013 2220 2040 amnnmlnmc
2259 2013 2485 2040 apol-qm
2557 2011 2691 2040 mva
2742 2001 3097 2040 malnlnnhhnc
3127 1998 3305 2040 eamIn

98 1998 174 2082 nos
211 1998 454 2099 aliqua":
1740 2019 1836 2102 per
1877 2003 2221 2102 imperatoris
2259 2003 2510 2074 gratiam,
2537 2002 2697 2102 “sicut
2742 2000 3097 2102 militantibus
3127 1998 3312 2102 secqu

96 2121 390 2189 permiserit,
422 2138 455 2176 a
487 2125 783 2182 christiana
808 2130 1190 2187 cummunione
1219 2133 1468 2202 pellatur.

1743 2095 1923 2164 lurare
1966 2093 2180 2149 celebre
2223 2101 2325 2159 est,
2377 2107 2469 2147 sua
2517 2091 2660 2146 dicta
2707 2089 3015 2146 conﬁrmet.
3051 2087 3318 2156 l’urgetur

1743 2199 1870 2240 sane
1920 2184 2151 2239 Domino
2197 2181 2523 2254 suﬂ'ragaute
2571 2182 2638 2236 ab
2692 2180 2841 2237 omni
2885 2179 3101 2235 levitate
3154 2187 3317 2246 atquc

1735 2275 1996 2346 iactantia
2036 2271 2268 2346 dignitas
2312 2272 2663 2343 episcopalis,
2699 2279 2757 2326 ut
2797 2271 2850 2325 in
2889 2269 3138 2324 omnibus
3168 2268 3318 2324 chri-

1742 2365 1934 2420 stianis
1961 2364 2117 2420 bonae
2141 2362 2568 2420 conversationis
2597 2360 2871 2432 speculum
2898 2359 3012 2414 ﬁeri
3037 2357 3231 2414 valeat.

1811 2458 1864 2513 5.
1890 2457 1960 2514 Ut
1978 2457 2216 2528 episcopi
2243 2454 2535 2512 canonicas
2558 2454 2854 2524 scripturas
2884 2460 2938 2506 et
2969 2458 3155 2507 sancta
3183 2450 3330 2520 dog-

1744 2558 1884 2604 mata
1913 2549 2028 2620 iugi
2066 2547 2421 2603 meditatione
2457 2545 2774 2610 discutiant,
2804 2553 2858 2598 et
2892 2541 3224 2613 presbyteris
3260 2557 3322 2596 ac

1745 2640 1957 2696 clericis
2006 2639 2120 2695 suis
2163 2635 2414 2692 subtilius
2455 2634 2739 2691 tractando
2775 2641 2831 2688 et
2875 2631 3189 2688 disserendo
3227 2646 3321 2686 oc-

1745 2731 1921 2787 cultos
1951 2738 2257 2785 sanctarum
2281 2726 2581 2781 litterarum
2609 2726 2889 2779 thesauros
2921 2723 3201 2793 aperiant;
3233 2735 3325 2790 po-

1746 2821 1881 2892 pulis
1909 2835 2037 2876 vero
2080 2819 2236 2888 iuxta
2268 2816 2508 2886 ipsorum
2555 2803 2908 2884 capacitatem
2956 2809 3242 2866 dominicis
3270 2817 3325 2860 et

189 2902 299 2991 ξίξθῑ
350 2902 624 2994 (ξυδείίυἱίε
667 2902 892 2954 Sincera:
937 2902 1208 2972 opinionis
1249 2905 1558 2961 sacerdotes
1591 2915 1647 2961 et
1746 2912 1896 2968 festis
1939 2911 2130 2966 diebus
2177 2909 2400 2964 verbum
2430 2903 2818 2977 predicationis
2861 2902 3172 2972 impendere
3216 2914 3322 2953 non

95 2977 249 3035 clerici
273 2982 536 3038 assistant
556 2983 646 3051 m,
691 2989 782 3057 qui
814 2989 1144 3059 vigilantem,
1195 3002 1464 3061 orantem,
1491 3011 1634 3051 sacra

1747 3003 2055 3074 neglegant.
2084 3000 2238 3069 Quod
2262 2999 2305 3054 si
2337 2999 2459 3069 quis
2485 3013 2543 3053 se
2567 2997 2823 3066 deinceps
2851 2995 2918 3050 ab
2950 2996 3051 3050 hac
3071 2995 3326 3049 observa-

95 3066 280 3169 eloquia
335 3081 667 3130 scrutantem
695 3077 1005 3149 episcopum
1057 3096 1212 3136 suum
1246 3081 1447 3154 iugiter
1475 3094 1634 3139 atten-

1749 3066 1892 3148 tione
1908 3066 1974 3147 et
1996 3092 2062 3147 ab
2097 3066 2182 3146 his
2219 3105 2339 3161 qua:
2354 3066 2611 3160 superius
2635 3095 2758 3142 sunt
2786 3094 2986 3141 statuta
3018 3083 3328 3139 substraxe-

97 3157 218 3224 dant,
239 3160 466 3232 ejusque
505 3175 701 3220 sanctae
728 3171 1154 3226 conversationis
1185 3179 1372 3239 testes,
1406 3174 1634 3229 imitato-

1749 3183 1839 3248 rit,
1866 3191 2141 3252 tamquam
2172 3157 2379 3250 proprii
2410 3157 2655 3233 desertor
2693 3173 2854 3230 cilicii
2891 3173 3088 3230 divinis
3119 3172 3325 3243 legibus

99 3262 183 3354 res:
207 3262 263 3354 et
283 3254 350 3306 ad
381 3252 474 3354 l)ci
499 3255 719 3324 gloriam
752 3259 1132 3328 prmdicatores
1168 3264 1426 3321 existant.
1621 3305 1623 3307 ι
1744 3272 2063 3343 subiacebit.

149 3339 195 3391 2.
220 3341 556 3445 .Statui‘mus,
593 3355 651 3401 ut
677 3364 782 3404 non
817 3359 1020 3407 tantum
1055 3354 1341 3413 dominicis
1375 3359 1563 3415 diebus
1591 3369 1644 3415 et
1813 3339 1866 3420 6'.
1900 3364 2143 3420 Sollicite
2172 3371 2469 3433 procurent
2499 3361 2761 3432 episcopi,
2792 3373 2953 3430 quam
2994 3355 3330 3426 diligentiam

98 3434 248 3527 pmii
271 3435 356 3490 "is
401 3434 788 3498 festivumbl's
834 3445 1069 3518 ορίδοοβί
1112 3449 1308 3506 missas
1346 3451 1640 3518 celebrent,
1745 3470 1872 3527 erga
1902 3454 2114 3526 plebem
2145 3453 2249 3509 sibi
2279 3452 2628 3507 commissam
2653 3450 3024 3519 unusquisque
3052 3445 3332 3518 presbyte-

99 3524 170 3618 sed
195 3539 309 3579 eum
345 3528 604 3596 possibile
628 3529 789 3587 fuerit
815 3537 1109 3592 cottidiana
1139 3554 1353 3611 quoque
1379 3543 1643 3600 sacriﬁcia
1746 3524 1928 3602 rorum
1961 3555 2134 3618 gerat.
2164 3543 2391 3614 Oportet
2413 3543 2559 3598 enim
2584 3549 2642 3597 ut
2667 3539 2899 3612 plebium
2949 3536 3326 3607 archipresby-

101 3615 412 3686 lrequentent
436 3660 452 3686 ,
481 3636 583 3677 nec
615 3621 886 3682 fastidiant
923 3628 1158 3699 primum
1195 3646 1293 3702 pro
1335 3647 1414 3699 se,
1452 3634 1646 3691 deinde
1748 3639 1846 3693 teri
1873 3615 1985 3708 per‘
2002 3636 2242 3708 singulas
2269 3634 2427 3690 villas
2456 3646 2897 3704 unumquemque
2935 3639 3141 3700 patrem
3175 3627 3330 3682 fami-

99 3719 174 3772 Ρτο
190 3709 578 3809 ωξεξτάοῐίῦυεν
603 3727 699 3782 pro
721 3716 956 3788 regibus,
979 3722 1262 3777 etcunctis
1282 3721 1526 3780 ecclesize
1549 3725 1648 3781 Dei
1747 3729 1846 3784 lias
1874 3736 2276 3793 commoneant,
2306 3727 2562 3798 quatinus
2593 3735 2700 3780 tam
2734 3725 2833 3795 ipsi
2865 3739 3027 3794 quam
3057 3735 3247 3779 omnes
3273 3719 3328 3772 in

104 3798 409 3903 rectoribus,
457 3809 516 3890 ei
547 3817 645 3872 pro
678 3802 763 3861 his
788 3808 878 3876 qui
913 3822 973 3863 se
1022 3811 1360 3868 orationibus
1409 3809 1648 3885 ipsorum
1748 3833 1939 3875 eorum
1983 3817 2233 3874 domibus
2274 3825 2676 3872 commorantes
2717 3815 2809 3885 qui
2839 3814 3053 3884 publice
3098 3809 3325 3866 crimina

104 3889 420 3954 peculiariter
447 3889 852 3966 cummiserunt,
897 3909 952 3957 et
999 3904 1234 3959 maxime
1270 3921 1369 3974 pro
1398 3910 1651 3980 pauperi.
1746 3915 2158 3978 perpetrarunt,
2213 3904 2426 3976 publice
2481 3905 2779 3976 peniteant.
2819 3904 2920 3970 Qui
2957 3917 3084 3957 vero
3117 3898 3331 3954 occulte

105 3980 183 4070 “iis
220 3999 411 4054 Preces
467 3985 732 4056 fundere,
779 4001 833 4047 et
883 3995 1239 4066 omnipotenti
1287 3999 1396 4054 Deo
1445 4001 1650 4061 hostias
1749 4001 2136 4070 deliquerunt,
2189 3999 2294 4053 illis
2324 3997 2687 4054 conﬁteantur
2715 4012 2852 4066 quos
2878 3993 3113 4065 episcopi
3143 3999 3196 4044 et
3223 3990 3335 4059 plo-

105 4068 288 4172 Offerre,
322 4075 617 4172 comitante
649 4080 736 4148 pia
763 4085 1179 4153 compunctione
1207 4097 1261 4143 et
1289 4104 1459 4146 sacra:
1486 4093 1648 4149 devo-
1749 4068 1898 4145 bium
1937 4089 2392 4161 archipresbyteri
2433 4088 2655 4143 idoneos
2683 4087 2752 4118 ἰι
2784 4085 2851 4140 ad
2893 4081 3189 4138 secretiora
3219 4079 3337 4131 vul-

108 4163 239 4217 llonis
282 4163 517 4264 affectu;
567 4169 706 4237 quod
751 4173 923 4244 magis
965 4175 1175 4232 occulte
1219 4180 1652 4239 sacrificantibus
1750 4197 1883 4237 nera
1912 4181 2178 4236 mentium
2208 4181 2452 4236 medicos
2475 4179 2777 4250 elegerunt.
2805 4175 2906 4242 Qui
2939 4174 2985 4230 si
3017 4171 3247 4228 forsitan
3280 4169 3336 4223 in

109 4257 352 4358 θθηνθθξξ»
378 4264 451 4356 ,⁸η
494 4257 609 4326 ipse
637 4274 849 4331 quoque
889 4266 1143 4322 sacerdos
1183 4269 1358 4324 hostia
1391 4272 1508 4326 viva
1537 4272 1651 4341 ﬁat,
1754 4274 1937 4343 aliquo
1972 4273 2370 4338 dubitaverint,
2414 4272 2791 4342 episcoporum
2835 4281 3057 4322 suorum
3086 4279 3192 4319 non
3225 4261 3340 4317 dis-

103 4344 487 4436 e‘fa‘friﬁcmm
514 4347 622 4401 Deo
645 4350 832 4418 Spirilu
863 4355 1243 4412 contribulato.
1753 4367 2013 4423 simulent
2053 4365 2347 4436 implorare
2398 4363 2747 4419 sententiam.
2796 4360 2854 4414 Si
2897 4373 3028 4412 vero
3053 4356 3340 4425 episcopus

157 4433 204 4488 ὅ.
229 4435 415 4493 Placet
454 4439 765 4510 episcopum
796 4444 1088 4502 moderatis
1126 4449 1297 4518 epulis
1337 4460 1653 4508 contentum
1755 4457 2094 4520 hesitaverit,
2121 4433 2227 4510 non
2253 4461 2576 4524 aspernetur
2595 4450 2882 4505 consulere
2905 4449 3108 4503 vicinos
3131 4444 3339 4514 episco-

106 4539 220 4592 esse,
248 4543 484 4601 suosque
504 4534 755 4589 convivas
777 4535 841 4590 ad
863 4539 1251 4594 comedendum
1278 4551 1332 4596 et
1357 4544 1651 4611 potandum
1677 4543 1730 4606 D
1756 4561 1874 4616 pos,
1907 4555 1963 4602 et
2003 4545 2313 4614 ambiguam
2345 4558 2458 4598 rem
2495 4541 2740 4602 alterius,
2786 4549 2880 4592 aut
2919 4546 3067 4594 certe
3105 4536 3338 4590 duorum

109 4630 190 4671 non
217 4635 471 4690 urguere.
503 4624 628 4693 quin
656 4625 834 4694 potius
861 4640 1074 4698 semper
1103 4645 1160 4684 se
1186 4632 1495 4689 sobrietatis
1519 4627 1656 4704 prae-
1759 4639 1845 4692 vel
1876 4638 2040 4692 trium
2089 4635 2316 4690 fratrum
2366 4632 2682 4688 examinare
2711 4645 3002 4694 consensu,
3034 4626 3176 4697 quod
3205 4625 3342 4681 adeo

110 4705 209 4762 be“
233 4711 556 4781 exemplum
585 4711 983 4772 Βθωονθδηιυι·
1015 4719 1083 4772 ab
1108 4717 1224 4787 eius
1246 4723 1494 4776 COHViClu
1525 4737 1658 4777 cun-
1763 4731 1942 4801 aliqua
1967 4727 2299 4785 obscuritate
2335 4727 2419 4780 vel
2465 4723 2711 4778 novitate
2738 4722 2989 4792 perplexa
3031 4735 3118 4776 res
3158 4717 3341 4772 fuerit.

110 4805 177 4851 (⁵⁸³
209 4803 552 4871 mmmam-‘3
577 4817 895 4877 πειιωεηιει
914 4850 927 4875 9
959 4825 1063 4865 non
1095 4811 1298 4866 ludicra
1326 4814 1652 4882 spectacula,
1763 4820 1819 4876 Si
1849 4817 2066 4890 quidem
2093 4813 2426 4871 diﬁ‘amatum
2451 4809 2880 4890 certae'persoua:
2905 4811 3082 4866 scelus
3103 4820 3206 4872 est,
3230 4823 3344 4862 me-

110 4906 193 4947 non
219 4908 541 4954 acromatum
575 4900 914 4972 vaniloquia,
965 4920 1071 4959 non
1115 4905 1384 4962 fatuorum
1425 4909 1660 4964 stultilo-
1762 4888 2071 4981 tropolitani
2105 4915 2158 4961 et
2187 4903 2536 4975 provincialis
2569 4888 2769 4972 synoili
2807 4903 2983 4973 palam
3012 4899 3340 4955 sententiam

111 4986 251 5050 quia,
292 5004 397 5044 non
439 4993 666 5050 scuriles
715 4995 1070 5052 admittantur
1116 5000 1428 5071 praestigiae;
1475 5002 1658 5057 adsint
1763 5001 2091 5071 requiratur,
2139 5006 2199 5050 ut
2245 4996 2373 5050 illud
2414 4994 2705 5064 impleatur
2747 4991 3026 5063 Apostoli:
3063 4988 3349 5041 Peccantes

114 5081 355 5148 peregrini
387 5094 437 5140 et
471 5101 742 5158 pauperes
773 5097 826 5143 et
853 5089 1086 5157 debiles,
1117 5092 1208 5160 qui
1237 5098 1303 5146 de
1333 5097 1632 5152 sacerdotal

1764 5094 1967 5166 publice
1997 5107 2178 5162 argue,
2219 5099 2278 5145 ut
2322 5088 2488 5144 ceteri
2536 5094 2743 5140 metum
2787 5085 3040 5141 habeant.
3073 5079 3128 5130 Si
3164 5088 3347 5132 autem

577 5198 591 5204 -
625 5181 1006 5204 ι--...-.ιε--μ.--
1062 5183 1196 5204 L-..-
1223 5185 1328 5204 1'-..
1779 5202 1782 5203 ν
1847 5202 1852 5203 γ
1903 5185 1972 5204 Ι...
2007 5181 2270 5204 ..α-ε’---ξιι
2317 5197 2336 5203 Α

116 5187 275 5204 manu»
329 5179 591 5204 nr._:-.--_-
625 5180 1006 5204 ι--...-;ε--μ.--
1062 5183 1328 5204 ι.-,.-ι·-.ο
1779 5202 1782 5203 ,
1847 5202 1852 5203 ,
1903 5185 1972 5204 ι...
2007 5181 2270 5204 --_r-_-:-
2317 5189 2387 5204 η..
2461 5186 2509 5204 ι..
2545 5176 2630 5204 λιι-
2672 5190 2697 5204 η
2747 5193 2855 5204 ﬂ..-
2887 5170 3127 5204 "nov-itur
3156 5168 3347 5204 cali-tiu

91 1403 182 1447 tum
207 1393 362 1458 exitu,
396 1394 441 1449 si
488 1405 668 1452 tamen
715 1400 863 1469 prius
906 1402 1064 1472 digna
1111 1404 1441 1474 pamiteutize
1469 1422 1632 1478 opera

91 1482 304 1547 fecerint,
334 1487 764 1546 reconciliandas
786 1505 909 1547 esse
930 1494 1316 1563 permittimus.

220 2220 484 2288 camera
522 2249 588 2289 ne
627 2252 907 2296 enotamus
942 2257 1367 2303 scussusrrcrs
1405 2247 1496 2300 '°‘.

152 2340 192 2393 Ι.
230 2340 439 2399 Placuit
469 2357 657 2403 sancta
690 2353 896 2421 synodo
925 2353 1270 2410 domesticam
1321 2364 1376 2411 et
1421 2357 1642 2413 interio-

98 2447 185 2486 rem
211 2435 446 2507 episcopi
477 2443 939 2501 conversationem
962 2448 1125 2504 totius
1149 2449 1642 2521 inreprehensibilis

97 2533 233 2592 atque
275 2529 602 2598 suspicionis
653 2532 1100 2604 inpenetrabilem
1151 2539 1267 2595 ﬁeri
1314 2541 1531 2609 debere,
1583 2553 1642 2597 ut

91 2614 215 2680 juxta
229 2615 266 2667 Α
274 2618 448 2686 postol
457 2636 544 2673 um
559 2624 934 2690 provideamus
947 2629 1083 2684 bona
1111 2645 1217 2686 non
1237 2641 1442 2688 tantum
1462 2649 1641 2690 coram

96 2703 184 2758 Deo
225 2707 316 2761 sed
361 2709 530 2764 etiam
557 2727 738 2769 coram
770 2719 1022 2775 omnibus
1061 2720 1391 2778 hominibus.
1420 2723 1645 2794 Oportet

96 2798 252 2866 igitur,
285 2809 347 2854 ut
397 2802 644 2860 cubiculo
691 2808 928 2880 episcopi
976 2821 1032 2867 et
1081 2814 1466 2870 secretioribus
1520 2816 1642 2886 qui-

95 2889 299 2946 buslibet
350 2893 624 2964 obsequiis
667 2898 892 2954 sincerae
937 2902 1208 2972 opinionis
1249 2905 1558 2961 sacerdotes
1591 2915 1647 2961 et

669 5181 1006 5204 “us-1!---An--
1062 5183 1196 5204 L-..-
1223 5185 1328 5204 ..-ιο
1779 5202 1782 5203 ν
1847 5202 1852 5203 γ
1903 5185 1972 5204 Ιι..
2007 5181 2270 5204 οιΑ-..Ροι-ΑΞΑ
2317 5189 2387 5204 Αι.ι
2461 5186 2509 5204 In.
2545 5176 2630 5204 ι-ἶι-
2672 5190 2697 5204 n
2747 5193 2855 5204 ηιιΛ
2887 5170 3127 5204 ιΙΙΙΩνίίιιν
