3898 6320
579 395 680 450 567

1281 396 1568 452 APPEND.
1601 396 1691 453 an
1731 396 1904 453 saec.
1938 394 2004 451 χ.
2038 423 2110 434 -
2147 391 2576 451 uouuuun'rs
2617 373 3093 451 nummarias.

3685 393 3764 454 588

580 509 800 574 discuti,
845 519 900 563 et
949 523 1219 580 congruas
1264 508 1618 563 correctionis
1665 509 1854 568 modus
1895 507 2144 568 inveniri.
2177 491 2225 551 Α
2253 504 2415 571 citur,
2439 514 2493 560 et
2518 505 2609 561 cui
2631 514 2852 576 peccata
2885 501 3192 561 remi‘ttendi
3219 501 3380 559 oﬂlcii
3410 502 3765 578 privilegiopo-

583 600 846 654 Similiter
873 609 1052 653 autem
1080 608 1134 654 et
1156 599 1208 653 in
1233 598 1470 668 singulas
1493 599 1701 654 urbium
1724 601 1860 656 vicis
1881 609 1933 655 et
1961 599 2153 656 subur-

581 692 740 747 banis
763 706 860 761 per
880 690 1256 760 municipalem
1282 691 1810 762 archipresbyterum
1837 701 1892 747 et
1920 691 2154 760 reliquos

583 798 649 837 ex
680 781 1009 852 presbyteris
1038 789 1289 838 strenuos
1311 781 1589 842 ministros
1615 791 1907 851 procurent
1940 783 2152 850 episco-

585 888 705 941 pus,
756 871 936 925 habita
987 871 1202 940 penitus
1245 871 1296 924 in
1349 871 1510 928 rebus
1554 871 1731 932 dubiis
1778 871 2157 927 observatione

585 978 704 1032 qua:
727 962 976 1032 superius
1006 962 1221 1032 praeﬁxa
1251 969 1352 1016 est.
1593 959 1603 968 ’

619 1055 711 1116 ,7.
759 1052 986 1122 Oportet
1025 1054 1190 1109 etiam
1236 1069 1332 1124 per
1387 1055 1582 1126 oppida
1641 1056 1848 1127 singula
1895 1057 2160 1126 villasque

590 1159 776 1200 curam
808 1161 999 1215 gerere
1025 1148 1405 1217 presbyteros,
1439 1148 1673 1216 qualiter
1708 1149 2013 1218 penitentes
2061 1149 2160 1202 im-

588 1236 820 1305 positam
869 1237 972 1292 sibi
1038 1237 1379 1294 abstinentiae
1428 1239 1658 1294 formam
1715 1241 2057 1304 custodiant,
2108 1249 2165 1294 et

589 1337 772 1388 utrum
793 1327 1210 1390 elemosinarum
1239 1330 1505 1398 largitioni
1536 1331 1616 1386 vel
1639 1330 1760 1386 aliis
1787 1311 2160 1385 remissionem

592 1425 946 1487 peccatorum
971 1420 1411 1488 promercalibus.
1429 1420 1532 1490 piis
1567 1421 1819 1490 operibus
1845 1420 2162 1489 inserviant,

596 1516 652 1564 et
680 1524 785 1578 qua
817 1509 994 1564 cordis
1019 1509 1345 1565 contritione
1380 1509 1465 1565 vel
1502 1509 1883 1567 lamentatione
1929 1526 1986 1566 se
2021 1511 2168 1581 ipsos

595 1597 848 1656 adiciant.
886 1599 955 1661 Ut
1002 1602 1106 1661 hac
1145 1602 1576 1658 consideratione
1617 1604 1914 1674 praemissa,
1954 1604 2171 1673 penitu-

593 1691 738 1747 dinis
757 1700 967 1762 tempus
991 1693 1363 1754 rationabilem
1388 1696 1561 1764 possit
1583 1696 1829 1766 accipere
1851 1696 2170 1762 terminum,

597 1792 655 1838 et
680 1783 763 1838 vel
791 1784 1117 1839 extendatur
1157 1785 1202 1840 si
1249 1786 1494 1854 penitens
1541 1787 1888 1855 neglegenter
1927 1788 2168 1858 injuncta

595 1883 918 1944 prosecutus
944 1881 1057 1939 est,
1080 1874 1164 1929 vel
1192 1875 1466 1930 brevietur
1511 1875 1554 1930 si
1601 1877 1975 1932 desideranter
1999 1877 2168 1934 venia!

598 1960 962 2030 plaeationeru
1009 1963 1214 2018 studuit
1242 1966 1562 2034 promereri.
1609 1964 2000 2022 Reconciliatio
2043 1981 2172 2022 vero

600 2053 938 2122 penitentum
985 2052 1141 2122 juxta
1199 2056 1546 2124 antiquorum
1611 2072 1879 2112 canonum
1926 2057 2172 2112 instituta

600 2159 717 2198 non.
743 2160 771 2198 a
803 2147 1133 2216 presbyteris
1170 2148 1264 2200 sed
1308 2146 1378 2202 ab
1413 2147 1680 2217 episcopis
1711 2148 1830 2223 fieri
1855 2149 2037 2215 debet,
2069 2148 2172 2205 nisi

603 2232 746 2288 forte
773 2235 896 2303 quis
926 2235 978 2288 in
1005 2235 1245 2304 periculo
1274 2235 1437 2290 fuerit
1457 2237 1806 2302 constitutus,
1829 2247 1884 2292 et
1905 2253 1966 2294 se
1987 2253 2176 2293 recon-

605 2324 787 2380 ciliari.
816 2326 1012 2381 devote
1041 2328 1286 2397 petierit;
1338 2327 1384 2384 si
1435 2329 1717 2399 episcopus
1757 2330 1950 2385 absens
1990 2329 2173 2394 fuerit,

606 2416 766 2470 debet
797 2417 980 2487 utique
1009 2419 1290 2490 presbyter
1324 2419 1636 2490 episcopum
1677 2420 1980 2486 consulere,
2013 2431 2066 2476 et
2096 2422 2177 2477 sic

601 2505 931 2574 penitentem
959 2509 1075 2579 ejus
1105 2518 1358 2580 precepto
1381 2510 1751 2567 reconciliare.
1776 2512 1948 2568 Aliter
1970 2521 2174 2580 autem,

601 2597 742 2652 sicut
769 2613 870 2655 nec
898 2599 1208 2657 chrismatis
1234 2601 1523 2669 confectio,
1554 2602 1637 2658 vel
1665 2603 1962 2673 puellarum
1991 2618 2180 2659 conse-

604 2689 801 2754 oratio,
833 2689 905 2744 ita
949 2706 1051 2746 nec
1085 2693 1419 2762 peuitentum
1447 2693 1820 2750 reconciliatio
1850 2694 2119 2750 ullatenus
2147 2710 2176 2749 a

607 2782 942 2853 presbyteris
971 2782 1090 2840 fieri
1117 2784 1295 2840 debet.
1328 2785 1464 2853 Quia
1501 2786 1630 2842 solis
1665 2787 1932 2857 episcopis
1959 2797 2178 2857 aposto-

605 2871 776 2927 lorum
825 2875 998 2928 vicem
1043 2875 1350 2930 tenentibus
1394 2891 1492 2945 per
1538 2892 1732 2931 manus
1778 2877 2179 2946 impositionem

607 2963 912 3033 specialiter
933 2966 986 3020 in
1010 2966 1240 3021 ecclesia
1255 2966 1750 3036 conceditur,quod
1771 2975 1902 3022 tunc
1924 2967 2182 3036 apostolis

607 3053 677 3108 ab
726 3054 843 3123 ipso
883 3055 1110 3112 Domino
1159 3057 1372 3113 dicente
1411 3073 1726 3114 concessum
1775 3068 1900 3114 est:
1947 3059 2180 3130 Accipite

606 3141 859 3214 Spiritum
899 3158 1166 3213 sanctum,
1197 3166 1416 3220 quorum
1448 3153 1747 3207 remiseritis
1786 3165 1998 3224 peccata
2040 3170 2178 3207 rem-

609 3238 892 3293 mittuntur
917 3241 1014 3308 eis,
1037 3253 1084 3296 et
1114 3259 1334 3312 quorum
1363 3245 1682 3299 minueritis
1705 3255 1902 3300 retenta
1929 3255 2071 3300 sunt.

681 3327 734 3383 8.
759 3327 892 3384 Illud
919 3346 1134 3402 quoque
1161 3333 1401 3390 salutare
1425 3345 1824 3391 sacramentum
1855 3336 2008 3406 quod
2034 3351 2184 3392 cont-

613 3421 838 3476 meudat
861 3419 1098 3479 Iacobus
1133 3425 1404 3494 apostolus
1440 3426 1662 3481 dicens:
1711 3426 2026 3495 Iuﬁrntntur
2065 3427 2183 3496 quis

611 3512 666 3565 in
716 3513 877 3579 vobis,
927 3514 1141 3569 inducat
1193 3516 1540 3586 presbyteros,
1588 3526 1636 3571 et
1686 3527 1830 3572 orent
1875 3533 2030 3586 super
2065 3531 2183 3570 eum

613 3611 905 3670 tinguentes
922 3619 1040 3657 eum
1069 3603 1262 3660 oleovin
1285 3607 1492 3660 nomine
1525 3606 1756 3672 Domini,
1783 3615 1832 3660 et
1862 3607 2036 3660 oratio
2060 3605 2186 3674 ﬁdei

613 3691 830 3746 salvabit
861 3693 1146 3762 infirmum,
1178 3705 1226 3750 et
1253 3697 1528 3752 suscitabit
1560 3696 1710 3752 illum
1736 3696 2034 3762 Dominus;
2061 3707 2108 3750 et
2139 3697 2185 3752 si

610 3783 668 3834 in
701 3785 926 3853 peccatis
976 3785 1156 3854 fuerit,
1203 3790 1539 3844 remittuntur
1571 3791 1640 3855 ei,
1687 3790 1890 3845 sollerti
1928 3790 2187 3862 praedica-

611 3874 759 3930 tione
785 3875 1006 3946 populis
1031 3878 1477 3935 innotescendum
1521 3889 1623 3936 est.
1674 3879 1924 3952 Magnum
1971 3896 2102 3937 sane
2132 3890 2188 3935 et

610 3965 764 4022 valde
789 3970 1145 4038 appetendum
1186 3972 1526 4043 mysterium,
1567 3987 1664 4043 per
1691 3974 1856 4042 quod,
1885 3973 1930 4028 si
1953 3971 2187 4028 ﬁdeliter

614 4056 878 4126 poscitur,
907 4067 1128 4127 peccata
1172 4061 1537 4116 remittuntur.
1577 4061 1684 4117 Sed
1712 4063 1836 4132 quia
1873 4062 2188 4133 frequenter

610 4147 912 4218 contingit,
941 4159 999 4205 ut
1022 4159 1278 4219 egrotans
1325 4153 1520 4222 aliquis
1566 4163 1661 4208 aut
1698 4154 2026 4209 sacramenti
2077 4156 2184 4210 vim

613 4236 842 4302 nesciat,
873 4249 968 4293 aut
1003 4239 1184 4294 minus
1219 4240 1578 4309 periculosam
1613 4251 1872 4312 reputans
1903 4242 2190 4299 inﬁrmita-

610 4334 745 4391 tem,
795 4325 1024 4382 salutem
1066 4343 1220 4383 suam
1255 4331 1469 4400 operari
1517 4332 1856 4401 dissimulet,
1908 4343 2003 4390 aut
2040 4347 2187 4393 certe

613 4417 787 4472 morbi
818 4416 1070 4474 violentia
1093 4419 1467 4486 obliviscatur,
1495 4422 1654 4479 debet
1681 4437 1804 4480 eum
1833 4424 1935 4481 loci
1959 4426 2184 4498 presby-

2196 1835 2244 1896 B

2252 605 2420 652 testas
2447 612 2704 653 concessa
2729 607 2833 653 εει.

2321 687 2375 743 9.
2406 687 2484 742 Ex
2512 687 2740 742 diversis
2769 687 3016 757 partibus
3055 697 3369 758 perventum
3402 695 3487 742 est
3514 685 3577 741 ad
3604 701 3771 744 sacram

2253 781 2538 852 synodum,
2569 781 2709 849 quod
2736 781 2957 850 quidam
2980 788 3264 852 parentum
3293 779 3434 835 filias
3459 794 3580 834 suas
3598 795 3701 834 cum
3722 782 3771 836 ad

2254 874 2490 928 nubilem
2509 873 2856 944 pervenerint
2883 882 3118 939 mtatem,
3146 888 3348 942 easque
3370 887 3470 943 pro
3494 887 3586 928 suo
3603 873 3774 928 modulo

2257 967 2391 1021 satis
2435 966 2822 1020 convenienter
2863 975 3031 1036 nuptu
3075 965 3288 1021 tradere
3331 965 3573 1034 possint,
3619 964 3777 1019 diutius

2258 1071 2420 1126 quam
2453 1072 2674 1112 necesse
2703 1066 2788 1112 est
2822 1073 3006 1112 secum
3037 1056 3335 1111 detineant.
3365 1054 3518 1110 Unde
3546 1069 3658 1123 sepe
3682 1070 3778 1110 con-

2259 1148 2418 1218 tingit
2449 1157 2508 1201 ut
2543 1147 2594 1201 in
2621 1148 2734 1216 ipsa
2757 1156 2976 1217 paterna
3000 1148 3158 1202 domo
3179 1155 3608 1216 corrumpantur.
3630 1146 3780 1200 Fertur

2260 1246 2318 1292 et
2339 1238 2404 1292 de
2432 1237 2780 1307 quibusdam,
2808 1237 2951 1307 quod
2978 1239 3121 1293 dictu
3146 1251 3363 1308 quoque
3382 1235 3532 1290 nefas
3557 1244 3649 1299 est,
3673 1235 3780 1306 ipsos

2261 1338 2515 1400 parentes
2562 1329 2796 1383 ﬁliarum
2829 1344 3050 1384 suarum
3098 1328 3512 1398 corruptoribus
3539 1328 3780 1382 conbiben-

2264 1423 2394 1477 tiam
2422 1422 2680 1492 praebere,
2711 1431 2766 1476 et
2795 1431 3042 1477 natarum
3071 1436 3294 1477 suarum
3335 1421 3556 1476 lenones
3578 1420 3780 1475 existere.

2266 1511 2516 1569 Moncndi
2543 1513 2708 1583 igitur
2729 1529 2757 1567 a
2780 1513 3115 1586 presbyteris
3139 1522 3265 1568 sunt
3287 1520 3478 1582 patres
3505 1510 3725 1574 familias,
3743 1523 3783 1564 ut

2267 1603 2483 1659 ﬁliabus
2513 1604 2626 1658 suis
2657 1605 2973 1674 tempestive
3003 1603 3215 1673 nuptias
3246 1601 3584 1672 provideant,
3614 1599 3782 1655 etcalo-

2271 1709 2384 1750 rem
2424 1694 2682 1750 ferventis
2708 1695 2882 1751 artatis
2917 1693 3183 1766 conjugali
3225 1695 3348 1765 lege
3397 1693 3784 1764 praeveniant'“.

2270 1786 2511 1840 Primum
2539 1785 2793 1853 scientes,
2838 1787 2961 1855 quia
2999 1786 3153 1850 tales,
3184 1786 3288 1840 etsi
3335 1793 3459 1855 post
3485 1782 3785 1854 corruptelam

2271 1877 2526 1947 legitimis
2551 1877 2684 1932 viris
2708 1876 2971 1946 copulatae
3013 1875 3234 1943 fuerint,
3278 1891 3386 1930 non
3415 1882 3628 1945 possunt
3654 1882 3785 1927 tamen

2271 1982 2394 2024 cum
2427 1982 2624 2038 sponso
2652 1967 2858 2037 pariter
2892 1967 3152 2023 sollemne
3185 1965 3578 2021 benedictionis
3603 1979 3630 2017 a
3656 1974 3786 2017 sacer-

2277 2058 2401 2114 dote
2430 2073 2627 2112 muuus
2651 2058 2962 2128 percipere;
2995 2055 3186 2112 deinde
3215 2056 3261 2111 si
3295 2056 3351 2110 in
3391 2069 3571 2110 eorum
3598 2053 3787 2108 domibus

2277 2147 2386 2203 tale
2417 2146 2571 2202 nefas
2601 2147 2882 2212 acciderit,
2906 2147 3172 2215 siquidem
3201 2144 3311 2200 illis
3338 2143 3697 2207 nescientibus,
3717 2157 3787 2211 pro

2275 2240 2388 2296 sola
2429 2238 2776 2310 neglegentiae
2821 2237 2977 2309 culpa
3021 2233 3656 2308 penitentizesubjiciendi
3681 2243 3785 2286 sunt.

2276 2329 2333 2384 Si
2359 2344 2487 2385 vero
2512 2329 2875 2398 corruptionis
2903 2329 3288 2399 turpitudinem
3319 2326 3422 2396 ipsi
3449 2325 3783 2390 consenserint,

2277 2419 2574 2487 majoribus
2611 2420 2703 2490 qui
2739 2419 3028 2488 prohibere
3060 2418 3353 2474 debuerint
3393 2415 3679 2486 penitentize
3704 2431 3786 2469 sar-

2277 2513 2399 2566 cina
2424 2526 2585 2581 quam
2615 2511 2744 2581 ipsis
2769 2511 2858 2581 qui
2887 2517 3270 2581 perpetrarunt
3292 2508 3604 2579 imponenda
3622 2517 3706 2562 est.
3728 2508 3784 2561 Ad

2278 2602 2526 2656 ultimum
2590 2601 2695 2656 hoc
2753 2600 3004 2656 noverint
3051 2599 3438 2655 ecclesiasticis
3487 2596 3784 2652 sanctionibus

2277 2708 2398 2750 csse
2428 2693 2726 2764 prchixum,
2765 2701 2824 2748 ut
2853 2691 3030 2747 nullus
3058 2690 3273 2761 publice
3313 2689 3559 2762 penitens
3585 2684 3786 2756 usquead

2281 2797 2493 2859 tempus
2537 2795 2773 2856 peractae
2818 2784 3132 2855 penitentia:
3177 2782 3489 2853 conjugium
3534 2779 3785 2835 contrahere

2280 2878 2488 2943 valeat;
2521 2886 2575 2932 et
2615 2877 2716 2932 hac
2763 2876 2969 2931 ratione
3010 2881 3322 2944 corruptam
3369 2871 3530 2927 filium
3561 2885 3652 2924 non
3674 2879 3785 2937 posse

2280 2968 2528 3039 coniugio
2567 2967 2830 3037 copulari,
2857 2980 3136 3037 quousque
3174 2979 3273 3033 per
3301 2963 3580 3033 publicam
3602 2959 3784 3031 peniten-

2283 3060 2411 3114 tiam
2441 3068 2496 3114 et
2521 3059 2634 3130 ipsa
2657 3066 2712 3112 et
2732 3065 3015 3127 parentes,
3030 3057 3076 3111 si
3105 3055 3245 3110 forte
3274 3054 3603 3111 consensisse
3626 3047 3784 3120 probati

2287 3151 2508 3216 fuerint,
2538 3149 3032 3206 reconciliationem
3059 3157 3114 3202 et
3143 3145 3283 3202 sacri
3305 3144 3498 3202 altaris
3517 3137 3784 3200 communica

2287 3259 2408 3299 nem
2436 3243 2683 3299 obtinere
2708 3241 3026 3297 meruerint.

2358 3333 2444 3388 l0.
2472 3333 2548 3388 De
2571 3331 2876 3403 raptoribus
2899 3346 3030 3386 vero
3051 3329 3400 3402 antiquorum
3417 3327 3620 3383 Patrum
3642 3328 3788 3379 statuta

2287 3433 2617 3494 sequentes,
2649 3424 2752 3479 hoc
2781 3422 3068 3478 tenendum
3107 3436 3418 3485 censemus,
3466 3417 3591 3474 utsi
3633 3426 3785 3468 easne

2287 3515 2524 3586 puerint,
2547 3531 2668 3585 qua:
2690 3530 2811 3570 cum
2836 3529 3031 3585 sponso
3055 3515 3259 3582 pariter
3279 3510 3636 3568 benedictione
3652 3516 3785 3560 sacer-

2289 3607 2452 3663 dotali
2479 3608 2701 3662 initiata:
2721 3615 2862 3670 sunt,
2887 3607 3014 3662 licet
3031 3606 3249 3660 easdem
3272 3602 3618 3672 corruperint,
3637 3596 3784 3650 abstra-

2291 3697 2490 3754 hantur
2520 3707 2698 3752 tamen
2726 3698 2794 3752 ab
2827 3698 2936 3760 his,
2967 3705 3024 3751 et
3047 3695 3278 3766 propriis
3308 3693 3521 3764 sponsis
3542 3688 3784 3744 reddantur.

2290 3794 2420 3862 Qua:
2461 3806 2590 3846 vero
2629 3791 2714 3846 vel
2750 3790 2925 3846 viduae
2972 3796 3098 3844 sunt
3147 3787 3232 3842 vel
3265 3787 3445 3842 adhuc
3485 3794 3675 3854 sponsa:
3712 3787 3784 3829 non

2290 3883 2534 3948 fuerunt,
2560 3890 2614 3936 et
2648 3881 2852 3950 absque
2899 3880 3137 3950 ipsarum
3177 3887 3234 3932 et
3267 3884 3547 3947 parentum
3579 3867 3786 3960 voluntate

2291 3975 2595 4045 rapiuntur,
2648 3971 2997 4027 nihilominus
3041 3969 3373 4040 parentibus.
3415 3964 3495 4020 vel
3541 3957 3784 4048 propinquis

2291 4044 2670 4129 restituantur,
2702 4071 2755 4117 et
2793 4061 2912 4116 aliis
2943 4061 2986 4115 si
3020 4058 3286 4114 voluerint
3311 4053 3530 4111 nubant.
3557 4049 3669 4104 Nam
3697 4044 3785 4110 ips“

2290 4174 2320 4214 a
2348 4157 2544 4228 quibus
2571 4165 2739 4225 raptae
2763 4161 2892 4208 sunt
2930 4150 3182 4222 legitimae
3211 4149 3429 4205 demum
3460 4154 3636 4199 uxores
3657 4130 3781 4228 nulla-

2293 4226 2452 4306 tenus
2483 4262 2603 4303 esse
2639 4253 2897 4316 possunt;
2955 4243 3101 4312 ipsos
3145 4251 3326 4294 autem
3378 4243 3607 4306 raptores
3649 4226 3783 4316 eisi“

2291 4340 2550 4398 auxilium
2603 4314 2905 4410 praebentes
2957 4346 3284 4405 quamquam
3328 4314 3783 4414 anathematizando!

2291 4433 2498 4504 antiqui
2527 4445 2760 4486 canones
2789 4427 3123 4499 praecipiant,
3153 4426 3206 4480 in
3240 4423 3428 4479 ultimo
3455 4429 3615 4475 tamen
3635 4414 3782 4504 εοξιειξ·

613 4516 699 4565 ter
718 4519 1084 4581 congruenter
1105 4513 1418 4578 admonere,
1434 4515 1690 4584 quatinus
1715 4517 1782 4572 ad
1804 4517 1943 4572 hanc
1960 4493 2186 4588 spirita—
2215 4539 2274 4600 ι)
2293 4493 2449 4589 tutis,
2479 4523 2524 4578 si
2558 4521 2751 4576 devote
2789 4493 3202 4589 postulaverint,
3253 4526 3424 4570 sacrae
3469 4493 3782 4600 communionis

611 4601 718 4656 lem
742 4616 926 4658 curam
950 4605 1244 4659 secundum
1266 4607 1496 4675 propriae
1508 4608 2048 4676 possibilitatisvires
2064 4611 2190 4666 vici-

610 4706 963 4764 uosquosque
983 4694 1670 4766 presbyterosinvitetlloe
1687 4708 1864 4757 tamen
1885 4701 2187 4768 sciendum,

611 4781 736 4848 quia
765 4783 810 4844 si
841 4782 924 4838 his
949 4785 1039 4856 qui
1069 4785 1616 4859 intirmaturpublicte
1636 4790 1949 4860 penitentiae
1980 4792 2187 4849 manci-

609 4880 766 4938 patus
794 4881 898 4937 est,
925 4887 1030 4930 non
1062 4883 1240 4944 potest
1269 4876 1430 4948 hujus
1455 4879 1683 4935 misterii
1731 4881 1992 4952 consequi
2023 4882 2192 4937 medi-

613 4960 816 5024 cinam,
850 4963 950 5017 nisi
981 4964 1130 5036 prius
1157 4968 1597 5025 reconciliatione
1623 4981 1907 5042 percepta,
1944 4988 2191 5028 commu-

616 5051 835 5105 nionem
866 5053 1108 5123 corporis
1145 5062 1200 5110 et
1240 5057 1527 5129 sanguinis.
1542 5058 1744 5115 Christi
1775 5062 2053 5117 meruerit.
2088 5062 2185 5117 Cui

615 5141 760 5196 enim
791 5141 998 5215 reliqua
1041 5158 1382 5202 sacramenta
1426 5149 1710 5206 interdicta
1759 5163 1904 5218 sunt,
1939 5153 2040 5208 hoc
2080 5169 2188 5210 uno

613 5229 757 5284 nulla
781 5233 991 5293 ratione
1025 5236 1102 5291 uti
1134 5237 1468 5293 conceditur.
1492 5237 1547 5294 Si
1571 5251 1751 5296 autem
1783 5241 1981 5298 infirmi
2011 5243 2186 5314 quali-

618 5333 703 5380 tas
718 5326 839 5382 talis
859 5338 965 5394 est,
980 5339 1037 5383 ut
1051 5345 1146 5400 per
1167 5345 1224 5386 se
1241 5331 1413 5400 ipsum
1432 5330 1822 5388 visitandumet
1843 5335 2188 5404 unguendum

617 5422 834 5491 dignum
858 5423 1136 5478 existimet
1159 5424 1461 5494 episcopus,
1489 5425 1554 5478 ah
1578 5425 1693 5494 ipso
1715 5441 1874 5495 quam
1898 5427 2187 5496 plurimum

614 5523 988 5583 competenter
1025 5516 1140 5570 fieri
1169 5515 1330 5583 valet,
1359 5531 1389 5570 a
1417 5531 1524 5588 quo
1547 5516 1722 5587 ipsum
1753 5517 1988 5573 chrisma
2019 5517 2188 5572 confi-

2293 4613 2547 4670 viaticum
2593 4625 2692 4681 pro
2734 4606 3108 4665 misericordia
3153 4604 3386 4660 dandum
3437 4613 3537 4654 non
3569 4597 3779 4664 nosam“-

2294 4703 2447 4773 Quod
2475 4703 2522 4758 si
2549 4699 2745 4772 aliquis
2781 4698 2848 4755 de
2870 4695 3061 4754 ordine
3093 4692 3331 4752 clericali
3354 4683 3633 4761 hujusmodi
3661 4688 3782 4773 trans-

2290 4765 2656 4864 gressoribus-
2683 4796 3004 4860 cooperator
3064 4785 3306 4845 extiterit
3331 4823 3346 4849 ,
3404 4775 3593 4853 proprii
3638 4765 3781 4842 εηάιιί

2294 4885 2500 4940 honore
2524 4879 2750 4937 carebit.

2366 4974 2450 5029 ll.
2481 4972 2832 5030 Inveniuntur
2861 4967 3104 5025 nonnulli
3149 4981 3248 5038 per
3288 4964 3517 5022 diversas
3546 4954 3780 5045 provincias

2292 5077 2346 5122 et
2375 5067 2626 5121 civitates
2665 5064 2928 5120 habentes
2970 5036 3347 5133 possessiones.
3367 5054 3453 5121 ²⁸⁸,
3485 5050 3566 5145 (illi
3591 5036 3781 5145 cui“,

2292 5155 2435 5226 quod
2462 5154 2676 5224 publice
2701 5152 2923 5208 sceleris
2951 5148 3398 5222 perpetraverint,
3423 5153 3474 5198 et
3498 5140 3562 5195 ab
3591 5137 3777 5232 ερίξςοςο

2293 5213 2376 5303 vel
2400 5213 2734 5317 presbyteris
2768 5242 2870 5298 loci
2897 5213 3210 5297 commoniti
3240 5237 3452 5299 fuerint,
3488 5239 3541 5286 ut
3579 5213 3778 5317 penitudi-

2293 5306 2418 5393 ueni
2440 5306 2658 5409 gerant,
2677 5335 2744 5390 ab
2765 5333 2989 5389 alterius
3011 5330 3246 5388 civitatis
3271 5329 3508 5400 episcopo
3525 5318 3596 5372 vel
3616 5306 3776 5409 presbi:

2298 5437 2415 5483 tero
2445 5404 2516 5481 'se
2555 5424 2665 5491 jam
2710 5421 3064 5493 penitentiam
3120 5419 3418 5488 suscepisse
3459 5409 3534 5466 vel
3572 5404 3775 5493 suscipfft

2297 5518 2431 5572 velle
2479 5483 2774 5581 fateantur,
2825 5521 2988 5584 atque
3035 5511 3109 5568 ita
3160 5483 3372 5567 sibimet
3410 5501 3656 5562 illudcntes
3695 5483 3773 5540 υεο

1927 5651 2159 5708 ΥΑΠΙᾸΞ
2218 5650 2633 5709 LECTIO‘NES.

688 5793 758 5829 ⁸⁸³
782 5795 1102 5865 proveniant
1128 5811 1176 5849 c.
1277 5795 1345 5826 ²¹⁵
1371 5793 1648 5865 passiones
1670 5792 1785 5844 cod.
