3898 6320
165 406 256 463 569

1164 400 1595 457 FRANCORUM
1625 400 1713 455 RE

1820 400 1869 456 Μ
1898 401 2383 460 οΑΡιτυιΑιιιι.
2562 415 2571 425 ’
3295 398 3403 459 δῖα

164 522 358 580 mentiri
403 528 684 578 conantur.
717 519 880 575 Tales
922 534 1052 591 ergo
1083 520 1151 575 ab
1176 519 1432 590 episcopo
1472 518 1712 576 civitatis
1741 500 1788 558 Α
1813 525 1868 573 et
1916 517 1986 574 ab
2016 518 2151 589 ipsis
2179 517 2532 590 praesulibus,
2577 518 2724 590 quod
2770 518 2992 574 minime
3020 509 3238 583 decuit,
3285 525 3398 573 tam

165 615 212 669 ln
236 612 379 682 cujus
426 611 726 681 parrmcltia
774 610 950 666 scelus
994 610 1345 666 commissum
1385 619 1493 674 est,
1531 610 1711 665 statim

160 703 516 761 communione
556 701 772 772 privati,
819 700 886 759 ad
933 702 1195 773 agendam
1233 701 1583 772 penitentiam
1623 718 1714 758 co-

161 807 361 868 gantur.
391 795 607 851 Scribat
642 804 822 850 autem
852 795 945 864 qui
974 808 1097 850 eum
1125 796 1506 850 communione
1534 793 1715 866 priva-

159 888 319 952 verit,
364 885 488 941 aliis
525 885 593 917 “'
622 900 837 955 quoque
888 884 1156 955 episcopis
1196 885 1250 940 in
1306 899 1538 954 quorum
1587 898 1712 955 par-

159 979 464 1035 rtechiarum
502 976 793 1032 territoriis
817 975 1118 1045 huiusmodi
1149 976 1347 1045 pmdia
1369 975 1631 1046 possidet,
1654 984 1712 1031 ut

157 1078 207 1125 et
228 1065 321 1137 ipsi
349 1081 461 1123 rem
490 1066 728 1121 scientes
755 1081 785 1120 a
810 1080 905 1120 sua
938 1065 1086 1120 illum
1122 1065 1504 1120 communione
1528 1079 1709 1121 remo-

159 1164 328 1221 veant,
380 1172 447 1210 ne
490 1155 627 1211 forte
670 1155 1012 1225 postmodum
1057 1170 1153 1226 per
1198 1155 1558 1226 ignorantiam
1607 1156 1711 1211 sibi

156 1248 444 1316 subreptum
492 1254 826 1317 quaerantur.
879 1244 1158 1301 Manifesta
1205 1248 1404 1301 etenim
1453 1246 1712 1303 ecclesia-

154 1339 273 1394 ctica
296 1337 505 1393 sanctio
529 1337 790 1399 continet,
813 1336 984 1406 utqui
1009 1337 1076 1391 ah
1098 1349 1207 1390 uno
1224 1337 1476 1408 episcopo
1493 1352 1712 1394 excom-

154 1430 434 1485 ntunicatus
456 1437 562 1496 est,
585 1427 653 1483 ab
687 1428 808 1484 aliis
830 1427 879 1483 ei
915 1443 1022 1485 non
1049 1428 1242 1484 debeat
1264 1428 1535 1500 episcopis
1561 1443 1711 1484 com-

153 1535 412 1575 mumcan.

210 1611 290 1666 l2.
327 1610 438 1667 Hoc
482 1619 664 1668 autem
707 1610 961 1668 omnibus
994 1611 1305 1669 christianls
1345 1611 1707 1668 intimandum

152 1714 249 1769 est,
274 1703 393 1773 quia
433 1702 487 1757 hi
521 1703 611 1774 qui
641 1704 785 1759 sacri
830 1704 1023 1759 altaris
1051 1704 1432 1760 communione
1477 1703 1706 1775 privati,

151 1803 192 1847 et
215 1807 302 1863 pro
333 1793 446 1848 suis
494 1792 794 1849 sceleribus
829 1794 1145 1850 reverendis
1188 1792 1427 1849 aditibus
1465 1792 1703 1858 exclusi,

1813 609 2056 665 virorum
2080 625 2245 681 quam
2289 608 2615 666 feminarum
2642 610 2980 683 monasteria
3015 610 3287 666 destructa
3320 610 3403 663 in-

1811 699 2124 765 veniuntur,
2152 699 2358 771 placuit
2399 708 2587 756 sancta
2633 702 2867 772 synodo;
2914 709 2974 754 ut
3012 699 3082 755 ab
3130 697 3403 769 episcopis

1812 791 2049 861 primum
2104 806 2294 847 eorum
2332 799 2506 848 status
2554 790 2984 863 recuperationis
3018 800 3203 846 sumat
3242 804 3404 845 exor-

1812 883 1998 950 dium,
2044 892 2102 940 et
2146 884 2327 938 omnia
2379 884 2707 940 monasteria
2729 898 2850 954 quae
2877 884 3399 953 subepiscoporum
3446 951 3453 956 λ

1811 986 1939 1029 sunt
1967 983 2254 1045 potestate,
2284 972 2531 1045 protinus
2556 982 2942 1029 restaurentur.
2972 974 3041 1028 Et
3073 973 3402 1044 quicumque

1810 1064 2187 1134 episcoporum
2234 1065 2301 1121 ad
2338 1073 2623 1123 venturam
2668 1065 2947 1135 sequentis
2990 1065 3120 1119 anni
3171 1064 3401 1119 Domino

1808 1158 2045 1229 propitio
2067 1158 2332 1231 synodum
2363 1158 2691 1213 monasteria
2723 1172 2845 1227 qua:
2873 1158 2973 1213 sub
3007 1171 3105 1212 sua
3129 1162 3402 1226 potestate

1811 1250 2057 1321 neglecta
2085 1248 2336 1315 fuerant,
2363 1248 2542 1318 aliqua
2566 1266 2631 1304 ex
2653 1256 2809 1318 parte
2834 1261 3188 1319 recuperasse
3204 1254 3402 1317 reper-

1811 1350 1899 1398 tus
1933 1357 2040 1398 non
2066 1341 2262 1408 fuerit,
2289 1340 2815 1397 excommunicetur.
2882 1348 2891 1360 ‘

1882 1433 1970 1488 15.
2012 1432 2272 1488 Similiter
2305 1441 2360 1488 et
2383 1432 2451 1487 de
2476 1430 2815 1487 senedochiis
2850 1428 3141 1485 statuimus
3164 1436 3227 1483 ut
3251 1442 3401 1499 qua:-

1778 1539 2041 1594 cumque
2089 1523 2143 1577 in
2187 1524 2561 1595 episcoporum
2604 1530 2733 1577 sunt
2768 1528 3069 1592 potestate,
3103 1520 3400 1576 secundum

1810 1615 2216 1686 dispositionem
2232 1629 2419 1669 eorum
2441 1613 2535 1685 qui
2551 1628 2615 1669 ea
2632 1613 2986 1668 instituerunt
3006 1611 3398 1681 gubernentur.

1810 1705 1942 1773 Qure
1968 1713 2150 1760 autem
2202 1703 2304 1759 sub
2350 1703 2667 1760 defensioue
2699 1703 2917 1773 quidem
2963 1712 3092 1759 sunt
3115 1701 3361 1758 ecclesiae
3381 1738 3399 1767 ,

1811 1797 1908 1853 sed
1934 1797 2087 1866 iuxta
2124 1797 2492 1852 institutorum
2526 1795 2745 1852 decreta
2776 1810 2875 1867 per
2903 1795 3131 1851 heredes
3171 1792 3259 1849 vel
3283 1807 3401 1864 per-

150 1883 349 1954 publica:
389 1885 703 1954 penitentizc
727 1883 994 1956 subiugati
1023 1894 1177 1952 sunt,
1205 1885 1353 1941 nullo
1392 1884 1597 1940 militiae
1625 1900 1708 1940 se-
1740 1871 1783 1930 Β
1814 1890 2052 1944 tinentes
2078 1888 2172 1958 qui
2196 1886 2503 1957 religiosam
2545 1885 2710 1941 vitam
2739 1886 2995 1942 duxerint
3024 1885 3137 1956 regi
3167 1885 3398 1949 debent,

149 1974 323 2030 cularis
351 1975 427 2031 uti
455 1974 708 2047 cingulo,
756 1977 1067 2048 nullamque
1109 1978 1188 2033 rei
1220 1978 1448 2048 publicae
1476 1978 1711 2034 debeant

150 2069 503 2126 administrare
530 2070 888 2142 dignitatem,
921 2072 1049 2142 quia
1076 2086 1177 2126 nec
1206 2070 1557 2141 popularibus
1583 2084 1711 2124 con.

151 2158 366 2213 rentibus
394 2173 490 2214 eos
533 2160 752 2215 misceri
781 2170 1028 2230 oportet,
1062 2175 1163 2216 nec
1204 2176 1401 2217 vacare
1429 2160 1713 2216 salutatio-

150 2248 313 2315 nibus,
342 2266 441 2308 nec
467 2252 840 2323 quorumlibet
878 2268 1075 2309 causas
1107 2252 1390 2322 judicare,
1432 2269 1556 2308 cum
1604 2252 1715 2308 sint

150 2340 231 2408 ipsi
252 2342 423 2397 divino
452 2344 658 2399 addicti
680 2343 917 2412 judicio;
955 2346 1284 2401 domesticas
1311 2354 1494 2401 autem
1522 2360 1713 2400 neces-

150 2430 311 2488 sitates
333 2448 524 2489 curare
572 2450 679 2490 non
721 2436 1098 2506 prohibentur,
1126 2436 1230 2492 nisi
1280 2435 1454 2502 forte,
1496 2445 1716 2507 propter

150 2521 382 2579 scelerum
409 2534 468 2581 ut
488 2539 623 2595 sepe
644 2526 705 2581 fit
723 2528 1105 2583 enormitatem
1122 2528 1467 2583 conscientiae
1480 2525 1716 2582 stimulis

148 2617 408 2688 exagitati,
437 2626 495 2673 et
525 2627 711 2673 mente
753 2619 1020 2689 perculsi,
1061 2620 1232 2690 ipsius
1258 2621 1484 2689 privatae
1514 2619 1592 2673 rei
1622 2620 1718 2675 ad-

151 2710 570 2766 ministrationem
619 2711 846 2781 implere
890 2712 1254 2782 nequiverint.
1287 2711 1416 2781 [Qui
1462 2724 1594 2765 vero
1646 2709 1718 2764 ad

151 2801 537 2859 admonitionem
555 2802 793 2874 episcopi
813 2819 904 2859 seu
926 2804 1267 2860 sacerdotum
1291 2817 1387 2874 pro
1407 2808 1718 2874 perpetrato

152 2893 298 2961 palam
335 2895 544 2951 scelere
569 2894 881 2965 penitentiaa
906 2895 1201 2951 remedium
1227 2894 1506 2966 suscipere
1527 2892 1718 2948 nolue—

152 2982 266 3047 rint,
294 2987 460 3056 magis
483 2985 781 3056 abiiciendi
811 2986 1468 3052 sunt,anathematizaudi
1492 2985 1720 3060 scilicet,

151 3082 195 3126 et
214 3082 463 3147 tamquam
495 3079 715 3149 putrida
738 3093 804 3134 ac
828 3077 1110 3151 desperata
1137 3080 1382 3139 membra
1404 3079 1473 3135 ab
1495 3081 1719 3135 univer-

152 3166 343 3225 vcrsalis
363 3170 614 3225 ecclesiae
641 3185 870 3241 corpore
900 3171 1228 3228 dissecandi.
1257 3171 1572 3241 Huiusmodi
1598 3169 1713 3240 iam

153 3253 269 3311 inter
287 3259 612 3316 christianos
657 3260 800 3315 nulla
843 3260 1054 3333 legum,
1093 3262 1241 3319 nulla
1287 3279 1533 3330 morum,
1567 3263 1712 3319 nulla

152 3349 324 3421 collegii
355 3353 703 3423 participatio
734 3363 847 3422 est,
877 3355 1075 3424 quibus
1114 3370 1291 3425 neque
1337 3356 1389 3410 in
1424 3356 1539 3427 ipso
1562 3355 1711 3410 exitu

152 3445 567 3508 cominunicctur,
595 3454 650 3500 et
689 3461 920 3518 quorum
952 3462 1127 3518 neque
1148 3455 1271 3518 post
1301 3457 1563 3515 mortem,
1598 3448 1711 3503 sal-

153 3539 241 3588 tem
268 3535 399 3592 inter
423 3537 714 3594 defunctos
743 3538 927 3595 ﬁdeles
944 3580 959 3606 ,
985 3541 1431 3597 commemoratio
1458 3541 1572 3595 flat.
1605 3541 1713 3596 Sed

154 3623 188 3679 si
211 3627 267 3679 ad
291 3626 387 3687 hoc
409 3630 779 3685 inrevocabile
799 3627 1062 3700 judicium
1093 3630 1343 3685 obdurati
1375 3632 1556 3687 cordis
1584 3646 1713 3686 con-

156 3720 362 3787 temptas
383 3720 579 3783 trahit,
603 3736 709 3775 non
732 3721 849 3776 sine
878 3737 1072 3792 magna
1103 3730 1279 3776 tamen
1308 3721 1714 3777 examinatione

154 3808 440 3869 venietultun
468 3821 579 3879 est,
602 3822 655 3868 et
680 3814 859 3867 omnia
885 3810 1152 3869 sacerdoti
1176 3812 1327 3883 prius
1355 3812 1708 3883 experienda,

156 3910 237 3949 nec
252 3896 440 3970 absque
463 3901 867 3973 metropolitani
894 3902 1198 3975 cognitione
1219 3911 1274 3958 et
1299 3902 1712 3973 provincialium

156 3988 499 4062 episcoporum
535 3994 805 4049 communi
832 3994 1039 4066 iudicio
1070 3994 1370 4066 quemlibet
1396 3997 1715 4050 anathema-

142 4080 394 4141 ‘tizaudum
423 4099 548 4143 esse
576 4088 961 4158 permittimus.

215 4175 291 4232 l3.
327 4177 557 4251 Propter
584 4180 857 4237 assiduam
903 4197 1031 4255 erga
1078 4182 1335 4255 populum
1382 4183 1477 4239 Dei
1526 4197 1713 4239 curam

158 4265 354 4339 singulis
386 4272 634 4342 plebibus
661 4272 1164 4345 archipresbyteros
1192 4289 1413 4345 preesse
1432 4274 1713 4342 volumus,

158 4356 231 4424 qui
256 4375 351 4415 non
381 4363 558 4417 solum
585 4362 816 4433 imperiti
861 4363 1004 4436 vulgi
1036 4364 1454 4422 sollicitudinem
1486 4376 1713 4438 gerant,

159 4457 318 4503 verum
345 4453 508 4507 etiam
537 4467 727 4511 eorum
756 4456 1195 4526 presbyterorum
1223 4459 1315 4528 qui
1344 4473 1443 4529 per
1474 4459 1715 4517 minores

1814 1990 2066 2052 procuret
2095 1980 2383 2051 episcopus
2405 1986 2465 2033 ut
2489 1977 2559 2033 ab
2585 1977 2667 2033 eis
2695 1992 2803 2032 non
2832 1977 3185 2049 neglegantur
3215 1976 3308 2042 "7,
3345 1985 3403 2031 et

1814 2074 1861 2131 si
1892 2076 1945 2129 in
1991 2073 2173 2145 aliquo
2211 2072 2351 2127 male
2401 2069 2742 2126 tractationis
2781 2068 3002 2124 obnoxii
3032 2067 3401 2137 reperiuntur,

1813 2165 2198 2223 ecclesiastica:
2223 2163 2543 2234 subiaceant
2560 2160 2877 2231 disciplinae.
2903 2159 3056 2228 Quod
3080 2158 3126 2214 si
3151 2156 3403 2222 heredes,

1816 2259 1935 2313 sive
1977 2256 2164 2313 clerici
2210 2256 2326 2312 sive
2368 2254 2678 2320 seculares,
2714 2253 2850 2308 adeo
2880 2253 3188 2323 importune
3213 2257 3405 2305 contra

1818 2353 2081 2422 majorum
2108 2365 2330 2407 suorum
2356 2348 2575 2405 decreta
2595 2348 2675 2403 ire
2703 2345 3119 2417 temptaverint,
3145 2350 3206 2397 ut
3234 2349 3406 2397 testa-

1818 2446 1953 2501 toris
1978 2443 2374 2518 institutionem
2408 2442 2749 2512 subprimere
2785 2438 2868 2495 vel
2894 2440 3192 2493 obscurare
3221 2434 3403 2488 nitan-

1820 2545 1927 2600 tur,
1970 2544 2027 2591 et
2055 2536 2198 2590 inter
2236 2550 2296 2591 se
2340 2532 2653 2590 senodochii
2704 2528 3066 2585 substantiam
3126 2522 3403 2588 dividere,

1818 2627 2100 2685 nuntietur
2120 2627 2490 2683 sacratissimo
2525 2620 2874 2695 imperatori,
2901 2628 2964 2675 ut
3007 2615 3127 2686 eius
3167 2612 3405 2670 auctori-

1823 2732 1932 2780 tate
1951 2720 2260 2794 huiusmodi
2277 2728 2743 2790 transgresserum
2763 2711 3000 2782 nequitia
3021 2709 3401 2765 coherceatur.

1893 2818 1982 2872 ‘16.
2022 2812 2432 2886 Suggerendum
2479 2816 2565 2865 est
2613 2803 2944 2863 beatissimis
2987 2796 3406 2871 imperatoribus

1821 2907 1946 2979 quia
1975 2905 2031 2962 hi
2061 2885 2153 2975 qui
2183 2899 2511 2958 monasteria
2532 2906 2588 2954 et
2613 2892 2940 2952 senedochia
2967 2891 3069 2946 sub
3091 2885 3405 2979 defensione

1823 2976 1964 3057 sacri
1989 2996 2171 3069 palatii
2193 2999 2523 3066 posuerunt,
2550 2989 2672 3045 ideo
2695 2986 2888 3043 fecisse
2920 2981 3238 3054 probantur,
3261 2976 3407 3047 quod

1822 3108 1855 3149 ι
1884 3092 2033 3149 nullo
2057 3089 2249 3145 melius
2279 3100 2441 3157 quam
2491 3099 2522 3137 a
2569 3080 2799 3138 summis
2834 3071 3190 3149 potestatibus
3220 3077 3405 3142 prote-

1823 3183 1994 3257 genda
2017 3181 2381 3238 crediderunt.
2405 3175 2472 3231 Et
2494 3174 2539 3230 si
2569 3188 2634 3228 ea
2658 3180 2845 3227 contra
2880 3169 3095 3223 decreta
3119 3161 3405 3229 instituen-

1818 3252 1952 3333 tium
1987 3273 2236 3346 personis
2264 3270 2460 3341 quibus
2491 3281 2599 3321 non
2634 3264 2762 3319 licet
2789 3259 3069 3321 dederint,
3099 3253 3202 3325 ipsi
3231 3252 3408 3322 impig-

1813 3375 2069 3441 gnatores
2097 3364 2404 3419 efﬁciuntur
2447 3358 2540 3428 qui
2589 3365 2932 3425 propugnare
2975 3348 3307 3408 debuerant;
3352 3349 3408 3396 et

1814 3436 2115 3516 cavendum
2158 3465 2502 3522 summopere
2526 3457 2611 3504 est
2648 3441 3017 3517 principibus,
3044 3446 3104 3492 ut
3130 3436 3223 3507 qui
3255 3449 3284 3488 a
3313 3447 3409 3488 ne-

1813 3551 1960 3607 mine
1989 3546 2222 3604 nuncm
2249 3545 2373 3600 inde
2397 3541 2735 3611 iudicantur,
2785 3549 2854 3589 ne
2894 3533 2947 3587 in
2992 3530 3179 3585 futuro
3198 3524 3408 3597 iudicio

1814 3641 1884 3695 ab
1924 3637 2294 3707 omnipotente
2322 3633 2435 3687 Deo
2457 3627 2678 3700 gravius
2713 3623 3056 3693 iudicentur;
3106 3615 3409 3675 secundum

1811 3725 2368 3800 Apostolum,etenim
2390 3719 2724 3776 horrendum
2750 3724 2832 3772 est
2854 3712 3094 3769 incidere
3125 3711 3178 3765 in
3211 3720 3408 3764 manus

1813 3820 1910 3880 Dei
1973 3816 2228 3874 viventis.
2274 3813 2383 3868 Nos
2410 3825 2541 3866 vero
2571 3808 2698 3878 quia
2759 3804 3033 3861 debitores
3080 3800 3301 3861 sumus,
3347 3805 3409 3850 ut

1814 3909 2045 3968 ﬁdeliter
2076 3904 2481 3966 annuntiemus,
2500 3899 2702 3954 idcirco
2721 3893 3000 3950 humiliter
3028 3902 3405 3963 suggeremus,

1814 4001 1959 4074 quod
1989 3999 2152 4055 silere
2182 4011 2287 4051 non
2323 3993 2607 4049 audemus.
3224 3976 3229 3983 ’

1892 4093 1981 4150 17.
2022 4092 2225 4149 Omnes
2246 4085 2577 4144 christianos
2618 4080 2759 4137 scire
2781 4082 2995 4147 oportet
3012 4073 3142 4144 quia
3162 4069 3407 4127 omnium

1815 4199 1996 4241 rerum
2027 4194 2250 4237 suarum
2296 4174 2714 4233 decimationem
2757 4170 2869 4225 Deo
2901 4164 3135 4222 lideliter
3183 4160 3410 4218 reddere

1814 4274 2035 4338 debent,
2061 4278 2117 4326 et
2140 4266 2439 4325 secundum
2468 4262 2846 4333 episcoporum
2882 4253 3291 4326 dispositionem
3316 4262 3406 4304 sa-

1814 4365 2094 4421 cerdotum
2115 4369 2170 4415 et
2194 4358 2526 4429 reliquorum
2544 4353 2865 4409 clericorum
2886 4348 3078 4403 usibus
3100 4344 3409 4413 ceterisque

1814 4434 2200 4513 ecclesiasticis
2227 4448 2553 4505 utilitatibus
2574 4439 2961 4500 distribuendae
2985 4444 3130 4494 sunt.
3159 4434 3259 4504 Qui
3280 4446 3410 4487 vero

161 4532 316 4629 titulos
356 4541 602 4597 "3mm"
643 4521 809 4597 mal“
843 4521 959 4616 Ῑιιέί
1009 4521 1502 4618 circumspectione
1531 4558 1713 4606 custo—
1743 4526 1797 4629 ι)Δ
1815 4564 1910 4603 eas
1944 4561 2042 4602 suo
2068 4543 2296 4599 arbitrio
2338 4550 2394 4596 et
2424 4552 2531 4593 non
2561 4532 2857 4590 secundum
2904 4527 3143 4600 episcopi
3178 4521 3405 4594 disposi-

160 4624 311 4701 diant,
358 4644 411 4689 et
437 4651 544 4706 qua
580 4636 951 4707 unusquisque
985 4636 1249 4694 industria
1298 4642 1537 4696 divinum
1579 4628 1716 4713 opus

152 4730 411 4789 texerceat,
461 4725 718 4801 episcopo
758 4741 856 4781 suo
908 4728 1235 4786 renuntient.
1292 4729 1403 4785 Nec
1458 4730 1718 4788 obtendat

162 4812 440 4909 fpiscopus,
469 4834 576 4909 non
606 4834 769 4891 egere
794 4820 1005 4892 plebem
1034 4822 1537 4895 archipresbytem,
1571 4824 1712 4895 quod

164 4907 258 4967 ipse
279 4919 392 4961 eam
421 4907 726 4979 gubernare
754 4909 951 4965 valeat.
995 4909 1132 4979 Quia
1172 4910 1275 4966 etsi
1304 4910 1460 4966 valde
1490 4912 1715 4967 idoneus

163 5003 257 5058 est,
288 4997 439 5054 decet
471 5006 650 5056 tamen
696 5008 755 5055 ut
796 5001 1067 5074 partiatur
1093 5017 1256 5057 onera
1300 5018 1424 5067 sua,
1477 5011 1533 5058 et
1573 5002 1716 5059 sicut

164 5083 262 5153 ipse
287 5091 494 5148 matrici
516 5102 732 5162 praeest,
764 5094 837 5149 ita
866 5094 1321 5167 archipresbyteri
1346 5095 1568 5166 praesint
1597 5095 1709 5167 ple-

166 5171 330 5246 bibus,
371 5181 509 5237 utin
542 5183 689 5243 nullo
737 5183 930 5240 titubet
963 5184 1331 5241 ecclesiastica
1376 5184 1713 5251 sollicitudo;

170 5282 336 5326 cuncta
366 5284 540 5331 tamen
572 5274 639 5330 ad
669 5275 978 5346 episcopum
1003 5275 1269 5341 referant,
1301 5290 1401 5331 nec
1426 5275 1719 5347 aliquid’m

172 5373 334 5418 contra
362 5364 475 5434 eius
519 5367 794 5422 decretum
827 5364 1084 5422 ordinare
1117 5375 1468 5436 prwsumant.

233 5454 308 5510 16.
345 5457 475 5526 Quia
496 5475 601 5515 non
626 5467 834 5514 tantum
858 5474 888 5514 a
910 5459 1245 5519 secularibus
1264 5460 1531 5532 personis,
1550 5460 1716 5516 immo

1823 4639 2020 4694 tionem
2051 4635 2368 4704 dispensare
2399 4633 2646 4688 conatur,
2691 4620 2959 4692 duplicem
2992 4625 3201 4673 reatum
3229 4614 3410 4668 incur-

1821 4728 1891 4784 rit
1921 4742 1935 4780 :
1967 4699 2152 4780 unumv
2167 4719 2293 4791 quia
2325 4714 2650 4772 dominicam
2696 4708 3057 4765 substantiam
3087 4703 3249 4772 impie
3277 4699 3406 4755 sub-

1821 4817 2023 4880 trahit,
2055 4789 2286 4869 alterum
2315 4807 2442 4880 quia
2497 4819 2611 4860 rem
2640 4814 2855 4858 sacram
2895 4796 3157 4868 sacrilega
3187 4789 3409 4848 temeri-

1824 4920 1934 4968 tate
1959 4906 2164 4963 violare
2200 4899 2499 4976 prmsumit.
2531 4894 2790 4965 Quisquis
2813 4892 2978 4964 igitur
3002 4895 3125 4960 post
3154 4881 3406 4940 admoni-

1822 5003 2021 5059 tionem
2048 4972 2283 5067 episcopi
2321 4999 2378 5047 et
2417 4987 2759 5046 sacerdotum
2799 4982 2886 5039 vel
2929 4980 3167 5037 decimas
3200 4972 3411 5030 darem

1822 5089 2233 5161 contempserit,
2258 5084 2344 5141 vel
2375 5098 2472 5154 pro
2494 5095 2592 5137 suo
2614 5076 2842 5135 arbitrio
2862 5074 3058 5146 quibus
3078 5069 3268 5126 danda:
3301 5079 3408 5161 non

1821 5194 1949 5243 sunt
1967 5155 2096 5239 dare
2112 5174 2533 5253 praesumpserit,
2551 5180 2826 5240 tamquam
2849 5166 3150 5222 divinarum
3174 5155 3411 5214 sanctio-

1792 5264 1797 5267 ’
1825 5293 1956 5334 num
1987 5248 2406 5342 contemptor’"
2428 5275 2485 5322 et
2508 5269 2825 5325 temerator,
2851 5251 3237 5314 sacerdotalem
3257 5248 3408 5318 vigo-

1826 5381 1939 5423 rem
1971 5338 2286 5436 plectendus
2313 5367 2368 5414 et
2396 5373 2425 5412 ει
2464 5369 2632 5411 sacra:
2679 5345 3074 5406 communionis
3120 5338 3412 5411 participa-

1824 5458 1971 5515 tione
2000 5453 2353 5512 removendus
2382 5456 2484 5503 cst.

1420 5553 1684 5656 'VARIAE
1723 5594 2131 5655 LECTIONES.

237 5730 300 5763 m
326 5733 408 5789 alii
430 5738 544 5792 cod.

186 5798 350 5859 Wire.
421 5808 487 5841 ”°
518 5798 879 5869 contempto]

641 5728 713 5772 ⁵³⁸
742 5738 959 5809 aliquod
982 5752 1119 5793 corr.
1146 5735 1347 5809 aliquid
1369 5734 1487 5793 cod.
1564 5734 1633 5766 ἰτ
1660 5731 1976 5805 eglegantur
2002 5728 2115 5785 cod.
2198 5728 2267 5759 ¹²⁸
2294 5741 2402 5780 nun
2430 5740 2477 5777 c.

2584 5720 2651 5753 '"
2692 5720 2821 5776 dare
2854 5734 3013 5789 usque
3042 5716 3171 5773 dare
3195 5716 3332 5771 deest
3358 5713 3408 5766 iu
