3898 6320
523 366 617 421 571

1246 371 1537 428 APPEND.
1562 372 1654 427 AD
1678 372 1851 439 SrEC.
1887 372 1954 428 Χ.
1992 402 2062 413 --
2093 370 2533 430 MONUMENTA
2573 372 3057 432 DIPLOMATICA.
3636 380 3714 438 572

593 479 677 534 l8.
718 478 873 536 Nulla
923 480 1130 537 ratione
1173 482 1356 539 clerici
1399 492 1493 539 aut
1521 486 1832 543 sacerdotes
1868 485 2100 542 habendi
2132 511 2175 562 Α
2205 484 2547 540 discussione
2571 484 2942 542 ecclesiastica
2968 484 3360 541 examinentur.
3396 485 3461 541 Et
3487 486 3527 543 si
3552 492 3716 546 vanita-

521 581 679 637 sunt,
711 572 803 642 qui
854 572 955 628 sub
1003 571 1200 628 nullius
1228 574 1469 645 episcopi
1515 577 1802 647 disciplina
1843 587 1898 635 et
1925 580 2111 650 provi-

520 664 701 719 dentia
738 663 1128 733 gubernantur.
1158 663 1314 720 Tales
1333 666 1479 722 enim
1503 669 1762 738 acel‘alos,
1794 671 1847 727 id
1876 681 1963 728 est
1991 672 2109 731 sine

521 755 732 826 capite,
772 756 947 826 prisca
980 756 1221 813 ecclesiae
1264 762 1598 817 consuetudo
1622 766 1971 837 nuncupavit.
1998 768 2107 823 Do-

521 860 566 900 c.
586 844 678 900 udi
703 854 828 899 sunt
853 844 1015 915 igitur
1041 846 1314 902 seculares
1340 849 1465 916 viri,
1492 859 1550 906 ut
1575 852 1619 908 si
1642 854 1695 908 in
1719 856 1966 913 domibus
1993 858 2108 915 suis

522 934 781 1006 mysteria
824 932 1006 990 divina
1030 933 1235 1008 iugiter
1273 941 1519 995 exerceri
1562 942 1909 1011 desiderant,
1962 948 2107 1016 quod

520 1024 674 1079 valde
705 1025 972 1081 laudabile
1016 1037 1133 1092 est,
1183 1029 1253 1085 ab
1296 1030 1382 1087 his
1414 1040 1595 1090 tamen
1647 1043 1968 1105 tractentur,
2013 1041 2108 1112 qui

519 1114 588 1170 ab
616 1115 883 1187 episcopis
908 1119 1202 1175 examinati
1251 1122 1479 1191 fuerint,
1514 1135 1571 1182 et
1596 1128 1666 1184 ab
1701 1131 2109 1190 ordinatoribus

519 1206 634 1260 suis
661 1210 1130 1267 commendaticiis
1157 1212 1354 1270 litteris
1372 1218 1615 1273 comitati
1636 1222 1955 1291 probantur,
1984 1239 2108 1282 cum

520 1296 587 1350 ad
610 1298 893 1368 peregrina
922 1299 1062 1357 forte
1084 1304 1318 1375 migrare
1344 1321 1569 1366 necesse
1588 1321 1693 1366 est.
1719 1312 1777 1369 Si
1797 1315 1888 1384 qui
1916 1331 2106 1373 eorum

521 1396 924 1460 contemptores
979 1407 1247 1449 canonum
1313 1400 1745 1459 extraordinarie
1804 1413 1860 1461 et
1903 1406 2110 1464 inlicite

520 1484 929 1555 ministrantes,
963 1497 1019 1544 et
1054 1491 1236 1547 divina
1264 1507 1602 1552 sacramenta
1638 1500 1818 1556 taliter
1843 1503 2110 1564 violantes

521 1575 896 1645 inveniuntur,
928 1580 1164 1652 primum
1192 1585 1261 1641 ab
1280 1586 1535 1659 episcopo
1562 1599 1790 1664 uterque
1814 1595 2110 1654 admonea-

519 1676 631 1733 tur,
667 1682 722 1724 et
753 1684 984 1740 vagans,
1032 1674 1243 1732 scilicet
1276 1676 1505 1736 clericus
1538 1681 1623 1738 vel
1659 1686 1945 1751 sacerdos,
1976 1698 2031 1744 et
2061 1689 2109 1746 si

519 1757 613 1824 qui
640 1760 756 1828 ejus
789 1763 1103 1832 usurpative
1134 1764 1329 1822 fruitur
1352 1768 1558 1836 cilicio,
1591 1781 1647 1829 et
1674 1775 1720 1830 si
1763 1774 1832 1831 ab
1874 1776 1980 1833 hoc
2008 1795 2109 1836 no—

2211 576 2280 631 tis
2304 584 2467 647 atque
2490 575 2790 646 iactantiae,
2816 591 2923 633 non
2944 584 3125 633 autem
3167 575 3408 634 utilitatis
3445 588 3531 633 aut
3560 579 3717 638 doctri-

2208 682 2291 722 na:
2319 681 2518 735 causa,
2550 668 2650 724 has
2688 668 3090 738 inquietudines
3135 682 3318 724 serere
3354 671 3657 740 reperiuntur
3677 677 3718 729 in

2206 757 2453 827 populis,
2508 758 2655 813 velut
2703 758 3091 815 ecclesiastica:
3157 759 3309 828 pacis
3371 761 3720 831 perturbatores

2207 848 2527 921 congruenti
2551 848 2833 920 disciplina
2862 857 3228 905 macerentur.

2275 935 2365 992 22.
2407 935 2621 994 Inventi
2665 946 2792 994 sunt
2836 935 3027 1003 multi,
3075 945 3130 993 et
3173 936 3407 992 maxime
3434 936 3497 994 de
3521 939 3722 1007 rusticis,

2205 1028 2299 1098 qui
2326 1028 2541 1086 adultas
2563 1027 2797 1085 feminas
2818 1028 2920 1085 sub
2941 1027 3290 1099 parvulorum
3312 1027 3534 1083 ﬁliorum
3554 1030 3726 1086 nomine

2208 1120 2263 1175 in
2312 1119 2562 1178 domibus
2593 1120 2711 1177 suis
2743 1120 3201 1186 introduxerunt,
3233 1127 3288 1174 et
3316 1118 3629 1189 postmodum
3651 1119 3727 1190 ipsi

2206 1212 2381 1268 soceri
2412 1228 2581 1269 nurus
2607 1228 2736 1269 suas
2765 1210 3104 1269 adulterasse
3128 1210 3362 1267 convicti
3400 1217 3538 1266 sunt.
3564 1209 3730 1267 Idcirco

2208 1304 2559 1361 inhibendum
2588 1306 2967 1374 decernimus,
3004 1313 3068 1361 ut
3106 1304 3246 1395 nulli
3295 1303 3540 1375 deinceps
3569 1303 3730 1374 imper-

2209 1396 2363 1454 fectae
2384 1399 2559 1455 aetatis
2577 1414 2749 1469 puero
2770 1399 2955 1456 adulta
2998 1398 3200 1456 femina
3235 1397 3505 1470 iungatur.
3529 1396 3621 1452 Sed
3637 1412 3731 1451 cum

2209 1490 2276 1546 ad
2306 1498 2526 1546 aetatem
2555 1492 2805 1548 idoneam
2838 1490 3212 1547 adolescentes
3247 1488 3522 1554 venerint,
3548 1487 3735 1544 tuncle-

2208 1582 2397 1654 gitimo
2422 1591 2650 1654 possunt
2679 1582 2913 1640 conubio
2941 1581 3206 1653 copulari.

2277 1672 2368 1729 23.
2412 1673 2549 1741 Quia
2577 1673 2866 1746 pestiferas
2895 1673 3075 1729 adhuc
3116 1671 3317 1743 stirpes
3342 1679 3398 1727 et
3427 1669 3654 1741 reliquias
3674 1684 3738 1723 ar-

2211 1766 2281 1823 tis
2303 1767 2528 1839 magica:
2556 1767 2611 1823 in
2642 1776 2854 1824 tantum
2890 1766 3078 1837 vigere
3123 1764 3194 1823 ad
3242 1780 3346 1821 nos
3372 1762 3619 1835 perlatum
3650 1771 3738 1824 est,

519 1845 720 1904 luerint
743 1865 803 1907 se
829 1854 1132 1911 temeritate
1152 1873 1520 1929 compescere,
1545 1869 2101 1927 exeommunieentur.

2220 1869 2268 1915 ut
2287 1859 2532 1929 quaedam
2559 1858 2817 1915 maleﬁcae
2839 1857 3107 1914 inlicitum
3129 1870 3373 1912 amorem
3395 1854 3607 1911 aliorum
3627 1867 3740 1950 uten-

521 1938 630 1996 Sed
673 1953 728 1999 et
771 1945 861 2002 ille
901 1963 1156 2007 excessus
1185 1955 1408 2010 omnino
1457 1957 1781 2016 inhibendus
1817 1973 1930 2027 est,
1965 1965 2110 2035 quod

522 2032 744 2099 quidam
771 2038 1044 2095 seculares
1072 2043 1172 2096 viri
1201 2046 1548 2117 presbyteros
1588 2060 1685 2106 aut
1714 2034 1852 2110 alios
1879 2032 2109 2114 clericos

519 2124 879 2183 conductores
900 2130 981 2185 vel
1006 2144 1390 2202 procuratores
1404 2140 1520 2197 sive
1535 2152 1822 2202 exactores
1845 2147 2107 2205 ﬁscalium

520 2230 704 2272 rerum
734 2219 820 2275 vel
852 2222 1120 2280 redituum
1167 2243 1233 2283 ac
1263 2232 1606 2303 vectigalium
1648 2238 2006 2296 constituunt.
2050 2241 2108 2298 Si

516 2306 646 2374 quis
675 2309 839 2380 igitur
872 2313 1129 2387 deinceps
1171 2319 1331 2389 huius
1371 2324 1828 2385 exhorbitationis
1858 2346 1982 2387 reus
2021 2333 2107 2388 in-

518 2408 716 2456 ventus
756 2401 950 2471 fuerit,
982 2415 1210 2478 uterque
1235 2417 1796 2486 excommunicentur,
1847 2430 1954 2477 tam
1995 2423 2110 2493 ipse

519 2490 618 2559 qui
645 2494 960 2565 constituit,
992 2512 1155 2568 quam
1187 2500 1275 2557 ille
1301 2504 1394 2573 qui
1421 2505 1638 2579 indigne
1666 2512 1866 2576 paruit.

518 2618 525 2623 '
593 2608 677 2665 19.
697 2609 833 2678 Quia
856 2614 1174 2672 terribiliter
1193 2620 1544 2690 propheticus
1564 2639 1745 2682 sermo
1761 2628 2023 2697 minatur,
2040 2632 2108 2687 ad

520 2711 743 2754 usuram
774 2702 992 2760 dantem
1017 2715 1074 2761 et
1113 2709 1725 2782 ampliusvaccipientem
1764 2718 1817 2773 in
1846 2729 2110 2777 aeternum

520 2802 630 2842 non
651 2803 771 2847 esse
792 2792 1084 2862 victurum,
1103 2807 1157 2853 et
1171 2815 1276 2854 non
1290 2801 1658 2862 habitaturum
1680 2807 1732 2862 in
1761 2810 2109 2870 tabernaculo

523 2877 799 2948 altissimi,
817 2898 917 2940 nec
937 2887 1311 2956 requieturum
1339 2891 1392 2946 in
1419 2902 1601 2950 monte
1623 2907 1813 2952 sancto
1835 2901 1954 2967 Dei,
1980 2917 2105 2958 cen-

523 2985 705 3029 semus
730 2984 790 3031 ut
805 2978 1134 3050 quicumque
1154 2983 1271 3039 haec
1299 2997 1645 3056 perpetrasse
1669 2990 2040 3062 inveniuntur,
2063 2998 2109 3052 si

524 3074 818 3134 supersunt
836 3083 866 3122 a
893 3069 1090 3141 quibus
1111 3087 1304 3129 usuras
1326 3076 1634 3146 exigerunt,
1662 3080 1795 3150 ipsis
1820 3084 2111 3141 restituant

513 3163 645 3224 quae
674 3159 1244 3227 superhabundantius
1270 3167 1558 3226 abstulisse
1585 3173 1903 3242 probantur.
1932 3176 1989 3233 Si
2014 3194 2114 3234 au—

523 3254 637 3299 tem
689 3248 1077 3319 decesserunt,
1112 3254 1403 3314 heredibus
1432 3275 1620 3318 eorum
1668 3263 1859 3321 saltem
1905 3268 2105 3324 medie-
2138 3260 2182 3324 C

525 3333 691 3391 tateiu
722 3338 1044 3409 refundant,
1085 3354 1177 3400 aut
1219 3348 1529 3407 elemosinis
1556 3353 1824 3411 redimant
1844 3358 1988 3429 quod
2016 3375 2111 3417 cu-

525 3425 757 3492 piditate
785 3430 1151 3502 deliquerunt.
1187 3438 1450 3511 Deinceps
1475 3456 1608 3499 vero
1642 3446 1734 3516 qui
1766 3425 1882 3505 haec
1911 3453 2112 3508 sectari

526 3517 784 3575 inventus
810 3520 1006 3589 fuerit,
1042 3527 1085 3581 si
1116 3527 1286 3585 laicus
1310 3540 1412 3598 est,
1437 3538 1976 3609 excommunicetur;
2025 3558 2114 3598 sa-

529 3610 726 3667 cerdos
750 3622 928 3669 autem
961 3617 1046 3671 vel
1074 3619 1305 3676 clericus
1332 3622 1377 3677 si
1410 3625 1478 3678 ad
1511 3626 1753 3697 episcopi
1782 3629 2112 3689 admonitio-

527 3713 654 3759 nem
685 3701 754 3757 ab
777 3705 880 3760 hoc
908 3708 1049 3779 turpi
1094 3717 1150 3764 et
1195 3711 1457 3781 pestifero
1488 3718 1707 3788 negotio
1737 3735 1796 3776 se
1828 3737 1935 3777 non
1965 3725 2117 3780 cohi-

454 3812 455 3817 π
529 3788 746 3860 buerit,
774 3796 981 3868 preprii
1011 3801 1216 3870 gradus
1247 3803 1549 3874 periculum
1584 3810 1896 3868 sustinebit.

510 3918 513 3923 ‘
599 3903 686 3962 20.
730 3906 1107 3981 Comperimus
1129 3915 1272 3986 quod
1300 3919 1367 3972 ab
1399 3918 1485 3975 his
1508 3922 1600 3992 qui
1626 3924 1926 3980 secundum
1958 3940 2116 3981 mun-

530 3996 702 4055 danas
726 3999 954 4072 leges'“
989 4005 1273 4063 viduarum
1318 4018 1372 4065 et
1406 4012 1724 4070 orl‘anorum
1761 4016 1981 4073 tutelam
2011 4018 2115 4074 sibi

528 4091 845 4159 vindicant,
878 4111 988 4152 non
1014 4097 1189 4153 solum
1219 4101 1595 4174 neglegantur,
1620 4122 1809 4163 verum
1836 4110 2116 4167 etiamali-

531 4183 784 4252 quoticns
815 4187 1231 4257 opprimantur:
1265 4192 1465 4262 quibus
1493 4195 1871 4254 ecclesiastica
1910 4201 2116 4258 sollici-

532 4274 719 4328 tudine
748 4279 1172 4335 succurrendum
1199 4295 1506 4339 censemus.
1532 4286 1600 4341 Et
1619 4288 1663 4343 si
1688 4288 1996 4359 huiusmodi
2018 4308 2115 4363 np-

528 4376 817 4435 pressores
871 4370 940 4423 ad
997 4372 1358 4444 episc0palem
1428 4377 1856 4437 admonitionem
1911 4385 2115 4457 corrigi

528 4454 802 4513 voluerint
822 4499 837 4526 ,
866 4462 1244 4532 gratulandum
1271 4465 1357 4522 his
1386 4476 1490 4522 est.
1532 4468 1590 4524 Si
1634 4480 1816 4527 autem
1862 4474 1915 4528 in
1946 4454 2115 4531 obsti-

530 4548 772 4617 nationis
824 4550 1106 4623 impietate
1150 4554 1510 4623 duraverint,
1549 4564 1946 4633 suggerendum
1997 4569 2111 4622 cle-

2214 1950 2378 2018 tibus,
2413 1951 2541 2006 aliis
2560 1965 2695 2009 vero
2723 1951 2908 2008 odium
2936 1949 3232 2005 immittere
3261 1947 3526 2011 dicantur,
3545 1945 3741 2014 quaedam

2212 2041 2375 2095 etiam
2410 2041 2717 2097 venenarim
2737 2050 2887 2108 sunt,
2915 2049 2976 2095 ut
3002 2039 3271 2111 quosdam
3302 2035 3587 2133 peremisse
3600 2032 3740 2133 inulto

2211 2130 2397 2203 pepuli
2452 2148 2671 2190 rumore
2713 2132 3051 2198 deferantur,
3088 2128 3401 2201 huiusmodi
3451 2125 3630 2184 diaboli
3670 2125 3742 2177 mi-

2213 2222 2418 2279 nistras
2459 2221 2705 2292 diligenti
2740 2221 3151 2278 examinatione
3178 2219 3456 2291 proditas,
3500 2215 3598 2316 sub
3631 2226 3744 2316 acer-

2213 2314 2351 2368 rima
2393 2314 2718 2384 poenitentia
2768 2312 3097 2385 redigendas
3140 2311 3465 2376 statuimus,
3504 2316 3556 2364 et
3587 2306 3632 2405 in
3658 2306 3744 2405 ipso

2213 2416 2420 2463 tantunt
2473 2408 2656 2473 exitu,
2711 2408 2757 2463 si
2813 2416 2993 2462 tamen
3042 2406 3196 2477 prius
3246 2404 3411 2477 digna
3467 2399 3745 2473 poenitentia:

2209 2512 2377 2568 opera
2408 2496 2669 2565 fecerint,
2696 2496 3136 2554 reconciliandas
3158 2509 3284 2551 esse
3312 2492 3672 2591 permittimus.

2280 2588 2374 2645 24.
2414 2588 2572 2647 Omni
2628 2592 2838 2645 ratione
2883 2596 3066 2654 caret,
3094 2598 3152 2643 et
3194 2584 3445 2657 religioni
3492 2581 3746 2638 christiana:

2211 2682 2433 2739 noxium
2467 2688 2523 2737 et
2547 2681 2879 2738 contrarium
2906 2679 3172 2745 noscitur,
3202 2685 3266 2732 ut
3294 2674 3451 2732 Judei
3487 2689 3517 2729 a
3542 2670 3745 2728 christia-

2211 2773 2297 2829 nis
2323 2772 2606 2844 vectigalia
2633 2772 2873 2843 exigant,
2903 2769 3148 2825 autullas
3166 2767 3355 2824 civiles
3374 2773 3464 2821 aut
3485 2759 3740 2821 criminales

2212 2875 2404 2917 causas
2450 2861 2593 2917 intra
2644 2861 2972 2917 christianos
3014 2857 3297 2931 iudicandi
3343 2857 3514 2913 locum
3541 2853 3744 2949 habeant.

2213 2952 2552 3022 Quicqune
2600 2951 2764 3024 igitur
2804 2951 3108 3023 iudiciariae
3152 2947 3442 3020 potestatis
3468 2959 3616 3015 super
3639 2940 3747 2995 chri-

2212 3046 2418 3101 stianos
2488 3044 2721 3117 aliquam
2762 3042 3291 3100 administrationem
3343 3039 3511 3096 Judeo
3561 3042 3748 3092 tractare

2212 3137 2541 3209 permiserit,
2571 3154 2603 3194 a
2631 3137 2929 3194 christiana
2958 3135 3345 3220 cummunione
3374 3132 3610 3205 pellatur.

2309 3288 2575 3330 CAPITULA
2605 3288 2895 3330 COIIITIBUS
2920 3288 2986 3328 ΑΒ
3012 3286 3367 3329 IIPEBATORE
3398 3282 3679 3326 PBOPOSI'I'A.

2284 3388 2335 3442 l.
2370 3385 2440 3442 Ut
2491 3396 2676 3457 aperte
2715 3388 3142 3459 depraedationes
3181 3402 3307 3458 quae
3361 3384 3497 3440 liunt
3541 3382 3749 3437 adversus

2214 3494 2308 3536 eos
2337 3480 2429 3550 qui
2483 3478 2710 3534 Romam
2754 3479 3017 3536 orationis
3045 3494 3247 3542 causa;
3261 3491 3463 3548 eosque
3490 3475 3573 3545 qui
3608 3470 3678 3527 vel
3702 3468 3750 3521 ad

2216 3579 2537 3637 marcatum,
2561 3581 2653 3626 aut
2680 3572 2746 3627 ad
2768 3572 2903 3628 alias
2925 3572 3185 3627 utilitates
3210 3585 3343 3627 suas
3369 3567 3747 3640 proﬁciscuntur,

2215 3660 2670 3731 quemadmodum
2728 3662 3158 3733 comprimantur
3186 3702 3201 3727 ,
3259 3677 3330 3716 ne
3378 3660 3505 3714 ﬁant
3550 3653 3749 3714 ulterius,

2217 3752 2475 3807 comitum
2508 3761 2820 3808 nostrorum
2850 3752 3140 3807 consilium
3169 3752 3486 3822 quaerimus.

2285 3842 2339 3897 2.
2374 3841 2630 3899 Potentes
2653 3852 2854 3910 autem,
2877 3858 2944 3899 ne
2968 3843 3111 3899 circa
3139 3843 3332 3899 domos
3354 3844 3406 3897 in
3437 3840 3618 3913 quibus

2219 3943 2334 3989 tant
2379 3936 2761 4007 Oppressiones
2800 3943 3113 4001 exerceant,
3147 3936 3345 4005 quibus
3375 3946 3625 4006 pauperes

2217 4038 2415 4102 gnntur
2463 4029 2559 4096 ¹²¹,
2625 4030 2753 4101 quia
2790 4031 2964 4087 solent
2993 4046 3115 4087 cum
3145 4031 3259 4086 suis
3302 4028 3547 4094 caballis,
3577 4039 3633 4080 ac
3655 4020 3750 4076 reli-

2217 4120 2340 4191 quis
2391 4120 2717 4176 animalibus
2776 4123 2919 4177 inter
2970 4122 3207 4191 reliquas
3258 4120 3538 4176 violentias
3564 4115 3744 4171 aliorum

2217 4221 2371 4279 prata
2400 4209 2710 4282 decerpere,
2741 4210 3129 4266 nihilhomiuus
3159 4219 3343 4265 autem
3372 4219 3427 4265 et
3458 4208 3633 4298 hiemis
3652 4212 3751 4298 telu-

2217 4314 2372 4371 pore,
2427 4300 2717 4380 occasione
2767 4300 3178 4357 nutriendorum
3211 4314 3476 4370 equorum
3513 4295 3622 4351 illos
3647 4287 3748 4345 allii-

2218 4403 2369 4464 gunt,
2385 4410 2480 4465 per
2500 4410 2594 4450 eos
2616 4395 2778 4450 etiam
2801 4397 2939 4451 scire
2960 4395 3230 4461 volumus,
3248 4394 3591 4464 quahterhoc
3611 4399 3755 4442 einen-

2218 4481 2451 4540 dandum
2481 4486 2571 4542 sit.
3214 4498 3217 4505 '

2288 4576 2341 4631 ὅ.
2384 4576 2609 4644 Quando
2638 4578 2706 4633 ad
2733 4579 3015 4649 palatium,
3045 4578 3128 4634 vel
3172 4579 3239 4632 ad
3270 4577 3376 4632 alia
3406 4578 3519 4633 loca
3550 4578 3752 4646 potentes

530 4641 869 4705 meutissimo
906 4643 1223 4714 imperatori
1248 4688 1262 4712 ,
1289 4649 1545 4717 quatinus
1575 4652 1689 4722 ipse
1720 4654 1992 4712 efﬁcacem
2029 4665 2111 4713 tu—
2144 4641 2197 4703 ι)
2220 4677 2535 4736 preperant,
2565 4678 2619 4723 et
2652 4669 2703 4722 in
2734 4671 3088 4739 exposcendis
3117 4670 3372 4740 hospitiis
3415 4681 3658 4738 pauperes
3677 4660 3748 4714 ad-

530 4740 700 4792 toretn
733 4732 851 4801 eius
888 4735 1126 4801 tribuat,
1168 4747 1228 4792 ut
1261 4747 1317 4793 et
1346 4739 1421 4794 illi
1457 4747 1824 4802 remuneratio
1856 4750 2114 4806 reddatur

528 4836 556 4883 a
587 4822 695 4878 Deo
717 4863 732 4891 ,
771 4825 920 4891 etde
965 4826 1142 4884 inutili
1174 4830 1392 4886 silentio
1423 4836 1779 4892 sacerdotalis
1826 4839 1960 4896 ordo
2002 4858 2110 4897 non

524 4911 832 4967 damnetur.

601 5002 689 5059 2i.
732 5004 964 5073 Quidam
1012 5006 1334 5066 clericorum
1383 5013 1466 5068 vel
1515 5020 1906 5075 monachorum
1954 5032 2111 5093 pere-

527 5095 812 5167 grinantes
842 5112 940 5167 per
969 5099 1216 5157 diversas
1248 5106 1492 5175 vagando
1534 5109 1845 5178 provincias
1876 5122 1931 5166 et
1972 5113 2107 5170 civi-

535 5201 705 5258 tates,
774 5194 1103 5266 multiplices
1173 5211 1436 5271 spargunt
1503 5218 1717 5259 errores
1774 5216 1829 5261 et
1888 5208 2107 5265 inutiles

531 5284 856 5351 qumstioues
893 5287 1288 5357 disseminant,
1336 5294 1669 5365 decipientes
1699 5300 1865 5354 corda
1901 5302 2109 5371 simpli-

523 5375 690 5428 cium.
723 5377 795 5431 De
821 5378 906 5433 his
927 5380 1169 5435 decrevit
1191 5392 1378 5437 sancta
1407 5387 1651 5453 sinodus,
1679 5400 1737 5443 ut
1761 5391 1829 5446 ab
1852 5393 2109 5465 episcopo

522 5464 628 5521 loci
688 5468 1058 5538 detineantur,
1110 5482 1165 5528 et
1209 5474 1277 5529 ad
1327 5478 1805 5549 metropolitanum
1857 5464 2105 5551 deducti,

2218 4768 2461 4828 gravant,
2505 4762 2782 4831 inquirere
2825 4762 3021 4837 placet,
3073 4762 3307 4833 qualiter
3362 4764 3476 4818 hmc
3518 4754 3752 4832 ορντεεεὶυ

2218 4849 2332 4904 ﬁeri
2365 4851 2595 4907 desinat.

2286 4939 2339 4993 4.
2387 4939 2553 4996 Furta
2594 4958 2808 5013 quoque
2846 4960 2966 5015 qlia:
2999 4944 3188 5001 crebro
3245 4946 3404 5017 longe
3455 4944 3649 5012 lateque

2214 5031 2418 5086 Italiam
2484 5031 2636 5098 fiunt,
2706 5052 2811 5104 quo
2872 5038 3050 5092 studio
3107 5038 3505 5107 reprimuntur,
3568 5030 3746 5100 inquiri-

2212 5138 2349 5178 mus.

2187 5261 2190 5264 .
2283 5215 2337 5271 5.
2364 5215 2432 5272 Et
2462 5217 2567 5274 hoc
2594 5219 2735 5275 scire
2756 5221 3029 5289 volumus,
3051 5238 3155 5293 qua
3182 5238 3414 5279 censura
3438 5211 3747 5290 redarguendi

2212 5316 2341 5363 sunt
2371 5307 2472 5374 illi,
2501 5311 2591 5373 qui
2645 5320 2863 5382 pontem
2922 5313 3294 5388 Tycyuensem
3350 5315 3545 5371 totiens
3572 5328 3599 5365 a
3627 5304 3749 5363 nobis

2215 5402 2526 5456 commoniti
2558 5401 2739 5458 facere
2773 5404 3146 5475 neglexerunt,
3173 5415 3225 5461 et
3260 5417 3322 5460 ut
3347 5422 3452 5461 non
3482 5395 3748 5495 solumnillf.

2217 5491 2310 5545 sed
2348 5508 2537 5550 omnes
2569 5493 2637 5526 ²²⁸
2681 5493 2847 5551 italia:
2888 5506 3080 5567 pontes
3125 5498 3214 5567 qui
3240 5497 3608 5554 emendatione
3634 5489 3745 5545 indi-

1817 5637 2047 5697 VARl/E
2113 5644 2514 5702 LECTIONES.

594 5773 659 5805 ³³⁸
690 5773 828 5827 deest
870 5791 919 5829 c.
998 5776 1065 5808 “’
1093 5775 1379 5847 aﬂigantur
1408 5779 1523 5834 cod.
1604 5782 1671 5821 ’³³
1708 5784 1945 5837 omnium
1984 5800 2118 5837 corr.
2153 5785 2328 5839 omnis
2356 5786 2469 5839 md.
