3876 5326
99 213 185 267 575

1125 214 1554 272 FllA‘NCORUM
1595 216 1836 274 REGUM
1875 217 2358 278 CAPITULARIA.

3248 231 3352 288 571»

99 326 518 415 κςιιιηριιδιίιει·
568 326 632 380 ad
686 336 882 384 statum
925 329 1266 399 antiquitatis
1321 337 1663 384 revocentur.
1701 317 1742 372 Α
1771 337 2022 404 persequi
2081 337 2409 409 neglexerit,
2460 350 2659 396 nostra:
2712 341 3097 415 indignationis
3146 355 3352 400 motum

157 416 203 470 6.
242 414 420 471 Naves
450 426 631 472 autem
664 433 786 488 quze
831 428 1052 489 propter
1090 419 1396 474 custodiam
1445 418 1662 484 littoris,

97 524 178 578 per
216 523 366 562 mare
410 518 536 564 sunt
560 510 861 579 antiquitus
888 512 1154 566 ordinata:
1186 512 1250 566 ad
1281 509 1667 581 praecavendas

97 600 514 655 adversariorum
541 601 791 669 insidias,
822 604 1056 673 qualiter
1086 603 1385 659 secundum
1411 603 1664 658 ordinem

96 696 304 751 eundem
337 707 606 766 reparata:
653 699 804 766 ﬁant,
838 709 1103 770 oportune
1131 699 1488 766 consulimus,
1528 713 1664 768 quo-

97 788 220 840 niam
241 787 344 842 hac
366 789 578 845 desidia
597 806 700 846 non
725 792 934 848 modica
962 808 1026 848 ex
1048 801 1205 865 parte
1226 792 1454 864 p0pulns
1483 805 1668 850 noster

97 879 427 935 inimicorum
461 881 687 938 insidias
711 884 963 940 sustinet.

153 970 200 1024 7.
257 971 510 1038 Qualiter
565 985 744 1028 autem
801 974 998 1044 palatia
1057 983 1281 1040 nostra,
1341 991 1460 1044 (luce
1508 975 1664 1047 longa

98 1073 344 1119 vetustate
375 1066 462 1121 vel
503 1067 844 1137 neglegentia
875 1077 1001 1124 sunt
1037 1070 1301 1134 obsoleta,
1348 1078 1667 1138 reparentur

96 1169 235 1227 atque
265 1157 609 1226 reﬁciantur,
644 1148 902 1216 comitum
937 1175 1242 1218 nostrorum
1269 1161 1548 1218 consultus
1579 1161 1664 1216 in-

99 1250 331 1319 quiritur.

150 1341 196 1395 8.
225 1341 289 1395 Et
320 1352 382 1396 ut
426 1353 604 1398 status
635 1345 710 1398 rei
745 1345 973 1415 publicae
1003 1355 1203 1401 nostra:
1230 1345 1282 1400 in
1312 1343 1415 1400 hoc
1445 1359 1553 1400 non
1586 1343 1666 1397 vi-

99 1430 262 1483 deatur
286 1430 584 1498 inﬁrmari,
615 1434 802 1489 dicant
826 1434 981 1490 nobis
1013 1436 1057 1490 si
1107 1435 1438 1491 conveniens
1464 1436 1554 1500 sit,
1601 1444 1659 1488 ut

99 1523 445 1592 unusquisque
478 1540 684 1590 comes,
713 1526 904 1582 domos
952 1542 980 1580 a
1007 1526 1164 1583 nobis
1193 1535 1494 1598 susceptas,
1524 1527 1664 1582 bene

100 1613 324 1680 praevisas
349 1623 407 1669 et
427 1616 837 1672 commendatus
860 1617 1078 1683 habeat,
1105 1627 1194 1673 aut
1217 1619 1262 1672 si
1286 1633 1404 1688 quae
1421 1617 1664 1688 indigent

101 1703 483 1771 emendatione,
515 1715 717 1761 statum
763 1707 1006 1779 pristina:
1047 1686 1336 1763 soliditatis
1383 1686 1663 1777 suscipere
1695 1686 1737 1745 Β

98 1810 367 1866 congruum
402 1797 674 1853 videatur.

155 1887 200 1939 9.
223 1884 470 1952 Qualiter
495 1897 676 1944 autem
703 1889 852 1945 missi
885 1889 1065 1944 domui
1093 1904 1156 1944 ac
1177 1888 1438 1960 genitoris
1468 1886 1660 1951 nostri,

99 1991 147 2030 ac
164 1976 344 2043 nostri,
371 1977 461 2032 vel
493 1977 802 2048 apostolici,
833 1979 1013 2036 debito
1043 1979 1412 2049 suscipiantur
1436 1979 1660 2043 honore,

101 2069 355 2123 dicendum
386 2077 506 2135 est;
538 2080 698 2140 atque
724 2072 793 2127 ad
818 2081 1062 2128 nostram
1092 2070 1342 2127 notitiam
1375 2085 1472 2141 per
1495 2070 1662 2126 comi-

103 2170 166 2216 tes
192 2172 408 2217 nostros
435 2163 682 2220 volumus
713 2165 1001 2235 perveniri,
1026 2166 1091 2220 de
1121 2165 1316 2235 quibus
1348 2163 1532 2228 rebus,
1569 2170 1663 2216 aut

103 2251 456 2318 facultatibus,
485 2252 854 2322 hujuscemodi
893 2263 1144 2324 sumptus
1169 2264 1225 2309 et
1254 2265 1550 2324 apparatus
1578 2253 1657 2308 le-

100 2343 265 2411 gallOttl
325 2344 618 2415 designata:
667 2346 968 2418 delegatus,
995 2347 1310 2401 sumebatur
1337 2346 1655 2415 antiquitus,

101 2445 169 2487 aut
202 2451 229 2490 a
254 2437 464 2506 quibus
505 2439 748 2508 personis
775 2439 1132 2510 exigebantur
1159 2441 1476 2509 parvarcda,
1509 2447 1566 2494 ut
1607 2449 1661 2494 et

105 2536 257 2581 nostro
292 2537 541 2598 tempore
561 2530 700 2585 idem
727 2530 860 2585 ordo
891 2541 1154 2595 servetur,
1187 2545 1285 2586 nec
1316 2531 1384 2586 ad
1411 2530 1545 2586 alias
1570 2545 1659 2586 res

102 2629 174 2673 aut
197 2635 458 2690 personas
486 2638 612 2676 usus
639 2621 738 2677 iste
762 2629 1166 2692 retorqueatur.

159 2711 228 2764 l0.
259 2710 384 2766 Hoc
422 2713 585 2776 etiam
627 2713 813 2767 audire
845 2713 1232 2778 desideramus,
1264 2713 1309 2769 si
1361 2713 1414 2768 in
1458 2712 1660 2784 juditio

104 2802 332 2856 comitum
373 2803 524 2874 prius
553 2803 873 2859 miserorum
913 2819 1110 2870 causre,
1139 2805 1191 2859 id
1222 2813 1306 2860 est
1347 2804 1656 2868 viduarum,

105 2891 430 2964 pupillorum,
475 2904 890 2966 ceterorumque
941 2910 1238 2966 pauperum
1288 2895 1657 2966 quaerimonize

109 2983 431 3039 teriuinaudze
455 2984 583 3048 sint,
612 3000 675 3040 ac
703 2985 896 3040 deinde
925 2985 1320 3054 potentiorum;
1350 2985 1492 3054 quod
1517 2985 1560 3039 si
1589 2984 1658 3038 ab

107 3073 250 3144 aliquo
298 3076 432 3132 tales
466 3075 668 3130 Christi
717 3048 982 3147 pauperes
1019 3086 1143 3130 sunt
1174 3048 1436 3146 despecti,
1481 3076 1653 3146 quali-
1684 3048 1729 3110 δ

109 3175 170 3220 ter
196 3167 292 3223 hoc
324 3168 614 3224 emendare
640 3168 840 3235 velint,
875 3168 1270 3238 inquirentibus
1315 3169 1472 3223 nobis
1519 3168 1655 3222 insi-

107 3272 240 3315 nuent
271 3261 361 3314 ⁸³³.

320 3386 486 3426 ιεςεδ
527 3388 590 3426 ΑΒ
629 3388 972 3428 IMPERATORI-1
1013 3388 1404 3430 ΡΒΟΜυωΑΤΑ-Ξ.

153 3503 211 3553 De
235 3507 309 3568 “'7
328 3509 481 3556 rebus
504 3518 621 3557 vero
643 3507 957 3557 saeuiaribus
981 3508 1085 3557 haec
1107 3508 1274 3558 statuit
1299 3508 1540 3568 piissimus
1567 3508 1656 3554 im-

110 3567 635 3644 ξτςιῇξοιξ,ῌιιιόοιῖίίεειλ⁵
670 3584 780 3644 quas
806 3571 1002 3644 gloriosi
1048 3583 1251 3644 quoque
1273 3568 1658 3644 genitoris-ejus

109 3627 311 3679 lllotharii
337 3627 638 3680 serenissimi
666 3627 869 3694 Augusti
895 3627 1189 3683 auctoritate
1223 3627 1406 3680 lirinata
1427 3637 1559 3680 sunt.

161 3734 202 3785 l.
244 3733 567 3790 Perventum
610 3746 691 3791 est
735 3737 802 3790 ad
852 3752 950 3791 nos
980 3737 1123 3807 quod
1173 3751 1266 3792 eos
1309 3736 1398 3805 qui
1429 3735 1658 3789 Romam

108 3825 340 3880 orationis
379 3841 539 3881 causa
571 3839 823 3897 pergunt,
876 3827 958 3883 vel
1005 3829 1098 3898 qui
1148 3829 1454 3898 negotiandi
1483 3828 1657 3899 gratia

108 3932 182 3983 per
222 3935 444 3989 regnum
493 3931 730 3975 nostrmn
780 3922 1112 3986 discurrunt,
1154 3922 1365 3976 collecti
1417 3921 1658 3975 latrones

111 4009 358 4078 diripiant,
389 4029 587 4083 eosque
609 4014 935 4085 aliquotiens
963 4016 1252 4071 vulnerent
1275 4015 1357 4070 vel
1384 4014 1655 4078 occidant,

109 4110 148 4151 et
188 4103 320 4157 bona
352 4119 536 4159 eorum
567 4107 841 4177 diripiant.
885 4108 1008 4161 ldeo
1036 4107 1302 4172 volumus,
1337 4117 1395 4160 ut
1425 4108 1657 4161 comites

110 4197 270 4260 nostri,
299 4212 594 4267 eorumque
619 4201 878 4256 scnldassi
917 4203 988 4242 ’³ο
1015 4200 1282 4268 adjunetis
1318 4217 1500 4256 secum
1529 4217 1658 4256 vas-

110 4285 226 4340 sallis
253 4290 646 4358 episcoporum,
677 4292 722 4347 si
771 4292 1070 4348 necessitas
1105 4292 1298 4356 fuerit,
1332 4293 1658 4362 ubicumque

1769 427 1983 491 sentiet,
2011 440 2066 483 et
2086 429 2305 500 proprio
2334 429 2538 487 honore
2565 433 2886 503 privabitur.

1836 518 1891 573 2.
1922 519 2026 576 Sed
2053 530 2109 576 et
2154 522 2257 578 hoc
2299 522 2366 554 ²³¹
2397 525 2784 594 comperimus,
2828 528 2954 596 quia
3004 542 3071 582 ex
3118 527 3344 584 diversis

1768 609 1901 666 locis
1940 611 2246 683 hujusmodi
2292 614 2438 669 noxii
2475 615 2720 671 homines
2766 617 2907 672 inter
2935 633 2994 674 se
3033 619 3102 649 ”'
3141 620 3355 690 conSpi-

1769 711 1909 769 rent,
1941 713 1996 759 et
2020 705 2263 762 diversos
2286 707 2576 762 comitatus
2606 708 3029 776 circumeuntes,
3063 711 3274 780 praedas
3299 720 3355 767 et

1769 794 2008 864 rapinas,
2036 810 2132 865 per
2159 795 2332 862 villas,
2362 811 2455 851 seu
2484 805 2538 852 et
2563 798 2632 829 ”'
2660 814 2758 869 per
2785 799 2919 866 vias,
2952 801 3037 855 vel
3058 815 3156 870 per
3183 800 3349 858 silvas

1769 883 1989 952 faciant,
2015 895 2068 941 et
2097 886 2410 943 innocentes
2439 887 2684 944 homines
2716 890 3114 960 deprmdentur,
3148 900 3202 947 et
3230 907 3353 960 spo-

1767 974 1936 1040 lieut;
1984 985 2040 1031 et
2084 976 2138 1031 hi
2181 993 2394 1048 quoque
2425 977 2676 1035 similiter
2706 980 2972 1045 volume-5,
3004 989 3060 1034 ut
3107 979 3354 1050 diligenti

1769 1068 1945 1123 studio
1991 1069 2272 1138 perquisiti
2320 1070 2605 1140 capiantur
2659 1081 2714 1126 et
2757 1072 3174 1144 distringantur.
3207 1071 3274 1126 Et
3306 1071 3352 1127 si

1769 1159 1986 1214 obnoxii
2050 1160 2210 1229 hujus
2262 1159 2488 1216 sceleris
2545 1160 2751 1216 inventi
2807 1161 3032 1226 fuerint,
3088 1162 3353 1232 legalibus

1767 1250 1944 1321 pmnis
1969 1250 2174 1322 absque
2205 1250 2310 1305 ulla
2336 1251 2594 1308 dilatione
2620 1252 2939 1324 subigantur
2962 1252 3054 1318 ηδ,
3086 1263 3139 1308 et
3167 1253 3355 1324 hujuc‘

1768 1343 1912 1397 modi
1941 1342 2279 1412 inquietudo,
2306 1352 2360 1398 et
2384 1342 2582 1413 injusta
2607 1344 2859 1415 direptio,
2891 1360 2918 1398 a
2944 1345 3141 1414 populo
3164 1353 3352 1398 nostro

1775 1435 2078 1502 auferatur,
2113 1445 2166 1490 et
2210 1435 2372 1492 liceat
2415 1437 2664 1492 omnibus
2688 1437 2792 1492 sub
2819 1448 3001 1492 nostra
3028 1435 3234 1492 ditione
3258 1433 3347 1490 de-

1766 1525 2047 1592 gentibus,
2097 1540 2217 1582 cum
2268 1525 2566 1581 salvatione
2614 1535 2671 1582 et
2719 1526 2792 1564 ³³⁸
2842 1542 2975 1597 pace
3028 1542 3244 1591 vivere,
3295 1533 3354 1580 ut

1767 1620 1900 1674 ordo
1963 1620 2039 1675 rei
2102 1620 2329 1691 publica:
2396 1621 2690 1677 secundum
2739 1621 2943 1692 justam
3005 1623 3352 1678 administra-

1767 1717 1969 1772 tionem
2033 1717 2282 1788 provisus
2334 1717 2436 1786 ³³⁸,
2486 1717 2668 1775 salvus
2733 1729 2790 1776 et
2849 1721 3064 1791 quietus
3130 1735 3348 1792 perma-

1766 1816 1911 1862 neat.

1834 1905 1890 1960 3.
1917 1905 2236 1962 Andivimus
2257 1922 2470 1978 quoque
2514 1908 2658 1978 quod
2685 1908 2904 1978 quidam
2933 1908 3122 1965 domos
3143 1917 3199 1964 et
3227 1924 3350 1980 pos-

1765 1996 2035 2051 sessiones
2079 1997 2366 2062 habentes,
2404 1998 2695 2053 concilient
2721 1998 2823 2053 sibi
2852 2007 3014 2068 atque
3048 2001 3354 2056 consotient
3409 1990 3412 1994 ί

1763 2089 1998 2146 latrones
2036 2090 2252 2146 aliunde
2299 2091 2578 2146 venientes
2598 2137 2612 2156 ,
2639 2106 2840 2161 eosque
2869 2091 3080 2147 occulto
3111 2091 3347 2159 foveant,

1762 2192 1816 2237 et
1851 2183 2099 2240 solatium
2143 2184 2274 2239 dent
2313 2184 2379 2214 ’³⁷
2411 2183 2479 2237 ad
2517 2184 2621 2239 tale
2653 2182 2860 2239 facinus
2891 2185 3340 2254 perpetrandum,

1762 2281 1822 2327 ut
1873 2272 2129 2343 quiequid
2171 2273 2268 2343 ipsi
2315 2288 2381 2328 ex
2433 2273 2728 2343 pernitioso
2757 2288 2920 2344 opere
2969 2273 3345 2342 adquisieriut,

1762 2381 1886 2421 cutn
1922 2366 2002 2420 eis
2037 2365 2106 2396 ’³⁸
2157 2365 2492 2436 parciantur.
2543 2364 2694 2432 Quod
2733 2380 2904 2436 genus
2939 2364 3348 2420 malefactorum

1762 2456 2054 2528 pessimum
2098 2456 2432 2526 judicamns,
2481 2456 2606 2524 quia
2663 2472 2768 2510 non
2821 2454 2995 2510 solum
3054 2455 3153 2524 ipsi
3207 2455 3348 2509 mala

1761 2559 2052 2620 peragunt,
2084 2548 2179 2604 sed
2214 2548 2381 2606 etiam
2409 2547 2640 2602 aliorum
2671 2562 2833 2616 opere
2856 2544 2910 2602 et
2931 2545 3104 2602 ofﬁcio
3129 2546 3196 2600 ad
3226 2561 3346 2601 sce-

1762 2641 1876 2695 lera
1921 2648 2166 2695 utuntur.
2213 2639 2550 2708 Ubicumque
2604 2631 2860 2708 igitur'in
2906 2637 3000 2691 tali
3046 2636 3349 2706 suspitione

1763 2732 1994 2801 quilibet
2027 2730 2254 2797 venerit,
2280 2739 2333 2786 et
2357 2746 2544 2785 rumor
2567 2731 2618 2784 in
2649 2729 2844 2799 populo
2861 2728 3134 2798 dispersus
3163 2727 3344 2791 fuerit,

1762 2823 1903 2894 quod
1931 2823 2044 2877 haec
2074 2822 2314 2877 facinora
2337 2829 2605 2883 exerceat,
2633 2821 2678 2875 si
2710 2820 2886 2875 adhuc
2911 2819 3250 2890 propalatum
3277 2815 3346 2850 "’

1763 2930 1869 2969 non
1901 2914 1970 2945 “°
1992 2921 2094 2978 est,
2125 2928 2248 2967 cum
2272 2911 2554 2968 duodecim
2579 2926 2641 2966 se
2666 2921 2929 2981 expurget
2952 2911 3053 2977 “1;
3088 2910 3132 2966 si
3163 2917 3346 2974 autem

1756 3005 1866 3074 jam
1898 3005 1966 3038 ’δ’
1996 3005 2047 3059 in
2073 3005 2252 3073 aliquo
2276 3003 2594 3058 manifestus
2623 3002 2694 3034 ’³³
2721 3012 2814 3058 aut
2845 3003 3214 3074 deprehensus
3241 3011 3345 3068 est,

1742 3098 1942 3167 statim
1993 3097 2255 3165 capiatur,
2309 3104 2363 3150 et
2400 3094 2780 3166 distringatur,
2812 3105 2868 3150 et
2906 3095 3346 3166 dampnationem

1759 3189 1968 3259 legibus
2016 3188 2293 3258 praeﬁxum
2341 3186 2625 3241 sustineat.
2677 3185 3014 3256 Ubicumque
3051 3201 3178 3241 vero
3223 3186 3340 3240 sive

1758 3290 2038 3334 manentes
2069 3294 2160 3333 seu
2209 3277 2280 3308 m
2307 3287 2564 3348 vagantes
2603 3276 2843 3332 latrones
2885 3278 3348 3348 comprehendere

1758 3370 1958 3440 publici
2003 3370 2243 3425 muneris
2292 3369 2707 3423 administrator
2738 3369 2993 3434 voluerit,
3045 3378 3100 3423 et
3147 3367 3236 3422 ille
3288 3383 3349 3423 se

1758 3461 2038 3516 defensare
2073 3469 2302 3516 conatus
2331 3459 2512 3523 fuerit,
2548 3459 2592 3514 si
2633 3459 2777 3515 inter
2801 3461 2916 3514 hanc
2939 3458 3075 3513 forte
3109 3459 3344 3513 eundem

1758 3552 2020 3606 latronem
2051 3551 2223 3606 occidi
2258 3551 2568 3621 contigerit,
2622 3552 2767 3606 nulla
2797 3552 2841 3605 is
2867 3552 2958 3619 qui
2987 3566 3110 3606 eum
3140 3550 3344 3605 occidit

1758 3643 2104 3699 damnatione
2147 3640 2422 3707 multetur,
2454 3655 2630 3709 neque
2656 3641 2792 3696 ullas
2824 3641 3141 3695 inimicicias
3179 3655 3208 3692 a
3235 3654 3335 3709 pa-

1758 3733 2023 3798 rentibus,
2055 3741 2147 3785 aut
2183 3731 2252 3763 ²⁵⁸
2292 3731 2725 3802 persecutionem
2761 3732 2828 3785 ab
2854 3730 2961 3784 ullo
3001 3729 3118 3798 ejus
3164 3729 3341 3782 amico

1757 3825 1842 3880 vel
1874 3827 2174 3896 propinquo
2209 3825 2493 3880 sustineat.
2526 3822 2590 3878 Et
2614 3823 2684 3854 ²⁸⁶⁸
2711 3822 2755 3876 si
2788 3821 2984 3890 aliquis
3006 3820 3122 3889 ejus
3153 3819 3340 3875 senior

1758 3925 1851 3970 aut
1884 3917 2239 3986 pr0pinquus,
2266 3921 2487 3984 propter
2516 3913 2620 3967 hoc
2648 3912 2942 3966 vindictam
2974 3909 3154 3964 facere
3181 3922 3347 3963 cona-

1721 4020 1848 4079 ,tus
1873 4009 2058 4074 fuerit,
2083 4016 2138 4063 et
2184 4008 2352 4077 judex
2394 4006 2642 4076 publicus
2679 4020 2802 4059 eum
2849 4015 3195 4072 compescere
3238 4015 3347 4054 non

1758 4103 2016 4172 potuerit,
2048 4116 2146 4171 per
2201 4099 2548 4168 ﬁdejussorcs
2601 4098 2824 4153 idoneos
2857 4094 2978 4150 talis
3020 4107 3248 4163 persona
3278 4091 3346 4146 ad

1761 4206 2004 4268 nostram
2063 4194 2361 4248 deducatur
2415 4189 2795 4259 praesentiam,
2843 4193 2902 4240 ut
2950 4183 3244 4252 complices
3291 4190 3348 4235 et

1763 4287 2008 4341 fautores
2062 4285 2447 4339 sceleratorum
2504 4291 2690 4336 nostra
2739 4276 3208 4333 animadversione
3255 4273 3348 4330 lle-

110 4377 216 4432 tales
254 4380 521 4434 audierint
547 4381 639 4446 “7,
670 4383 1066 4437 studiosissime
1092 4383 1428 4452 perquirant,
1477 4393 1532 4437 et
1585 4383 1654 4418 ²²⁸
1686 4405 1732 4461 D
1761 4386 1996 4434 ctantur.
2029 4375 2367 4445 Ubicumque
2402 4383 2580 4428 autem
2621 4373 2764 4425 fama
2796 4379 2878 4426 est
2917 4369 3048 4424 tales
3072 4368 3346 4433 habitare,

111 4479 183 4521 eos
204 4471 422 4538 capiant
452 4481 614 4542 atque
648 4473 998 4544 distringaut.
1029 4474 1095 4528 Et
1134 4474 1178 4528 si
1217 4473 1375 4542 hujus
1399 4475 1652 4528 criminis

113 4577 208 4618 reos
234 4565 566 4630 invenerint,
599 4581 788 4636 pennas
829 4569 880 4622 in
911 4569 1120 4637 legibus
1144 4568 1370 4636 positas,
1399 4582 1527 4640 erga
1561 4583 1656 4622 eos

117 4652 286 4724 absque
315 4656 416 4710 ulla
451 4657 780 4729 neglegentia
809 4667 1198 4728 exsequantur,
1230 4667 1286 4712 ut
1313 4658 1382 4712 ab
1417 4658 1500 4713 his
1544 4673 1656 4711 nta-

113 4739 421 4801 lcfactoribus
471 4762 692 4817 regnum
743 4757 981 4802 nostrum
1026 4755 1319 4818 purgetur,
1366 4755 1420 4800 et
1461 4748 1553 4816 qui
1597 4747 1652 4800 in

115 4849 265 4896 nostra
311 4841 500 4898 ﬁducia
550 4843 656 4896 huc
699 4841 938 4908 veniunt,
988 4842 1104 4897 sive
1145 4839 1426 4904 orationis,
1459 4855 1553 4896 seu
1582 4839 1650 4875 ¹²⁹

117 4935 378 5003 negotiandi
421 4937 617 5008 gratia,
660 4934 794 4991 salvi
833 4951 950 4993 esse
997 4932 1229 5006 possint.
1275 4932 1426 4988 Sciat
1470 4942 1651 4989 autem

118 5029 439 5100 unusquisque
488 5028 725 5084 ﬁdelium
771 5037 1101 5088 nostrorum,
1157 5025 1283 5093 quia
1317 5025 1651 5094 quicumque

121 5128 281 5182 comes,
325 5119 402 5176 vel
450 5119 675 5190 quilibet
722 5117 960 5188 publicus
1008 5114 1286 5181 minister,
1339 5116 1651 5187 hujusmodi

122 5207 502 5267 nralefactoribus
529 5218 622 5266 aut
658 5211 942 5267 adsensum
977 5205 1302 5281 praebuerit,
1331 5217 1425 5263 attt
1449 5223 1546 5264 eos
1574 5205 1643 5237 ¹³⁰

1762 4468 2038 4539 inquisitio
2067 4482 2166 4538 per
2215 4472 2616 4521 sacramentum
2640 4502 2655 4527 ,
2691 4476 2790 4532 per
2829 4474 3045 4515 omnem
3086 4457 3346 4528 populum

1757 4559 1904 4614 circa
1952 4567 2259 4611 manentem
2313 4554 2441 4617 ﬁat;
2495 4562 2550 4608 et
2597 4552 2985 4622 cujuscumque
3035 4549 3210 4620 gentis
3253 4555 3354 4614 aut

1757 4651 2082 4708 conditionis
2115 4648 2314 4703 fuerint
2342 4647 2409 4679 “7
2441 4663 2540 4716 per
2588 4660 2723 4716 quos
2776 4645 2883 4701 hoc
2922 4641 3120 4711 inquiri
3152 4639 3358 4701 melius.

1755 4744 2024 4815 potuerit,
2066 4741 2444 4814 jusjurandum
2502 4741 2654 4805 dare,
2707 4755 2830 4793 cum
2878 4753 2908 4791 a
2965 4735 3164 4789 comite
3217 4745 3361 4788 con~..

1753 4847 1949 4894 ve'ntus
1981 4837 2165 4900 fuerit,
2195 4833 2479 4889 recusandi
2512 4849 2622 4889 non
2648 4830 2846 4886 habeat
2873 4833 3220 4899 potestatem.

1821 4931 1874 4984 4.
1909 4928 2014 4985 Sed
2043 4939 2096 4984 et
2127 4929 2230 4982 hoc
2257 4925 2508 4996 pervenit
2533 4925 2600 4980 ad
2630 4923 2885 4977 notitiam
2910 4923 3151 4971 nostram
3180 4912 3366 4977 quod,

1751 5022 1969 5094 quando
2007 5025 2279 5091 potentes,
2309 5025 2363 5072 et
2392 5016 2670 5078 honorati,
2717 5015 2834 5068 sive
2871 5000 3235 5094 ecclesiastici
3267 5015 3367 5094 or-

1751 5089 1893 5169 dinis
1918 5113 1988 5146 “9
2010 5089 2135 5169 _sive
2171 5109 2470 5173 saecularis,
2517 5111 2583 5164 ad
2609 5121 2707 5162 nos
2733 5105 2980 5162 veniunt.
3015 5111 3042 5148 ³
3073 5089 3282 5163 νοιιιιιο
3313 5093 3371 5148 in

1753 5221 1982 5278 quorum
2025 5203 2277 5262 domibus
2322 5203 2642 5257 mansiones
2684 5196 2982 5266 accipiunt,
3007 5186 3118 5240 suis
3143 5181 3370 5248 usibus,
