3876 5326
537 186 643 289 tus

1253 222 1542 299 APPEND.
1581 224 1675 280 AD
1714 223 1892 281 SAEC.
1933 223 2001 280 Χ.
2029 254 2099 265 --

2238 223 2574 280 ΝΗΜΕΝΤΑ
2616 221 3105 280 DIPLOMATICA.
3699 221 3783 277 εἶθ

537 353 871 410 suorumque
916 351 1177 408 equorqu
1233 336 1540 403 necessaria
1591 350 1689 408 per
1747 335 1856 391 vim
1908 334 2117 400 tollant,

2238 341 2420 413 {uibus
2447 341 2750 398 commissa:
2793 346 2941 406 sunt,
2979 338 3047 394 ad
3078 337 3287 408 lapsum
3324 343 3379 392 et
3409 331 3622 391 ruinam
3651 350 3782 405 pugno

538 436 596 482 et
642 427 745 483 hac
794 428 1083 483 occasione
1126 425 1354 498 populus
1378 435 1563 482 noster
1589 424 1875 496 amigatur.
1917 425 2124 481 Idcirco

541 518 881 589 pmcipimus
910 526 970 572 ut
1007 518 1184 573 omnis
1213 515 1282 552 ’δ’
1313 515 1487 572 ﬁdelis
1530 525 1745 580 noster,
1796 515 2125 586 quicumque

540 608 611 663 ad
661 617 901 664 nostram
930 608 1271 679 praesentiam
1298 616 1572 678 properat,
1610 606 1745 662 nihil
1773 606 1826 661 in
1859 606 2126 661 veniendo

541 708 636 754 aut
680 699 998 756 revertendo
1044 700 1114 754 ab
1155 698 1338 769 aliquo
1378 697 1645 753 violenter
1679 697 1865 764 tollat;
1901 706 1984 752 set
2012 696 2126 752 suis

537 794 850 851 hominibus
883 803 938 850 et
965 794 1141 865 equis,
1177 794 1280 849 nisi
1329 792 1469 849 forte
1515 793 1584 847 ab
1633 793 1823 848 amicis
1855 789 2126 863 stipendia

546 885 829 955 acciperit,
860 886 929 940 ab
952 885 1255 956 hospitibus
1284 883 1399 939 suis
1427 883 1626 954 prmcio
1652 882 1804 954 justo
1827 890 2123 952 comparet.

472 986 487 993 '
540 976 675 1031 Nam
706 977 1035 1055 quicumque
1072 976 1233 1046 hujus
1279 974 1408 1029 mali
1470 973 1668 1028 famam
1698 973 1972 1038 habuerit,
2003 987 2126 1027 cum

539 1069 607 1123 ad
636 1084 735 1141 nos
771 1070 1014 1136 venerit,
1057 1084 1309 1125 veracem
1353 1068 1626 1123 hominem
1652 1067 1899 1123 volumus
1928 1078 1987 1122 ut
2014 1067 2126 1133 det,

540 1163 631 1232 qui
657 1175 755 1232 pro
777 1161 890 1216 suis
902 1161 1152 1216 omnibus
1172 1160 1339 1231 juret,
1358 1157 1490 1214 nihil
1515 1159 1676 1214 eosin
1702 1159 1895 1214 itinere
1919 1157 2125 1214 tulisse.

542 1250 613 1307 Et
632 1253 677 1307 si
705 1251 844 1308 forte
868 1253 920 1307 in
946 1253 1129 1322 aliquo
1148 1267 1207 1307 se
1232 1265 1468 1321 suosque
1485 1250 1748 1305 obnoxios
1770 1248 2127 1320 recognoscit,

542 1347 710 1402 donet
748 1345 999 1401 idoneum
1050 1345 1364 1411 hominem,
1396 1343 1488 1413 qui
1527 1343 1672 1414 juret
1713 1352 1768 1397 et
1816 1340 1888 1373 m
1937 1350 2130 1396 cuncta

543 1437 829 1502 restituat,
852 1437 940 1493 his
965 1436 1161 1507 quibus
1188 1436 1257 1470 ²⁵¹
1287 1434 1573 1490 abstulisse
1594 1433 1740 1489 visus
1765 1441 1867 1488 est.

584 1529 671 1591 ‘5.
709 1528 823 1585 Iloc
847 1529 1011 1584 etiam
1045 1528 1333 1584 multorum
1373 1527 1631 1598 querellis
1659 1526 1724 1580 ad
1764 1540 1863 1581 nos
1891 1524 2127 1580 delatum

541 1628 647 1685 est,
670 1618 812 1690 quod
845 1628 1093 1690 potentes
1121 1628 1175 1673 et
1203 1618 1453 1673 honorati
1486 1618 1613 1683 viri,
1645 1618 1700 1672 in
1724 1615 1795 1651 ’⁸⁸
1826 1617 1961 1673 locis
2005 1616 2128 1686 qui-

541 1711 643 1766 bus
671 1720 1084 1777 conversantur,
1121 1711 1385 1766 minorem
1427 1709 1681 1780 populum
1709 1708 2122 1779 depOpulentur,
2155 1701 2201 1761 B

540 1810 598 1855 et
629 1802 960 1873 opprimant,
991 1811 1047 1857 et
1072 1801 1144 1836 ⁸⁵³
1172 1816 1362 1857 eorum
1405 1809 1560 1872 prata
1608 1800 1932 1871 depascant;
1968 1813 2126 1852 man-

542 1892 725 1949 siones
758 1894 925 1950 etiam
968 1901 1160 1949 contra
1189 1893 1524 1948 voluntatem
1571 1892 1908 1963 privatorum
1952 1889 2127 1945 homi-

545 1997 698 2049 num,
731 1983 845 2039 sive
888 1976 1209 2054 pauperum,
1241 1983 1294 2038 in
1322 1981 1398 2018 ’“
1420 1997 1608 2039 eorum
1634 1982 1884 2038 domibus
1909 1981 2023 2037 suis
2056 1980 2127 2014 ⁸³⁸

541 2073 853 2131 hominibus
882 2074 1228 2146 disperciant,
1257 2074 1446 2144 eisque
1474 2089 1572 2145 per
1596 2074 1703 2127 vim
1737 2071 1989 2143 quaalibet
2012 2069 2124 2126 tol-

543 2164 675 2220 lant.
734 2164 889 2222 Unde
947 2166 1291 2237 praacipimus
1325 2174 1385 2220 ut
1427 2166 1531 2221 hoc
1564 2163 1794 2219 ulterius
1844 2177 1950 2217 non
2007 2161 2120 2226 nat,

541 2258 640 2314 sed
691 2260 1066 2331 unusquisque
1114 2261 1414 2315 honoratus
1444 2266 1627 2313 noster
1681 2271 1741 2312 se
1790 2270 2026 2327 suosque
2057 2269 2129 2311 ex

542 2364 643 2405 suo
693 2360 898 2420 pascat.
938 2351 1005 2406 Et
1052 2350 1098 2405 si
1142 2351 1209 2406 de
1260 2349 1381 2406 loco
1428 2350 1495 2404 ad
1531 2348 1708 2404 locum
1746 2349 1970 2421 migrat,
1997 2362 2127 2403 cum

541 2460 753 2501 summa
777 2461 909 2516 pace
940 2453 1203 2510 transeat,
1229 2453 1285 2500 et
1317 2460 1495 2516 neque
1531 2445 1587 2499 in
1630 2445 1919 2511 manendo,
1953 2456 2131 2516 neque

541 2536 599 2591 in
635 2536 737 2592 iter
770 2538 1000 2609 agendo,
1023 2552 1286 2594 onerosus
1326 2545 1382 2592 et
1424 2537 1718 2593 damnosus
1760 2537 1882 2592 aliis
1908 2537 2128 2592 existat.

541 2626 611 2681 Et
661 2627 767 2684 hoc
811 2628 990 2684 sciant
1037 2643 1228 2684 omnes
1294 2628 1419 2699 quia
1472 2629 1801 2698 quicumque
1870 2628 2130 2698 deinceps

542 2719 649 2774 hoc
677 2720 980 2792 transgredi
1028 2718 1456 2791 praesumpserit,
1488 2729 1687 2774 nostra:
1736 2717 2127 2788 indignationis

541 2819 748 2867 motum
787 2811 1094 2877 sustinebit,
1125 2821 1179 2867 et
1203 2812 1422 2882 proprio
1448 2812 1655 2867 honore
1691 2812 1917 2867 carebit.

594 2902 662 2973 ,6.
705 2904 840 2972 Quia
873 2919 1061 2959 eorum
1092 2904 1297 2959 desidia
1323 2911 1377 2958 et
1407 2903 1777 2975 neglegentia,
1809 2902 1900 2973 qui
1933 2902 2131 2974 palatia

539 3001 729 3049 nostra
774 2993 1071 3050 secundum
1109 2994 1389 3063 antiquam
1438 2994 1881 3049 consuetudinem
1924 3001 2136 3048 restau-

2226 420 2604 503 pervenerint;
2648 431 2791 487 unde
2822 428 3108 500 iubemus,
3140 436 3200 483 ut
3227 427 3480 499 protinus
3513 434 3784 481 restauren-

2229 534 2334 591 tur,
2365 533 2421 580 et
2459 525 2527 580 ad
2560 524 2797 597 priorem
2848 531 3047 580 statum
3096 526 3511 590 recuperentur,
3560 518 3785 587 quatinus

2225 618 2423 674 nostris
2456 616 2672 683 usibus,
2701 625 2753 672 et
2784 624 3132 671 externarum
3177 611 3419 683 gentium
3461 608 3785 681 legationibus

2226 724 2345 780 qum
2380 709 2446 765 ad
2478 723 2577 764 nos
2608 708 2849 773 veniunt,
2894 707 3030 762 satis
3075 718 3314 775 congrua
3339 711 3395 758 et
3434 701 3629 757 decora
3660 703 3782 756 liam.

2294 800 2347 856 8.
2391 800 2532 871 Sepe
2570 811 2753 857 nostra
2794 799 3119 856 auctoritate
3160 796 3475 852 monuimus
3541 801 3600 848 ut
3653 792 3781 864 'l‘yct-

2227 896 2411 952 nensis
2445 910 2601 966 pons,
2642 894 2936 949 secundum
2967 892 3241 962 antiquam
3270 885 3676 959 dispositionem
3717 901 3783 939 re-

2226 997 2583 1053 stauraretur,
2631 987 2724 1042 sed
2780 987 3044 1041 hactenus
3089 985 3158 1039 ab
3197 981 3471 1052 aliquibus
3519 977 3784 1046 neglectum

2226 1087 2352 1145 est;
2412 1078 2552 1132 unde
2597 1075 2934 1148 praecipimus
2994 1083 3054 1129 ut
3091 1073 3402 1143 quicunque
3456 1069 3514 1123 in
3556 1067 3787 1122 Kalendas

2229 1169 2456 1224 Marcias
2502 1169 2805 1239 portionem
2832 1181 2985 1222 suam
3030 1163 3263 1236 pleniter
3304 1167 3667 1216 restauralam
3698 1172 3784 1211 non

2230 1259 2502 1323 habuerit,
2555 1256 2758 1313 tamdiu
2808 1256 2881 1311 ibi
2914 1256 3028 1327 ipse
3068 1254 3283 1317 sedeat,
3314 1263 3602 1321 quousque
3645 1247 3786 1318 perle-

2229 1352 2471 1409 ctissime
2504 1357 2933 1406 consummatam
2962 1348 3178 1404 habeat.
3206 1345 3312 1401 Per
3340 1341 3585 1414 singulas
3611 1354 3788 1411 quoque

2231 1430 2538 1518 provincias
2578 1457 2742 1513 super
2765 1440 3022 1512 quaelibet
3057 1438 3279 1518 flumina
3311 1435 3404 1490 ubi
3436 1433 3655 1501 antiqua
3687 1446 3789 1486 con-

2230 1511 2513 1597 suetudine
2545 1511 2738 1608 pontes
2768 1511 2887 1590 ﬂeri
2917 1530 3060 1589 soliti
3086 1511 3161 1563 “'
3191 1537 3345 1594 sunt,
3372 1527 3646 1582 instanter
3671 1522 3789 1577 volu-

2233 1646 2353 1687 mus
2402 1637 2461 1684 ιιι
2509 1636 2919 1692 restaurentur;
2978 1633 3038 1679 et‘
3080 1623 3125 1678 si
3173 1619 3368 1677 alicubi
3421 1616 3620 1688 aliquis
3660 1629 3789 1670 casus

2229 1723 2415 1793 exigit,
2460 1728 2522 1776 ιιι
2561 1735 2701 1791 pons
2749 1718 2961 1774 noviter
3007 1715 3121 1781 ﬁat,
3151 1713 3404 1769 volumus
3446 1718 3510 1764 ut
3555 1709 3789 1764 communi

2227 1831 2393 1887 opera
2437 1814 2602 1871 latins
2628 1811 2806 1886 populi
2852 1811 3058 1867 circum
3104 1804 3404 1863 habitantis
3442 1801 3515 1857 ibi
3542 1817 3671 1874 pons
3694 1816 3789 1855 con-

2228 1916 2490 1964 struatur.

2302 1999 2355 2057 9.
2399 1998 2535 2067 Quia
2576 1995 2983 2053 racionabiliter
3020 1993 3074 2049 in
3116 1988 3343 2062 singulis
3385 1983 3786 2043 civitatibusco-

2228 2091 2534 2162 gnovimus,
2562 2089 2703 2145 unde
2732 2087 2883 2145 missi
2911 2092 3276 2148 transeuntes,
3308 2078 3393 2136 vel
3422 2074 3700 2148 stipendia,
3724 2071 3785 2127 vel

2229 2180 2594 2253 paravaredos
2642 2179 2985 2250 acciperent,
3022 2185 3078 2231 et
3106 2187 3253 2230 nunc
3284 2185 3482 2227 eorum
3516 2164 3785 2253 temeritate

2230 2252 2488 2325 violatum
2519 2276 2601 2325 est
2635 2267 2834 2339 quibus
2864 2267 2982 2338 ipsa
3012 2265 3131 2320 loca
3162 2260 3461 2319 commissa
3491 2265 3638 2320 sunt,
3669 2263 3713 2310 et
3733 2252 3784 2307 all

2229 2344 2421 2416 ordine
2459 2375 2560 2414 sun
2589 2373 2677 2415 res
2716 2359 2783 2414 ad
2810 2358 2919 2414 hoc
2954 2355 3228 2428 deputata:
3266 2354 3333 2407 ad
3362 2349 3504 2422 aliqs
3538 2362 3661 2401 usus
3688 2359 3786 2399 eon-

2230 2460 2538 2517 vertuntur,
2580 2449 2924 2521 prmcipimus
2953 2455 3016 2502 ut
3048 2445 3201 2516 juxta
3228 2442 3477 2514 priorum
3504 2438 3573 2470 "'
3597 2435 3787 2505 disposi-

2231 2544 2461 2607 tionem,
2492 2542 2636 2598 unde
2665 2539 2933 2611 stipendia
2963 2547 3019 2595 et
3045 2536 3411 2610 paravaredos
3452 2533 3662 2603 exigere
3683 2543 3785 2583 con-

2231 2646 2543 2702 sueverant,
2576 2633 2699 2689 inde
2721 2633 2975 2702 exigant,
3020 2640 3075 2685 et
3104 2627 3414 2684 nullatenus
3439 2625 3509 2680 ad
3536 2624 3662 2679 alios
3685 2636 3784 2676 usus

2231 2740 2322 2783 res
2355 2725 2422 2780 ad
2450 2725 2552 2780 hoc
2579 2723 2851 2794 deputata:
2878 2719 2987 2774 ullo
3016 2718 3177 2773 modo
3207 2721 3644 2785 retorqueantur.

2305 2816 2395 2871 10.
2440 2815 2565 2870 Ηωο
2590 2828 2712 2885 qua:
2756 2809 3009 2882 superius
3039 2815 3224 2863 nostra
3261 2803 3589 2861 auctoritate
3615 2798 3781 2869 agenda

2230 2916 2286 2962 et
2309 2904 2642 2963 Observanda
2690 2900 3052 2965 decrevimus,
3101 2894 3432 2952 omnimodis
3479 2893 3549 2948 ab
3579 2889 3783 2946 omnibus

2234 2998 2435 3054 nostris
2464 2995 2710 3051 ﬁdelibus
2736 3008 2858 3049 cum
2898 3004 3107 3047 summa
3138 2985 3445 3044 reverentia
3489 2976 3782 3039 observanda

538 3074 672 3142 rare.
702 3085 1024 3153 debuerant,
1065 3087 1119 3141 in
1164 3101 1361 3156 magno
1395 3086 1647 3156 squalore
1691 3094 1748 3141 et
1799 3084 2134 3157 neglegentia
2163 3079 2208 3142 (Ξ
2239 3085 2618 3159 praecipimus;
2659 3097 2837 3154 neque
2864 3080 3100 3150 patimur
3128 3086 3187 3132 ut
3232 3084 3417 3132 nostra
3458 3068 3718 3143 dispositio
3742 3068 3780 3120 in

540 3188 686 3243 sunt,
714 3188 768 3234 et
797 3179 865 3235 ad
893 3179 1102 3234 ruinam
1134 3193 1296 3249 ptene
1323 3187 1715 3250 pervenerunt,
1768 3177 2130 3248 praecipimus,

539 3281 601 3327 ut
631 3273 835 3342 absque
858 3269 1119 3325 dilatione
1159 3277 1551 3334 restaurentur,
1580 3277 1638 3323 et
1671 3254 1982 3339 quicunque
2008 3267 2135 3323 inde

541 3361 830 3433 neglegens
859 3359 1041 3425 fuerit,
1086 3362 1226 3418 sciat
1263 3362 1392 3432 quia
1424 3369 1610 3415 nostra
1636 3361 1881 3430 jussione
1926 3360 2130 3416 tamdiu

544 3452 619 3507 ibi
663 3452 940 3519 residebit,
972 3467 1253 3522 quousque
1281 3450 1425 3522 quod
1452 3450 1752 3523 neglexerit
1775 3449 2006 3534 pleniter
2045 3463 2133 3505 re-

543 3551 859 3613 cuperatum
893 3543 1107 3597 habeat.

613 3636 666 3691 7.
707 3636 1025 3693 Certissime
1062 3635 1414 3706 cognovimus
1453 3634 1579 3706 quia
1626 3633 1855 3706 publica:
1902 3631 2128 3695 domus,

542 3745 664 3802 qua:
708 3730 764 3786 in
810 3731 1035 3801 singulis
1080 3730 1392 3786 civitatibus
1420 3728 1485 3784 ad
1524 3739 1774 3784 ornatum
1818 3735 2017 3783 nostra:
2053 3725 2133 3782 rei

546 3820 776 3892 publica:
803 3820 1082 3893 antiquius
1108 3829 1435 3878 constructa:
1461 3819 1697 3888 fuerant,
1719 3835 1907 3876 eorum
1930 3818 2136 3875 desidia

2240 3179 2419 3249 aliquo
2447 3177 2659 3241 titubet,
2691 3182 2784 3231 aut
2808 3190 2837 3228 a
2861 3184 3204 3244 quocumque
3231 3164 3680 3239 parvipendatur;
3705 3159 3781 3213 hoc

2239 3269 2491 3326 omnibus
2517 3266 2917 3330 denuntiantes,
2942 3261 3066 3333 quia
3092 3259 3420 3331 quicumque
3448 3256 3535 3311 bis
3557 3250 3783 3310 contraire

2237 3358 2663 3432 praesumpserit,
2692 3359 3010 3412 aut'nostrae
3040 3348 3410 3422 dispositionis
3439 3347 3671 3429 ordinem
3701 3357 3781 3396 non

2237 3449 2575 3515 custodierit,
2603 3456 2660 3503 et
2694 3463 2725 3501 a
2753 3447 2907 3502 nobis
2947 3444 3241 3500 constituta
3289 3447 3560 3496 temerare
3588 3444 3672 3491 aut
3709 3445 3781 3486 ηερ

2237 3544 2454 3616 glegere
2488 3541 2892 3614 prmsumpserit
2916 3581 2931 3607 ,
2974 3538 3023 3595 si
3060 3536 3419 3594 ecclesiastici
3469 3541 3555 3590 est
3593 3526 3779 3585 ordinis.

2238 3635 2532 3691 secundum
2562 3633 2761 3705 proprii
2791 3633 2989 3703 gradus
3025 3627 3369 3699 disciplinam
3407 3619 3778 3682 cohercebitur;

2188 3727 2201 3735 '
2242 3725 2285 3780 si
2315 3733 2496 3780 autem
2524 3732 2578 3779 et
2607 3721 2870 3779 secularis
2898 3719 3142 3775 muneris
3163 3717 3575 3772 administrator
3598 3720 3690 3779 est,
3712 3722 3780 3777 np-

2242 3826 2356 3874 stra
2386 3832 2446 3873 se
2477 3817 2689 3872 noverit
2717 3812 3187 3870 animadversione
3215 3809 3581 3883 plectendum.

967 3969 1365 4039 HLOTHARII,
1402 3970 1802 4030 HLUDOWICI
1836 3970 1926 4028 ET
1964 3967 2219 4027 KAROLI
2260 3966 2678 4027 CONVENTUS
2710 3964 2898 4023 APUD
2949 3960 3292 4021 MARSNAM
3328 3961 3396 4017 η.

2027 4124 2150 4180 ιΑη.
2184 4122 2337 4194 851.)

616 4281 846 4341 Pactum
871 4281 1153 4355 Prudentii
1183 4281 1484 4341 Annalibus
1512 4283 1777 4340 insertum
1822 4282 2003 4355 (Man.
2028 4282 2215 4355 Germ,
2239 4282 2500 4355 SS.Atom_.
2544 4280 2586 4347 l,
2625 4279 2839 4355 9.545;
2872 4277 3105 4355 [Ραενοζ.
3148 4274 3307 4340 CXV,
3344 4274 3447 4332 col.
3482 4271 3637 4345 1590]
3672 4279 3717 4327 et
3751 4282 3773 4321 ι

546 4355 839 4413 Sirmondo
863 4365 919 4412 et
943 4354 1166 4412 Baluzio
1191 4356 1417 4423 editum,
1447 4370 1550 4426 ope
1570 4356 1775 4413 codicis
1803 4350 1859 4429 Ξ)
1882 4355 2015 4412 bibl.
2039 4370 2155 4427 reg.
2189 4353 2516 4410 Parisiensis
2546 4368 2601 4407 n.
2626 4350 2775 4407 ’4658
2803 4350 3237 4421 recognovimus.

544 4516 675 4575 thc
693 4535 817 4603 quat
850 4529 1139 4603 sequuntur
1162 4515 1396 4602 capitula
1440 4525 1898 4603 actagunt'auno
1919 4514 2019 4603 85l

2306 4532 2489 4603 ﬁdeles
2510 4548 2633 4587 suos
2656 4543 2903 4603 perpetuo
2928 4546 2984 4585 se
3007 4537 3409 4603 conservatur“
3448 4527 3769 4603 promiserunt-

614 4588 935 4658 carnatiouis
967 4590 1287 4658 Dominicw,
1304 4588 1523 4658 quando
1569 4596 1672 4641 tres
1694 4588 1914 4658 Afratres
1964 4600 2130 4656 reges,

616 4657 928 4715 Hlotltarius
979 4659 1197 4725 scilicet,
1238 4656 1657 4726 Hlodowicuset
1682 4656 1934 4722 Κατ-σιω,
1962 4672 2131 4726 secus

614 4730 954 4799 municipium
1001 4724 1328 4799 Trejectum,
1375 4744 1530 4797 penes
1577 4724 1769 4799 locum
1798 4727 1888 4795 qui
1933 4724 2131 4799 dicitur

617 4796 860 4864 Marsua,
891 4796 1487 4864 iterum'convenerunt,
1512 4806 1559 4851 et
1585 4796 1828 4852 consultu
1869 4797 2130 4866 episwpo-

616 4884 733 4922 rum
761 4880 809 4924 et
837 4881 1141 4925 cmterorum
1164 4869 1405 4939 ﬁdelium
1423 4867 1604 4939 eadem
1638 4866 1870 4937 capitula
1896 4863 2128 4939 subscri-

617 4951 830 5012 pserunt
859 4941 1102 4995 manibus
1130 4934 1356 5011 propriis
1389 4936 1523 5010 (48),
1554 4946 1602 4991 et
1636 4934 1775 4992 inter
1803 4953 1859 4992 se
1897 4952 1959 4989 ac
1989 4934 2125 4989 inter

2308 4594 2441 4669 "Quae
2466 4594 2699 4673 capitula
2722 4594 3050 4673 singulorum
3086 4602 3141 4655 in
3176 4598 3367 4672 populo
3395 4594 3772 4653 adnuntiatione:

2302 4684 2614 4744 sequuntur.

2302 4766 2353 4821 l.
2400 4764 2469 4823 Ut
2496 4765 2735 4839 omnium
2775 4764 3174 4835 praeteritorum
3221 4762 3488 4818 malorum
3517 4770 3570 4817 et
3591 4764 3770 4815 contra.—

2228 4853 2502 4919 rietatum,
2532 4863 2587 4910 et
2616 4854 3112 4926 supplantationum
3138 4869 3202 4909 ac
3231 4853 3496 4908 malarum
3540 4844 3769 4907 machina-

2228 4946 2435 5002 tionum
2479 4954 2643 5017 atque
2683 4945 3042 5011 molitionum,
3075 4960 3171 5003 seu
3209 4935 3706 5001 noeimentorum’“
3729 4934 3768 4988 in

1840 5050 2076 5110 VARLE
2108 5053 2512 5114 LECT!ONES.

616 5163 686 5240 Ψ
712 5171 778 5240 ⁸³9.
804 5161 1189 5240 ρτηῐιίῆβεξίίῖἓί
1219 5158 1328 5240 0.2-
1353 5152 1427 5240 m.
1452 5165 1544 5240 al“
1584 5158 1648 5240 σῖ
1721 5160 1808 5240 Ἦ.
1833 5176 1861 5215 ³
1895 5177 1950 5240 9'
1977 5162 2040 5217 δ’
2114 5164 2128 5196 ¹

2238 5164 2352 5240 lceat
2379 5166 2440 5223 C.
2516 5169 2589 5202 "'
2625 5170 2764 5225 deest
2810 5168 2873 5225 C.
2949 5170 3121 5240 ’“3in
3166 5187 3216 5227 e.
3247 5172 3433 5227 desunt
3483 5169 3540 5226 ϐ.

3611 5166 3670 5199 ιιι
3686 5163 3768 5215 hac

548 5236 670 5303 ﬁnis
695 5236 937 5326 εμὶιξρηὶδ
961 5231 1181 5289 Canisit'.
1256 5228 1328 5262 ⁸⁸⁸
1349 5227 1510 5283 soluti
1547 5229 1664 5285 cod.
1737 5230 1808 5262 ’⁵⁷
1831 5227 2063 5300 priorem
2092 5250 2235 5289 corr.
2264 5238 2507 5306 priorum
2532 5240 2651 5295 cod.
2725 5241 2796 5273 ’³⁸
2823 5242 2899 5298 ita
2922 5241 2979 5298 2.
3010 5227 3068 5298 Et
3094 5241 3432 5298 Prudentius.
3477 5242 3773 5297 nocumento-

546 5306 734 5326 ...μθ
