3876 5326
73 351 157 404 577
1085 335 1511 396 ιτιιέιΝῦΟιιυΜ
1553 333 1797 389 RBGUM
1833 333 2290 389 CANTL‘LXRIA
2304 375 2315 386 .

3123 357 3130 360 ‘
3218 337 3324 393 578

73 468 280 522 invicem
327 471 592 526 actorum,
645 458 862 514 abolitio
893 458 965 512 ita
1000 456 1140 510 inter
1168 469 1266 509 nos
1294 463 1348 507 el
1373 452 1512 521 apud
1541 465 1636 504 nos
1664 453 1706 506 Α
1739 454 1902 509 stam,
1952 445 2220 500 veraciter
2261 445 2369 500 sint
2409 445 2474 500 dc
2503 445 2656 500 nobis
2701 447 2900 509 securi.
2937 450 3062 517 quia
3118 451 3320 505 nullum

74 559 167 618 fiat.
208 565 263 610 et
304 572 334 610 ιι
372 553 575 609 nostris
626 552 878 607 cordibus
931 549 1148 620 penitus
1205 545 1467 600 avellatur
1515 557 1636 596 cum

69 647 196 702 omni
243 645 442 700 malitia
473 653 530 700 et
564 658 812 705 raucore,
845 651 904 695 ut
943 657 1044 696 nec
1083 641 1137 695 in
1185 639 1535 700 memoriam,
1570 634 1638 688 ad

71 737 460 793 retributionem
493 736 755 789 duntaxat
784 733 910 787 mali
939 731 1022 787 vel
1050 729 1454 787 contrarietatis
1479 735 1638 796 atque

69 827 485 897 exprobrationis
516 825 587 856 ”'
617 839 710 879 seu
746 823 1084 894 imprOperii,
1113 821 1179 877 de
1207 829 1406 874 caetero
1444 816 1638 873 exinde

69 917 302 986 quiddam
333 915 535 969 veniat.

123 1007 172 1061 2.
215 1005 282 1060 Ut
319 1005 388 1036 ’“
427 1014 615 1065 tanta,
662 1002 889 1058 Domino
937 1008 1302 1070 cooperante,
1349 999 1489 1053 inter
1538 1011 1638 1051 nos

70 1111 191 1151 vera:
215 1095 456 1150 caritatis
479 1094 786 1164 benignitas
811 1092 1006 1147 abhinc
1034 1092 1214 1146 inante
1241 1099 1457 1154 maneat
1481 1088 1548 1119 ⁸⁸⁸
1574 1090 1638 1142 de

69 1189 209 1243 corde
234 1203 366 1258 puro
391 1197 445 1242 et
471 1186 801 1242 conscientia
831 1186 968 1241 bona
998 1192 1053 1239 et
1081 1184 1184 1239 ﬁde
1209 1200 1315 1239 non
1345 1183 1488 1247 ﬁcta,
1522 1181 1638 1237 sine

67 1278 171 1334 dolo
194 1288 248 1333 et
274 1277 645 1343 simulatione,
677 1287 733 1331 nt
765 1292 924 1332 nemo
951 1291 1050 1331 suo
1079 1276 1195 1345 pari
1228 1290 1383 1330 suum
1415 1287 1638 1342 regnum

70 1380 144 1424 aut
167 1386 290 1426 suos
317 1369 528 1435 ﬁdeles,
576 1369 657 1423 vel
681 1369 822 1438 quod
859 1368 926 1422 ad
962 1367 1190 1422 salutem
1225 1366 1340 1420 sive
1370 1363 1639 1435 prosperi-

69 1474 210 1518 tatem
247 1477 311 1516 ac
341 1463 608 1516 honorem
645 1461 847 1530 regium
895 1459 1166 1530 pertinet,
1212 1455 1500 1524 discupiat,
1546 1462 1640 1509 aut

71 1553 437 1619 forsconsiliet,
470 1562 566 1608 aut
603 1567 700 1624 per
747 1551 988 1607 occultos
1041 1563 1364 1605 susurrones
1409 1547 1640 1602 libenter

71 1645 344 1715 composita
375 1645 661 1699 mendacia
698 1658 792 1698 seu
823 1642 1191 1697 detractiones
1229 1648 1490 1710 acceptet.

125 1736 170 1788 ὅ.
193 1734 261 1790 Ut
275 1735 653 1806 unusquisque
671 1733 901 1809 ﬁdeliter
913 1749 1068 1787 suum
1084 1747 1289 1803 parem,
1313 1731 1636 1798 ubicumque

1743 536 1939 590 abhinc
1976 535 2162 590 inante
2198 544 2389 590 contra
2425 535 2594 604 legem
2630 548 2684 592 et
2715 535 2983 604 justitiam
3017 541 3098 595 vel
3137 552 3322 600 aucto-

1742 629 1960 683 ritatem
2007 644 2070 683 ac
2110 627 2310 698 justam
2365 632 2628 684 rationem
2679 640 2771 685 aut
2823 633 3204 693 damnabimus
3228 647 3323 691 aut

1741 710 2217 783 dehonorabimus,
2249 728 2341 773 aut
2385 721 2752 790 opprimemus
2792 722 2876 777 vel
2921 724 3170 781 indebitis
3209 743 3324 782 ma-

1741 811 2139 864 cbinationilms
2173 808 2488 881 amigemus.
2531 812 2596 866 Et
2642 811 2876 876 illorum,
2917 815 3125 870 scilicet
3168 832 3322 872 vera-

1742 901 1879 956 citer
1926 902 2081 957 nobis
2107 902 2380 968 ﬁdelium,
2412 906 2684 959 comnmni
2732 907 2980 972 consilio,
3025 911 3320 966 secundutn

1742 991 1837 1047 Dei
1884 993 2216 1048 voluntatem
2252 1004 2308 1050 et
2351 1010 2638 1050 commune
2683 996 3099 1064 salvamentnm,
3136 1002 3201 1055 ad
3236 1016 3323 1057 re-

1743 1087 2081 1143 stitutionem
2127 1099 2328 1144 sancta:
2357 1089 2449 1144 Dei
2485 1090 2729 1145 ecclesia:
2751 1100 2805 1144 et
2833 1071 3032 1146 sta-tum
3064 1095 3234 1164 regni,
3268 1105 3324 1150 et

1743 1181 1810 1236 ad
1856 1181 2116 1236 honorem
2166 1183 2371 1252 regium
2405 1191 2563 1252 atque
2595 1199 2784 1252 pacem
2834 1185 3013 1253 populi
3045 1187 3322 1242 commissi

1743 1271 1901 1327 nobis
1954 1274 2266 1341 pertinenti,
2325 1273 2613 1328 adsensum
2667 1274 3062 1342 praebebimus;
3114 1277 3164 1330 in
3198 1279 3319 1343 hoc,

1743 1369 1802 1414 ut
1834 1361 1909 1415 illi
1937 1378 2043 1416 non
2072 1363 2244 1417 solum
2286 1379 2391 1418 non
2439 1364 2549 1418 sint
2593 1364 2746 1418 nobis
2788 1366 3222 1422 contradicentes
3271 1378 3326 1424 et

1743 1453 2056 1508 resistentes
2083 1454 2149 1508 ad
2178 1455 2276 1508 ista
2306 1455 2671 1523 exsequenda,
2698 1470 2884 1509 verum
2907 1457 3070 1511 etiam
3101 1461 3184 1512 sic
3217 1459 3328 1513 sint

1742 1542 1898 1597 nobis
1940 1543 2125 1599 ﬁdeles
2161 1554 2216 1600 et
2254 1545 2568 1600 obedientcs
2609 1561 2671 1600 ac
2712 1547 2827 1600 veri
2860 1548 3133 1617 adjutores
3165 1559 3328 1620 atque

1742 1645 2140 1705 cooperatores,
2189 1653 2318 1692 vero
2365 1637 2592 1692 consilio
2637 1647 2694 1693 et
2740 1639 2955 1694 sincero
3003 1641 3223 1704 auxilio,
3255 1641 3325 1708 ad

1744 1725 1847 1779 ista
1894 1728 2199 1796 peragenda
2226 1743 2344 1798 quae
2374 1729 2762 1797 prmmisimus,
2811 1731 2950 1784 sicut
2991 1748 3087 1801 per
3116 1743 3323 1788 rectum

70 1826 342 1880 necessitas
369 1825 446 1879 illi
476 1825 655 1889 fuerit,
689 1834 742 1878 et
769 1808 882 1894 ipse
907 1825 1165 1892 potuerit,
1195 1832 1288 1876 aut
1310 1837 1405 1892 per
1427 1835 1506 1884 se,
1544 1828 1637 1873 aut
1669 1808 1712 1865 Β
1743 1822 2113 1890 unusquisque
2150 1821 2204 1874 in
2240 1838 2339 1876 suo
2375 1821 2566 1877 ordine
2610 1830 2666 1876 et
2689 1830 2834 1878 statu
2871 1839 2970 1880 suo
3005 1825 3234 1896 principi
3268 1835 3325 1882 et

71 1928 148 1982 per
169 1913 356 1980 ﬁlium,
386 1924 482 1969 aut
503 1929 602 1984 per
630 1913 813 1968 ﬁdeles
844 1929 993 1977 suos,
1024 1921 1080 1966 et
1101 1911 1328 1966 consilio
1357 1918 1411 1963 et
1440 1907 1638 1963 auxilio

71 2000 283 2068 adjuvet,
333 2012 394 2056 ut
439 2018 686 2073 regnum,
739 2002 942 2065 ﬁdeles,
991 2001 1423 2071 prosperitatem,
1479 2009 1642 2069 atque

73 2094 311 2147 honorem
340 2093 551 2164 regium
578 2093 757 2148 debite
785 2091 960 2147 valeat
989 2092 1252 2146 oblinere.
1284 2091 1349 2145 Et
1377 2091 1642 2145 veraciter

74 2185 428 2254 unusquisque
502 2199 629 2254 erga
689 2184 917 2238 alterum
985 2184 1233 2239 certatim
1286 2185 1639 2250 demonstret,

72 2273 179 2342 quia
215 2275 266 2328 in
297 2274 489 2328 fratris
516 2275 600 2328 sui
644 2275 993 2339 adversitate,
1023 2275 1066 2328 si
1093 2274 1354 2339 evenerit,
1403 2272 1642 2328 fraterno

73 2364 211 2418 modo
237 2366 621 2428 contristatur,
650 2375 707 2419 et
735 2366 787 2418 in
817 2365 1176 2435 prosperitate
1227 2363 1370 2418 illius
1405 2363 1640 2418 laetatur.

75 2452 128 2506 Et
168 2453 328 2508 talem
374 2453 556 2519 ﬁdem,
613 2453 755 2508 sicut
807 2454 951 2507 inter
993 2468 1092 2509 nos
1136 2454 1295 2509 modo
1351 2453 1549 2508 abhinc
1589 2454 1642 2508 in

75 2555 182 2600 ante
222 2547 294 2577 "’
336 2554 756 2601 conservatnros
797 2545 1178 2601 conﬁrmatum
1230 2547 1514 2613 habemus,
1564 2547 1643 2602 sic

76 2637 427 2707 unusquisque
471 2637 768 2693 infantibus
819 2637 1003 2694 fratris
1051 2637 1158 2706 sui,
1191 2639 1236 2694 si
1285 2639 1518 2705 obierit,
1550 2640 1642 2710 qui

77 2728 405 2798 superfuerit,
434 2729 795 2784 conservabit.

131 2820 182 2874 ι.
221 2821 292 2875 Ει
329 2823 456 2892 quia
495 2836 592 2892 per
620 2837 782 2893 vagos
829 2832 884 2876 et
927 2823 1209 2893 tyrannica
1253 2821 1642 2878 consuetudine

77 2913 430 2966 iurevereutes
457 2910 703 2966 homines
734 2927 838 2981 pax
871 2920 926 2966 et
966 2913 1121 2982 quies
1154 2914 1306 2983 regni
1336 2912 1645 2984 perturbari

78 3003 216 3071 solet,
243 3003 493 3060 volumus
519 3015 578 3058 ιιι
605 3005 672 3059 ad
697 3019 1092 3076 quemcumque
1128 3015 1370 3060 nostrum
1405 3005 1524 3062 talis
1550 3020 1643 3060 ve-

78 3095 233 3160 nerit,
263 3104 326 3149 ut
355 3097 422 3150 de
448 3095 532 3150 his
555 3111 676 3165 quae
701 3096 811 3166 egit
841 3096 1108 3152 rationem
1136 3106 1189 3152 et
1209 3095 1478 3165 justitiam
1511 3097 1642 3151 sub-

1744 1923 1844 1964 suo
1868 1911 2069 1965 seniori
2099 1927 2217 1966 esse
2244 1913 2424 1968 debet.

1813 2003 1868 2056 7.
1909 2001 1980 2057 Ut
2019 2004 2098 2057 sic
2137 2004 2294 2059 simul
2336 2003 2605 2072 conjuncti
2641 2015 2697 2060 et
2731 2022 2829 2062 nos
2856 2005 3054 2063 fratres
3083 2009 3149 2064 ad
3184 2010 3328 2065 invi-

1743 2109 1883 2161 cem,
1908 2104 1963 2150 et
1998 2112 2098 2151 nos
2138 2109 2259 2150 cum
2295 2095 2539 2151 ﬁdelibus
2584 2098 2818 2164 nostris,
2853 2109 2906 2154 et
2944 2099 3126 2155 fideles
3157 2104 3328 2157 nostri

1744 2187 2046 2251 nobiscum,
2083 2196 2138 2241 et
2165 2202 2354 2241 omnes
2393 2187 2549 2242 simul
2581 2203 2703 2242 eum
2732 2188 2842 2242 Deo
2893 2203 2992 2244 nos
3042 2190 3328 2258 reconjun-

1745 2295 1956 2350 gamus,
1988 2288 2062 2344 et,
2089 2290 2145 2335 ut
2174 2280 2329 2335 nobis
2353 2280 2424 2333 sit
2451 2281 2734 2350 propitius,
2767 2280 2838 2333 illi
2873 2296 2970 2350 pro
2997 2282 3192 2337 devoto
3213 2299 3332 2336 tnu-

1744 2386 1876 2426 nere
1919 2371 2231 2436 offeramus,
2280 2381 2336 2426 ut
2375 2373 2744 2441 unusquisque.
2791 2374 3030 2427 omnium
3083 2383 3326 2428 nostrum

1745 2459 1950 2529 absque
1979 2475 2074 2514 sua
2106 2461 2172 2491 ’⁸⁷
2201 2440 2429 2530 propria.
2458 2462 2810 2516 excusatione
2838 2461 2920 2515 vel
2947 2462 3332 2531 justiﬁcationo

1745 2568 2218 2623 recognoscamns,
2248 2553 2300 2607 in
2328 2554 2524 2622 quibus
2552 2562 2646 2607 aut
2693 2554 3008 2624 singillatim
3056 2564 3151 2608 aut
3178 2570 3332 2610 com-

1745 2645 1985 2700 muniter
2029 2654 2218 2700 contra
2274 2645 2417 2698 illius
2455 2646 2708 2698 mandata
2753 2654 2809 2700 et
2837 2646 3054 2700 decreta
3108 2661 3329 2700 suorum

1743 2743 2054 2789 sanctorum
2079 2733 2306 2788 fecimus
2333 2744 2425 2788 aut
2453 2735 2830 2789 consensimus
2861 2735 2912 2788 in
2940 2735 3130 2790 ordine
3159 2735 3333 2791 eccle-

1743 2827 1964 2883 siastico
1993 2837 2045 2880 et
2071 2836 2212 2880 statu
2245 2827 2417 2894 regni,
2448 2835 2506 2880 ct
2536 2841 2630 2894 per
2657 2826 2862 2897 singula
2896 2827 2946 2880 in
2978 2828 3218 2882 medium
3243 2827 3331 2882 illa

1743 2917 2146 2988 producamus;
2189 2925 2244 2970 et
2277 2930 2437 2970 nemo
2485 2925 2728 2970 nostrum
2760 2932 2858 2970 suo
2884 2927 2978 2970 aut
3002 2919 3327 2988 propinquo,

1746 3015 1838 3061 aut
1867 3005 2253 3068 confmderato,
2299 3005 2466 3059 immo
2495 3020 2596 3059 nec
2628 3005 2733 3058 sibi
2763 3005 3080 3060 seculariter
3117 3015 3332 3077 parcat.

1747 3105 1808 3151 ut
1826 3095 2142 3167 spiritaliter
2161 3105 2216 3150 et
2236 3095 2526 3150 salubriter
2546 3110 2769 3164 parcere
2790 3097 2980 3166 possit.
3005 3097 3165 3164 Quin,
3191 3099 3330 3153 sicut

80 3185 333 3256 terfugere
361 3185 432 3218 ⁸⁸³
461 3185 651 3256 possit,
690 3165 850 3242 nemo
889 3201 960 3242 ex
1004 3187 1160 3242 nobis
1207 3187 1355 3242 illum
1391 3188 1460 3242 ad
1498 3185 1642 3242 aliud
1671 3165 1716 3228 (ἶ
1747 3165 2112 3257 praemisimus
2141 3188 2193 3240 in
2223 3186 2545 3255 praecedenti
2580 3165 2834 3254 capitulo,
2865 3202 2994 3242 vero
3024 3189 3252 3244 consilio
3275 3200 3332 3245 et

79 3277 287 3346 recipiat
314 3276 400 3332 vel
430 3278 680 3343 retineat,
710 3278 810 3333 nisi
841 3285 902 3332 ut
949 3280 1016 3334 ad
1056 3287 1258 3334 rectam
1296 3280 1558 3334 rationem
1587 3287 1643 3335 et

80 3367 297 3424 debitam
341 3370 774 3425 emendationem
812 3371 1155 3441 perducatur.
1203 3371 1269 3426 Et
1299 3373 1342 3426 si
1376 3372 1642 3427 rationem

78 3472 266 3518 rectam
307 3464 714 3536 subterfugerit,
743 3482 930 3522 omnes
973 3467 1026 3521 in
1067 3482 1372 3534 commune,
1403 3468 1456 3522 in
1487 3468 1642 3537 cujus

79 3571 286 3626 regnum
319 3558 551 3622 venerit,
599 3557 746 3612 illum
787 3573 1198 3628 persequamur,
1230 3558 1402 3613 donec
1440 3568 1536 3614 aut
1575 3559 1642 3613 ad

80 3649 326 3702 rationem
359 3650 707 3719 perducatur,
739 3661 830 3704 aut
853 3651 918 3705 de
945 3666 1107 3722 regno
1133 3651 1392 3706 deleatur.

138 3737 186 3790 5.
227 3739 491 3792 Similiter
515 3748 570 3794 et
595 3739 661 3794 de
691 3755 755 3795 eo
785 3739 1050 3810 agentium
1081 3749 1183 3807 est,
1212 3742 1302 3810 qui
1331 3757 1428 3812 pro
1462 3742 1644 3812 aliquo

82 3829 278 3898 capitali
311 3839 369 3884 et
396 3829 607 3898 publico
646 3832 874 3886 crimine
900 3848 930 3886 a
958 3832 1197 3902 quolibet
1229 3832 1483 3902 episcopo
1518 3847 1645 3887 cor-

83 3919 260 3987 ripitur
283 3919 369 3972 vel
400 3919 470 3949 '“
493 3921 992 3976 excomtnunicatur
1017 3922 1106 3989 ¹⁶⁵,
1141 3931 1234 3977 aut
1268 3933 1395 3979 ante
1429 3938 1645 3978 excom-

84 4010 490 4066 tuunicationem
533 4011 736 4067 crimen
781 4013 1010 4080 faciens,
1047 4030 1269 4086 regnum
1299 4023 1353 4070 et
1381 4015 1522 4085 regis
1557 4031 1644 4070 re-

83 4100 244 4170 gimen
268 4102 340 4139 ⁸⁶⁶
373 4111 578 4168 mutat,
606 4118 674 4157 ne
699 4103 931 4158 debitam
962 4105 1336 4175 paenitentiam
1387 4108 1647 4176 suscipiat

88 4200 165 4244 aut
192 4200 490 4261 susceptam
517 4193 754 4264 legitime
785 4203 1023 4265 peragat,
1059 4195 1328 4251 interdum
1359 4197 1526 4250 etiam
1560 4199 1642 4252 in-

87 4291 271 4336 cestam
301 4282 652 4352 pr0pinquam
687 4298 857 4347 suam,
912 4292 1004 4338 aut
1039 4285 1525 4346 sanctimonialem.
1556 4287 1641 4342 vel

89 4382 302 4440 raptam,
353 4373 466 4427 sive
514 4374 831 4441 adulteram,
878 4391 1038 4445 quam
1074 4377 1181 4432 illic
1209 4378 1260 4432 ei
1300 4393 1404 4432 non
1450 4378 1648 4434 licebat

90 4457 291 4525 habere,
320 4461 529 4532 fugiens
558 4477 739 4518 secum
769 4465 935 4520 ducit.
988 4467 1086 4521 llic
1113 4466 1252 4532 talis,
1287 4483 1406 4522 cum
1437 4469 1646 4539 episco-

91 4564 174 4617 pus
200 4552 264 4607 ad
290 4553 442 4620 cujus
469 4559 651 4608 curam
679 4555 970 4624 pertinebit
1017 4558 1174 4613 nobis
1218 4568 1401 4614 notum
1431 4560 1642 4627 fecerit,

90 4641 353 4714 diligenter
395 4647 759 4715 perquiratur,
806 4663 874 4703 ne
912 4650 1158 4704 morandi
1207 4650 1288 4706 vel
1315 4650 1513 4706 latendi
1565 4651 1644 4706 lo-

93 4747 198 4786 cum
224 4735 275 4788 in
308 4751 475 4808 regno
521 4737 746 4809 alicujus
779 4748 1024 4795 nostrum
1076 4742 1336 4808 inveniat,
1381 4753 1435 4798 et
1461 4745 1553 4799 Dei
1583 4761 1646 4800 ac

96 4831 289 4879 nostros
336 4825 520 4881 ﬁdeles
552 4843 651 4882 suo
682 4829 869 4884 morbo
912 4830 1151 4897 inliciat;
1193 4834 1286 4888 sed
1317 4849 1348 4888 a
1377 4836 1536 4892 nobis
1561 4836 1648 4892 vel

99 4924 181 4977 per
206 4914 478 4972 ministros
504 4918 578 4973 rei
607 4919 838 4990 publica:
865 4923 1293 4992 constringatur,
1320 4933 1378 4979 ut
1403 4935 1460 4981 et
1486 4927 1648 4982 simul

99 5015 208 5056 cum
247 5004 502 5063 diabolica
529 5011 710 5080 praeda
741 5025 902 5080 quam
944 5028 1133 5071 secum
1158 5013 1312 5068 duxit
1351 5017 1418 5070 ad
1441 5018 1654 5086 episco-

103 5106 215 5158 pum
241 5109 388 5152 suum
421 5101 624 5166 redeat,
648 5102 793 5158 etde
815 5117 1158 5174 quocumque
1181 5104 1411 5161 crimine
1439 5107 1654 5179 publico

105 5179 319 5278 debitam
360 5191 730 5258 penitentiam
774 5195 1043 5266 suscipiat,
1102 5199 1197 5246 aut
1240 5205 1544 5267 susceptam
1596 5203 1656 5249 ut

1677 4511 1725 4570 D

1743 3277 1960 3332 sincero
1991 3275 2193 3330 auxilio
2227 3276 2314 3330 illa
2356 3277 2411 3330 in
2441 3291 2728 3329 commune
2759 3278 3005 3330 certatim
3038 3279 3330 3337 emendare

1743 3368 1872 3422 totis
1900 3367 2106 3422 viribus
2136 3381 2521 3437 procurentus,
2558 3381 2719 3436 quam
2750 3366 2909 3422 citius
2940 3370 3322 3426 rationabiliter

1743 3459 2062 3527 poterimus.

1812 3550 1866 3606 8.
1897 3549 1966 3603 Et
1993 3550 2037 3604 si
2064 3549 2259 3618 aliquis
2297 3549 2363 3604 de
2399 3548 2630 3603 subditis
2665 3548 2718 3603 in
2746 3562 3090 3617 quocumque
3139 3550 3328 3605 ordine

1743 3652 1797 3699 et
1826 3652 1968 3698 statu
2006 3643 2073 3696 de
2100 3642 2202 3695 hac
2226 3642 2602 3696 convenientia
2629 3641 2844 3695 exierit‘
2863 3650 2956 3694 aut
3003 3656 3063 3696 se
3090 3653 3331 3698 retraxe-

1747 3734 1838 3799 rit,
1879 3733 1962 3788 vel
1991 3732 2116 3787 huic
2144 3732 2414 3788 communi
2462 3732 2683 3786 decreto
2720 3733 3124 3796 contradixeril,
3152 3735 3332 3794 senio~

1744 3839 1832 3880 res
1858 3839 1982 3878 cum
2013 3822 2276 3877 veraciter
2307 3821 2551 3877 ﬁdelibus
2575 3823 2689 3876 suis
2715 3822 2843 3877 haec
2889 3825 3182 3878 secundum
3231 3826 3327 3881 Dei

1743 3916 2074 3971 voluntatem
2103 3913 2173 3946 ’⁵⁸
2201 3923 2255 3968 et
2285 3913 2455 3983 legem
2503 3929 2567 3968 ac
2607 3913 2807 3982 justam
2863 3915 3150 3982 rationem,
3201 3917 3330 3972 velit

1745 4015 1836 4061 aut
1868 4005 1999 4060 nolit
2037 4005 2124 4060 ille
2161 4005 2253 4075 qui
2284 4005 2463 4059 divino
2492 4005 2719 4060 consilio
2755 4014 2810 4060 et
2857 4006 3072 4061 decreto
3117 4017 3172 4062 et
3202 4007 3328 4062 huic

1743 4099 2132 4154 convenientia
2162 4099 2419 4153 resistens
2449 4105 2506 4152 et.
2554 4097 2927 4153 contradicens
2959 4097 3143 4165 fuerit,
3173 4113 3329 4156 exse-

1745 4199 2000 4261 quantur.
2034 4192 2098 4245 Et
2126 4192 2170 4246 si
2215 4191 2408 4261 aliquis
2457 4191 2524 4245 de
2571 4191 2875 4246 senioribus
2906 4192 2972 4246 de
3003 4193 3104 4246 hac
3133 4209 3333 4248 conve-

1747 4271 2176 4338 nientia'exierit
2212 4292 2303 4336 aut
2330 4297 2387 4336 se
2408 4282 2730 4352 :retraxerit,
2778 4281 2861 4338 vel
2891 4281 3014 4336 huic
3054 4283 3327 4336 communi

1747 4374 1965 4428 decreto
1983 4414 1998 4438 ,
2023 4374 2166 4443 quod
2192 4374 2364 4437 absit,
2404 4372 2792 4428 contradixerit
2817 4412 2833 4438 ,
2861 4387 2983 4427 cum
3028 4372 3211 4441 plures
3238 4385 3328 4425 se-

1753 4465 1963 4518 niorum
2001 4473 2307 4518 nostrorum
2339 4463 2522 4518 ﬁdeles
2555 4475 2608 4518 et
2639 4479 2924 4533 regnorum
2958 4464 3223 4532 primores
3253 4463 3326 4522 in

1749 4577 1914 4615 unum
1963 4561 2345 4622 convenerint,
2379 4575 2564 4614 eorum
2615 4562 2706 4630 qui
2763 4561 2876 4615 hzec
2927 4561 3332 4615 observaverint

1749 4652 2019 4708 seniorum
2029 4651 2278 4716 consilio,
2295 4651 2735 4721 etepiscoporum
2753 4651 2958 4720 judicio
2979 4666 3042 4706 ac
3055 4653 3328 4706 communi

1749 4759 2040 4810 consensu,
2065 4744 2296 4814 qualiter
2322 4746 2386 4799 de
2407 4759 2472 4798 eo
2499 4745 2590 4814 qui
2619 4745 2798 4800 debite
2822 4745 3127 4799 admonitus
3155 4745 3333 4798 incor-

1748 4835 1975 4907 rigibilis
2003 4835 2429 4910 perseveraverit
2449 4835 2716 4904 agendum
2747 4835 2834 4897 sit,
2869 4835 3080 4888 favente
3103 4833 3334 4888 Domino

1751 4928 2122 4984 decernemus.
2155 4927 2222 4981 Et
2248 4925 2579 4982 utobnixins
2624 4926 2993 4996 suprascripta
3036 4923 3272 4993 capitula
3306 4938 3338 4976 a

1755 5017 1934 5082 nobis,
1969 5016 2265 5070 auxiliante
2311 5017 2540 5071 Domino
2569 5057 2584 5081 ,
2623 5015 3006 5072 inviolabiliter
3047 5015 3345 5065 observen-

1757 5119 1866 5176 ων,
1893 5119 1948 5165 et
1977 5124 2076 5165 nos
2097 5110 2184 5164 illa
2212 5109 2599 5166 observaturos
2631 5108 2835 5166 certius
2866 5103 3136 5166 credatur,
3163 5102 3354 5155 mani-

1756 5200 1865 5259 ltus
1893 5201 2129 5272 propriis
2155 5199 2350 5256 eadem
2377 5199 2567 5255 subter
2588 5197 2940 5255 ﬁrmavimus.
