3898 6320
159 368 243 423 581
1157 348 1585 410 FRANCORUM
1613 344 1856 405 REGUM
1896 344 2380 401 CAPITULARIA.
2491 352 2495 355 '
2574 351 2583 356 '
3292 357 3404 415 582

158 476 445 550 scopo(5l),
494 473 711 532 Otkario
756 474 1007 545 episcopo
1052 472 1189 545 (52),
1220 438 1541 528 Gebehardo
1587 468 1703 539 epi-
1735 457 1785 516 Α
1813 468 1867 516 et
1894 459 2205 550 nullatenus
2237 472 2339 528 per
2382 457 2687 550 aliquorum
2736 462 3069 519 mendatium
3101 467 3182 521 vel
3209 468 3406 527 falSuut

157 548 298 643 scol)0
332 548 500 640 (55),
554 566 846 623 Hemmone
897 566 1150 636 episcopo
1203 562 1384 635 (54),
1438 561 1708 616 Βδιυτθίο
1811 548 2189 643 Ῠθδίίκωθθίψη
2226 548 2765 643 _',‘°q“e-"‘-’"6“'i"'“’
2828 564 2922 609 am
2970 570 3069 626 per
3096 562 3403 628 prmuium'

156 640 380 738 episcOpo
403 662 535 735 (55),
559 660 829 733 Gozperto
858 659 972 732 (56)
1016 660 1273 731 episcopo
1301 699 1317 725 ,
1351 653 1706 712 Erchanfrido

1812 641 1896 698 lex
1923 641 2070 711 justa
2110 642 2162 696 in
2186 641 2373 719 aliquo
2399 640 2725 713 depravetur
2756 646 2892 717 (67).
3128 726 3135 737 .
3428 686 3459 735 ι,

153 758 379 829 episcopo
404 754 535 827 (57),
567 751 838 823 llartwigo
857 752 1111 823 episcopo
1137 748 1276 823 (58),
1296 746 1575 804 Lantfrido
1597 745 1708 818 (59)

154 849 398 918 episcopo,
431 844 661 899 Altfrido
690 844 943 915 episcopo
973 841 1108 916 (60),
1138 840 1477 912 Liutprando
1498 840 1567 871 ²⁷⁴
1591 838 1708 908 θρί·

152 951 293 1006 scopo
332 933 462 1007 (61),
489 934 759 989 Diatmaro
788 932 1200 1003 chorepiscopo,
1227 928 1530 984 Folchardo
1554 927 1709 983 chor-

151 1027 375 1099 episcopo
393 1066 408 1092 ,
437 1024 726 1081 Albericho
752 1023 1160 1093 chorepiscopo,
1195 1020 1525 1092 Regiuharic
1548 1019 1708 1074 chor-

150 1118 376 1188 episcopo
402 1114 535 1189 (62),
561 1114 839 1171 Grimaldo
866 1114 978 1187 (65)
1025 1113 1242 1179 abbate,
1277 1111 1562 1168 Rathleiho
1593 1110 1704 1182 (64)

149 1207 338 1272 abbate,
362 1204 607 1268 ﬂautone
630 1203 744 1276 (65)
774 1204 1059 1269 abhate,et
1081 1202 1309 1273 reliquis
1332 1200 1707 1258 :ecclesiastici

147 1294 327 1351 ordinis
353 1294 516 1360 viris,
549 1293 870 1364 presbiteris
914 1292 1185 1360 videlicet,
1223 1290 1508 1348 monachis
1543 1301 1707 1364 atque

149 1371 459 1450 diaconibus,
491 1399 521 1439 a
554 1384 752 1456 quibus
776 1392 1038 1441 statutum
1082 1392 1170 1440 est
1194 1383 1312 1440 haec
1367 1382 1704 1455 synodalium

148 1474 338 1532 decreta
364 1483 664 1547 gestorum,
707 1489 935 1545 quorum
965 1474 1141 1545 capita
1188 1474 1374 1529 subter
1398 1475 1604 1529 adnexa
1632 1475 1705 1507 ³⁷⁸

1880 772 1934 828 5.
1967 772 2043 829 De
2071 772 2284 827 decimis
2330 776 2687 844 exquirendis.
2742 776 3025 847 Volumus,
3079 794 3136 838 ut
3183 787 3406 844 deciture

1810 876 1930 932 qua:
1965 861 2195 932 singulis
2236 862 2434 917 dantur
2462 864 2721 921 aecclesiis
2743 908 2757 933 ,
2798 884 2894 937 per
2918 873 3161 928 eousulta
3198 878 3410 947 episco-

1806 966 2001 1022 porum
2038 966 2069 1005 a
2098 951 2418 1022 presbiter-is
2452 953 2521 1008 ad
2561 970 2691 1012 usus
2729 959 2988 1016 mcclcsia:
3017 971 3072 1017 et
3108 980 3406 1035 pauperum
3442 993 3447 998 ν

1808 1058 2020 1097 summa
2046 1043 2322 1115 diligentia
2354 1043 2754 1115 dispensentur.
2795 1049 3036 1116 Quatuor
3086 1065 3267 1111 autem
3298 1067 3407 1113 tam

1808 1132 1875 1188 de
1905 1131 2206 1188 redditibus
2230 1133 2319 1200 ³⁷³,
2351 1149 2515 1204 quam
2547 1136 2615 1192 de
2653 1136 2925 1196 oblatione
2949 1141 3224 1211 ﬁdelium,
3250 1158 3410 1215 prout

1807 1222 2098 1294 cujuslibet
2136 1223 2395 1281 aacclesiae
2434 1224 2664 1284 facultas
2711 1229 2969 1299 admittit,
3016 1235 3155 1290 sicut
3202 1237 3407 1293 dudum

1809 1317 2206 1373 rationabiliter
2231 1318 2509 1374 decretum
2544 1329 2652 1387 est,
2688 1326 2940 1380 convenit
2970 1325 3083 1382 ﬁeri
3110 1329 3406 1399 portiones.

1808 1406 2049 1475 Quarum
2079 1408 2151 1464 sit
2175 1424 2282 1465 una
2319 1410 2615 1481 pontificis,
2652 1413 2820 1470 altera
2868 1416 3215 1487 clericorum,
3250 1423 3407 1489 tertia

1808 1513 2140 1571 pauperum,
2186 1510 2381 1571 quarta
2418 1501 2639 1559 fabricis
2667 1506 2985 1577 applicanda
3019 1508 3174 1578 juxta
3205 1515 3409 1569 consti-

148 1578 270 1625 sunt.
1558 1662 1587 1667 η
1742 1576 1747 1581 6
1810 1590 2072 1645 tationem
2113 1590 2494 1661 episcopalem.
2548 1576 2959 1651 Admonendum
3002 1608 3177 1655 tamen
3210 1611 3312 1667 est,
3349 1613 3411 1657 ut

207 1665 252 1719 l.
280 1663 349 1718 De
370 1664 652 1718 concordia
670 1665 1029 1735 episcoporum
1057 1665 1409 1733 comitumque
1442 1662 1700 1732 ﬁdelium.

1812 1682 2014 1738 decima
2043 1682 2161 1739 Deo
2186 1683 2408 1740 omnino
2431 1684 2546 1739 dari
2575 1702 2683 1742 non
2714 1686 3049 1760 neglegatur,
3093 1707 3256 1761 quam
3289 1696 3406 1766 ipse

148 1755 268 1809 Sane
291 1768 421 1823 opus
464 1763 549 1809 cst
579 1762 637 1809 ut
673 1770 777 1824 pax
799 1761 856 1809 et
880 1754 1167 1809 concordia
1213 1755 1283 1809 sit
1307 1764 1470 1824 atque
1507 1756 1701 1810 unani-

1812 1771 1953 1828 Deus
1983 1772 2083 1828 sibi
2111 1772 2395 1828 constituit
2419 1773 2570 1840 dari;
2604 1774 2731 1845 quia
2761 1754 3056 1833 timendum
3079 1754 3182 1847 est,
3215 1782 3259 1836 si
3284 1754 3407 1854 quis

326 1814 339 1823 _
674 1814 690 1824 _
1383 1814 1398 1824 .
1811 1814 1953 1828 ..νυν
1983 1814 2083 1828 tu...
2112 1814 2395 1828 “unum...
2419 1814 2534 1828 um.
2555 1816 2570 1840 ,
2604 1814 2731 1845 ei"...
2762 1814 3056 1833 νιιιιυιιυυηι
3079 1814 3182 1847 eos,
3215 1814 3259 1836 as
3324 1814 3404 1839 uta

149 1849 284 1905 ίηίῑθε
316 1849 366 1904 in
404 1849 604 1920 ΡοΡυῙο
653 1850 974 1917 Christiano.
1028 1849 1155 1919 (ἰυίει
1203 1865 1367 1905 unum
1414 1848 1580 1905 Deum
1611 1865 1702 1921 Ρα-
1737 1814 1779 1874 B
1814 1861 1925 1918 Deo
1958 1877 2113 1918 suum
2153 1863 2391 1918 debitum
2438 1864 2687 1933 abstrait,
2719 1882 2788 1923 ne
2820 1866 2960 1923 forte
2991 1869 3132 1926 Deus
3158 1887 3254 1935 per
3278 1814 3404 1944 plec-

147 1945 260 1992 trem
282 1938 537 1994 habemus
569 1937 623 1993 in
646 1938 817 2005 caelis,
865 1947 921 1994 et
941 1954 1103 1993 unam
1130 1947 1360 1993 matrem
1384 1939 1706 2009 tecclesiam,

148 2041 285 2081 unam
307 2026 486 2095 ﬁdem,
517 2044 686 2084 unum
713 2029 983 2099 baptisma
1007 2029 1078 2061 ’νο
1107 2044 1122 2083 :
1148 2029 1268 2084 ideo
1294 2030 1345 2083 in
1368 2045 1472 2084 una
1501 2045 1631 2100 pace
1654 2039 1710 2086 et

146 2117 471 2175 unanimitate
501 2119 850 2176 concorditer
871 2121 1052 2177 vivere
1074 2120 1356 2187 debemus,
1388 2122 1433 2176 si
1453 2122 1520 2177 ad
1545 2136 1707 2177 unam

146 2214 189 2262 et
220 2223 389 2264 veram
440 2210 803 2266 hereditatem
847 2210 999 2282 regni
1041 2209 1279 2265 caelestis
1307 2210 1557 2281 cupimus
1586 2225 1710 2282 per-

146 2299 342 2366 venire;
388 2301 511 2371 quia
541 2316 651 2356 non
679 2310 764 2357 est
793 2300 1148 2357 dissensionis
1186 2298 1349 2368 Deus,
1398 2301 1492 2356 sed
1532 2301 1706 2371 pacis,

146 2396 194 2440 ut
210 2389 312 2459 ipse
334 2390 449 2445 ait:
493 2389 653 2445 Beati
691 2391 923 2460 paci/isi,
959 2391 1212 2461 quoniam
1259 2389 1362 2460 ﬁlii
1410 2389 1510 2445 Dei
1556 2408 1708 2447 voca-

147 2478 328 2533 buntur.
351 2478 517 2551 Igitur
543 2479 594 2535 si
622 2480 764 2535 inter
788 2493 980 2534 omnes
1011 2478 1198 2535 ﬁdeles
1228 2495 1356 2550 pax,
1391 2486 1448 2535 et
1473 2494 1709 2536 concor-

147 2567 216 2622 dia
240 2569 470 2627 habenda
499 2579 614 2638 est,
643 2571 855 2627 dicente
883 2571 1175 2642 Apostolo:
1209 2570 1402 2627 Pacem
1430 2573 1708 2644 sequimini

147 2668 184 2713 et
201 2663 613 2729 sanctimoniam,
643 2664 757 2719 sine
780 2679 882 2735 qua
908 2680 1057 2719 nemo
1084 2664 1274 2720 videbit
1307 2664 1509 2731 Deum;
1539 2667 1707 2723 multo

150 2752 290 2823 magis
318 2754 455 2810 inter
505 2756 797 2826 episcopos
852 2764 909 2812 et
935 2756 1165 2812 comites
1209 2770 1332 2812 esse
1378 2757 1560 2823 debet,
1613 2759 1706 2828 qui

148 2853 248 2909 post
295 2844 591 2916 imperialis
639 2847 810 2918 apicis
845 2847 1167 2919 dignitatem
1190 2848 1261 2879 ³⁷⁷
1305 2848 1561 2918 populum
1610 2848 1705 2905 Dei

150 2945 327 3006 regunt.
359 2938 433 2994 lta
455 2939 608 2995 enim
632 2939 776 2996 inter
813 2955 873 2996 se
901 2924 1248 2997 con'cordiam
1276 2941 1479 2998 habent
1508 2943 1600 3009 πε,
1646 2953 1707 3000 ut

149 3027 426 3088 alterutrum
485 3031 596 3090 sibi
641 3033 708 3090 ad
754 3033 869 3090 Dei'
894 3035 1175 3090 servitium
1219 3035 1608 3107 peragendum,
1652 3046 1708 3094 et

1814 1962 1995 2010 catum
2041 1970 2198 2009 suum
2230 1954 2442 2011 auferat
2470 1957 2520 2012 ei
2560 1959 2873 2014 necessaria
2920 1976 3038 2015 sua.
3093 1963 3405 2021 Dicitenim

1817 2041 1962 2098 Deus
2000 2043 2182 2099 taliter
2211 2044 2266 2099 in
2297 2043 2540 2101 Levitico
2568 2045 2679 2118 (68)
2716 2048 2782 2103 de
2804 2048 3065 2106 decimis:
3102 2050 3290 2109 Omnes
3318 2055 3411 2109 de-

1810 2134 1944 2188 cime
1971 2143 2128 2200 terre,
2156 2135 2261 2189 sive
2287 2135 2352 2189 de
2387 2136 2667 2206 fructibus,
2719 2140 2827 2194 sive
2857 2140 2920 2195 de
2938 2142 3107 2212 pomis
3131 2143 3403 2212 arborum,

1810 2223 2026 2278 Domini
2056 2224 2186 2290 sint,
2216 2234 2264 2280 et
2294 2225 2376 2280 illi
2402 2228 2803 2298 sanctiﬁcantur
2836 2229 2983 2286 boves
3013 2243 3059 2286 et
3084 2249 3201 2288 ores
3231 2245 3280 2289 ct
3318 2253 3407 2289 cu-

1808 2327 1939 2384 praa,
1976 2330 2095 2385 qua:
2139 2315 2236 2370 sub
2263 2319 2492 2386 pastoris
2513 2318 2584 2352 ’⁸⁸
2633 2320 2778 2390 virga
2806 2328 3112 2389 transeunt;
3158 2325 3405 2398 quicquid

1811 2404 2071 2459 decimum
2094 2408 2286 2461 venerit
2303 2447 2319 2473 ,
2347 2408 2767 2478 sanctiﬁcabitur
2786 2409 3035 2468 Domino.
3067 2412 3129 2469 Si
3152 2416 3268 2486 quis
3290 2434 3406 2470 mn-

1809 2493 2006 2549 tabitur
2021 2495 2112 2559 m,
2147 2506 2196 2550 et
2220 2497 2362 2568 quod
2394 2507 2580 2565 mutat,
2633 2510 2682 2555 et
2717 2502 2860 2572 quod
2889 2504 3181 2559 mutabitur
3207 2511 3404 2562 sancti-

1808 2580 2053 2650 ﬁcabitur
2080 2584 2326 2640 Domino.
2387 2586 2513 2642 Non
2563 2588 2785 2660 eligetur
2805 2591 2894 2658 ’°’,
2948 2610 3038 2648 nec
3068 2596 3258 2651 bonum
3307 2616 3401 2654 nec

1808 2670 2030 2739 malum,
2071 2690 2165 2728 nec
2197 2673 2362 2729 altero
2392 2676 2815 2746 commutabitur,
2868 2690 2919 2735 et
2953 2698 3057 2737 non
3100 2686 3398 2747 redimetur.

1810 2759 1916 2818 Sed
1943 2764 2069 2834 quia
2107 2765 2268 2820 modo
2294 2764 2446 2821 multi
2477 2767 2831 2824 inveniuntur
2872 2771 3109 2829 decimas
3143 2775 3274 2833 dare
3300 2795 3399 2835 no-

1809 2852 2006 2922 lentes,
2036 2855 2343 2923 statuimus,
2378 2867 2439 2912 ut
2463 2860 2760 2916 secundum
2806 2861 3017 2918 Domini
3048 2879 3399 2939 przeceptunt,

1809 2954 2223 3001 ammoneantur
2255 2947 2422 3003 semel
2451 2956 2506 3004 et
2534 2951 2772 3006 secundo
2799 2962 2962 3023 atque
2992 2956 3188 3023 tertio;
3218 2959 3263 3014 si
3293 2976 3399 3016 non

1808 3037 2255 3103 emendaverint,
2309 3039 2672 3098 anathematis
2715 3044 2928 3102 vinculo
2957 3050 3401 3122 constringuntur

148 3119 466 3178 ministerium
531 3139 688 3180 suum
740 3124 1061 3195 explendum
1102 3141 1208 3183 non
1254 3126 1428 3183 solum
1473 3143 1578 3184 non
1608 3144 1709 3185 no-

149 3220 299 3277 ceant,
328 3214 452 3284 quin
481 3215 670 3286 potius
692 3216 1021 3273 adminiculo
1053 3218 1162 3274 sint
1183 3217 1318 3289 (66).

202 3300 248 3355 2.
276 3302 345 3358 De
363 3313 625 3374 potestate
648 3306 1028 3385 episcoporum.
1064 3307 1136 3365 Ut
1176 3310 1414 3380 episcopi
1465 3319 1706 3381 potesta-

147 3399 235 3450 tem
268 3396 489 3455 habeant
550 3413 640 3456 res
686 3399 1084 3458 ecclesiasticas
1121 3402 1451 3472 praevidere,
1494 3420 1703 3477 regere,

148 3487 447 3561 gubernare,
509 3502 676 3565 atque
724 3495 1042 3566 dispensare
1095 3496 1393 3552 secundum
1437 3508 1706 3555 canonum

148 3581 497 3640 auctoritatem
532 3622 548 3652 ,
594 3581 845 3641 volumus
876 3598 892 3641 :
920 3593 977 3642 et
1001 3594 1063 3642 ut
1088 3585 1213 3642 laici
1252 3587 1306 3642 in
1334 3603 1520 3644 eorum
1551 3590 1706 3646 mini-

148 3671 285 3724 sterio
317 3674 600 3730 ohtrdiant
654 3673 924 3745 episcOpis
972 3674 1038 3729 ad
1092 3675 1356 3747 regendas
1406 3677 1701 3746 aacclestas,

1810 3142 1979 3198 usque
1999 3127 2066 3183 ad
2094 3128 2519 3186 satisfactionem
2548 3140 2605 3188 et
2626 3136 3057 3195 emendationem
3080 3155 3399 3214 congruam.

1813 3217 1951 3273 Nam
1980 3218 2084 3275 hoc
2105 3220 2438 3289 censuimus,
2475 3224 2601 3294 quia
2630 3226 2772 3281 sacri
2800 3243 3035 3287 canones
3062 3233 3399 3307 praecipiunt,

1813 3309 1880 3364 de
1908 3310 2134 3366 decimis
2164 3309 2401 3368 fidelium
2424 3324 2680 3385 quattuor
2712 3317 2825 3374 fieri
2865 3321 3160 3390 portiones,
3193 3339 3257 3380 ex
3283 3328 3406 3397 qui-

1812 3399 1913 3455 bus
1931 3415 2037 3455 una
2067 3399 2133 3455 ad
2156 3402 2554 3473 susceptionem
2598 3406 2869 3476 pertineat
2906 3410 3163 3484 episcopi.
3199 3413 3402 3473 Statui-

1814 3506 1935 3546 mus
1964 3498 2024 3545 ut
2053 3505 2153 3562 per
2186 3492 2466 3549 :ecclesias
2504 3497 2892 3554 monachorum
2927 3501 3015 3556 vel
3055 3503 3318 3561 laicorum
3347 3519 3404 3563 et

1813 3596 1912 3653 per
1955 3581 2188 3652 capellas
2214 3581 2517 3641 dominicas
2556 3601 2651 3642 seu
2698 3589 3155 3663 beneﬂciatas'“,
3196 3598 3287 3653 ubi
3311 3600 3406 3655 de-

1811 3674 1950 3730 cime
1975 3675 2192 3739 dantur,
2222 3675 2461 3747 episcopi
2487 3678 2648 3749 digno
2691 3679 2899 3738 honore
2926 3685 3311 3755 suscipiantur,
3345 3700 3406 3745 ut

148 3758 309 3816 viduas
343 3771 395 3817 et
418 3762 698 3835 orphanos
741 3763 1143 3831 defensandos;
1187 3774 1244 3821 et
1287 3773 1347 3821 ut
1370 3765 1707 3825 obmdieutes
1813 3763 2240 3821 ecclesiasticum
2293 3762 2527 3820 oﬂlcium
2576 3766 2648 3822 ibi
2694 3770 3004 3840 persolvere
3055 3776 3263 3844 possint
3290 3777 3404 3851 (69)

147 3846 233 3903 sint
252 3851 325 3907 eis
347 3853 411 3908 ad
434 3868 632 3909 eorum
662 3854 1118 3910 christianitatem
1158 3857 1481 3912 servandam
1510 3875 1525 3926 ;
1574 3874 1706 3916 con-
1816 3856 2072 3913 Ecclesiae
2097 3855 2399 3926 antiquitus
2428 3860 2802 3916 constitute'“
2835 3873 3057 3933 propter
3097 3883 3237 3924 nova
3281 3846 3406 3924 ora-

147 3942 522 4016 sentientesque
546 3944 658 4000 sint
681 3946 908 4001 comites
944 3955 999 4002 et
1013 3946 1225 4018 judices
1251 3948 1570 4017 prtesulibus
1595 3951 1710 4007 suis
1816 3949 1956 4006 toria
1987 3963 2087 4005 nec
2107 3948 2331 4005 decimis
2354 3963 2455 4004 nec
2482 3952 2922 4021 possessionibus
2950 3956 3071 4014 aliis
3100 3960 3405 4031 priventur,

148 4028 200 4082 ad
219 4029 441 4101 justitias
486 4033 787 4103 faciendas,
824 4034 978 4105 juxta
1023 4046 1291 4107 praecepta
1322 4038 1517 4095 divina:
1552 4039 1706 4113 legis,
1817 4056 1918 4097 nec
1944 4039 2108 4097 ullam
2135 4039 2360 4095 omnino
2389 4037 2641 4109 injuriam
2669 4043 2945 4114 patiantur
2982 4028 3113 4119 (70);

1407 4149 1641 4206 VARIE
1678 4151 1970 4210 LECTION
1978 4152 2061 4209 ES

203 4208 765 4295 "‘_l_iu_thrandoeorr.
800 4217 1108 4295 liutpraudo
1124 4235 1180 4295 _c.
1260 4221 1331 4255 ⁸⁷⁸
1366 4223 1593 4295 adnecta
1629 4238 1682 4277 c.
1759 4208 1831 4295 ’ξ’
1859 4208 2186 4295 baptismam
2213 4241 2261 4278 c.
2338 4223 2409 4256 ³⁷⁷
2450 4224 2714 4294 dignitate
2745 4243 2794 4283 c.
2872 4231 2944 4271 ’⁷⁸
2974 4232 3173 4290 habent
3203 4253 3254 4291 c.
3334 4241 3405 4278 ’τ’

149 4280 449 4367 ξιετθόίιὶὶξῑιε
472 4304 541 4367 c._
607 4291 679 4323 ³⁸⁸
707 4298 863 4360 pasto
887 4280 936 4345 (Ξ.
1012 4291 1087 4325 ¹⁶¹
1116 4290 1225 4362 lege
1252 4293 1562 4359 mutaverit,
1638 4295 1709 4327 ²⁸²
1759 4280 1957 4352 θιίθιυὶ·
1985 4311 2034 4351 c.
2082 4293 2137 4348 in
2184 4311 2353 4367 naurg.
2410 4280 2707 4352 alieitetur;
2752 4280 2879 4332 66’”
2918 4280 3286 4364 beircfaeiatas
3348 4326 3397 4366 c.

153 4351 211 4383 '”
227 4358 555 4416 constitutor.

1643 4433 1874 4491 ΝΟΤᾸΕ.

1733 3177 1778 3241 C

336 4542 650 4636 ἓμξυῗιεᾶηο
678 4540 742 4626 p:
1610 4618 1615 4623 ἦ
1816 4557 1968 4636 ptum
1994 4565 2115 4636 esse
2163 4551 2398 4621 videtur,
2449 4552 2675 4624 excepto
2702 4564 2888 4611 textu:
2923 4557 3073 4614 Beati
3098 4564 3311 4636 paciﬁci
3337 4597 3407 4608 -

291 4541 310 4822 ἐ

208 4608 756 4681 (ἓῆΕῖεῙιειθόὶειιεί.
1610 4618 1615 4623 ~
1816 4608 2154 4675 balbum”.
2270 4608 2273 4609 ν
2385 4608 2398 4621 ι
2457 4608 2473 4611 ~
2654 4608 2665 4610 ~
2923 4608 3307 4636 κηαμτψν,
3444 4674 3452 4681 ἢ

208 4677 845 4781 εῇὶὲρξξθηεξ,ηωη
1825 4689 2159 4781 “WAR?-
2203 4691 3407 4781 ἓρρμξςννάθιςεηηδερκηγειοάἰρῐονίη-

209 4746 310 4842 (μ)
339 4746 463 4809 Sive
519 4753 845 4823 Heintnone,‘
900 4756 1014 4814 sive
1063 4755 1338 4813 llavmone
1394 4756 1711 4813 llalbersta—
1818 4746 2138 4842 etalis'hlog'.
2160 4802 2177 4827 ,
2206 4746 2450 4842 exceptis
2471 4746 2706 4842 verbis":
2736 4746 3405 4842 aa’ﬁsil’eiizTra'c’iidilié

151 4812 304 4907 “6931-:
334 4891 440 4907 ἢ,
507 4896 522 4907 _
744 4897 756 4907 _
827 4812 840 4823 ’
998 4812 1003 4814 ⁷
1250 4812 1257 4813 6
1396 4812 1401 4813 6
1502 4812 1505 4813 6
1810 4812 1971 4907 ius};
1989 4812 2463 4903 ῥὶῐεῖὶριἷᾶἷῧεῆἷυ
2488 4812 2663 4907 iga}?
2692 4812 2869 4905 ὀἱιῖιιέ
2881 4812 3409 4904 Ei'tiz'tta'éa'ﬁﬁ;

227 4888 308 4961 §5)
334 4891 779 4952 Paderbornensi.
1810 4888 1989 4957 'deest.

339 4961 611 5042 §ueonum
639 4968 892 5042 episcopo
925 4967 989 5021 P.
1889 4972 2001 5042 (68)
2037 4971 2167 5042 Cap.
2199 4988 2376 5037 xxvn,
2404 4991 2457 5029 v.
2485 4974 2573 5030 30.

230 5029 313 5128 Eg)
339 5029 744 5128 Estisbgnensi.
825 5029 840 5039 ’
904 5085 914 5095 ,
1834 5127 1837 5128 ν
1889 5029 2160 5128 (θώραξ).
2194 5029 2711 5128 ζηοοηέεοιιόᾳξ-ςυω
2743 5047 2808 5103 l0
2834 5052 3207 5128 synodiprov.
3238 5056 3407 5128 Μυκη

230 5087 312 5169 ssi
345 5087 709 5163 passages;

231 5170 314 5245 56)
344 5173 656 5245 §abionensi
686 5175 752 5232 P.

231 5239 313 5306 60)
342 5242 808 5306 Hildesheimensi.

232 5309 314 5378 6i)
340 5313 565 5372 l'ucerto.

234 5379 317 5455 (ἓξ)
346 5383 655 5455 Moguntino
685 5388 749 5442 Ρ.

212 5451 314 5526 (65)
344 5451 670 5526 §angallensi
704 5459 772 5512 P.

347 5516 794 5597 Seliéenstadeusi
824 5528 892 5582 Ρ.

216 5592 298 5663 (65
330 5595 594 5654 -Fuldensi
630 5598 698 5655 Ρ.

216 5592 594 5661 (65)-Fuldensi
630 5598 698 5655 Ρ.

215 5662 318 5735 (65)
348 5666 644 5735 Capitulum
685 5671 709 5724 l
763 5669 829 5727 de
876 5671 1041 5727 verbo
1093 5674 1156 5727 ad
1189 5673 1410 5728 verbum
1459 5685 1522 5726 ex
1576 5672 1712 5727 actis

157 5734 689 5813 §Ytttodihprovincialis
720 5741 1040 5813 Mpguntinm
1071 5759 1156 5798 an.
1192 5743 1293 5799 847
1333 5743 1495 5813 (apud
1541 5741 1710 5795 llarz-

160 5797 285 5856 heim
312 5797 517 5863 collect.
546 5810 704 5867 Conc.
736 5797 913 5868 Germ.
948 5821 1074 5869 tom.
1122 5814 1158 5868 ll
1180 5797 1214 5880 ,6
1233 5829 1285 5885 p.
1324 5797 1445 5885 1‘53)
1497 5814 1712 5868 desum—

1818 5114 2058 5195 exceptis
2097 5114 2313 5168 verbis:
2356 5114 2819 5195 hereditibus‘pro
2851 5114 3159 5195 redditibus,
3218 5114 3409 5195 quarta

1818 5183 2161 5264 [ab'ricispro
2190 5195 2379 5253 quarta
2423 5185 2654 5264 ecclesia:
2681 5183 2936 5264 fabricis._
2970 5183 3200 5264 Additus
3229 5183 3411 5252 textus

1814 5252 1872 5324 in
1901 5252 2139 5308 Levitico
2169 5252 2289 5324 cap.
2318 5270 2486 5321 xxvii,
2512 5272 2563 5309 v.
2588 5252 2690 5321 50,
2710 5259 2776 5313 de
2823 5260 3044 5317 decimis
3070 5264 3410 5323 solummodo

1819 5322 1905 5377 hic
1932 5322 2257 5379 verbotenus
2291 5326 2528 5382 insertus
2556 5339 2659 5383 est.

1890 5392 2007 5466 (70)
2035 5391 2161 5448 Haec
2202 5398 2517 5466 eottstitutio
2563 5398 2750 5452 ultima
2803 5402 3139 5459 concordans
3191 5420 3313 5461 cum
3346 5409 3406 5465 ll

1819 5463 2011 5544 synodi
2036 5479 2188 5544 pr_o_v.
2217 5463 2358 5537 Mog.
2414 5469 2762 5544 sequentibus
2801 5471 3013 5544 smculis
3044 5474 3283 5544 regulam
3323 5463 3407 5541 in-Q

1819 5534 2039 5605 duxisse
2062 5535 2294 5599 videtur,
2312 5534 2467 5605 'quod
2493 5534 2553 5592 in
2602 5539 2865 5594 divisione
2892 5534 3242 5599 ecclesia'rum
3276 5534 3382 5603 tilia

1820 5603 1962 5688 lium_
1978 5605 2200 5688 decima:
2224 5603 2541 5688 plerumque
2568 5609 2726 5688 matri
2751 5622 2981 5688 servatae
3003 5613 3130 5678 sint,
3163 5618 3408 5688 quodque

1820 5674 1873 5728 in
1912 5675 2155 5744 pluribus
2200 5674 2376 5733 adhuc
2405 5674 2649 5733 ecclesiis
2700 5690 2822 5749 post
2853 5681 2997 5736 mille
3027 5674 3203 5743 annos
3231 5674 3383 5744 cerni

1823 5760 1959 5801 mus.
