3876 5326
423 200 527 256 585

1171 193 1461 255 APPEND.
1497 194 1588 250 AD
1624 192 1799 249 SIEC.
1841 195 1911 247 Χ.
1937 221 2008 232 -
2029 189 2463 248 MONUMENTA
2497 187 2980 246 DlPLOMATlCA.

3585 187 3676 242 5N

490 317 542 369 4.
584 314 653 369 L't
720 315 893 369 nullus
957 315 1148 368 audeat
1201 314 1537 368 inmunitates
1573 313 1642 353 ἰ’
1697 311 2001 382 infringere.
2032 291 2084 348 Α
2109 306 2366 361 canonice
2395 306 2632 371 habeat,
2665 306 2759 376 qui
2806 305 2975 362 libere
3009 319 3166 362 suum
3214 299 3572 360 ministerium
3614 305 3679 360 ibi

421 406 675 473 Quisquis
701 404 772 435 ’⁸⁸
818 404 955 458 Γειειιι
1009 401 1265 472 superbie'
1293 401 1468 456 elatus
1497 401 1712 454 domum
1744 399 1839 454 Dei
1867 400 2011 454 ducit

419 493 904 563 contemptibilem,
952 500 1008 546 et
1041 490 1428 560 possessiones
1480 489 1589 543 Deo
1637 497 2005 554 consecratas,

421 597 584 654 atque
612 585 681 638 ob
712 585 969 638 honorem
1001 582 1094 636 Dei
1132 582 1232 635 sub
1265 581 1409 650 regia
1461 580 1794 633 inmunitatis
1822 579 2006 633 defen-

418 678 568 733 sione
615 676 938 731 constitutas
993 675 1275 728 inhoneste
1322 671 1658 735 tractaverit,
1702 671 1785 726 vel
1813 670 2005 724 infrin-

417 783 546 839 gere
564 765 987 836 prtcsumpserit,
1014 763 1168 832 quasi
1201 763 1421 817 invasor
1455 770 1509 816 et
1544 762 1773 816 violator
1817 761 2008 816 domus

415 861 510 916 Dei
543 859 1059 913 excommunicetur.
1109 856 1274 912 Decet
1315 856 1459 910 enim
1494 863 1552 908 ut
1583 854 2004 922 indignationem

414 948 627 1003 Domini
656 958 818 1017 atque
858 948 1027 1018 ipsius
1047 948 1191 1018 regis
1235 947 1452 1010 sentiat,
1487 945 1640 1016 cujus
1686 944 2006 1000 benevolen-

415 1041 506 1094 tia:
531 1048 895 1109 contemptor,
949 1047 1002 1093 et
1029 1038 1432 1094 constitutionis
1481 1036 1867 1111 praevaricator
1914 1051 2006 1089 cx-

414 1130 570 1183 slitit.
596 1127 958 1182 Nihilominus
983 1137 1159 1180 tamen
1195 1142 1285 1180 rex
1311 1141 1406 1181 sue
1429 1126 1797 1181 concessionis
1826 1126 2005 1179 inmu-

412 1219 637 1272 nitatem
671 1217 739 1270 ab
768 1217 1018 1272 omnibus
1043 1217 1273 1270 dicionis
1303 1232 1412 1270 sua:
1454 1215 1708 1284 subjectis
1765 1215 2004 1270 inlaesam

412 1321 735 1361 conservare
792 1306 1099 1374 praecipiat;
1147 1322 1426 1360 assensum
1470 1320 1599 1360 vero
1637 1321 1741 1360 non
1769 1306 2004 1375 praebeat

411 1401 694 1471 inprovide
715 1400 1121 1468 afﬁrmantibus,
1153 1418 1260 1458 non
1291 1403 1490 1458 debere
1512 1418 1634 1458 esse
1661 1419 1749 1458 res
1775 1404 2001 1458 domini-

410 1509 540 1558 cas,
578 1493 629 1548 id
679 1505 762 1548 est
788 1495 1014 1550 Domino
1045 1495 1439 1550 dominantium
1485 1495 1748 1562 traditas,
1802 1497 1873 1550 ita
1905 1497 2004 1551 sub

411 1585 726 1642 defensione
783 1587 949 1659 regis,
1001 1588 1141 1643 sicut
1181 1588 1413 1659 propria).
1457 1605 1567 1644 sua:
1619 1589 1996 1654 haereditates;

409 1681 586 1750 magis
617 1680 896 1751 magisque
923 1680 1190 1744 advertat,
1244 1683 1368 1750 quia
1397 1691 1600 1751 quanto
1630 1683 1772 1737 Deus
1820 1682 2000 1736 excel-

409 1767 613 1824 lentior
663 1778 747 1824 est
805 1770 1042 1836 homine,
1102 1779 1252 1824 tanto
1297 1771 1643 1840 praestantior
1685 1781 1769 1826 est
1821 1773 2000 1826 divina

410 1876 574 1914 causa
603 1862 908 1915 mortalium
938 1863 1294 1932 possessione.
1329 1863 1590 1930 Quocirca
1612 1865 1682 1903 ’⁸⁷
1710 1865 1996 1934 decipitur,

413 1951 662 2022 quisquis
703 1951 824 2020 plus
874 1953 925 2006 in
957 1953 1186 2022 propriis
1211 1969 1375 2022 quam
1408 1955 1459 2007 iu
1510 1955 1795 2010 dominicis
1840 1956 2001 2009 rebus

411 2044 706 2114 gloriatur;
745 2059 974 2112 quarum
1005 2044 1308 2098 divinarum
1336 2044 1608 2108 defensor,
1642 2055 1696 2100 et
1725 2055 1906 2100 custos
1928 2045 1998 2084 ⁸⁸⁸

409 2133 670 2186 divinitus
701 2142 958 2196 statutus,
1005 2132 1244 2203 diligenti
1279 2149 1408 2188 cura
1433 2150 1536 2188 non
1569 2135 1740 2190 solum
1767 2151 1861 2190 eas
1884 2151 1998 2192 scr-

409 2239 567 2286 vare,
619 2224 710 2278 sed
744 2225 906 2278 etiam
941 2225 1299 2293 multiplicare
1352 2227 1548 2294 debet;
1598 2229 1874 2298 magisque
1906 2228 1994 2282 illa

408 2331 528 2384 qua:
557 2315 791 2369 diximus
818 2316 1193 2383 przestantiore
1216 2331 1376 2384 quam
1397 2333 1493 2372 sua
1521 2317 1810 2372 defendere
1840 2319 1993 2375 illum

407 2413 622 2473 oportet
649 2413 705 2458 et
731 2413 1099 2475 augmentare.
1143 2405 1200 2459 Si
1223 2408 1345 2474 quis
1383 2408 1544 2477 igitur
1573 2409 1792 2463 insanus
1819 2410 1996 2479 inpor-

407 2494 640 2548 tuuitate
689 2495 1034 2564 iuprobitatis
1088 2511 1198 2551 suae
1253 2512 1490 2566 regema
1543 2509 1690 2553 recto
1719 2503 1993 2570 proposito

313 2590 316 2592 ⁷
406 2594 718 2652 pervertere
758 2587 1120 2654 temptaverit,
1171 2586 1440 2657 nullisque
1470 2590 1720 2645 remediis
1745 2592 1992 2660 mitigare

406 2689 566 2745 posse
590 2676 732 2729 visus
756 2674 938 2742 fuerit,
973 2677 1100 2731 licet
1136 2677 1411 2747 obsequiis
1438 2679 1705 2749 aliquibus
1733 2683 1990 2737 transito-

407 2765 504 2818 riis
537 2766 605 2818 sit
634 2767 992 2831 necessarius,
1027 2768 1385 2823 abscidendus
1414 2769 1480 2823 ab
1507 2784 1572 2824 eo
1597 2770 1990 2840 projiciendus-

406 2871 510 2924 que
533 2864 636 2921 est,
663 2855 815 2924 juxta
843 2858 960 2912 illut
984 2858 1355 2929 evangelicum
1389 2877 1402 2912 :
1435 2857 1493 2914 Si
1519 2878 1625 2928 pes,
1657 2879 1844 2916 manus
1866 2879 1990 2916 ocu-

406 2950 588 3019 lusque
617 2959 735 3002 tuus
763 2949 1082 3004 scandalizet
1113 2951 1224 3022 (71)
1254 2961 1331 3014 te,
1382 2967 1502 3004 erue
1541 2953 1688 3005 illam
1717 2963 1764 3006 et
1791 2954 1987 3024 projire

407 3039 498 3092 abs
533 3048 600 3092 te.

477 3133 533 3187 5.
565 3133 634 3187 Ut
663 3133 874 3189 heredes
925 3135 1195 3191 ecclesiam
1219 3138 1287 3173 ’⁸ο
1316 3154 1418 3191 non
1448 3138 1771 3192 dividantur.
1803 3138 1988 3192 Peria—

411 3234 524 3280 tum
553 3226 618 3280 ad
650 3242 748 3280 nos
775 3231 1018 3296 estquod
1047 3229 1188 3282 inter
1215 3229 1440 3284 heredes
1466 3230 1693 3285 ecclesie
1725 3232 1778 3285 in
1829 3232 1990 3286 rebus

405 3317 640 3388 propriis
674 3317 965 3371 constitute
995 3318 1323 3383 dividantur,
1357 3330 1411 3373 et
1442 3329 1585 3374 tanta
1631 3335 1730 3389 per
1763 3321 1989 3375 eandem

407 3409 726 3464 divisionem
752 3409 996 3464 simultas
1013 3411 1082 3444 "°
1105 3411 1332 3474 oriatur,
1366 3421 1424 3464 ut
1451 3412 1605 3466 unius
1631 3413 1816 3467 altaris
1841 3421 1992 3483 quat-

407 3507 532 3554 tuor
559 3509 740 3568 partes
766 3500 923 3565 tiant,
956 3508 1009 3553 et
1033 3500 1256 3571 singula:
1285 3512 1466 3571 partes
1492 3503 1729 3574 singulos
1760 3505 1994 3559 habeant

405 3588 774 3656 presbiteros;
834 3590 976 3659 quod
1025 3590 1091 3621 ²⁹¹
1141 3592 1257 3645 sine
1310 3593 1576 3648 discordia
1633 3603 1687 3650 et
1721 3596 1992 3652 simultate

407 3677 556 3733 nullo
587 3679 743 3732 modo
794 3679 978 3748 augeri
1021 3689 1216 3747 potest.
1271 3681 1420 3737 Unde
1483 3684 1639 3738 nobis
1683 3685 1854 3738 visum
1908 3694 1994 3738 est

406 3757 550 3839 quod
575 3768 943 3837 hujuscemodi
978 3772 1218 3826 ecclesia:
1269 3773 1412 3826 inter
1439 3773 1666 3830 heredes
1695 3773 1857 3828 dividi
1887 3791 1991 3830 non

407 3859 659 3922 debeant.
688 3870 743 3914 et
767 3861 811 3914 si
845 3862 895 3915 in
923 3864 1325 3917 contentionem
1355 3865 1637 3930 venerint,
1669 3874 1722 3918 et
1750 3865 1994 3920 simulta-

407 3959 491 4004 tes
521 3951 661 4004 inter
692 3965 784 4004 eos
820 3953 1188 4015 surrexerint,
1223 3967 1320 4021 per
1359 3969 1492 4022 quas
1521 3955 1776 4008 sacerdos
1805 3971 1900 4009 suo
1921 3954 1992 4010 ibi

407 4038 582 4095 cilicio
625 4041 886 4094 canonice
933 4040 1080 4111 fungi
1137 4059 1241 4095 non
1278 4043 1475 4111 possit,
1531 4045 1874 4114 praecipiatur
1927 4062 1994 4100 an

409 4129 660 4198 episcopo
687 4130 943 4193 civitatis,
992 4139 1050 4183 ut
1094 4131 1240 4184 nullo
1264 4133 1421 4186 modo
1469 4133 1540 4187 ibi
1589 4135 1878 4189 missarum
1909 4151 1998 4191 so-

407 4217 606 4272 lemnia
638 4219 996 4284 celebrentur,
1027 4220 1195 4275 donec
1220 4221 1290 4274 illi
1313 4223 1378 4276 ad
1407 4225 1751 4279 concordiam
1776 4227 1996 4280 redeant

408 4321 472 4360 ex
500 4307 615 4376 pari
643 4316 768 4362 voto
789 4347 802 4370 ,
843 4301 1005 4377 atqtie
1028 4300 1253 4365 consilio
1283 4310 1511 4366 ecclesia
1545 4312 1632 4366 illa
1656 4315 1991 4369 sacerdotem

2107 411 2367 467 peragere
2398 398 2590 466 possit.

2177 487 2230 541 6.
2262 485 2328 540 Ut
2370 489 2594 557 episcopi
2619 488 2939 542 venationem
2961 505 3064 544 non
3085 497 3375 543 exerceant.
3421 486 3497 543 Ut
3518 487 3682 542 omnis

2106 582 2472 636 controversia
2525 597 2643 651 qua:
2669 582 2736 637 de
2786 582 3167 638 ecclesiasticis
3203 583 3365 637 rebus
3411 580 3680 635 titsetun-

2106 672 2230 727 dum
2258 673 2492 727 divinam
2532 672 2704 742 legem
2755 673 2854 728 sub
2893 673 3098 728 duobus
3140 673 3222 727 vel
3266 673 3442 726 tribus
3469 671 3682 726 testibus

2107 765 2448 829 terminatur,
2475 764 2688 818 dicente
2715 764 2941 818 Domino
2969 763 3112 834 (72):
3140 762 3263 816 Non
3293 781 3430 816 unus
3447 772 3544 816 stet
3572 779 3681 817 con-

2106 867 2188 911 tra
2214 857 2377 910 alium
2399 873 2419 920 _:
2467 857 2562 911 sed
2594 857 2644 910 in
2680 871 2774 911 ore
2804 857 3030 911 duorum
3054 855 3139 910 vel
3164 857 3325 910 trium
3349 855 3572 908 testium
3600 854 3685 909 ﬁat

2104 964 2264 1004 omne
2297 947 2518 1002 verbum
2545 929 3063 1016 contra'episcopos,
3090 947 3180 1016 qui
3208 961 3371 1000 canes
3402 944 3488 999 vel
3513 954 3683 999 cetera

2098 1040 2221 1110 joca
2248 1039 2447 1094 habere
2469 1039 2672 1093 volunt.
2701 1039 2756 1092 In
2799 1039 3003 1108 psalmo
3029 1039 3255 1094 ﬁisiCnt
3282 1039 3548 1108 scriptum
3577 1047 3678 1092 est:

2105 1130 2514 1199 Confundantur
2541 1146 2717 1183 omnes
2746 1131 2920 1198 inique
2963 1139 3172 1200 agentes
3196 1117 3540 1199 supervacue,
3567 1129 3683 1183 etin

2104 1222 2194 1276 ἵ)οθ
2226 1240 2238 1275 :
2269 1220 2439 1275 Odisti
2467 1221 2791 1276 observantes
2811 1224 3059 1276 vanitates
3080 1239 3418 1292 supervacue,
3443 1221 3530 1274 vel
3556 1222 3684 1275 sicut

2104 1315 2358 1368 hebraica
2425 1313 2708 1367 translatio
2763 1314 2981 1368 habet:
3033 1311 3206 1367 Odisti
3250 1313 3599 1366 custodientes
3620 1312 3682 1343 ⁸³³

2103 1407 2323 1477 frustra.
2374 1406 2429 1459 in
2453 1404 2587 1460 Jnna
2637 1419 2851 1473 quoque
2896 1405 3196 1475 propheta:
3237 1404 3342 1469 Qui
3391 1405 3683 1457 custodiunt

2101 1478 2351 1550 vanitates
2396 1496 2593 1565 frustra
2649 1497 2761 1568 (73)
2808 1495 3221 1549 misericordiam
3268 1511 3419 1549 suam
3469 1494 3685 1547 derelin-

2102 1598 2286 1659 quunt.
2314 1586 2450 1641 iiinc
2471 1602 2600 1658 ergo
2637 1586 2968 1657 pensandum
3015 1595 3099 1640 est
3124 1626 3140 1645 .
3179 1585 3224 1639 si
3254 1585 3328 1639 illi
3374 1584 3471 1654 qui
3503 1584 3686 1652 adqui—

2105 1679 2288 1733 rendis
2325 1678 2650 1732 transitoriis
2687 1677 2848 1732 rebus
2889 1677 3200 1742 elaborant;
3233 1691 3356 1746 quae
3399 1675 3684 1745 aliquando

2103 1769 2410 1823 necessaria
2441 1778 2713 1838 putantur,
2749 1778 2935 1823 contra
2957 1783 3095 1838 quas
3110 1767 3465 1823 necessitates
3486 1769 3538 1821 in
3558 1782 3686 1838 pne-

2103 1858 2262 1914 dictis
2293 1859 2517 1929 psalmis
2543 1867 2663 1912 orat
2692 1877 2705 1913 :
2737 1858 2816 1913 De
2852 1859 3238 1914 necessitatibus
3264 1859 3392 1912 meis
3426 1874 3553 1911 erue
3589 1875 3685 1923 nte,

2101 1958 2155 2005 et
2177 1951 2390 2005 salvasti
2413 1951 2476 2002 de
2501 1949 2888 2003 necessitatibus
2911 1949 3141 2004 animam
3161 1965 3355 2014 meum,
3377 1947 3690 2003 confusione

2099 2041 2182 2096 vel
2205 2042 2327 2096 odio
2358 2040 2451 2096 Dei
2479 2040 2624 2111 digni
2659 2048 2805 2102 sunt,
2835 2049 2928 2094 aut
2953 2039 3380 2096 misericordiam
3411 2055 3565 2094 suam
3595 2039 3686 2093 de-

2099 2134 2434 2204 relinquunt,
2460 2134 2628 2188 Deum
2658 2134 2907 2188 videlicet
2945 2133 3032 2188 cui
3075 2133 3306 2188 dicimus
3332 2131 3418 2185 vel
3446 2132 3534 2186 cui
3563 2147 3688 2186 can-

2098 2234 2274 2281 tamus
2299 2243 2311 2280 :
2343 2225 2484 2279 Deus
2513 2241 2678 2288 meus,
2716 2225 3079 2278 misericordia
3107 2240 3242 2288 mea,
3285 2231 3492 2292 quanto
3515 2223 3685 2293 magis

2097 2317 2192 2377 illi,
2226 2316 2320 2386 qui
2358 2332 2425 2371 ea
2454 2315 2682 2386 diligunt
2714 2330 2834 2384 qua:
2861 2315 3061 2369 nullius
3086 2324 3211 2368 sunt
3236 2313 3508 2368 utilitatis.
3553 2313 3684 2368 Item

2095 2408 2188 2463 59°
2203 2409 2411 2478 psalmo
2426 2409 2684 2477 scriptum
2706 2415 2790 2463 est
2810 2407 2864 2478 (7
2876 2407 2924 2476 ι)
2948 2422 2963 2460 :
2985 2405 3182 2461 Beatus
3198 2407 3245 2460 vi
3252 2423 3295 2472 r,
3311 2406 3467 2475 cujus
3488 2416 3565 2460 est
3589 2423 3682 2459 no-

2094 2515 2211 2552 men
2252 2497 2464 2550 Domini
2493 2514 2606 2567 spes
2643 2498 2758 2567 ejus
2787 2511 2805 2548 :
2837 2510 2884 2551 et
2915 2513 3016 2550 non
3057 2496 3279 2565 respexit
3322 2496 3376 2548 in
3407 2496 3681 2556 vanitates,

2092 2595 2140 2640 et
2166 2585 2397 2638 insanias
2437 2585 2648 2654 falsas;
2699 2594 2753 2639 et
2792 2586 3085 2640 secundum
3116 2584 3392 2640 ebraicum
3425 2601 3438 2637 :
3493 2583 3683 2638 Beatus

2091 2679 2192 2743 uir,
2219 2679 2308 2749 qui
2336 2679 2505 2748 posuit
2537 2678 2706 2732 Deum
2753 2677 3124 2746 conﬁdentiam
3154 2692 3305 2729 suam
3324 2715 3338 2736 ,
3385 2684 3435 2728 et
3465 2690 3571 2727 non
3610 2684 3684 2727 est

2091 2785 2303 2823 aversus
2331 2767 2400 2822 ad
2425 2769 2695 2837 superbius
2718 2776 3033 2837 pompasque
3061 2766 3333 2820 mendatii.
3377 2765 3434 2820 In
3469 2763 3570 2818 118
3590 2763 3680 2816 ²⁹⁸.

2089 2859 2274 2912 Arerte
2319 2857 2495 2913 oculos
2522 2875 2695 2923 meos,
2743 2875 2806 2912 ne
2834 2859 3038 2917 uideant
3084 2859 3389 2912 vanitatem.
3439 2855 3497 2910 In
3544 2855 3683 2910 libro

2091 2949 2339 3005 Ieremia:
2375 2950 2671 3019 prophetae,
2724 2949 2776 3002 in
2820 2950 3002 3004 verbis
3054 2947 3261 3004 Baruch
3288 2948 3399 3019 {75)
3423 2948 3683 3017 scriptum

2093 3051 2212 3096 est:
2246 3039 2346 3094 Ubi
2372 3052 2491 3094 sunt
2521 3041 2779 3110 principes
2803 3041 3097 3102 nationum,
3133 3050 3180 3094 et
3215 3041 3305 3110 qui
3343 3040 3687 3094 dominantur

2094 3132 2398 3193 bestiarum,
2445 3147 2560 3200 qutr
2589 3142 2710 3184 sunt
2733 3146 2887 3200 super
2920 3131 3151 3185 terram?
3187 3133 3274 3201 qui
3310 3131 3364 3184 in
3400 3130 3580 3184 avibus
3605 3130 3687 3182 lu-

2093 3223 2246 3285 dunt,
2278 3223 2367 3288 qui
2417 3221 2721 3278 aeccuniam
2772 3221 3130 3275 tltesaurizant
3155 3231 3204 3275 et
3233 3237 3442 3282 aurum,
3488 3221 3542 3274 in
3581 3236 3683 3290 quo

2093 3311 2422 3381 conﬁdebant
2490 3311 2759 3375 homines,
2816 3321 2864 3364 et
2911 3327 3016 3364 non
3057 3320 3132 3365 est
3163 3311 3285 3379 ﬁnis
3341 3311 3682 3380 possessionis

2094 3407 2324 3475 ipsorum
2351 3403 2377 3456 Ρ
2421 3403 2510 3474 qui
2550 3403 2606 3456 in
2653 3412 2867 3473 argento
2895 3403 3190 3473 fabricant,
3222 3414 3269 3457 et
3295 3404 3504 3458 solliciti
3535 3414 3681 3468 sunt,

2092 3506 2139 3550 et
2170 3513 2272 3550 non
2296 3504 2369 3549 est
2394 3493 2617 3548 inventio
2643 3510 2854 3563 Operam
2877 3496 3106 3565 ipsorum
3127 3496 3152 3549 ?
3172 3495 3515 3549 Exterminati
3533 3504 3680 3558 sunt,

2092 3602 2138 3645 et
2163 3591 2216 3645 in
2247 3591 2510 3659 infernum
2541 3590 2950 3656 descenderunt,
3006 3599 3053 3644 et
3081 3591 3175 3643 alii
3203 3598 3541 3644 surrexerunt
3586 3603 3680 3656 pro

2093 3680 2184 3734 eis.
2219 3678 2561 3734 Pensandum
2611 3679 2861 3733 omnibus
2885 3688 2965 3733 est
2992 3679 3044 3733 in
3073 3679 3174 3733 hac
3220 3678 3510 3742 sententia,
3550 3677 3679 3748 quia

2093 3771 2137 3826 si
2178 3769 2508 3840 principibus
2532 3779 2588 3824 et
2613 3770 2763 3825 laicis
2805 3770 3115 3825 hominibus
3139 3770 3303 3825 etiam
3335 3771 3555 3841 paganis
3600 3769 3681 3825 nio

2093 3863 2168 3918 hil
2213 3863 2466 3933 prodest,
2506 3862 2632 3932 quia
2673 3863 3020 3916 dominantur
3059 3862 3356 3917 bestiarum
3401 3871 3456 3916 et
3488 3862 3541 3916 in
3567 3864 3679 3916 avi-

2093 3953 2196 4008 hus
2221 3952 2434 4018 ludunt,
2486 3961 2691 4022 quanto
2716 3952 2886 4023 magis
2909 3953 3180 4022 episcOpis
3204 3951 3360 4008 obest
3380 3950 3450 3982 m
3477 3959 3531 4004 et
3559 3951 3682 4019 qui.

2094 4045 2196 4099 bus
2258 4053 2474 4114 portare
2523 4059 2697 4115 neque
2749 4045 3021 4100 sacculum
3064 4059 3239 4116 neque
3295 4059 3480 4113 peram
3529 4043 3674 4107 licet.

2095 4151 2270 4204 neque
2313 4136 2522 4191 duabus
2574 4137 2721 4191 indui
2779 4137 2996 4202 tunicis,
3057 4147 3112 4192 et
3155 4136 3348 4206 quibus
3399 4136 3676 4205 possidere

2095 4241 2286 4280 aurum
2318 4225 2430 4296 (76)
2459 4228 2540 4280 vel
2577 4235 2858 4296 argentum
2899 4227 2980 4280 vel
3007 4242 3081 4282 tes
3127 4227 3182 4282 in
3223 4242 3356 4282 zona
3395 4242 3503 4281 non
3530 4225 3672 4289 licet,

2099 4319 2366 4388 quomodo
2393 4319 2670 4389 possidere
2709 4334 2872 4375 canes
2912 4318 3123 4385 licebit;
3170 4329 3227 4376 et
3251 4319 3342 4390 qui
3373 4318 3428 4374 in
3458 4317 3542 4372 via
3566 4319 3676 4371 vir-

1711 4444 1944 4500 VARUE
1981 4446 2388 4504 LECTIONES.

1012 4553 1091 4641 7”“
1118 4555 1171 4608 in
1194 4571 1365 4641 injurg.
1389 4555 1563 4641 glossa
1597 4554 1847 4641 tlteotisita
1868 4565 2072 4641 .prirnis
2094 4564 2281 4619 litteris
2317 4566 2600 4641 abscisis...
2629 4576 2688 4622 ut
2711 4569 3074 4641 uuegisemi...
3107 4570 3314 4626 hahtot.
3393 4555 3463 4605 ’ἡ
3500 4572 3667 4641 glossa

411 4619 468 4673 in
498 4635 664 4689 marg.
694 4622 840 4674 initio
870 4633 1181 4677 truncata...
1213 4619 1613 4680 idiu'...'siuhan
1646 4631 1867 4683 uuirdit.

1944 4636 2016 4667 ⁸⁸⁸
2054 4645 2239 4689 custus
2266 4651 2316 4690 c.

2392 4637 2460 4669 ⁸⁸³
2485 4639 2744 4693 decimam
2776 4637 2845 4694 ef
2902 4640 2972 4672 "°
3017 4641 3316 4695 simultatas
3345 4656 3393 4695 c.
3473 4637 3539 4676 ’δ’
3575 4659 3666 4696 nos

412 4693 550 4744 deest
577 4690 632 4742 in
656 4705 706 4744 c.
783 4691 853 4722 ²⁹¹
891 4693 1007 4747 scil.
1041 4696 1330 4749 vanitates.
1407 4697 1477 4729 m
1500 4696 1677 4751 CVIII.
1709 4715 1758 4754 c.
1834 4700 1904 4732 ¹⁹⁸
1932 4712 2120 4758 contra
2151 4705 2308 4759 estin
2350 4722 2520 4777 marg.

1928 4837 2156 4895 NOTAE.

481 4935 771 5018 (7l)__Cap.
791 4937 1219 5018 _§_concordans
1258 4940 1708 5018 plurinmm__cum
1740 4947 1772 5001 6
1801 4949 1987 5018 synodi

409 5006 732 5078 prumﬂog.
774 5006 950 5063 dill‘ert
1006 5019 1211 5064 tantum
1259 5006 1312 5064 in
1359 5014 1628 5068 nonnullis
1665 5006 1846 5071 verbis
1879 5035 1891 5070 :
1926 5018 1987 5070 ob

409 5094 508 5152 pro
540 5079 628 5143 ad,
655 5081 794 5152 regia
829 5095 928 5152 pro
953 5081 1127 5152 regite,
1156 5080 1297 5133 decet
1331 5086 1467 5135 enim
1503 5099 1600 5152 pro
1623 5086 1803 5151 etiam,
1834 5087 1991 5141 ditio-

411 5148 492 5221 nis
516 5165 626 5221 suae
646 5148 891 5221 subjectis
914 5150 1150 5202 inlazsam
1187 5148 1624 5221 conservare'pro
1663 5148 1851 5208 ditio’ni
1881 5171 1992 5210 sua:

482 5217 528 5296 ..
598 5219 628 5232 ,.
1248 5221 1282 5296 ._
1325 5291 1341 5296 Δ
1751 5227 1992 5296 .mpm

1841 5313 1856 5326 ι
1889 5299 1971 5326 Λευ

1150 5305 1216 5326 Mn
1247 5291 1489 5326 durans-nr
1517 5308 1610 5326 nrn
1639 5311 1840 5326 Isaanresn

411 5291 609 5326 dphilnc
662 5303 883 5326 nssnrsnn
925 5291 1146 5326 rlisn'rznrl

2159 4947 2271 5072 (722
2303 4949 2591 5008 Deuteron.
2642 4970 2761 5025 cap.
2803 4939 2916 5022 m‘,
2944 4959 3029 5014 ts.
3075 4960 3207 5014 -ιι
3235 4960 3388 5018 Pauli
3430 4965 3498 5020 ad
3545 4967 3665 5021 (lor.

2159 5033 2215 5072 It.
2274 5060 2288 5072 .
2320 5019 2508 5072 Matth.
2546 5039 2700 5072 xvm.
2725 5025 2919 5072 Joann-
2953 5044 3071 5072 νιη,

2091 5033 2215 5080 xm,
2248 5019 2288 5073 Ι.
2320 5019 2508 5074 Matth.
2545 5019 2920 5081 xvtufJoann.
2953 5044 3071 5083 vm.

2162 5089 2275 5158 (75)
2305 5088 2454 5161 {unae
2480 5107 2597 5161 cap.
2627 5110 2686 5161 η,
2726 5097 2778 5149 9.

2163 5161 2274 5232 (ῖᾷ)
2313 5158 2462 5232 γεγε.
2498 5158 2585 5215 57.

2169 5291 2278 5326 mni
2332 5291 2514 5326 M.Zt:....
2553 5291 2827 5326 '..-__:.-_-
2889 5321 2980 5326 -__-_
