3960 6320
159 444 244 501 585

1165 444 1593 503 FRANCORUM
1628 442 1871 501 necuu
1909 416 2389 503 curruum.

3260 434 3367 505 asc

154 572 254 629 μω
278 546 405 610 ferre
431 569 530 611 non
571 554 784 623 debent,
834 556 1103 627 quomodo
1144 560 1431 630 accipitres
1469 569 1685 629 portare
1714 541 1761 598 Α
1788 555 2016 626 populus
2042 556 2277 611 lidelium
2305 557 2360 612 in
2384 572 2450 613 eo
2468 558 2784 613 scandalum
2812 560 3070 628 patiatur.
3096 558 3153 615 Si
3180 570 3360 615 autem
3388 600 3391 603 λ

154 642 425 700 debebunt?
472 642 562 699 Sic
591 644 691 699 rite
729 659 962 701 canones
1013 648 1331 718 praecipiunt
1366 657 1425 703 ut
1471 646 1683 719 episco-

149 750 229 806 pus
248 730 393 788 vilem
439 733 857 805 subpellectilcm
896 751 1096 793 mensa:
1125 739 1193 793 ad
1239 739 1441 794 victum
1486 742 1686 811 paupe-

146 840 242 879 rum
262 822 461 886 habeat,
509 833 562 879 et
587 825 866 895 dignitatis
918 842 1031 883 sua:
1057 827 1437 884 auctoritatem
1488 830 1591 886 fide
1630 839 1685 888 et

144 914 234 971 vite
253 914 453 970 meritis
471 923 683 984 querat.
733 913 869 972 Nam
900 927 1093 989 pastor
1125 935 1154 973 a
1179 920 1468 990 pascendis
1493 919 1684 977 ovibus

140 1014 329 1062 vocatus
353 1014 452 1073 est,
479 1021 583 1062 non
604 1021 636 1062 a
661 1008 885 1066 canibus
909 1027 924 1065 :
947 1010 1085 1066 sicut
1105 1025 1205 1081 per
1232 1012 1549 1083 prOphetam
1567 1011 1681 1085 (77)

138 1099 301 1153 dicitur
358 1115 372 1151 :
432 1090 618 1154 Nonne
684 1115 801 1155 oves
877 1110 1166 1171 pascuntur
1236 1120 1269 1157 a
1335 1103 1684 1175 pastoribus?

137 1188 258 1253 Hinc,
285 1187 599 1245 Bonefaeius
630 1188 685 1245 in
727 1192 1077 1262 synodalibus
1106 1194 1337 1250 decretis
1366 1195 1467 1252 sub
1492 1193 1678 1252 Carlo-

135 1292 300 1334 manno
319 1277 448 1334 dure
477 1287 533 1335 et
569 1280 812 1351 principe
856 1274 1189 1338 FranCorum
1220 1283 1419 1341 habitis
1458 1285 1577 1358 ’(78)
1605 1287 1682 1343 ait

133 1367 406 1424 venationes
432 1372 487 1425 e1
512 1364 789 1427 silvaticas
809 1373 1124 1445 vagationes
1163 1391 1284 1431 cum
1318 1377 1541 1434 canibus
1563 1395 1681 1435 om-

132 1457 263 1513 nibus
290 1458 453 1515 servis
483 1457 581 1515 Dei
611 1459 859 1518 interdici
886 1480 902 1529 ;
932 1460 1179 1520 similiter
1214 1474 1274 1520 ut
1298 1468 1583 1537 accipitres
1621 1480 1676 1526 et

131 1547 327 1605 falcones
352 1565 455 1607 non
494 1551 754 1608 habeant.
789 1553 845 1609 ln
867 1554 1097 1613 concilio
1120 1571 1250 1613 vero
1275 1557 1531 1631 Agatensi
1565 1560 1675 1632 (79)

128 1647 171 1694 et
193 1638 395 1709 reliquis
440 1649 752 1697 sanctorum
802 1641 1026 1700 Patrum
1078 1645 1434 1704 conventibus
1459 1648 1530 1681 ἠ
1557 1650 1675 1720 pari

128 1728 301 1785 ratione
323 1731 421 1787 hoc
459 1732 621 1789 modo
661 1732 949 1791 dil'ﬂnitum
973 1744 1100 1793 est:
1141 1736 1436 1811 Episcopis,
1479 1742 1677 1812 presbi-

127 1821 223 1876 teris
240 1831 381 1893 atque
404 1822 717 1880 diaconibus
763 1843 919 1883 canes
948 1827 1018 1884 ad
1044 1832 1337 1885 venandum
1366 1844 1521 1905 atque
1563 1834 1671 1906 {al-

128 1926 246 1966 cones
264 1922 552 1986 ceterosque
574 1916 646 1969 ad
666 1916 949 1973 ludendum
978 1937 1096 1975 aves
1121 1921 1312 1978 habere
1349 1940 1452 1979 non
1481 1924 1669 1993 liceat;

124 2002 233 2069 quod
252 2001 295 2057 si
316 2003 429 2073 quis
455 2005 648 2061 talium
667 2025 1007 2077 personarum
1026 2012 1084 2066 in
1104 2013 1205 2067 hac
1225 2013 1489 2071 voluntate
1509 2016 1669 2088 fuerit

125 2093 338 2159 detentus,
367 2096 415 2150 si
442 2096 717 2168 episcopus
744 2109 845 2167 est,
887 2102 1055 2158 tribus
1082 2105 1343 2161 mensibus
1369 2125 1401 2163 a
1429 2125 1670 2167 commu-

125 2182 247 2238 nione
277 2188 650 2258 suspendatur,
695 2192 949 2261 presbiter
982 2195 1208 2264 duobus,
1259 2199 1516 2257 diaconus
1562 2221 1669 2262 uno

124 2271 172 2325 ab
214 2276 340 2329 omni
388 2278 556 2348 oﬂicio
606 2279 955 2338 ecclesiastico
1003 2294 1050 2340 et
1088 2291 1451 2349 communione
1494 2308 1666 2350 remo-

124 2375 283 2421 scatur.

173 2451 216 2509 7.
251 2455 319 2512 De
347 2460 670 2518 continentia
706 2466 1141 2537 presbiterornm.
1168 2471 1226 2527 ld
1271 2470 1346 2506 ”'
1385 2472 1552 2532 etiam
1596 2478 1665 2535 ad

122 2546 478 2606 ruetodiendam
510 2553 685 2609 vitam
728 2564 784 2612 et
818 2554 1019 2614 famam
1055 2562 1278 2634 speciali
1321 2566 1666 2625 ordinatione

120 2640 437 2713 praecipimus,
464 2653 525 2701 ut
555 2647 735 2705 nullus
770 2650 1095 2709 clericorum
1121 2664 1398 2713 extranea:
1446 2659 1661 2716 mulieri

121 2726 317 2797 qualibet
339 2734 632 2793 collatione
650 2747 746 2793 aut
766 2738 1137 2800 familiaritate
1154 2743 1446 2815 jungatur;
1474 2757 1527 2803 et
1552 2765 1660 2805 non

122 2819 255 2876 solum
282 2820 338 2880 in
379 2827 541 2883 domo
583 2827 730 2886 illius
762 2840 1019 2889 extranea
1052 2835 1247 2892 mulier
1275 2852 1380 2893 non
1414 2839 1658 2908 accedat,

121 2910 299 2969 sednec
325 2913 436 2986 ipse
476 2916 862 2988 frequentandi
904 2923 973 2979 ad
1011 2928 1330 2981 eittraneam
1373 2928 1658 2985 mulierem

120 2997 273 3056 lubeat
301 3015 647 3075 potestatem,
687 3010 784 3065 sed
822 3027 946 3068 cum
985 3023 1160 3070 matre
1199 3023 1410 3072 tantum
1456 3028 1511 3074 et
1564 3036 1657 3078 so-

121 3107 229 3161 rore,
258 3097 354 3154 ﬁlia
381 3110 438 3156 et
466 3112 657 3174 nepte,
690 3105 735 3160 si
768 3106 1038 3176 habuerit,
1066 3109 1293 3167 liberam
1336 3113 1534 3170 habeat
1561 3130 1658 3186 po-

120 3191 339 3277 testatem.
362 3189 491 3248 Item
522 3194 583 3249 in
614 3206 877 3266 sequente
914 3201 1148 3271 capitulo
1177 3203 1289 3277 (80)
1316 3205 1544 3263 ancillas
1569 3205 1655 3262 vel

119 3273 291 3334 libertas
309 3297 338 3337 a
365 3283 594 3341 cellario
614 3287 698 3343 vel
725 3299 937 3347 secreto
961 3273 1279 3352 ministerio
1295 3306 1349 3353 et
1371 3298 1440 3354 ab
1461 3300 1652 3355 eadem

118 3371 348 3457 ιηαωίοω
386 3373 443 3430 in
470 3390 583 3447 qua
612 3376 844 3436 clericus
879 3392 1080 3450 manet,
1121 3385 1324 3457 placuit
1362 3392 1650 3447 removeri.

115 3452 156 3552 In}
175 3463 373 3552 concilio
399 3482 533 3523 vero
564 3466 1018 3545 liilardense(81)
1047 3452 1283 3546 capitulo
1308 3476 1374 3534 ιε
1398 3481 1471 3535 ita
1513 3496 1653 3552 prac-

112 3544 303 3614 cipitur:
338 3552 794 3614 ‘Familiaritatem
825 3544 1197 3619 extranearunt
1228 3544 1650 3628 mulierum—licet

111 3651 160 3687 ex
190 3649 280 3695 toto
305 3645 469 3699 sancti
508 3644 703 3702 Patres
734 3651 968 3722 antiquis
993 3650 1367 3711 monitionibus
1390 3671 1651 3731 princeps-

114 3728 189 3783 rint
218 3734 400 3792 clericis
441 3740 768 3809 evitandum,
808 3740 865 3798 id
911 3761 1050 3801 nunc
1076 3757 1252 3804 tamen
1302 3750 1449 3807 nobis
1479 3754 1649 3811 visum

111 3831 180 3888 est,
202 3836 249 3880 ut
272 3831 359 3899 qui
378 3831 503 3888 talis
530 3833 861 3903 probabitur,
888 3849 1005 3908 post
1030 3841 1256 3910 primaut
1289 3851 1336 3899 et
1359 3845 1644 3903 secundum

110 3919 482 3977 ammonitionem
549 3924 597 3978 si
661 3916 938 3983 emendare
998 3930 1320 4001 neglexerit,
1381 3936 1545 3991 donec
1595 3940 1649 3994 in

109 4002 201 4099 ξξιὶο
217 4024 513 4080 perseverat,
531 4015 686 4085 oﬁrii
706 4017 791 4071 sui
810 4018 1065 4090 dignitate
1087 4025 1340 4093 privetur.
1364 4027 1518 4094 Quod
1532 4032 1648 4099 sise

108 4088 400 4183 Deojurantc
421 4107 738 4173 correxerit,
768 4121 949 4165 sancto
986 4113 1273 4171 ministerio
1301 4130 1644 4179 restauretur.

152 4183 198 4240 8.
235 4189 301 4246 De
323 4196 664 4252 excusatione
684 4201 1093 4271 prespiterorum
1118 4215 1165 4260 et
1190 4204 1554 4267 diaconorum.
1586 4213 1643 4269 Si

106 4277 197 4375 quis
216 4286 472 4351 presbiter
503 4290 632 4345 vita:
670 4305 782 4347 sua:
827 4295 1120 4367 neglegens
1160 4300 1341 4369 pravis
1384 4302 1645 4375 exemplis

105 4367 212 4425 mla
245 4373 308 4430 de
343 4390 401 4433 se
426 4380 698 4450 suspicari
729 4386 1065 4454 permiserit,
1090 4367 1404 4461 etipopulus
1434 4395 1502 4450 ab
1529 4367 1646 4467 epi-

104 4468 228 4526 θεορο
260 4462 569 4532 iuramento
607 4484 701 4527 seo
731 4472 800 4505 ’³⁷
844 4473 1023 4531 hanno
1057 4477 1477 4541 Christianitatis
1515 4462 1643 4542 con-

104 4548 300 4622 strictus,
324 4557 607 4616 infamiam
633 4563 750 4635 ejus
773 4563 1113 4635 patefecerit,
1142 4579 1196 4625 et
1218 4573 1385 4629 ceteri
1418 4591 1642 4633 accusa-

104 4641 214 4695 lores
249 4646 487 4704 criminis
537 4648 657 4720 ejus
705 4653 1002 4724 defuerint,
1048 4659 1408 4718 admoneatur
1463 4664 1640 4736 primo

104 4736 301 4788 seorsum
327 4738 394 4792 ab
419 4740 694 4812 episcopo,
727 4744 923 4802 deinde
969 4748 1070 4803 sub
1106 4748 1316 4807 duobus
1347 4753 1431 4809 vel
1465 4757 1641 4815 tribus

103 4819 318 4893 testibus;
346 4829 388 4884 si
417 4846 529 4886 non
553 4835 943 4902 emendaverit,
972 4838 1028 4892 in
1067 4851 1337 4899 conventu
1371 4848 1641 4915 presbite-

104 4917 248 4967 rerum
285 4920 570 4991 episcopus
611 4940 734 4981 eum
782 4928 996 4997 publica
1039 4928 1406 5003 increpatione
1448 4938 1637 4994 admo-

102 5010 215 5056 neat.
267 5007 321 5063 Si
377 5027 513 5070 vero
563 5030 665 5071 nee
715 5017 797 5073 sic
857 5034 916 5075 se
973 5024 1293 5092 correxerit,
1344 5027 1413 5083 ab
1463 5028 1639 5087 oliicio

102 5098 415 5164 suspendatur
462 5121 633 5178 usque
683 5109 752 5165 ad
799 5110 1014 5182 dignam
1065 5114 1519 5188 satisfactionem,
1572 5136 1641 5178 ne

1682 3250 1728 3312 C

1786 653 2136 702 accusatores
2181 646 2407 718 legitimi
2441 646 2663 715 fuerint,
2697 649 2790 718 qui
2832 664 2950 719 ejus
2979 650 3208 705 crimina
3242 667 3389 705 ma»

1784 735 1997 792 nifestis
2031 736 2245 793 indiciis
2275 740 2509 809 probare
2538 739 2938 805 contenderim,
2967 748 3025 796 et
3053 741 3168 810 ipse
3197 756 3363 813 nega-

1785 827 1943 894 verit,
1971 837 2097 884 tunc
2136 829 2252 901 ipse
2282 845 2404 885 cum
2434 830 2598 886 sociis
2628 830 2741 887 suis
2767 830 3008 902 ejusdem
3036 832 3244 890 ordinis
3266 850 3363 890 sex

1784 918 1938 983 viris,
1964 920 2013 975 si
2042 920 2204 987 valet,
2234 936 2266 976 a
2292 921 2522 977 crimine
2549 922 2901 992 semetipsum
2924 934 3208 995 expurget.
3236 925 3365 981 Dia-

1784 1024 1953 1067 conus
1989 1026 2141 1079 vero,
2170 1011 2216 1069 si
2252 1012 2444 1069 eodem
2472 1012 2701 1068 crimine
2735 1021 3024 1071 accusatus
3051 1015 3233 1084 fuerit,
3266 1031 3357 1073 se-
3388 1052 3393 1059 ε

1784 1102 2071 1173 metipsum
2102 1120 2225 1160 cum
2250 1105 2423 1161 tribus
2448 1104 2745 1161 examinet.
2818 1130 2823 1135 ε

1849 1195 1907 1252 9.
1945 1194 2024 1251 De
2043 1196 2332 1266 infantibus
2357 1197 2633 1264 obpressis.
2660 1197 2721 1254 Si
2759 1200 2883 1270 quis
2913 1200 3173 1258 infantem
3201 1214 3361 1259 suum

1782 1286 1999 1343 incaute
2028 1289 2354 1359 oppresserit
2379 1299 2472 1344 aut
2496 1290 2941 1348 vestimentorum
2974 1295 3214 1365 pondere
3241 1294 3357 1350 suf-

1780 1377 2042 1434 focaverit
2075 1387 2197 1450 post
2225 1380 2514 1450 baptisma,
2540 1382 2822 1452 proximos
2850 1383 2922 1439 4ο
2958 1383 3077 1440 dies
3113 1386 3356 1455 peniteat

1780 1471 1833 1526 in
1866 1486 2006 1542 pane
2037 1481 2092 1526 et
2114 1486 2258 1543 aqua
2290 1481 2346 1529 et
2380 1472 2619 1530 oleribus
2640 1483 2803 1545 atque
2826 1475 3209 1547 leguminibus,
3237 1485 3295 1533 et
3324 1494 3357 1533 a

1777 1562 2026 1633 coniugio
2072 1577 2132 1617 se
2185 1562 2474 1618 abstineat.
2521 1562 2712 1621 Postea
2769 1574 2879 1622 tres
2940 1581 3112 1624 annos
3157 1568 3211 1622 in
3262 1582 3357 1638 pe-

1777 1652 2002 1708 nitentia
2055 1654 2239 1723 exigat
2293 1653 2364 1686 ²⁹⁸
2414 1669 2514 1725 per
2561 1654 2832 1726 legitimas
2887 1655 3068 1720 ferias,
3121 1665 3184 1712 et
3243 1667 3356 1712 tres

1774 1738 2238 1810 quadragesimas.
2275 1738 2345 1794 Et
2382 1739 2431 1795 si
2482 1749 2609 1795 ante
2653 1741 2982 1811 baptismum
3025 1745 3355 1813 oppresserit

1778 1825 2060 1894 infantem,
2098 1827 2376 1899 proximos
2407 1828 2523 1885 dies
2559 1828 2650 1897 ιο,
2683 1839 2740 1885 ιιι
2767 1845 2950 1901 supra.
2991 1832 3186 1889 Postea
3223 1850 3354 1889 vero

1775 1916 2204 1987 quinquennium
2233 1918 2469 1989 expleat.

1847 2006 1933 2061 10.
1974 2007 2052 2062 De
2091 2007 2354 2063 adulterio
2375 2009 2467 2063 ⁸⁸³.
2501 2008 2561 2066 Si
2595 2010 2717 2081 quis
2746 2011 3011 2069 incestum
3032 2013 3112 2046 *α’
3135 2014 3349 2071 occulta

1774 2099 2131 2167 commiserit,
2162 2108 2219 2156 et
2251 2103 2516 2159 sacerdoti
2547 2104 2762 2161 occulte
2800 2106 3194 2165 confessionem
3224 2123 3345 2183 ege-
3390 2154 3395 2157 -

1772 2188 1866 2255 rit,
1896 2190 2165 2247 iudicetur
2199 2193 2250 2248 ei
2283 2195 2582 2251 remedium
2622 2199 2944 2255 canonicum
2986 2203 3130 2272 quod
3165 2204 3351 2259 subire

1771 2277 2051 2346 debuerat,
2094 2282 2138 2336 si
2174 2280 2293 2351 ejus
2330 2282 2540 2340 facinus
2572 2285 2846 2356 publicum
2888 2286 3112 2356 fuisset;
3158 2306 3348 2347 verum

1769 2368 1894 2438 quia
1924 2368 2055 2425 latet
2080 2373 2452 2441 commissum,
2480 2375 2639 2432 detur
2678 2378 2727 2432 ei
2770 2393 2801 2432 a
2845 2381 3124 2437 sacerdote
3163 2384 3350 2439 consi-

1769 2458 1926 2526 lium,
1955 2469 2014 2515 ut
2035 2461 2194 2517 saluti
2218 2464 2413 2520 animae
2439 2481 2551 2522 sum
2572 2482 2671 2538 per
2694 2469 2961 2526 occultam
2986 2472 3344 2542 penitentiam

1767 2550 2093 2619 prospiciat;
2136 2552 2238 2607 hoc
2271 2562 2357 2608 est
2398 2564 2459 2610 ut
2486 2557 2756 2613 veraciter
2782 2573 2849 2614 ex
2887 2562 3051 2616 corde
3081 2563 3343 2633 peniteat,

1767 2656 1826 2697 se
1863 2642 2101 2714 graviter
2136 2643 2447 2715 deliquisse,
2489 2654 2543 2703 et
2581 2662 2678 2718 per
2701 2649 2906 2720 jejuuia
2938 2660 2992 2706 et
3019 2650 3345 2711 elemosinas

1764 2734 2105 2807 vigiliasque,
2136 2745 2301 2807 atque
2334 2752 2432 2808 per
2470 2728 2658 2795 sacras
2694 2741 2971 2799 orationes
3011 2757 3135 2799 cum
3178 2745 3343 2805 lacri-

1764 2826 1870 2883 mis
1902 2842 1959 2883 se
1988 2844 2219 2899 purgare
2244 2831 2556 2898 contendat,
2594 2842 2644 2887 et
2677 2834 2757 2889 sic
2801 2848 2862 2889 se
2888 2835 2953 2891 ad
2981 2852 3133 2907 spem
3171 2838 3342 2895 venia:

1762 2934 1861 2990 per
1885 2918 2315 2977 misericordiam
2339 2920 2432 2976 Dei
2461 2923 2746 2993 pervenire
2771 2925 3024 2981 confidat.
3104 2968 3109 2973 .
3200 2970 3203 2973 λ

1833 3011 1921 3067 il.
1961 3010 2040 3066 De
2085 3011 2388 3069 homicidio.
2432 3013 2489 3070 Si
2531 3025 2791 3087 quattuor
2836 3018 2921 3075 vel
2966 3020 3207 3093 quinque
3243 3009 3373 3079 seu‘

1761 3101 1925 3156 etiam
1966 3102 2152 3172 plures
2188 3112 2379 3159 contra
2405 3105 2679 3162 hominem
2707 3124 2872 3165 unum
2904 3111 3065 3167 rixati
3109 3111 3335 3179 fuerint,

1761 3202 1816 3249 et
1864 3194 1932 3250 ab
1981 3195 2066 3251 his
2119 3196 2434 3253 vulneratus
2489 3210 2737 3257 mortuus
2783 3203 2965 3270 fuerit,
3014 3207 3342 3278 quicumque

1758 3301 1946 3342 eorum
1974 3287 2188 3360 plagam
2215 3288 2580 3361 imposuisset,
2614 3296 2910 3351 secundum
2949 3306 3150 3353 statuta
3176 3314 3345 3355 cano-

1758 3393 1886 3433 num
1918 3386 1977 3433 ut
2015 3381 2290 3438 homicida
2326 3380 2627 3452 judicetur,
2659 3396 2867 3457 septem
2898 3404 3163 3446 annorum
3191 3395 3344 3464 peni—

1754 3471 1982 3525 tentiam
2024 3474 2244 3540 subeat;
2293 3475 2397 3530 hoc
2436 3486 2522 3532 est
2562 3478 2841 3547 proximos
2867 3480 2984 3537 dies
3011 3481 3081 3536 40
3103 3484 3345 3552 peniteat

1750 3560 1808 3615 in
1834 3572 1977 3631 pane
1997 3571 2053 3616 et
2075 3576 2213 3633 aqua
2236 3572 2292 3618 et
2316 3562 2677 3635 leguminibus
2700 3576 2757 3623 et
2778 3568 3036 3636 oleribus,
3067 3572 3343 3631 abstineat

1752 3669 1812 3711 se
1852 3658 1924 3711 ab
1946 3655 2147 3712 'uxore'
2173 3666 2230 3713 et
2276 3659 2524 3730 ingressu
2569 3661 2821 3728 ecclesie,
2852 3663 3047 3720 deinde
3087 3665 3123 3720 3
3168 3683 3341 3724 annos

1752 3748 2022 3802 abstin.-at
2047 3763 2105 3803 se
2130 3765 2161 3804 a
2195 3763 2379 3815 carne,
2401 3751 2549 3816 vino,
2582 3750 2812 3808 medone
2860 3761 2914 3807 et
2956 3757 3165 3811 cervisa
3205 3759 3337 3813 mel-

1748 3837 1865 3903 lita,
1896 3839 2135 3908 exceptis
2161 3837 2315 3895 festis
2340 3841 2529 3896 diebus
2557 3851 2610 3897 et
2645 3843 2793 3912 gravi
2833 3843 3187 3901 infirmitate.
3219 3847 3327 3901 Rc-

1746 3929 1925 4001 liqnos
1955 3939 2136 3987 autem
2164 3940 2423 4002 quattuor
2450 3932 2624 3989 tribus
2665 3934 2917 4005 legitimis
2948 3937 3095 3992 feriis
3124 3938 3177 3991 in
3218 3940 3327 3995 siu-

1749 4022 1888 4092 gulis
1932 4023 2356 4079 hebdomadibus
2414 4034 2470 4080 et
2515 4026 2549 4081 5
2592 4027 3023 4098 quadrngesimis
3074 4030 3126 4084 in
3176 4034 3336 4087 annis

1750 4114 1976 4186 singulis
2005 4129 2034 4170 a
2071 4130 2236 4171 carne
2266 4123 2473 4171 tantum
2505 4117 2795 4174 abstineat.
2838 4119 3044 4190 Albgis,
3081 4122 3172 4192 qui
3205 4140 3340 4178 uxo-

1750 4222 1863 4263 rem
1911 4206 2151 4264 Patrichi
2195 4209 2408 4281 publice
2458 4209 2710 4267 auferens
2761 4213 2827 4268 ad
2876 4223 3152 4271 extremos
3203 4216 3335 4273 lines

1750 4298 1901 4369 regni
1925 4299 2080 4354 duxit
2108 4300 2169 4355 in
2203 4302 2389 4356 rudem
2419 4302 2485 4334 ³⁸⁸
2519 4303 2695 4359 adhuc
2725 4306 3180 4363 christianitatem
3209 4326 3335 4381 gen-

1720 4394 1819 4450 ‘tis
1883 4394 2268 4464 Maraensium,
2330 4408 2389 4454 et
2454 4399 2683 4456 crimine
2738 4401 2986 4457 adulterii
3042 4404 3334 4461 ecclesiam

1745 4485 1949 4542 Christi
1977 4486 2297 4553 diffamavit,
2327 4490 2601 4545 communi
2625 4491 2853 4547 consilio
2884 4494 3245 4563 decernimus,
3274 4506 3335 4551 ut

1741 4578 1896 4649 jussu
1928 4578 2069 4650 regis
2096 4579 2148 4634 in
2173 4579 2396 4635 exilium
2430 4582 2649 4647 missus,
2671 4581 2825 4652 juxta
2855 4599 3132 4641 sacrorum
3164 4604 3328 4643 cano~

1745 4683 1874 4723 num
1897 4678 2099 4725 statuta
2125 4671 2477 4741 penitentiam
2498 4672 2729 4742 pleniter
2750 4683 2892 4745 agat,
2926 4676 2976 4733 id
2999 4688 3083 4733 est
3101 4678 3136 4733 5
3158 4695 3331 4737 annos

1743 4778 1867 4817 cum
1911 4778 2049 4833 pane
2077 4776 2133 4819 et
2169 4777 2309 4837 aqua
2350 4775 2405 4821 et
2433 4766 2793 4839 leguminibus
2834 4778 2997 4840 atque
3028 4772 3329 4840 holeribus,

1741 4854 1987 4925 exceptis
2017 4856 2303 4926 prtecipuis
2338 4856 2740 4926 festivitatibus,
2781 4870 2836 4916 et
2866 4873 3051 4933 postea
3087 4864 3122 4918 4
3158 4878 3331 4922 annos

1709 4943 1879 5001 'alios
1927 4961 2024 5017 per
2070 4949 2310 5020 singulas
2354 4950 2684 5007 ebdomadas
2734 4963 2843 5010 tres
2908 4955 3023 5011 dies
3078 4958 3329 5012 similiter

1710 5032 2034 5104 'abs‘tiueat,
2084 5049 2140 5095 et
2202 5049 2312 5096 tres
2356 5042 2825 5113 quadragesimas,
2879 5046 2980 5101 nisi
3039 5047 3330 5101 inlirmitas

1747 5129 1916 5193 nimia
1949 5130 2052 5187 hoc
2097 5130 2246 5186 illum
2290 5132 2575 5202 prohibeat
2615 5134 2687 5189 ita
2738 5135 2961 5206 inplere,
2993 5146 3050 5193 et
3083 5138 3328 5208 deposito

1338 5256 1573 5315 vanius
1630 5261 2032 5322 LECTIONES.
2112 5340 2118 5345 η
2302 5326 2307 5331 .
2824 5318 2827 5321 -
3196 5324 3205 5331 .
3341 5257 3353 5308 θ

159 5342 212 5382 ³⁸
234 5357 666 5416 convenientibus
692 5375 747 5418 c.
818 5362 891 5397 m
920 5363 987 5420 Ut
1014 5380 1062 5420 c.
1138 5367 1208 5402 ’θ’

100 5413 152 5448 ’θ’
176 5421 409 5507 inhonest
439 5431 495 5484 in
523 5413 692 5504 marg.
767 5432 833 5466 ³⁹¹
869 5434 922 5490 in
952 5451 1146 5492 novam
1186 5440 1241 5496 in
1268 5413 1436 5512 imi).

1238 5385 1297 5425 se
1322 5372 1391 5427 ab
1418 5388 1560 5431 anno
1595 5392 1655 5451 (ε.¹
1722 5380 1791 5411 ’⁸⁸
1828 5392 2088 5452 expurget
2120 5379 2176 5436 in
2206 5396 2374 5454 marg.

2462 5384 2532 5416 ¹⁹⁹
2564 5385 2897 5441 scribendum
2932 5398 2952 5436 .'
2990 5391 3058 5441 de
3089 5396 3321 5443 Inccslu.

1567 5558 1794 5618 NOTIE.

153 5652 248 5733 (ῃ)
284 5661 544 5733 Ezechiel.
574 5683 762 5733 xxxrv,
802 5669 853 5725 i.
1457 5696 1463 5705 -

155 5725 417 5811 (iiiiiiide
436 5751 614 5811 supra
664 5725 785 5811 pag.
841 5739 1177 5809 17(Pntrol.
1234 5754 1366 5802 tom.
1420 5745 1622 5811 XCVII.

98 5790 385 5889 Ξτξέθξξάιειπία
421 5790 866 5889 θανἹέἷηαῖιὶιῗάιῙ
882 5790 989 5866 ’διὲξ
1015 5790 1625 5889 i127;cii'éiiitu‘EJEi

93 5862 259 5923 dictum
280 5871 364 5929 lib.
395 5890 434 5943 ι,
462 5893 514 5933 c.
545 5878 601 5932 2.

486 5969 761 6037 Paruon.
807 5972 975 6036 CXX
986 5975 1213 6042 Xi'lll.

1801 5682 1913 5753 (79)
1948 5683 2247 5740 Concilium
2298 5682 2604 5753 Agathense
2650 5683 2702 5737 in
2756 5681 2927 5740 Gallia
2978 5682 3320 5742 Narbonensi

1729 5768 1820 5827 an.
1836 5754 2304 5827 _506_celebratnm
2324 5763 2415 5827 est
2444 5753 2727 5825 (llarduini
2754 5754 2885 5809 Acta
2917 5755 2978 5823 ll,
3026 5757 3177 5827 995).

1802 5824 1917 5893 (80)
1953 5824 2153 5878 Ibidem
2184 5824 2247 5888 ll,
2282 5823 2409 5878 999.

1812 5895 1924 5967 (ει)
1963 5895 2165 5952 Ibidem
2189 5894 2251 5965 ιι,
2278 5894 2434 5952 tces.

2965 5995 3044 6065 19
