3876 5326
566 179 672 237 537
766 159 770 162 ⁴
1268 178 1689 264 aermnae
1728 184 1902 240 sec.
1945 186 2013 243 ι.
2053 217 2097 229 .-

2267 185 2591 242 NUMENTA
2629 189 3100 251 DIPLOMATICA.
3719 202 3798 261 583

555 292 1035 376 lmilitaricingulo
1058 292 1206 349 omni
1242 304 1486 364 tempore
1512 296 1636 350 vitae
1666 296 1872 366 absque
1897 295 2150 366 conjugio
2179 289 2226 343 Α
2257 299 2463 354 textilia
2496 316 2600 356 non
2631 301 2854 370 faciant,
2882 321 2983 361 nec
3008 305 3262 376 capulent
3290 308 3548 373 vestitus.
3578 324 3673 367 nec
3691 327 3798 369 coo-

557 395 905 457 permaneat.
933 385 1009 441 De
1033 385 1263 442 Battone
1297 386 1434 457 (8‘3),
1461 388 1555 457 qui
1585 397 1875 444 accusatur
1903 388 2152 469 homines
2252 398 2435 456 suant,
2475 390 2561 445 vel
2609 392 2834 464 acupile‘
2869 395 3025 461 ﬁant,
3075 408 3174 450 nec
3218 394 3398 451 lanam
3448 412 3688 469 carpere,
3721 417 3801 458 nec

563 476 807 547 quinque
836 476 1119 547 occidisse,
1154 473 1514 544 indicavimus
1548 493 1695 543 eum,
1732 487 1788 533 et
1827 493 1857 531 a
1900 477 2152 563 conjugio
2252 477 2421 535 linum
2470 482 2702 549 battere,
2754 500 2854 539 nec
2894 484 2948 539 in
2997 486 3215 555 publico
3256 488 3585 545 vestimenta
3627 490 3798 558 lavare,

563 582 627 623 se
654 567 951 632 abstinere,
981 576 1038 622 et
1064 581 1237 636 usque
1256 567 1325 623 ad
1350 568 1512 624 linem
1545 568 1655 623 vite
1685 583 1782 625 sue
1824 570 1878 625 in
1906 570 2150 649 penitet);
2251 586 2351 627 nec
2381 571 2628 629 berbices
2658 574 2879 631 tondere
2916 575 3152 632 habeant
3190 577 3399 635 licitum
3426 597 3440 634 :
3475 590 3538 635 ut
3567 582 3801 636 omnimo-

562 661 638 715 tia
669 674 1044 729 perseverare.
2118 728 2123 739 ρ
2249 662 2333 718 dis
2361 663 2625 719 bonorum
2655 669 2870 736 requies
2897 667 2985 722 die
3023 667 3308 725 Dominico
3336 669 3699 740 persolvatur;
3726 675 3803 730 sed

514 793 519 798 .
562 798 571 803 ,
626 751 724 823 ⁸12.
764 750 1189 820 Depone-ubiuis.
1233 751 1385 818 Quod
1424 752 1467 808 si
1505 752 1762 822 quislibet
1788 750 2149 835 concubinam
2250 754 2319 809 ad
2349 754 2637 810 missarum
2666 757 2927 812 solemnia
2956 757 3022 812 ad
3051 757 3336 814 ecclesiam
3367 759 3611 832 undique
3637 776 3803 817 conve-

561 839 837 906 habuerit,
859 856 966 911 que
994 856 1099 895 non
1126 840 1365 915 legitime
1390 840 1862 912 l‘uitdesponsala,
1888 851 1941 896 et
1961 852 2147 921 postea
2248 844 2421 913 niant,
2444 856 2499 901 et
2527 845 2743 903 laudent
2766 847 2931 903 Deum
2953 864 3052 919 pro
3066 849 3319 905 omnibus
3341 849 3521 918 bonis,
3551 864 3655 922 que
3677 853 3806 907 nobis

548 930 946 1003 {desponsatam
991 933 1096 988 rite
1140 933 1374 1007 puellam
1422 933 1640 989 duxerit
1681 933 1896 1004 abjecta
1942 926 2148 990 concu-
2248 936 2302 991 in
2341 936 2427 992 illa
2458 938 2545 993 die
2574 938 2722 994 fecit.
3120 942 3123 949 “

558 1022 716 1088 bina,
755 1024 955 1079 habeat
994 1024 1143 1097 illam
1174 1040 1339 1096 quam
1387 1024 1628 1099 legitime
1660 1013 2032 1099 desponsavit.
2071 1028 2148 1082 De
2238 1012 2245 1017 ’
2319 1028 2407 1083 15.
2446 1027 2551 1094 Qui
2600 1047 2812 1086 uxorem
2860 1029 3013 1086 habet
3055 1041 3103 1087 et
3148 1032 3309 1087 simul
3337 1034 3698 1089 concubinam.
3744 1034 3808 1091 De

556 1117 667 1179 hoc
690 1118 803 1174 Leo
831 1133 969 1189 papa
1008 1118 1065 1173 in
1092 1118 1325 1175 decretis
1364 1119 1475 1175 suis
1505 1118 1578 1174 ita
1618 1119 1867 1175 diliinivit
1906 1119 2095 1175 dicens
2129 1137 2142 1173 :
2240 1110 2312 1172 ’eo
2337 1120 2430 1188 qui
2462 1134 2681 1174 uxorem
2714 1121 2894 1187 habet,
2924 1122 2970 1177 si
3000 1124 3356 1179 concubinam
3409 1124 3679 1191 habuerit,
3718 1142 3808 1182 non

545 1197 796 1272 gDubium
818 1229 923 1281 non
949 1221 1024 1267 est
1066 1228 1182 1267 eam
1210 1212 1484 1268 mulierem
1511 1230 1614 1267 non
1642 1214 1904 1290 pertinere
1935 1213 2004 1266 ad
2028 1196 2142 1266 ma-
2246 1208 2631 1263 communicet.
2659 1204 2911 1266 Ceterum
2955 1222 3134 1267 autem
3169 1212 3214 1267 is
3237 1214 3328 1283 qui
3357 1228 3464 1268 non
3499 1214 3658 1270 habet
3694 1232 3809 1271 uxo-

561 1303 887 1368 trimonium,
914 1304 968 1357 in
993 1320 1098 1373 qua
1125 1304 1342 1357 docetur
1375 1303 1609 1373 nuptiale
1636 1320 1739 1357 non
1764 1303 1928 1372 fuisse
1954 1313 2146 1373 myste-
2246 1314 2383 1366 rem,
2415 1308 2468 1355 et
2491 1316 2586 1370 pro
2613 1317 2780 1357 uxore
2806 1303 3160 1359 concubinam
3184 1305 3367 1370 habet,
3392 1319 3422 1360 a
3453 1310 3809 1363 communione

554 1397 699 1450 rium
718 1413 736 1460 ;
764 1404 982 1466 paterno
1017 1396 1235 1462 arbitrio
1280 1395 1403 1449 viris
1436 1394 1639 1466 juncta:
1680 1405 1855 1473 carent
1886 1394 2059 1465 culpa,
2100 1380 2145 1449 si
2246 1408 2352 1447 non
2379 1392 2641 1464 pellatur,
2673 1403 2878 1449 tantum
2906 1405 2999 1451 aut
3029 1396 3187 1452 unius
3228 1397 3503 1463 mulieris,
3534 1408 3630 1454 aut
3654 1400 3812 1454 uxoris

544 1484 830 1557 (mulieres,
887 1501 984 1554 que
1039 1503 1071 1539 a
1122 1484 1244 1539 viris
1293 1485 1655 1556 habebantur,
1704 1487 1759 1540 in
1808 1476 2144 1561 matrimonio
2229 1495 2338 1561 aut
2366 1485 2698 1551 concubinae,
2725 1488 2856 1543 utei
2879 1487 3167 1558 placuerit,
3194 1489 3265 1544 sit
3292 1487 3679 1558 eonjunctimte
3699 1498 3809 1545 eon-

546 1590 665 1631 .non
720 1575 977 1644 fuerunt,
1008 1574 1133 1651 auia
1189 1573 1337 1647 aliud
1378 1585 1453 1633 est
1509 1587 1707 1646 nupta,
1756 1576 1904 1630 aliud
1949 1593 2146 1632 concu-
2179 1611 2226 1651 _-
2248 1584 2447 1632 tentus.
2494 1578 2642 1633 Alias
2667 1578 3026 1646 vero'vivens,
3068 1581 3356 1647 abiciatur,
3410 1583 3586 1638 donec
3628 1581 3813 1638 desinat

544 1668 680 1722 bina
703 1667 837 1737 (85).
1053 1644 1059 1651 ’
1252 1642 1255 1647 ι
2174 1636 2221 1696 Β
2250 1676 2339 1723 aut
2371 1669 2437 1723 ad
2467 1670 2815 1740 penitentiam
2848 1683 3176 1728 revertatur.

553 1785 561 1797 ι
633 1757 720 1811 15.
767 1756 900 1810 Item
945 1758 1009 1813 de
1037 1756 1378 1815 Jtemicidiis.
1418 1756 1523 1813 Ubi
1565 1757 1903 1813 manifestari
1944 1755 2143 1827 potest,
2238 1758 2241 1761 ’
2320 1760 2407 1816 16.
2446 1756 2526 1816 De
2560 1766 2796 1834 parrutis
2827 1765 3053 1835 inﬁrmis
3098 1764 3451 1839 baptizandis.
3488 1764 3547 1823 Si
3578 1767 3817 1839 parvulus

557 1846 853 1916 quemlibet
882 1846 1157 1901 hominem
1186 1855 1529 1916 perpetrasse
1553 1848 1924 1911 homicidium,
1950 1863 2145 1923 secun;
2228 1844 2501 1935 iegrotans
2530 1856 2596 1910 ad
2623 1848 2916 1925 quemlibet
2953 1859 3315 1930 presbiterum
3359 1854 3617 1931 baptismi
3661 1862 3815 1932 gratis

544 1943 686 1995 dum
734 1955 971 2003 canones
1014 1940 1347 2010 (condignum
1396 1940 1710 2010 penitentia:
1748 1941 2011 2012 judicium
2068 1940 2143 2017 illi
2246 1944 2311 2000 de
2340 1942 2626 2013 “cujuslibet
2665 1948 2951 2016 parrochia
3000 1946 3195 2004 allatus
3235 1949 3424 2014 fuerit,
3480 1950 3532 2004 ei
3581 1949 3818 2021 baptismi

546 2036 854 2107 .ingeratur.
898 2034 954 2090 Si
985 2042 1168 2097 autem
1211 2032 1514 2099 manifestis
1553 2034 1767 2091 indiciis
1808 2050 1915 2090 non
1964 2042 2145 2104 potest
2246 2022 2642 2091 sacramentum
2688 2038 2995 2095 nullomodo
3039 2056 3145 2095 non
3178 2040 3424 2112 negetur.
3474 2038 3532 2096 Si
3575 2040 3699 2110 quis
3727 2040 3817 2095 hoc

544 2126 774 2197 probari
806 2139 931 2180 eutn
953 2123 1280 2180 homicidam
1305 2138 1449 2190 esse,
1473 2139 1574 2180 nec
1595 2126 1710 2195 ipse
1733 2124 1848 2179 vult
1872 2124 2141 2191 conﬁteri,
2245 2122 2441 2181 munus
2489 2124 2701 2198 petenti
2728 2122 2808 2161 ’θ’
2859 2124 3158 2186 concedere
3187 2127 3618 2197 det'ra‘ctaverit‘,
3665 2140 3722 2185 et
3745 2130 3822 2186 ille

545 2215 949 2287 omnipotentis
978 2214 1073 2270 Dei
1102 2212 1326 2282 judicio,
1360 2215 1447 2269 cui
1495 2214 1676 2269 omnia
1705 2215 1916 2270 occulta
1963 2216 2141 2287 mani-
2243 2217 2500 2295 parvulus
2542 2220 2746 2290 absque
2780 2219 3122 2290 baptismatis
3163 2220 3337 2297 gratia
3374 2224 3625 2296 mortuus
3652 2220 3819 2283 fuerit,

539 2305 699 2363 :fe‘sta
725 2316 872 2371 sunt,
909 2314 1239 2370 reservetur,
1267 2306 1425 2375 eique
1456 2314 1636 2362 tamen
1676 2307 1965 2371 indicetur,
1998 2308 2141 2387 quod
2222 2292 2558 2387 lnoveritqse
2607 2309 2696 2364 ille
2721 2349 2735 2375 ,
2769 2310 2859 2380 qui
2905 2324 3028 2365 eum
3071 2292 3181 2366 non
3210 2292 3543 2381 baptizavit,
3576 2328 3677 2384 pro
3716 2312 3821 2382 ejus

560 2399 944 2455 communione
981 2396 1355 2454 ecclesiastica
1388 2397 1640 2468 indignus
1678 2399 1769 2463 sit,
1803 2398 1975 2453 donec
2019 2380 2142 2471 per-
2222 2382 2422 2454 anima
2455 2395 2721 2456 rationem
2757 2401 3089 2457 redditurum
3118 2398 3172 2455 in
3198 2380 3518 2470 diejudicii.
3576 2380 3594 2384 ⁷
3698 2404 3707 2411 ‘

540 2492 828 2562 ,‘petratum
867 2490 1073 2546 crimen
1117 2505 1217 2562 per
1256 2487 1652 2546 confessionem
1695 2500 1750 2547 et
1788 2492 2141 2562 penitentiam
2224 2486 2229 2495 ’
2317 2489 2404 2545 17.
2448 2488 2514 2544 Ut
2542 2491 2716 2546 nullus
2763 2490 3028 2563 presbyter
3055 2488 3153 2546 alii
3176 2508 3328 2546 suam
3360 2494 3708 2563 parrochiam
3747 2494 3824 2547 in-

540 2585 881 2659 condignam
909 2584 976 2639 ab
1000 2584 1103 2640 hoc
1127 2583 1358 2651 crimine
1387 2596 1447 2639 se
1474 2583 1757 2640 absolvere
1781 2585 2024 2640 decertet
2045 2584 2136 2657 “f.
2224 2572 2492 2637 ‘tervenire
2520 2594 2826 2653 prazsamat.
2874 2581 3063 2637 Nullus
3092 2582 3375 2655 presbyter
3413 2584 3665 2640 ﬁdelibus
3710 2599 3823 2640 san-

554 2675 615 2731 Si
666 2676 898 2731 maritus
925 2690 1151 2730 uxorem
1181 2681 1276 2735 aut
1315 2689 1452 2735 uxor
1478 2674 1734 2729 maritum
1783 2673 2135 2735 interfecerit.
2224 2672 2343 2730 'an
2387 2670 2503 2729 Dei
2534 2668 2777 2732 ecclesiae
2823 2677 2889 2732 de
2918 2674 3143 2732 alterius
3186 2676 3493 2749 presbyteri
3523 2678 3823 2749 pari-cecini:

536 2754 750 2839 lequum
770 2765 1034 2841 judicium
1060 2766 1131 2821 sit
1151 2781 1316 2837 super
1342 2780 1455 2831 eos,
1486 2765 1699 2831 dicente
1726 2765 1962 2838 Domino,
1981 2758 2135 2837 (84):
2224 2761 2584 2844 persuadeat,
2634 2777 2689 2822 ut
2728 2764 2838 2839 (86)
2871 2762 3025 2822 suam
3057 2767 3342 2824 ecclesiam
3373 2754 3710 2824 concurrant
3737 2767 3823 2820 de—

534 2851 682 2915 3Non
716 2860 887 2930 facias
929 2860 1069 2931 quod
1107 2859 1344 2930 iniquum
1382 2867 1479 2924 est,
1512 2875 1604 2913 nec
1630 2858 1825 2928 injuste
1844 2857 2139 2929 judicabis,
2243 2856 2433 2912 relicta
2463 2857 2679 2928 propria
2727 2857 2981 2924 ecclesia,
3015 2867 3072 2914 et
3103 2860 3232 2913 suas
3259 2852 3499 2913 decimas
3543 2856 3651 2913 sibi
3683 2857 3822 2911 dent.

536 2936 647 3025 nec
672 2951 974 3026 consideras
994 2965 1273 3019 personam
1292 2949 1559 3020 pauperis,
1583 2965 1675 3004 nec
1688 2950 1910 3003 [tonores
1938 2948 2138 3004 uultum
2165 2981 2210 3043 Ο
2246 2945 2352 3002 Sed
2384 2949 2751 3018 unusquisque
2789 2948 2884 3003 sua
2913 2947 3143 3004 ecclesia
3190 2953 3479 3003 contentus
3516 2958 3575 3003 et
3614 2946 3828 3018 populo,

532 3039 811 3112 Lpotentis;
833 3040 980 3110 juste
1005 3039 1274 3109 judicabis
1314 3040 1615 3109 proximum
1656 3048 1828 3105 tuum,
1860 3038 1966 3093 sive
1985 3038 2135 3111 dives
2173 3036 2210 3043 “
2241 3039 2383 3111 quod
2416 3038 2518 3094 sibi
2556 3054 2662 3094 non
2704 3038 2818 3093 vult
2845 3036 2981 3105 ﬁeri,
3025 3037 3183 3094 alteri
3232 3053 3575 3109 nequaquam
3624 3038 3828 3098 faciat,

528 3136 620 3191 .sit
652 3134 740 3189 ille
761 3136 868 3189 sive
908 3133 1212 3204 peregrinus
1239 3150 1257 3199 ;
1289 3132 1436 3187 nulla
1464 3135 1561 3186 erit
1591 3133 1847 3187 distantia
1887 3148 2138 3207 persona-
2230 3130 2386 3199 juxta
2434 3130 2564 3185 illud
2615 3126 2983 3201 evangelicum
3011 3128 3122 3202 (87)
3158 3147 3171 3182 :
3204 3128 3540 3201 Quocumque
3579 3128 3742 3182 vultis
3779 3137 3830 3180 ut

551 3239 694 3289 rum,
725 3225 801 3277 ita
839 3239 1057 3292 parvum
1089 3221 1315 3276 audietis
1338 3233 1393 3287 ut
1424 3238 1709 3293 magnum;
1737 3238 1829 3276 nec
1872 3221 2136 3296 accipietis
2236 3221 2436 3291 faciant
2464 3222 2603 3276 vobis
2633 3221 2866 3276 homines
2890 3262 2905 3287 ,
2940 3221 3032 3276 hec
3073 3221 3252 3275 eadem
3299 3219 3462 3288 facile
3496 3218 3629 3272 illis.
3672 3217 3832 3284 Quis-

553 3312 867 3384 rnjusquam
895 3327 1197 3382 personam,
1235 3312 1358 3380 quia
1383 3309 1481 3365 Dei
1512 3310 1775 3380 judicium
1804 3321 1901 3367 est.
1929 3310 2136 3390 Idcirco
2220 3300 2358 3384 quis
2394 3323 2575 3368 autem
2627 3321 2815 3367 contra
2865 3312 2980 3366 haec
3012 3311 3303 3367 constituta
3329 3310 3563 3375 venerit,
3606 3318 3709 3389 aut
3752 3307 3836 3363 his

548 3413 783 3473 uterque
807 3419 994 3459 eorum
1023 3404 1075 3457 in
1102 3403 1409 3474 lmjusmodi
1434 3404 1682 3460 criminis
1708 3402 2062 3460 accusatione
2089 3404 2135 3461 si
2212 3405 2459 3481 monitis
2494 3404 2696 3460 nostris
2725 3403 2887 3478 reniti
2936 3402 3304 3473 temptaverit,
3354 3408 3448 3454 aut
3491 3399 3728 3470 gradum
3776 3412 3835 3450 se

546 3494 855 3565 negaverit,
882 3494 995 3564 pari
1031 3492 1237 3561 judicio
1262 3493 1625 3570 examinctur.
1702 3568 1705 3571 η
1991 3567 1994 3570 ἢ
2100 3486 2103 3487 ⁷
2233 3498 2374 3554 sciat
2403 3496 2753 3561 amissurum,
2783 3501 2879 3548 aut
2920 3492 2996 3567 "°‘
3040 3495 3094 3547 in
3123 3486 3346 3549 carcere
3389 3488 3552 3562 longe
3591 3498 3837 3561 tempore

622 3583 710 3639 14.
735 3583 814 3638 De
835 3583 1074 3653 operibus
1099 3584 1370 3639 servilibus
1389 3600 1488 3655 que
1509 3585 1691 3639 diebus
1712 3584 2006 3641 Dominicis
2030 3602 2134 3641 non
2234 3584 2602 3642 detinentium.
3650 3592 3653 3593 '

545 3685 670 3731 sunt
700 3675 925 3746 agenda.
955 3675 1255 3732 Statuimus
1278 3676 1389 3746 (85)
1414 3691 1632 3748 quoque
1656 3679 1950 3734 secundum
1989 3678 2134 3747 quod
2306 3677 2396 3732 18.
2438 3674 2506 3730 Ut
2540 3674 2715 3730 nullus
2742 3674 2960 3755 alterius
3002 3672 3112 3747 (88)
3155 3672 3401 3727 clericum
3427 3670 3699 3726 sollicitet.
3726 3670 3837 3726 Hoc

546 3768 606 3823 in
636 3768 754 3838 lege
783 3767 1041 3822 Dominus
1068 3768 1344 3839 praecepit,
1378 3776 1437 3822 ut
1480 3781 1646 3839 epera
1685 3769 1906 3825 servilia
1942 3756 2133 3825 diebus
2234 3781 2452 3839 quoque
2480 3766 2655 3822 modis
2696 3767 2950 3822 omnibus
2976 3765 3344 3836 prohibemus,
3396 3770 3456 3815 ut
3509 3761 3701 3817 nullus
3752 3776 3843 3815 ve-

547 3861 845 3916 Dominicis
866 3878 973 3915 non
998 3870 1247 3931 agantur,
1264 3860 1405 3915 sicut
1423 3868 1480 3915 et
1501 3860 1658 3916 bonae
1677 3861 1955 3915 memoria:
1983 3858 2134 3930 geni-
2233 3868 2407 3915 strum
2437 3857 2660 3914 alterius
2697 3857 2955 3912 clericum
2986 3854 3236 3911 sollicitet
3264 3862 3357 3908 aut
3404 3855 3664 3924 recipiat,
3709 3852 3837 3923 quis

532 3936 639 4011 iter
662 3972 815 4010 meus
842 3959 896 4010 in
925 3956 1039 4011 suis
1067 3954 1420 4026 synodalibus
1446 3956 1639 4011 edictis
1664 3955 1959 4020 mandavit,
1988 3941 2133 4024 quod
2232 3948 2414 4020 gravis
2464 3948 2531 4004 de
2591 3948 2693 4003 hac
2744 3963 2803 4003 re
2858 3948 2912 4003 in
2963 3948 3134 4003 sacris
3192 3945 3497 4001 canonibus
3546 3946 3837 4001 sententia

548 4062 651 4103 nec
696 4047 799 4102 viri
849 4046 1049 4115 ruralia
1076 4053 1391 4114 exerceant,
1438 4060 1538 4101 nee
1585 4047 1640 4101 in
1692 4047 1847 4103 vinea
1880 4045 2128 4111 colenda,
2231 4049 2337 4097 est.
3218 4119 3223 4123 ὑ

546 4153 651 4193 nec
688 4139 741 4192 in
772 4139 979 4206 eampis
1015 4137 1235 4199 arando,
1276 4151 1379 4192 nec
1418 4135 1471 4190 in
1512 4145 1750 4192 metente
1796 4136 1881 4192 vel
1923 4122 2131 4192 {mnum
2302 4133 2392 4189 19.
2435 4131 2501 4188 Ut
2536 4132 2713 4187 nullus
2739 4133 3006 4204 presbyter
3035 4122 3254 4187 munera
3293 4145 3421 4183 nare
3467 4128 3584 4201 (89)
3620 4130 3845 4199 presi-

548 4230 804 4291 secando,
834 4228 918 4284 vel
948 4242 1128 4298 sepem
1157 4228 1427 4299 ponendo,
1454 4241 1553 4282 nec
1577 4226 1630 4282 in
1653 4226 1802 4283 silvis
1827 4225 2127 4298 stirpando,
2208 4213 2339 4279 ‘mat
2370 4224 2590 4279 alterius
2628 4223 2898 4279 ecclesiam
2942 4223 3228 4293 subripere.
3274 4220 3333 4274 Si
3372 4234 3498 4290 quis
3539 4221 3847 4291 presbyter

519 4373 523 4376 ,
551 4321 633 4376 vel
654 4321 877 4376 arbores
897 4319 1124 4385 caedere,
1147 4318 1234 4374 vel
1255 4318 1310 4374 in
1336 4319 1507 4389 petris
1528 4303 1793 4383 laberare,
1819 4334 1921 4374 nec
1940 4318 2130 4374 domos
2157 4323 2210 4384 ι)
2237 4314 2489 4370 inventus
2525 4312 2690 4369 fuerit
2719 4314 2880 4368 alicui
2910 4312 3107 4368 clerico
3133 4320 3226 4365 aut
3263 4310 3400 4365 laico
3440 4326 3679 4364 munera
3710 4311 3849 4362 dare

530 4420 780 4478 struere,
811 4426 913 4467 nec
938 4411 992 4466 in
1015 4419 1136 4466 orto
1163 4409 1437 4476 laborent,
1466 4425 1568 4466 nec
1594 4410 1662 4465 ad
1684 4411 1888 4482 placita
1931 4394 2133 4466 conve-
2235 4415 2330 4459 aut
2356 4404 2590 4470 dedisse,
2622 4413 2679 4458 ut
2722 4401 3008 4458 ecclesiam
3055 4400 3276 4455 alterius
3319 4394 3613 4470 presbiteri
3647 4400 3845 4454 subri-

511 4501 720 4576 lniaut,
764 4516 866 4557 nec
905 4500 1225 4556 venationes
1265 4508 1589 4567 exerceant;
1636 4511 1691 4556 et
1744 4501 1848 4556 tria
1889 4501 2132 4555 carraria
2233 4499 2367 4570 piat,
2399 4497 2535 4554 sciat
2559 4511 2619 4551 se
2656 4511 2756 4566 pro
2801 4495 2906 4549 hac
2937 4493 3125 4564 rapina
3152 4500 3207 4547 et
3237 4506 3361 4546 seva
3402 4490 3723 4561 cupiditate
3752 4499 3849 4543 aut

545 4609 711 4664 opera
754 4594 882 4650 licet
924 4592 1042 4648 lieri
1089 4593 1142 4648 in
1182 4590 1271 4646 die
1307 4592 1598 4659 dominico,
1649 4593 1703 4648 id
1751 4602 1835 4655 est
1879 4592 2128 4649 bostialia
2234 4590 2461 4663 gradum
2507 4588 2860 4651 amissurmn,
2892 4595 2985 4639 aut
3028 4585 3086 4639 in
3132 4585 3371 4640 careeris
3404 4598 3641 4638 erumna
3674 4582 3853 4655 longe

508 4728 512 4733 .
546 4699 727 4748 carra,
750 4684 839 4757 vel
872 4679 1144 4746 victualia,
1187 4669 1321 4738 etsi
1364 4682 1505 4738 forte
1530 4697 1754 4738 necesse
1783 4683 1891 4738 erit
1933 4697 2129 4753 corpus
2235 4692 2477 4751 tempore
2505 4676 2855 4749 penitentiam
2881 4675 3088 4745 agendo
3126 4673 3492 4730 detinendam.

545 4773 835 4845 cujuslibet
876 4774 998 4830 duci
1042 4773 1112 4830 ad
1156 4772 1519 4845 sepulchrum.
1552 4773 1685 4829 Item
1717 4771 1917 4829 femine
1961 4765 2126 4843 opera
2302 4771 2393 4826 20.
2432 4769 2511 4825 De
2530 4767 2825 4841 presbiteris
2846 4766 3458 4845 quilzabuereconjugta,
3483 4763 3859 4841 Quicumque

1845 4910 2080 4967 VARUE
2111 4908 2513 4968 LECTIONES.

618 5056 689 5087 ³⁰¹
736 5063 952 5110 coercet
979 5067 1028 5108 c.
1061 5050 1201 5120 quod
1227 5049 1431 5104 correxi
1462 5048 1528 5102 P.
1608 5022 1676 5080 5"
1704 5046 1960 5119 penitenti
1988 5061 2037 5102 c.
2114 5047 2182 5080 ὀδ
2216 5054 2274 5103 ut
2301 5061 2356 5118 el

2053 5166 2287 5239 nunc.

644 5310 729 5326 nn\
774 5309 881 5326 II__
936 5302 1220 5326 ---ειηΙηη-
1270 5295 1650 5326 ΑΑηΓΛ-ιΑ-ιιῖηση
1699 5304 1778 5326 ne!
1827 5310 1949 5326 num
1997 5309 2096 5326 nnn
2457 5286 2694 5326 Δηαρηῖιιῖ
2846 5302 2863 5326 1
2915 5300 2944 5326 l‘
2999 5285 3066 5326 Ἲς
