3960 6320
164 415 244 470 589

1013 381 1016 383 Α
1100 402 1524 461 FRANCORUM
1565 402 1801 457 uacua
1833 405 2312 461 CAPITULARIA’.

3258 409 3362 464 590
3379 415 3384 424 ‘

161 516 381 575 discernit
403 531 429 569 a
455 513 745 584 presbitcro
774 512 865 584 qui
899 525 1120 566 uxorem
1157 511 1364 573 habuit,
1399 509 1541 580 quod
1575 525 1681 562 non
1712 508 1759 554 Α
1789 523 2050 571 interesse.
2093 519 2244 584 Quod
2281 533 2383 572 non
2410 515 2656 588 oporteat
2686 519 2996 575 sacerdotes
3016 522 3118 573 'aut
3139 519 3390 578 clericos.

159 616 366 679 Oporteat
390 620 450 659 eo
479 603 812 659 ministrante
836 602 912 657 de'
929 602 1198 658 oblatione
1221 601 1522 671 percipere,
1552 614 1679 653 aua-

160 702 308 754 thema
334 698 417 751 sit.
1388 691 1395 699 “

213 789 289 842 21.
327 787 389 842 Ut
422 787 700 857 presbyteri
741 786 991 839 honorem
1053 783 1296 838 habeant.
1368 782 1522 850 Quod
1577 797 1692 836 non-

155 884 365 949 oporteat
412 877 690 932 diaconum
746 891 928 930 coram
974 875 1288 945 presbytero
1325 874 1543 936 ‘sedere,
1592 872 1692 927 sed

153 968 356 1038 jussioue
379 964 669 1036 presbyteri
697 965 901 1020 sedeat.
934 963 1197 1018 Similiter
1224 968 1402 1016 autem
1428 971 1482 1016 et
1509 961 1692 1015 diaco-

156 1074 238 1113 nus
264 1058 453 1112 bonore
494 1056 757 1112 habeatur
781 1057 849 1111 ab
875 1055 1322 1125 obsequentibu's,
1350 1053 1406 1108 id
1447 1061 1531 1109 est
1558 1055 1691 1110 sub—

153 1149 364 1204 diaconis
387 1155 438 1202 et
462 1147 710 1202 omnibus
739 1146 971 1202 clericis.

207 1240 283 1295 22.
321 1238 436 1293 Non
483 1237 598 1292 licet
648 1239 705 1292 in
761 1237 1166 1308 quadragesima
1219 1235 1351 1305 festa
1411 1235 1690 1288 celebrare.

154 1329 279 1397 Quod
321 1324 419 1382 non
465 1335 712 1398 oporteat
754 1327 809 1382 in
860 1327 1270 1397 quadragesima
1302 1341 1492 1395 panem
1525 1326 1694 1380 bene-

155 1419 366 1475 dictionis
419 1419 599 1475 oﬁerri
646 1419 752 1475 nisi
799 1417 1024 1475 sabbato
1075 1428 1129 1474 et
1176 1418 1469 1484 dominico,
1505 1416 1564 1471 id
1611 1424 1694 1470 est

153 1511 365 1566 nataﬁcia
389 1511 468 1565 vel
498 1510 636 1566 festa
662 1520 971 1567 sanctorum
994 1511 1296 1567 celebrare.

209 1598 280 1657 23.
320 1600 435 1658 Νοη
462 1601 618 1658 licere
667 1602 868 1658 clericis
910 1601 1220 1673 spectaculis
1376 1599 1594 1654 ludicris
1626 1599 1696 1632 ³⁸⁸

1782 607 2214 676 quibuscumque
2261 609 2580 677 spectaculis
2623 609 2676 662 in
2725 609 2898 664 caenis
2924 618 3020 663 aut
3064 611 3116 664 in
3168 611 3370 680 nuptiis

1787 698 2069 760 interesse,
2115 699 2212 753 sed
2257 707 2546 768 antequam
2591 699 2849 754 thimelici
2879 700 2945 732 “7
2973 700 3369 770 ingrediantur,

1787 807 2081 862 exsurgere
2104 807 2198 849 eos
2227 793 2476 848 convenit
2504 802 2669 863 atque
2696 793 2821 849 inde
2846 794 3177 849 descendere
3206 794 3298 847 ⁸⁸⁸.

1827 889 1950 960 ⁷24.
1994 903 2116 957 Non
2165 902 2320 957 licere
2369 905 2582 957 missam
2627 913 2839 957 cantare
2886 905 2942 958 in
2988 903 3166 958 domo.
3215 903 3371 972 Quod

1795 987 1899 1050 non
1950 1001 2195 1063 oporteat
2236 993 2290 1048 in
2341 993 2589 1049 domibus
2636 993 2936 1050 oblationes
2985 994 3249 1049 celebrari
3304 996 3376 1049 ab

1794 1085 2061 1157 episcopis
2086 1084 2169 1138 vel
2200 1084 2539 1155 presbiteris,
2566 1084 2620 1139 id
2646 1094 2730 1140 est
2754 1086 2975 1138 missam
3002 1093 3243 1139 cantare.

1863 1197 1955 1251 25.
1996 1195 2063 1250 In
2086 1193 2302 1250 cattciiio
2331 1192 2766 1248 Chalcedonense.
2800 1189 2952 1260 Quod
2980 1206 3088 1246 non
3128 1189 3376 1260 oporteat

1795 1272 2077 1358 episcopos
2131 1292 2223 1338 aut
2291 1282 2584 1353 quemlibet
2615 1283 2701 1336 ex
2750 1282 2893 1359 clero
2938 1295 3036 1350 per
3088 1275 3376 1350 peccunias

1794 1376 2042 1434 ordinari
2067 1391 2082 1442 ;
2117 1374 2210 1444 qui
2241 1375 2427 1442 utique
2457 1372 2757 1443 deponendi
2788 1380 2934 1437 sunt,
2961 1378 3017 1426 et
3042 1369 3132 1440 qui
3161 1362 3377 1424 ordinet

1795 1472 1852 1523 et
1899 1465 1990 1536 qui
2026 1464 2369 1538 ordinantur,
2417 1477 2517 1518 nec
2565 1477 2674 1519 non
2719 1470 2776 1518 et
2805 1461 2897 1532 qui
2929 1461 3195 1518 mediator
3235 1453 3378 1516 inter

1799 1569 1914 1611 COS.
3385 1571 3387 1574 ⁴

1005 1823 1008 1826 η
1094 1798 1350 1857 KAROLI
1380 1798 1425 1854 II
1457 1796 1777 1855 SYNODUS
1817 1777 2385 1888 SUESSIONENSIS;

1417 1974 1541 2045 (An.
1583 1972 1706 2030 853.
1748 1972 1918 2043 April.
1952 1971 2074 2041 ΞΩ.)

201 2155 314 2211 Acta
339 2155 452 2211 haec
481 2169 511 2210 a
543 2153 836 2211 Sirmondo
859 2168 960 2220 ope
980 2155 1136 2210 codd.
1165 2154 1382 2219 Tiliani,
1412 2154 1704 2219 Pithoeaui,
1743 2153 2018 2218 Metensis,
2064 2151 2463 2209 Bellovacensis
2497 2149 2651 2220 edita
2671 2157 2836 2220 atque
2873 2165 2904 2206 a
2933 2148 3177 2216 Baluzio,
3207 2151 3331 2210 adhi
3353 2182 3380 2194 -

143 2225 236 2304 bitu
262 2226 576 2304 Divjonensi
595 2219 1046 2304 etniiivipullensi
1066 2265 1082 2290 ,
1130 2225 1632 2304 repetitaL_auxilio
1661 2225 1895 2304 comit-2)
1924 2225 2054 2304 bibl.
2084 2239 2196 2304 reg.
2228 2222 2402 2304 Paris.
2431 2219 2686 2304 n..4658,
2714 2220 2769 2304 ξ)
2799 2221 2970 2300 Paris.
3007 2221 3378 2304 interSuppl.

146 2295 242 2349 Lat.
264 2297 421 2362 11.75,
447 2304 504 2351 et
525 2295 584 2360 6)
619 2294 746 2349 bibl.
784 2289 1024 2362 ejusdem
1067 2289 1120 2348 n.
1157 2289 1318 2360 4761,
1365 2294 1707 2354 Divionensis
1734 2289 1962 2362 scilicet,
2005 2289 2318 2362 repetimus.
2345 2291 2671 2362 Mentionem
2724 2289 2883 2362 hujus
2907 2291 3096 2362 synodi
3127 2300 3179 2345 et
3209 2289 3386 2346 in'c'oa

145 2365 247 2435 dice
260 2365 376 2421 bibl.
408 2360 579 2435 regite
608 2360 936 2418 Parisie‘nsis
984 2381 1039 2418 η.
1066 2364 1207 2420 3878
1237 2363 1436 2420 factam
1485 2361 1810 2430 invenimus,
1843 2364 1935 2419 ubi
1967 2360 2147 2418 tamen
2186 2376 2362 2417 annus
2386 2361 2491 2416 804
2514 2360 2668 2430 regni
2698 2373 2818 2426 xm,
2846 2360 3074 2416 indictio
3099 2377 3138 2427 t,
3169 2371 3224 2416 et
3254 2362 3390 2417 dies-

145 2448 184 2486 τι
215 2433 316 2489 Kal.
342 2435 462 2490 Maii
479 2433 783 2505 perperam
821 2435 1151 2491 scribuntur.

145 2605 234 2661 Ista
269 2595 487 2678 capitula
513 2607 802 2678 constituta
832 2615 952 2662 sunt
991 2625 1030 2678 7a
1066 2609 1256 2663 domno
1292 2607 1488 2661 Karolo
1517 2608 1570 2660 in
1598 2623 1686 2676 δυο
1722 2589 1766 2648 Β
1794 2604 1916 2660 aliis
1945 2603 2239 2674 episcopis,
2264 2603 2356 2672 qui
2379 2611 2628 2659 auctores
2655 2601 2896 2668 fuerunt,
2928 2602 3191 2667 recitatis,
3226 2604 3384 2658 resti-

197 2675 335 2732 nodo'
364 2680 501 2747 apud
548 2675 846 2742 Suessionis
900 2677 1158 2731 civitatem
1192 2718 1207 2743 ,
1257 2680 1310 2731 in
1368 2675 1690 2747 monasterio

367 2745 637 2848 ἐξίασι-αἱ,
668 2762 804 2800 anno
833 2747 1035 2801 incarn.
1061 2747 1272 2801 Domini
1295 2745 1421 2811 853,
1447 2747 1498 2798 in
1520 2761 1692 2799 mense

195 2905 234 2958 i.
261 2905 530 2977 Regnante
559 2906 614 2960 in
640 2897 1026 2977 sempiternum
1050 2907 1269 2961 domino
1289 2905 1399 2962 Deo
1415 2905 1693 2961 universo.

143 3008 255 3059 runt,
301 3010 439 3051 anno
490 2997 568 3029 ἰο
616 2996 1004 3051 incarnationis
1050 2995 1288 3064 ejusdem
1348 2996 1548 3052 domini
1599 2996 1692 3050 Dei

142 3085 278 3139 nostri
320 3085 441 3142 Jesu
486 3085 694 3142 Christi
741 3085 869 3150 853,
920 3101 1064 3140 anno
1109 3100 1240 3140 vero
1281 3086 1429 3155 regni
1473 3085 1693 3156 gloriosi

143 3171 309 3241 Karoli,
349 3177 440 3233 ﬁlii
473 3176 780 3233 Hludowici
812 3175 1204 3248 religiosissimi
1249 3177 1480 3248 augusti,
1534 3177 1695 3232 tertio

141 3263 333 3337 decimo,
378 3269 677 3337 indictione
717 3268 913 3337 prima,
947 3267 1215 3337 episcopis
1256 3265 1414 3335 juxta
1446 3265 1694 3322 instituta

139 3366 366 3409 canonum
388 3356 659 3426 synodum
685 3355 964 3410 celebrare
983 3355 1309 3421 volentibus,
1339 3356 1533 3410 annuit
1553 3357 1693 3416 idem

141 3439 231 3498 res
263 3447 506 3513 Karolus,
563 3461 766 3516 eosque
814 3447 952 3517 apud
1002 3449 1191 3503 urbem
1241 3446 1591 3502 Suessionum
1640 3449 1693 3502 in

142 3541 434 3595 monasterio
464 3540 670 3594 ‘sancti
707 3539 944 3594 Medardi
971 3550 1026 3594 et
1053 3539 1224 3594 sancti
1258 3538 1582 3602 Sebastiani,
1631 3538 1697 3593 10

139 3625 368 3686 Kalendas
399 3631 574 3685 Maias
599 3631 892 3686 convenire
919 3631 1206 3700 prrecepit;
1252 3630 1341 3684 ubi
1372 3629 1698 3698 posthabitis

141 3719 434 3778 secularibus
464 3721 640 3787 curis,
685 3720 796 3791 ipse
825 3736 1040 3791 quoque
1069 3735 1166 3775 rex
1208 3721 1402 3775 adesse
1443 3720 1696 3789 dignatus

136 3817 222 3874 est,
257 3821 308 3865 ut
339 3827 442 3868 non
474 3809 654 3866 solum
685 3811 971 3870 dev0tione
1001 3808 1247 3864 ecclesia:
1291 3823 1349 3864 se
1379 3808 1544 3864 ﬁlium
1575 3823 1695 3864 esse

138 3901 429 3967 ostenderet,
466 3916 660 3956 verum
691 3901 876 3965 etiam,
909 3899 1080 3955 sicubi
1125 3914 1261 3970 opus
1290 3908 1455 3964 esset,
1487 3908 1699 3970 protec-

135 3999 280 4044 torem
306 3992 447 4063 regia
481 3999 754 4061 potestate
793 3999 1145 4047 monstraret.
1179 3990 1318 4045 Cum
1347 3991 1531 4060 itaque
1560 4005 1698 4059 prae-

138 4078 255 4135 sules
278 4082 617 4138 diversarum
667 4082 1042 4146 ecclesiarum,
1089 4083 1181 4152 pio
1226 4096 1351 4152 rege
1398 4081 1563 4134 multa
1594 4082 1698 4136 htt-

137 4169 308 4227 militcr
333 4184 388 4229 et
414 4174 717 4244 prudenter
738 4183 1116 4244 proponente,
1169 4181 1496 4229 t-ractassent
1523 4167 1701 4243 potius

135 4262 348 4325 quedam
373 4279 541 4332 quam
562 4262 905 4328 dilﬁnissent,
941 4263 974 4317 6
1011 4263 1281 4318 Kalendas
1305 4263 1474 4317 Maias
1497 4263 1700 4332 synodo

133 4352 524 4416 pnesidentibus
552 4354 844 4410 Hincmaro
863 4355 1177 4421 Remorum,
1199 4353 1486 4410 Wenilone
1508 4354 1574 4386 ³¹¹
1603 4353 1700 4409 Se-

133 4456 329 4512 nonum,
347 4446 624 4502 Amalrico
651 4445 993 4502 Turonorum
1015 4447 1105 4512 "’,
1133 4445 1560 4516 metropolitanis
1587 4446 1700 4516 epi-

134 4537 327 4604 scopis,
371 4539 517 4593 idem
571 4538 862 4595 Remorum
913 4537 1361 4608 metropolilauus
1415 4539 1699 4609 episcopus
1740 4605 1743 4608 ἠ

132 4628 431 4683 venerabilis
456 4627 786 4684 ilincmarus
812 4629 1050 4684 ostendit
1079 4644 1183 4684 non
1214 4643 1412 4698 paucos
1447 4643 1476 4680 a
1513 4628 1700 4683 deces-

135 4725 237 4766 sore
287 4731 384 4770 suo
424 4717 614 4771 Eboue
659 4717 748 4782 ³¹³,
789 4727 1075 4788 postquam
1121 4716 1380 4770 canonice
1425 4708 1698 4786 depositus

133 4799 292 4869 fuerit,
325 4821 426 4861 nec
453 4822 587 4862 vero
616 4807 685 4839 ³¹⁸
721 4807 984 4866 canonice
1009 4807 1318 4870 restitutus,
1347 4806 1696 4868 inrationabi-

134 4890 236 4948 liter
254 4899 550 4953 ordinatos.
579 4897 696 4954 Jam
725 4915 818 4954 rex
855 4901 1058 4967 absque
1081 4898 1187 4952 ulia
1221 4897 1517 4954 ambitione
1537 4913 1695 4970 syno-

128 4979 236 5035 dum
262 4985 408 5040 solus
432 4987 728 5057 ingressus,
760 4987 1081 5057 simpliciter
1103 5002 1225 5041 cum
1259 4987 1528 5056 episcopis
1562 4987 1697 5041 resi-

130 5067 288 5126 debat.
343 5074 500 5131 Serie
556 5077 720 5147 igitur
757 5077 1111 5145 depositionis
1162 5078 1445 5131 memorati
1493 5076 1694 5131 Ebonis

130 5159 420 5225 plenissime
443 5168 868 5236 prolata,tuultis
892 5169 1321 5239 metropolitanis
1341 5170 1694 5240 pluribusque

1795 2693 2024 2748 tutionis
2059 2701 2242 2746 autem
2275 2692 2417 2746 illius
2464 2690 2533 2723 ³¹⁸
2581 2707 2686 2747 non
2729 2692 3040 2756 canonicae,
3091 2692 3254 2748 immo
3285 2708 3414 2747 ncc-

1793 2784 2139 2860 veresimilis,
2169 2785 2359 2854 paucis
2404 2784 2692 2840 admodum
2741 2793 2796 2839 et
2831 2785 3058 2839 aliarum
3107 2786 3386 2856 regionum

1795 2878 2116 2948 praesulibus
2155 2877 2472 2932 nominatim
2519 2878 2812 2946 expressis,
2863 2877 3057 2936 claruit
3102 2876 3387 2947 praefatum,

1797 2969 2038 3024 Ebouern
2079 2967 2386 3038 episcopale
2409 2966 2650 3022 ofﬁcium
2682 2967 2866 3040 illicito
2895 2969 3177 3037 repetisse,
3206 2981 3387 3037 quos:

1795 3078 1898 3131 que
1923 3061 2176 3130 gradibus
2203 3059 2586 3115 ecclesiasticis
2631 3059 2928 3114 aestimatus
2959 3059 3120 3116 fuerit
3163 3074 3387 3131 promo:

1798 3154 1966 3215 visse,
1997 3152 2330 3206 damnationi
2375 3152 2556 3222 potius
2600 3151 2866 3207 obnoxios
2905 3149 3145 3205 eﬁ‘ccism.
3174 3168 3189 3204 :
3223 3151 3387 3208 Hinc-

1791 3261 2008 3301 ‘marum
2041 3253 2222 3300 autem
2257 3254 2626 3301 successorem
2657 3241 2775 3313 ejus
2805 3281 2821 3309 ,
2849 3243 3123 3298 canonicis
3151 3244 3388 3298 sanctio~

1797 3339 1960 3395 nibus
2019 3346 2178 3394 caute
2231 3353 2296 3392 ac
2348 3337 2618 3393 subtiliter
2681 3335 3029 3398 observatis,
3081 3335 3150 3390 ad
3201 3321 3386 3390 sedem

1795 3431 2116 3495 accessisse,
2147 3439 2202 3484 et
2232 3437 2430 3499 praeter
2457 3427 2673 3484 decreta
2701 3427 2963 3496 majorum
2993 3427 3048 3482 in
3088 3427 3191 3481 hac
3233 3436 3389 3496 parte

1800 3522 1936 3577 nini!
1966 3521 2188 3576 omnino
2217 3519 2433 3586 moliri;
2467 3518 2608 3574 sicut
2637 3518 2706 3550 ³¹⁶
2735 3517 2789 3572 in
2833 3517 2999 3592 gestis
3042 3517 3388 3588 synodalibus

1799 3614 1994 3669 exinde
2020 3613 2090 3667 ab
2115 3612 2385 3682 episcopis
2422 3611 2668 3679 ejusdem
2700 3610 2914 3667 concilii
2940 3623 3096 3664 more
3123 3610 3386 3666 canonico

1791 3702 2137 3758 conﬁrmatis
2163 3700 2372 3771 plenius
2393 3703 2670 3756 cdocctur.

1871 3810 1926 3864 2.
1963 3808 2312 3864 Ροεῐηιοάιιηι
2340 3807 2667 3862 venerabilis
2689 3807 2989 3863 Weniionis
3011 3807 3079 3839 ⁸¹⁷
3107 3806 3386 3863 Senoniae

1800 3900 1952 3955 urbis
1979 3898 2374 3968 metropolitani
2406 3897 2642 3966 episcOpi
2677 3897 3048 3967 sttﬂ'raganeus
3077 3896 3387 3952 Nevernen~

1803 3993 1878 4047 sis
1905 3989 2166 4054 ecclesiae,
2211 3987 2432 4044 nomine
2465 3987 2845 4053 llerimannus,
2876 4003 2974 4058 pro
3001 3989 3114 4043 suis
3139 3990 3386 4044 excessh

1790 4081 1904 4136 'bus
1933 4079 2026 4144 ³³⁸,
2051 4095 2189 4149 quos
2234 4078 2499 4147 corporali
2530 4077 2778 4134 molestia
2807 4093 2951 4148 saepe
2981 4078 3262 4133 dicebatur
3284 4079 3384 4133 ad-

1792 4173 2038 4236 mittere,
2068 4187 2096 4224 a
2126 4171 2329 4226 sanctis
2373 4169 2692 4240 praesulibus
2737 4170 2980 4225 modeste
3007 4171 3074 4202 ³¹⁹
3095 4177 3156 4232 et
3185 4170 3388 4225 acriter

1804 4260 2115 4330 increpatus
2163 4269 2246 4314 est
2273 4300 2286 4324 ,
2330 4259 2472 4329 quod
2513 4259 2667 4329 prius
2717 4256 3031 4328 frequenter
3076 4265 3383 4328 correptus,

1802 4352 1978 4408 ordini
1999 4353 2365 4407 sacratissimo
2383 4351 2790 4420 perseverantia
2813 4350 3089 4406 levitatnm
3118 4348 3186 4381 ³³⁰
3210 4351 3388 4406 adhuc

1803 4442 2054 4509 injuriam
2083 4443 2306 4499 faceret.
2335 4442 2397 4497 Et
2427 4444 2478 4497 in
2509 4442 2788 4512 praesentia
2817 4442 3078 4511 principis
3104 4441 3386 4496 inﬁrmita-

1805 4543 1911 4588 tem
1972 4534 2206 4602 pastoris
2261 4548 2600 4602 nequaquam
2661 4531 3029 4597 fastidientis,
3083 4530 3385 4600 injunctum

1791 4633 1886 4680 est
1912 4624 2336 4693 metropolitano
2381 4623 2517 4692 ejus,
2570 4633 2628 4678 ut
2673 4624 2940 4694 adjunctis
2971 4638 3152 4678 secum
3183 4625 3390 4696 aliquot

1791 4715 2091 4786 episcopis,
2121 4714 2190 4767 ad
2227 4714 2480 4783 oppidum
2510 4712 2853 4772 Nevernense
2888 4714 2954 4745 ³²¹
2991 4716 3298 4781 accederet,
3333 4727 3391 4774 et

1789 4803 1980 4858 omnia
2014 4802 2082 4856 ibi
2120 4801 2336 4872 negotia
2370 4801 2732 4856 ecclesiastica
2785 4803 3060 4872 sapienter
3099 4819 3389 4876 compone-

1786 4902 1920 4958 ret;
1976 4893 2150 4963 ipsum
2191 4907 2319 4946 vero
2358 4890 2743 4960 coepiscopum
2788 4907 2944 4946 suum
3000 4892 3387 4950 Herimannum

1799 4985 1942 5055 apud
1991 4985 2174 5039 urbem
2224 4982 2494 5037 Senonum
2543 4996 2725 5037 secum
2775 4983 3042 5049 haberet,
3097 4983 3271 5040 donec
3319 4985 3390 5036 ιε’

1797 5077 2042 5131 a3stivum
2085 5084 2316 5143 tempus,
2361 5074 2505 5143 quod
2536 5073 2690 5128 valde
2717 5075 3050 5129 contrarium
3081 5074 3388 5128 inﬁrmitati

1780 5167 1942 5222 illius
1988 5166 2298 5228 ferebatur,
2351 5164 2724 5232 pertransiret,
2773 5174 2831 5218 et
2886 5165 2985 5228 sic,
3019 5164 3244 5219 Domino
3291 5177 3392 5216 an-

1339 5303 1570 5358 ΥΑΠΙΔΕ
1630 5300 2030 5358 LECTIONES.

195 5410 255 5485 Ψ
277 5413 476 5485 glossn_
497 5416 582 5470 ein
616 5416 782 5484 uuigt.
878 5416 946 5447 ³⁰⁶
973 5416 1147 5485 glossa
1178 5415 1348 5483 turpis
1393 5413 1550 5481 jocis.

131 5477 189 5507 ³09

234 5412 582 5489 .‘glossnﬁin
614 5416 782 5489 uuigt.
829 5487 838 5489 μ
878 5416 946 5447 ³⁰⁶
973 5416 1152 5489 gfossq
1178 5415 1348 5489 turpis
1393 5413 1569 5489 jocis._
1654 5412 1721 5489 "7
1773 5414 1827 5467 in
1875 5430 2042 5489 innrg.
2106 5414 2252 5489 frum.
2281 5431 2332 5489 _r
2373 5407 2526 5489 scim.

228 5482 298 5532 ita
324 5484 380 5535 2.
431 5483 578 5538 llanc
606 5482 990 5555 inscriptionem
1020 5487 1072 5537 in
1102 5482 1342 5555 plurimis
1381 5485 1655 5536 codicibus
1675 5483 1852 5555 deesse
1883 5483 2199 5555 Sirmondus
2240 5487 2333 5549 ait,
2364 5496 2409 5538 et
2456 5486 2609 5555 deest
2645 5485 2698 5555 in
2727 5483 2780 5536 5.
2859 5482 2925 5555 Ϋ¹⁰
2983 5483 3371 5555 incarnationis

2630 5413 2699 5445 aos
2745 5412 3023 5468 discedere
3078 5410 3376 5482 legendum.

129 5561 431 5628 ἕδρης-γρεςο
453 5555 633 5608 desunt
666 5555 716 5608 3.
747 5551 859 5628 _"“
893 5551 1179 5624 gucnilonc
1295 5554 1398 5628 __’”
1428 5554 1502 5606 ita
1621 5556 1679 5612 δ”.
1753 5553 1823 5584 ⁸⁸³
1846 5553 2138 5628 ειῲοηςξ).
2219 5555 2436 5628 “vero
2463 5555 2522 5628 5.
2595 5553 2743 5628 “in.
2775 5567 2822 5606 c.
2862 5551 2896 5605 i.
2925 5569 2983 5628 tt.
3030 5567 3079 5604 γ.
3111 5565 3156 5606 s.
3187 5552 3374 5628 desunt

127 5683 190 5714 ³19

245 5618 313 5652 ⁸¹⁶
345 5623 484 5694 sicut
508 5641 667 5694 usque
694 5618 948 5694 etlocetur
987 5629 1171 5678 desunt
1196 5626 1248 5676 in
1282 5622 1406 5677 Met.
1439 5623 1613 5676 codice
1659 5641 1757 5677 ms.
1813 5635 1858 5676 et
1910 5623 1995 5694 5.7
2040 5623 2104 5655 “7
2147 5625 2450 5694 gueuilonis
2493 5623 2547 5676 2.
2624 5623 2692 5654 ³¹⁸
2732 5636 2782 5694 e.
2827 5623 2988 5675 variis
3029 5637 3057 5674 a
3087 5623 3291 5694 sanctis
3317 5623 3368 5675 '5.

220 5703 290 5760 In.
315 5700 370 5744 et
395 5693 650 5759 desunt'é.
726 5695 793 5726 ³ὀ
826 5693 1188 5748 llerimanuus
1215 5695 1443 5760 ineptire
1473 5694 1754 5747 videbatur
1777 5694 1904 5746 BAL.

1982 5693 2047 5724 ³³³
2080 5695 2404 5748 nivcrnense
2451 5695 2505 5746 ‘2.
2551 5694 2667 5760 hic,
2687 5693 2777 5748 sed
2808 5708 2966 5762 supra
3006 5701 3060 5746 ut
3088 5693 3371 5748 edidimus.

129 5753 191 5784 δ”
214 5759 382 5832 donec
399 5757 726 5820 abstinentia
746 5765 912 5842 media
941 5766 1124 5818 desunt
1156 5765 1207 5818 3.
1236 5753 1480 5820 aestivum
1521 5779 1680 5832 usque
1702 5765 2021 5819 instructum
2057 5765 2200 5841 incll.
2225 5766 2406 5818 desunt
2433 5764 2518 5837 3b.
