3960 6320
568 374 669 440 δεδι

1293 373 1577 429 ΑΡΡΕΝΒ.
1621 371 1710 428 AD
1751 368 1925 425 S.£C.
1955 365 2020 420 Χ.
2060 355 2170 411 -1

2271 348 2589 408 NUMENTA
2628 349 3106 408 ῡιΡιοιιΑΤιεΑ.

3701 345 3777 402 59-1

561 459 792 559 buente,
817 489 1147 553 abstinentia
1174 484 1499 557 competenti
1530 490 1803 538 assuetum
1826 520 1841 543 ,
1868 473 2161 548 episcopali
2191 460 2235 515 Α
2266 465 2375 537 puli
2406 464 2692 534 dissipare.
2723 461 2869 531 Quos
2909 454 3267 532 praesentibus
3292 454 3602 511 diversorum
3642 436 3777 512 ueno-

2266 558 2477 615 hiorum
2507 555 2775 628 religiosis
2789 552 3103 616 abbatibus,
3119 556 3176 604 et
3188 562 3402 605 causam
3414 544 3652 602 subtiliter
3665 546 3778 616 juxta

2265 647 2507 721 regulam
2529 645 2673 703 beati
2701 641 2975 699 Benedicti
2998 636 3448 703 examinantibus,
3477 650 3677 692 concors
3691 651 3782 692 con-

2262 740 2508 813 gregatio
2528 738 2702 794 sancti
2729 733 2970 791 Medardi
2993 748 3023 787 a
3058 747 3156 788 sua
3195 728 3539 786 unanimitate
3578 728 3783 799 praecidit.

2265 842 2523 889 attestata
2542 844 2607 886 se
2631 829 2700 885 ab
2726 829 2919 885 horum
2958 822 3189 880 crimine
3216 820 3373 892 longe
3403 818 3659 884 absistere,
3679 819 3784 888 quod

2265 927 2494 983 usitatas
2514 923 2700 994 culpas
2718 921 2830 993 jam
2854 918 2989 991 inde
3003 917 3073 972 ab
3100 914 3253 971 initio
3274 911 3430 982 huius
3443 910 3688 982 religionis
3704 927 3785 966 mo-

2266 1017 2567 1072 nachorum
2589 1012 2850 1078 omnium,
2873 1016 3072 1080 praeter
3092 1007 3354 1064 duntaxat
3377 1003 3615 1074 Eutychis
3637 1002 3786 1058 etalio-

2266 1122 2388 1162 rum
2417 1104 2818 1168 haereticorum,
2842 1100 2998 1156 facile
3025 1105 3326 1170 superaret.
3352 1094 3560 1166 Eiectos
3579 1093 3708 1163 iussu
3723 1104 3789 1174 re:

2266 1196 2522 1255 nerabilis
2543 1192 2777 1251 Iiotbadi
2797 1192 2888 1260 ⁸³⁸,
2919 1189 3273 1247 Suessionum
3292 1186 3630 1257 episeopi,.ad
3647 1176 3790 1256 synod‘

2267 1290 2596 1347 audientiam
2617 1285 3035 1342 archidiaconus
3050 1281 3269 1341 deduxit
3294 1287 3380 1346 ;e.t
3400 1277 3583 1350 partim
3595 1275 3792 1341 confessi,

2267 1381 2465 1455 partim
2510 1378 2748 1435 convicti
2798 1371 3222 1445 conspirationis
3264 1369 3461 1425 malum
3499 1376 3792 1439 perpetrasse.

2268 1486 2536 1530 canonum
2554 1468 2845 1525 severitate
2865 1464 3095 1537 depositi
3114 1469 3242 1519 sunt
3257 1490 3328 1502 -ο
3346 1457 3634 1530 presbyteri
3645 1455 3793 1526 quippe

2268 1576 2433 1623 erant
2457 1594 2529 1606 -—
2549 1571 2606 1619 et
2628 1559 2920 1631 separatim
2935 1557 2988 1613 in
3018 1552 3354 1630 monasteria
3373 1550 3455 1607 sui
3482 1548 3665 1605 ordinis
3682 1547 3795 1616 longe

2270 1647 2525 1715 distantia
2558 1651 2798 1723 relegati,
2848 1657 2908 1704 ιιι
2937 1647 3193 1716 deinceps
3214 1657 3374 1699 nemo
3406 1640 3508 1696 tale
3533 1639 3647 1710 quid
3684 1653 3790 1695 com-

2272 1749 2490 1807 mittere
2518 1746 2766 1809 auderet,
2798 1741 2902 1798 nisi
2927 1739 3021 1811 qui
3049 1736 3243 1794 similia
3273 1733 3482 1807 perpeti
3495 1748 3593 1789 non
3616 1733 3796 1787 timeret-

570 585 836 659 gravitate
870 584 1221 643 instructum,
1269 574 1583 647 apostolicis
1618 572 1860 628 moribus
1908 565 2164 623 informa:

566 653 706 740 tum,
730 673 998 730 clerus.et
1026 667 1254 739 populus
1280 679 1402 719 eum
1447 662 1515 718 ad
1546 661 1728 717 sedem
1754 657 2030 729 propriam
2060 653 2165 709 uti-

565 763 715 828 liter,
744 757 956 816 favente
985 757 1095 815 Dei.
1114 755 1184 788 ⁸¹³
1214 753 1408 827 gratia,
1438 764 1739 815 revocaret.
2164 816 2167 819 λ

609 858 691 915 ‘3.
714 858 791 912 De
814 851 1133 909 Burchardo
1157 849 1341 913 etiam,
1372 847 1465 917 qui
1486 845 1852 901 Carnotenam
1902 841 1972 873 ³⁸⁵
1992 837 2163 895 eccle-

565 953 701 1011 siam
737 948 974 1013 tenebat,
1008 952 1267 1001 statutum
1297 948 1383 997 est
1411 948 1469 995 ut
1505 945 1600 993 aut
1622 952 1682 993 se
1704 936 1958 991 idoneum
1982 930 2047 985 ad
2074 945 2166 985 su-

565 1040 822 1107 mendum
844 1034 1205 1108 episcopalem
1257 1030 1484 1103 gradum
1531 1028 1810 1084 admonitu
1857 1022 2165 1081 Wenilonis

564 1130 967 1203 metropolitani
1014 1125 1252 1199 episcopi
1282 1124 1617 1189 ostenderet,
1642 1129 1736 1175 aut
1763 1125 1910 1174 certe
1938 1129 2164 1187 pronam

567 1228 622 1281 in
644 1240 703 1280 se
729 1220 1073 1279 clementiam
1093 1216 1354 1289 principis
1377 1227 1725 1286 cognoscens,
1751 1210 1968 1266 cederet
1991 1208 2086 1274 ³⁸⁸,
2112 1207 2166 1262 in

565 1325 801 1385 utroque
827 1311 920 1366 Dei
949 1309 1216 1380 judicium
1241 1312 1584 1376 experturus.
1614 1301 1782 1375 Igitur
1803 1297 2051 1370 sequenti
2080 1297 2167 1352 die

566 1402 891 1460 causaillitts
915 1401 981 1455 ad
1011 1399 1245 1454 medium
1270 1395 1521 1457 deducta,
1543 1389 1880 1448 venerabiles
1905 1388 2167 1467 episc0pi

566 1497 864 1552 Remorum
886 1490 1331 1562 metropolitanus
1357 1485 1700 1551 llincmarus,
1730 1478 2165 1551 Ludguneusium

568 1587 861 1651 Pardulus,
895 1584 1310 1640 Aurelianorum
1333 1579 1502 1651 Agius
1528 1577 1619 1643 ³⁸⁸,
1644 1575 1870 1631 seorsitn
1896 1588 2020 1629 eum
2068 1571 2166 1626 ad-

567 1693 791 1736 monere
840 1674 1095 1747 prmcepti
1131 1683 1276 1738 sunt,
1307 1682 1369 1726 ut
1411 1671 1458 1726 si
1481 1669 1550 1703 ³¹¹¹
1606 1669 1810 1739 absque
1851 1664 2166 1722 discrimine

564 1772 796 1835 valeret,
828 1768 1060 1823 ofﬁcium
1113 1779 1172 1822 se
1202 1778 1359 1836 posse
1385 1761 1617 1834 aggredi,
1653 1758 1947 1823 fateretur;
1983 1766 2094 1811 aut‘
2121 1755 2167 1811 si

566 1881 675 1921 non
727 1872 933 1934 posset,
961 1830 1306 1931 prbpter‘Dei
1338 1830 1609 1918 timorem,
1670 1849 2160 1924 impossibilitatem
2193 1830 2238 1891 Β
2340 1861 2395 1917 ο,
2444 1860 2572 1915 post
2599 1859 2717 1914 {nec
2756 1853 3032 1927 gloriosis.

566 1957 797 2026 ingenue
820 1952 1195 2008 confiteretur.
1223 1948 1386 2003 Parte
1414 1944 1565 2009 cieri,
1596 1958 1716 2014 qua:
1763 1956 2004 2012 praesens
2023 1947 2166 2005 erat,

565 2049 671 2102 hac
695 2046 954 2100 laieorum
981 2043 1182 2097 bonum
1211 2039 1260 2093 ei
1293 2034 1659 2092 testimonium
1686 2033 2027 2104 perhibente,
2054 2044 2171 2084 me-

566 2136 800 2194 moratis
823 2125 1143 2206 prmsulibus
1169 2127 1543 2191 suadentibus,
1570 2126 1639 2181 ad
1667 2123 1958 2180 concilium
2001 2122 2171 2176 intro-

477 2252 485 2261 ο
565 2226 792 2290 missus,
822 2230 974 2278 tanto
993 2218 1213 2290 quidem
1241 2216 1410 2289 gradu
1441 2229 1504 2271 se
1525 2215 1745 2284 dignum
1773 2227 1896 2267 esse
1927 2209 2170 2281 profiteri

567 2315 893 2387 arrogantiae
913 2311 1148 2381 asseruit
1177 2323 1322 2375 esse,
1350 2321 1457 2362 non
1483 2304 1752 2361 veritatis.
1783 2300 1839 2358 Si
1890 2301 2013 2374 quis
2041 2315 2171 2356 vero

566 2408 773 2463 crimen
806 2403 1025 2473 aliquod
1057 2401 1159 2457 sibi
1181 2399 1340 2456 vellet
1365 2397 1604 2460 obicere,
1641 2395 1710 2450 ad
1748 2395 1800 2450 id
1831 2391 2172 2464 purgandum

570 2512 629 2552 se
658 2504 907 2567 paratum
957 2506 1080 2547 esse
1130 2488 1385 2544 firmavit.
1434 2486 1592 2541 Nullo
1633 2485 1725 2555 qui
1784 2484 1837 2539 id
1884 2490 2175 2538 conaretur

574 2593 869 2653 existente,
897 2584 1141 2642 decrevit
1155 2589 1342 2638 sancta
1373 2580 1630 2652 synodus,
1660 2593 1728 2633 ne
1749 2577 1840 2632 diu
1870 2575 2170 2630 Carnutum

567 2683 728 2740 sedes
759 2686 1000 2742 vacaret,
1033 2675 1130 2731 sed
1155 2673 1380 2729 dimotis
1416 2669 1565 2735 illuc,
1595 2666 1890 2725 secundum
1917 2663 2171 2719 volunta-

567 2788 683 2834 tem
731 2769 1133 2844 metropolitani
1173 2765 1417 2838 episcopi
1468 2761 1797 2819 venerabilis
1843 2757 2172 2821 Wenilonis,

567 2869 661 2940 qui
692 2865 1011 2923 electionem
1039 2858 1249 2931 praefati
1270 2852 1571 2911 Burchardi
1599 2851 1669 2883 ⁸⁸⁸
1695 2855 2171 2921 recognoscerent,

567 2967 625 3013 et
652 2958 751 3029 ipsi
777 2954 1069 3018 referrent,
1096 2947 1409 3022 optantibus
1430 2946 1500 2988 ³³·
1533 2943 1792 3001 canonice
1827 2941 2176 2999 ordinaretur

568 3050 876 3119 episcopus.
895 3080 903 3085 -
1817 3057 1821 3060 ν
2102 3058 2105 3059 ν

640 3141 696 3195 4.
736 3140 1006 3194 Praeterea
1038 3132 1454 3192 Cenomannicte
1490 3132 1559 3174 ³³⁸
1584 3131 1735 3188 urbis
1758 3128 2010 3186 Aldrictts
2061 3124 2178 3198 epi-

571 3245 790 3302 scopus,
814 3227 1048 3298 paralysi
1070 3225 1383 3291 dissolutus,
1413 3224 1694 3296 epistolam
1720 3222 1940 3287 direxit,
1957 3233 2177 3274 causam

573 3340 686 3380 suae
734 3319 996 3377 absentiae
1025 3319 1327 3385 insinuans,
1358 3327 1657 3388 petensque
1699 3323 1761 3370 ut
1809 3312 2045 3368 maxime
2071 3309 2175 3367 sibi

572 3416 753 3471 adhuc
802 3413 870 3446 ³³³
918 3409 1136 3475 viventi,
1188 3419 1244 3467 et
1284 3409 1735 3480 quandocumque
1773 3405 1844 3438 ³⁸³
1898 3402 2172 3464 defuncto,

575 3507 750 3562 sacris
774 3505 1027 3577 precibus
1059 3496 1474 3574 opitularentur.
1502 3498 1656 3567 Quod
1686 3497 2049 3552 exuberantes
2084 3506 2175 3547 ca-

572 3600 737 3654 ritate
762 3612 821 3652 se
841 3596 1085 3653 facturos
1109 3608 1299 3650 omnes
1326 3588 1715 3662 promiserunt,
1754 3597 1811 3644 et
1838 3584 2174 3652 metropoli-

575 3690 709 3745 tano
732 3689 895 3753 illius,
918 3685 1201 3742 Turonicte
1227 3682 1378 3739 urbis
1397 3679 1690 3737 venerabili
1716 3678 1971 3750 episcopo
1991 3673 2175 3729 Amal-

571 3780 712 3847 rico,
735 3786 794 3833 ut
821 3778 888 3832 ad
907 3776 1137 3832 eandem
1166 3774 1353 3833 urbem
1374 3771 1682 3834 accederet,
1711 3765 2090 3837 iniunxerunt,
2116 3770 2173 3817 et

574 3883 929 3940 qumcumque
958 3864 1336 3923 essenteidem
1359 3860 1606 3918 ecclesiae
1634 3860 1900 3930 proficua,
1943 3863 2004 3910 ut
2032 3862 2176 3909 stre-

573 3976 682 4018 nuc
705 3967 1089 4033 exequeretur,
1114 3955 1443 4012 unanimiter
1466 3958 1839 4023 praeceperunt
1864 3948 1953 4003 ³³³.

651 4054 707 4110 5.
745 4054 887 4108 Ante
916 4053 1019 4108 hoc
1041 4060 1256 4118 tempus
1284 4045 1577 4101 venerandi
1607 4041 1853 4105 concilii,
1896 4039 2174 4095 obtinente

574 4145 829 4214 Pippino,
850 4134 1062 4212 Pippini
1091 4139 1233 4209 regis
1256 4136 1351 4191 filii
1382 4134 1681 4191 Hludowici
1706 4131 1936 4204 piissimi
1957 4129 2170 4201 augusti

576 4236 712 4302 filio,
742 4233 1113 4304 Aquitaniam,
1142 4228 1514 4284 consentiente
1553 4226 1716 4281 etiam
1744 4223 2011 4278 avunculo
2054 4221 2174 4292 ejus

574 4323 816 4396 glorioso
838 4336 962 4391 rege
983 4318 1200 4383 Karolo,
1230 4316 1315 4372 cui
1351 4315 1541 4372 eadem
1564 4312 1841 4384 provincia
1865 4313 1919 4367 in
1959 4320 2171 4382 partem

579 4413 873 4481 obtigerat,
899 4407 1265 4466 ecclesiastica
1316 4404 1598 4477 disciplina
1628 4412 1684 4460 et
1721 4403 1944 4459 militari
1973 4401 2170 4468 soluta,

580 4504 770 4558 eadem
795 4501 939 4574 regio
996 4516 1027 4555 a
1052 4501 1166 4557 suis
1213 4499 1479 4571 indigenis
1507 4498 1660 4555 valde
1684 4548 1690 4555 .
1712 4506 1924 4553 vastata
1980 4506 2086 4562 est,
2114 4506 2169 4552 et

577 4594 738 4652 multi
767 4593 877 4650 illic
896 4595 1114 4663 impune
1145 4592 1332 4648 illicita
1362 4600 1763 4662 perpetrarunt.
1810 4589 2052 4646 Tandem
2077 4588 2169 4644 alio

580 4685 799 4757 quando
826 4684 1145 4754 respiciente
1175 4683 1289 4738 Deo
1308 4682 1562 4754 populum
1594 4697 1776 4747 suum,
1820 4680 1963 4736 idem
1990 4679 2170 4751 Pippi-

580 4793 687 4834 nns
706 4794 734 4832 a
751 4777 864 4832 suis
878 4785 1218 4847 contemptus
1229 4784 1284 4832 et
1309 4778 1574 4842 desertus,
1590 4783 1753 4844 atque
1778 4774 1831 4828 in
1851 4780 2171 4843 potestatem

2270 1933 2445 1989 simus
2469 1932 2698 1986 domnus
2724 1926 2815 1981 rex
2860 1926 3033 1980 Raro-

2270 2003 2354 2058 lns
2397 2015 2581 2056 coram
2630 2013 2784 2055 sacra
2824 1995 3033 2068 synodo

2270 2072 2560 2144 quemdam
2584 2065 2872 2144 diaconum
2931 2065 3032 2144 lie-

2271 2135 2475 2198 ritensis
2526 2138 2769 2194 ecclesia:
2813 2135 3033 2190 nomine
3056 2150 3061 2157 ·

2272 2209 2681 2283 Ragamfridum
2726 2204 2991 2283 _intpctiit_
3013 2246 3028 2271 ,

2272 2275 2415 2355 quod
2431 2275 2854 2355 prmecptafalsa
2880 2275 3033 2355 regio

2274 2345 2493 2410 nomine
2544 2345 2911 2418 contpilasset,
2924 2414 2936 2418 _
2951 2345 3033 2401 Vsi-

2272 2434 2366 2480 cut
2391 2422 2458 2475 ad
2503 2435 2627 2476 eum
2670 2414 3053 2487 quorumdam.

2274 2486 2716 2562 suggestionibus
2742 2497 2799 2544 et
2836 2486 3031 2542 verisi-

2275 2558 2496 2619 milibus
2519 2558 2737 2620 indiciis
2756 2566 2898 2614 esset
2913 2572 3035 2626 per-

2275 2635 2468 2689 latum.
2514 2629 2674 2687 Unde
2724 2629 2848 2699 quia
2879 2637 3036 2699 puta-

2278 2714 2389 2760 tum
2414 2711 2498 2757 est
2524 2696 2847 2771 quibusdam
2869 2696 3037 2771 signi-

2276 2769 2651 2833 ficationibus,
2679 2783 2737 2825 ut
2757 2769 3038 2840 purga-io-

2274 2859 2402 2899 netn
2430 2842 2512 2896 sui
2558 2841 2728 2897 isdem
2775 2841 3038 2894 diaconus

2277 2912 2654 2982 subterfugere
2749 2909 3035 2982 voluisset,

2278 2985 2402 3040 aliis
2426 2980 2584 3037 aliter
2609 2980 2935 3045 dicentibus,
2960 2980 3040 3032 vi-

2277 3070 2398 3111 sum
2414 3063 2499 3109 est
2516 3051 2769 3108 omnibus
2784 3051 2842 3105 in
2852 3053 3041 3105 eodem

2280 3139 2437 3182 sacro
2483 3130 2750 3179 conventu
2800 3120 3045 3190 degenti-

2203 3175 2250 3240 C
2281 3175 2584 3262 HIs—,vttt‘ab
2616 3175 2764 3246 omni
2806 3175 3040 3245 enimilio

2280 3265 2356 3320 illi
2403 3263 2841 3327 interdiceretur,
2890 3274 2961 3314 ne
3006 3275 3036 3313 a

2278 3351 2347 3406 pa
2355 3335 2536 3406 rochia
2554 3333 2806 3406 lletnensi
2821 3345 3041 3406 quoq-tto

2278 3400 2437 3460 inodo
2487 3400 2919 3475 praesumpsisset
2969 3400 3039 3475 ’ξ’

2277 3470 2590 3537 abscedere,
2638 3473 2809 3528 donec
2865 3487 2926 3527 se
2969 3470 3039 3527 ab

2278 3545 2384 3599 illis
2416 3559 2535 3613 qua:
2565 3543 2614 3597 ei
2667 3542 3040 3613 impingebanf

2278 3623 2367 3669 tur
2389 3611 2641 3669 idoneum
2666 3611 2938 3677 redderet,
2953 3611 3039 3666 vel

2277 3692 2675 3755 competenterA
2728 3680 3043 3755 satisfacere

2276 3750 2613 3825 procuraret.
2634 3750 2800 3825 Quod
2828 3760 2882 3806 et
2898 3822 2910 3825 _
2926 3767 3041 3807 Olll-

2279 3822 2437 3880 hibus
2471 3823 2780 3894 singillatim
2827 3822 3041 3894 episco-

2276 3897 2359 3964 pis
2382 3894 2455 3948 illi
2483 3892 2805 3964 auctoritate
2827 3892 3041 3963 episco-

2275 3961 2382 4034 pali
2435 3961 2900 4035 praecipientibus,
2970 3977 3040 4018 ex

2276 4033 2457 4090 divino
2487 4034 2738 4089 mandato
2757 4040 2842 4087 est
2866 4033 3038 4088 inter-

2279 4105 2507 4160 dictum.

2347 4174 2401 4229 7.
2431 4173 2668 4243 Septima
2722 4174 2934 4229 actione
2963 4174 3039 4228 ei-

2275 4243 2398 4300 dem
2433 4260 2604 4316 sacrae
2624 4246 2838 4316 synodo
2892 4244 3037 4298 idem

2275 4315 2760 4370 christianissimus
2807 4315 3040 4369 domnus

2274 4400 2369 4440 rex
2400 4384 2629 4439 Karolus
2657 4384 2773 4439 Inec
2808 4399 2931 4453 qua:
2954 4400 3041 4438 se-

2275 4464 2516 4525 quuntur
2560 4454 2793 4523 capitula
2843 4468 3040 4524 propo-

2200 4533 2250 4594 D
2275 4526 2409 4591 suit,
2437 4535 2493 4580 et
2531 4525 2779 4580 consultu
2817 4539 3039 4578 eorum-

2275 4595 2398 4652 dem
2424 4595 2803 4667 episcoporum
2849 4607 2915 4649 ea
2938 4609 3038 4663 per

2273 4680 2497 4735 regnum
2521 4680 2677 4720 suum
2698 4667 3041 4721 innotescen-

2275 4735 2364 4800 da,
2397 4736 2694 4791 exercenda
2719 4744 2773 4790 et
2817 4749 3039 4789 conser-

2274 4805 2449 4860 vanda
2503 4805 2854 4864 commonuit.
2898 4818 3036 4874 pra:-

582 4868 832 4924 avunenli
863 4869 945 4922 sui
976 4867 1159 4922 Karoli
1189 4870 1459 4932 redactus,
1511 4866 1743 4923 consilio
1787 4864 2203 4921 reverendissir
2271 4876 2418 4945 cepit
2442 4884 2496 4931 ρι
2519 4875 2882 4932 continuavit.

821 4960 1127 5064 pontificum
1148 4969 1201 5016 et
1230 4975 1514 5031 procerum
1545 4968 1812 5021 attonsus,
1836 4957 1962 5012 etin
1989 4956 2175 5011 habitu
2358 4965 2448 5020 ιο,
2496 4965 2629 5021 illud
2659 4980 2875 5036 quoque
2903 4969 3118 5024 cunctis
3178 4961 3489 5021 volenlibus
3509 4956 3820 5016 conﬁrmatam

1272 5061 1279 5064 .
1351 5050 1362 5062 .
1644 5050 1678 5064 _.
1726 5048 1774 5064 ι.
1830 5049 1842 5064 .
1930 5048 1963 5064 ι.
2494 5056 2506 5064 .
2555 5055 2590 5064 ..
2659 5055 2671 5064 .
2716 5056 2750 5064 ..
2974 5057 2988 5064 -
3057 5059 3068 5064 -
3167 5056 3178 5064 .
3417 5054 3450 5064 ..
3657 5020 3820 5064 μ---ηῆ

582 5052 904 5109 monachico
950 5051 1020 5107 ad
1075 5050 1460 5106 monasterium
1506 5050 1680 5105 sancti
1725 5048 1964 5104 Medardi
2003 5055 2186 5103 custo-
2287 5066 2394 5121 εει,
2417 5056 2509 5125 qui
2538 5055 2827 5126 disciplina
2875 5056 3249 5114 ecclesiastica
3301 5054 3475 5118 noxii,
3514 5051 3621 5106 sive
3656 5036 3821 5112 ingenﬂ'

2288 5149 2402 5204 sive
2449 5149 2614 5212 servi,
2664 5149 3195 5215 coercentur-hmini
3226 5148 3462 5203 audeant
3480 5160 3572 5201 eos
3621 5133 3756 5197 tueri.
3785 5134 3824 5181 εί

2291 5238 2586 5294 vindictam
2614 5254 2803 5294 eorum
2851 5240 2905 5295 in
2935 5239 3205 5309 quoslibet
3236 5238 3302 5292 ad
3323 5243 3637 5308 potestatem
3668 5224 3825 5294 ενίεεο·

2291 5344 2482 5400 porum
2505 5329 2892 5399 pertinentium
2909 5339 3245 5401 retorquere.
3268 5327 3424 5395 Quod
3453 5326 3498 5380 si
3527 5316 3823 5401 ιιιιίιιιιίιιυεῑξ⁵

2292 5422 2759 5494 praesumpserint,
2808 5431 2863 5478 et
2888 5399 3503 5479 exconununicationem
3554 5399 3823 5470 ecclesiasli‘

583 4960 1127 5031 tuorum-pontificum
1148 4969 1201 5016 et
1230 4975 1514 5031 procerum
1545 4968 1812 5021 attonsus,
1836 4957 1962 5012 etin
1989 4955 2175 5011 habitu

585 5147 815 5202 tliendus
843 5155 898 5201 et
945 5145 1222 5202 docendus
1247 5145 1511 5201 deductus
1557 5154 1663 5200 est.
1709 5143 1784 5198 lbi
1808 5145 1915 5200 duo
1962 5142 2182 5214 quidam

591 5240 848 5297 monachi
878 5238 1088 5305 habitu,
1120 5239 1203 5294 sui
1237 5239 1498 5309 propositi
1530 5240 1618 5293 vix
1644 5238 1979 5294 credibiliter
2005 5248 2182 5294 trans-

587 5344 887 5401 gressores,
909 5329 1162 5384 ardentes
1184 5328 1467 5383 immodica
1491 5330 1802 5398 cupiditate,
1819 5332 2049 5385 eundem
2063 5330 2187 5401 Pip-

586 5421 774 5491 pinum
799 5419 1070 5475 abducere
1096 5418 1276 5473 conati
1304 5426 1449 5485 sunt,
1475 5427 1527 5471 et
1550 5434 1737 5489 pacem
1769 5422 2052 5477 christiani
2086 5438 2185 5495 po-

1899 5558 2135 5614 VAlil/E
2183 5560 2588 5617 LECTIONES.

594 5689 960 5791 ωςίἒιίἠιξιιιξιιί
982 5690 1046 5773 ⁸ζ’).
1102 5692 1192 5791 0'”
1220 5691 1583 5791 caarnlutumoii.
1622 5693 1726 5791 ut“
1757 5709 1807 5748 (ξ.
1838 5709 1966 5791 e.'p.
1988 5697 2041 5751 5.
2078 5696 2188 5791 “"6
2207 5695 2340 5791 neius
2364 5697 2417 5752 5.
2496 5696 2693 5791 ητὲιοη
2717 5696 2777 5791 ξὶ
2848 5695 2918 5728 ³³⁸
2940 5690 3264 5769 burgcharzli
3284 5696 3338 5751 2.
3417 5694 3487 5729 ⁸⁸⁸
3513 5676 3823 5758 οοιιιιοέὶοοεο

923 5778 1074 5791 ...υ-..ι
1259 5782 1265 5791 .
1329 5783 1341 5791 ,
1368 5776 1462 5791 μ.-.
1729 5781 1887 5791 η.......
1914 5781 2048 5791 μα..-
2258 5788 2263 5791 .
2304 5766 2548 5791 --.μνημΛι
2706 5768 2739 5791 ι.
2803 5768 3042 5791 -..ιι.-.--.ιε
3067 5771 3095 5791 q
3196 5768 3264 5791 ru
3303 5772 3639 5791 ..._..--.-.......u
3664 5762 3694 5791 si

688 5762 1074 5816 cinontannicm
1102 5762 1155 5816 2.
1234 5763 1462 5818 1“deest
1494 5762 1545 5817 2.
1622 5764 1691 5796 ³⁸³
1727 5762 2050 5837 (plauditque
2078 5766 2130 5821 2.
2207 5762 2276 5801 3”
2301 5766 2548 5839 przccepil
2575 5766 2626 5822 2.
2706 5766 2777 5799 ³³³
2800 5762 3119 5824 rothardi'3.
3196 5768 3264 5802 ε³³
3301 5772 3642 5837 praesumeret
3664 5762 3709 5810 ιο

3173 1849 3356 1906 Codex
3373 1846 3541 1919 suppl.
3568 1844 3674 1919 ιαι.
3694 1844 3762 1900 75.

3175 1921 3232 1975 6.
3258 1920 3330 1976 Ut
3383 1917 3446 1974 in‘
3462 1917 3747 1981 civitatibus,
3761 1925 3799 1971 et

3104 1990 3453 2047 monasteriis
3480 1988 3801 2057 utriusqueu-

3103 2078 3205 2116 xus
3230 2070 3287 2116 et
3307 2058 3535 2122 ordinis,
3567 2055 3803 2112 Deicultus

3102 2136 3263 2202 quam
3295 2132 3542 2201 proxime
3585 2127 3685 2181 fleri
3709 2140 3799 2202 pos:

3101 2196 3179 2259 se!
3208 2196 3341 2256 inst
3352 2210 3640 2261 aurarctur,
3666 2196 3804 2251 statuit

3105 2270 3569 2344 sanctasynodus,
3585 2267 3803 2344 annuente

3100 2336 3490 2414 pioprin'cipe.
3514 2350 3570 2393 ut
3596 2337 3739 2414 idonei

3104 2407 3621 2484 gitti-dirigerentur,
3633 2407 3714 2477 qui
3728 2407 3804 2460 sin-

3106 2482 3615 2555 guloruntlocorum
3655 2486 3805 2532 statim

3107 2553 3470 2610 solertissime
3564 2555 3805 2618 perscruta-

3110 2634 3334 2688 reutur;
3385 2630 3443 2678 et
3464 2616 3581 2693 qnaé
3612 2616 3696 2693 ipsi
3738 2629 3805 2685 per

3106 2710 3167 2751 se
3189 2710 3293 2749 non
3317 2686 3805 2754 valeréntco'rrigere.

3093 2764 3309 2834 judicio
3396 2762 3632 2834 proxime
3685 2753 3807 2834 futuri

3110 2827 3357 2899 concilii,
3397 2827 3458 2887 et
3496 2827 3717 2902 potestati
3749 2839 3808 2880 nt-
3898 2827 3899 2902 ξ

3112 2907 3213 2978 gim
3240 2903 3563 2978 revelarent.

3180 2975 3235 3031 7.
3263 2974 3806 3039 Decreveruntprteter-

3114 3061 3178 3103 ea
3223 3045 3402 3101 sancti
3448 3043 3752 3115 pontifices,_
3768 3044 3810 3115 ιιι

3114 3116 3365 3173 ecclesiae
3390 3106 3519 3185 qua:
3542 3111 3657 3167 olim
3682 3106 3809 3185 indul-

3115 3188 3294 3259 gentia
3322 3184 3678 3259 religiosorum
3703 3184 3809 3259 prni-

3111 3246 3316 3327 Eiputn,
3362 3246 3456 3327 vel
3484 3246 3810 3327 aliorum

3110 3320 3242 3382 lium
3278 3326 3586 3385 devotione,
3617 3320 3811 3393 itnmuui-
3898 3320 3899 3393 ξ

3113 3406 3279 3453 tatem
3337 3393 3673 3453 meruissent,
3706 3385 3810 3440 eain
3898 3386 3899 3415 ῖ

3111 3475 3438 3538 perpetuum
3478 3461 3666 3537 perfrui
3704 3457 3809 3512 sine

3183 3592 3813 3677 8.*Etutexpos_ses§lo-
3898 3620 3899 3625 π

3114 3679 3274 3735 nibus
3332 3692 3477 3749 quas
3504 3672 3814 3749 ecclesiastica

3114 3750 3279 3805 certis
3293 3738 3512 3804 indiciis
3532 3738 3814 3811 comprobato

3116 3829 3222 3885 tttr,
3245 3833 3347 3874 nec
3370 3817 3528 3881 plene
3549 3822 3737 3884 propter
3751 3818 3817 3885 vaf

3114 3880 3226 3945 rias
3275 3880 3626 3944 Iteeessitates
3642 3880 3815 3952 possit!“

3112 3961 3353 4025 restitui,
3383 3958 3573 4014 saltem
3612 3961 3740 4009 nom:
3773 3953 3817 3996 ιο

3112 4031 3340 4086 decima:
3381 4030 3688 4084 tribuantur.

3184 4101 3236 4156 9.
3262 4100 3330 4154 Et
3354 4109 3411 4152 ιιι
3445 4098 3497 4152 in
3544 4094 3665 4149 locis
3683 4100 3818 4156 sacra:

3113 4153 3207 4224 tisv
3228 4153 3425 4225 diebus
3455 4162 3729 4239 dominicis
3755 4153 3816 4239 νει

3112 4241 3237 4296 aliis
3267 4235 3688 4295 solemnitatibus
3715 4226 3818 4297 judi-

3113 4312 3195 4366 cia
3241 4309 3459 4381 publica
3509 4321 3610 4361 tton
3650 4308 3817 4381 exerce:

3111 4365 3308 4446 antu'r;
3354 4393 3540 4452 neque
3588 4372 3714 4452 enim

3112 4433 3261 4515 esse,
3292 4433 3373 4505 ibi
3400 4433 3520 4503 rc'os
3546 4441 3721 4516 puniri,
3756 4433 3818 4487 ulli

3113 4529 3363 4592 respectu
3399 4518 3592 4592 divinae
3629 4517 3819 4592 revertr

3112 4586 3220 4647 ιὶωί
3251 4586 3675 4647 misericordiam
3722 4590 3817 4630 eon-

3106 4676 3276 4717 sensu
3288 4660 3533 4725 ﬁdelium
3544 4657 3820 4719 consequun-

3109 4740 3219 4790 ινιτ.
