3876 5326
95 340 185 395 595

1129 342 1496 400 ιτιιιιξιροιιυ
1509 343 1551 397 Μ
1583 343 1823 400 REGUM
1845 344 2322 402 CAPITULARIA.

3243 352 3349 408 ὅθι

96 472 196 512 cam
223 497 239 519 ,
293 467 345 512 et
395 465 601 513 motum
653 459 1038 529 indignationis
1087 462 1249 532 regia:
1295 476 1662 532 perpessums.
1697 447 1743 502 Α
1773 461 1887 513 nari
1915 461 2142 530 possint,
2169 472 2225 515 ut
2251 461 2375 516 inde
2397 477 2518 516 cum
2558 477 2820 518 consensu
2867 463 3101 520 fidelium
3142 477 3357 521 nostru-

155 546 235 600 ll.
269 546 554 603 Obtentum
585 559 669 605 est
697 554 859 606 etiam
891 569 919 607 a
942 554 1290 608 devotissimo
1318 554 1580 622 principe,
1609 561 1667 606 ut

91 640 292 704 inceSti,
316 650 372 694 et
393 642 619 710 quilibet
652 645 742 698 alii
772 646 988 714 perditi,
1021 662 1250 702 examen
1291 647 1666 717 episcoporum

93 728 420 798 refugientes,
460 747 556 802 per
575 734 787 803 judices
814 737 1054 804 publicos
1105 738 1171 792 ad
1202 751 1388 791 eorum
1429 751 1668 806 praesen-

93 820 203 871 tiam
229 820 585 887 deducantur,
618 839 687 878 ne
701 824 922 880 alterius
951 826 1258 882 illecebram
1289 826 1542 897 peccandi
1566 843 1667 881 nu-

89 909 202 962 triat
227 908 524 980 impunitas
546 915 822 974 vitiorum.

151 999 233 1053 12.
291 1001 576 1059 Postremo
621 1009 1168 1079 quiodaquibusdam
1219 1013 1663 1079 conservabatur,

90 1093 350 1162 pertisum
381 1108 467 1150 est
485 1099 816 1167 generaliter
845 1091 912 1156 ab
937 1103 1188 1158 omnibus
1227 1105 1664 1172 custodiendum,

89 1199 148 1236 ne
187 1182 306 1236 ullae
330 1199 418 1239 res
449 1187 837 1246 ecclesiastica:
888 1193 1094 1263 absque
1140 1196 1284 1267 regis
1328 1197 1669 1253 conniventi:

88 1289 244 1327 cunnn
253 1291 282 1328 υ
291 1283 379 1331 ten
387 1286 439 1330 ιι]
449 1293 496 1330 ι’.

476 1411 874 1458 οΑιδιτυιΑιιε
919 1419 1266 1464 διιδεοῐιυιιι.

90 1509 680 1591 ιειέξξῄιιρξορυξιὶιιιιι
704 1525 818 1589 sunt
837 1533 862 1567 ι
886 1521 1060 1591 domno
1078 1523 1256 1591 Karolo
1275 1527 1322 1591 in
1343 1527 1524 1589 synodo
1543 1530 1669 1591 apud

139 1577 412 1650 inessionis
436 1579 754 1650 civiumnam
781 1587 1074 1650 monasterio
1108 1588 1258 1633 sancti
1284 1577 1515 1650 bis-(tardi,
1544 1577 1670 1641 anno

137 1638 484 1690 incarnationis
506 1638 772 1691 Dominicae
790 1643 904 1705 855,
926 1647 1156 1697 iumense
1181 1650 1335 1710 Aprili
1363 1651 1452 1701 ³³⁸.

146 1733 196 1788 1.
210 1733 252 1790 U
263 1745 281 1789 t
296 1736 454 1792 missi
480 1741 644 1795 nostri
659 1758 756 1812 per
767 1744 1015 1800 civitates
1027 1756 1081 1801 et
1093 1749 1303 1820 singula
1322 1757 1668 1822 monasteria,

87 1828 181 1874 tam
205 1827 598 1884 canonicorum
631 1847 791 1900 quam
825 1837 1208 1894 monachorum
1246 1843 1359 1898 sive
1381 1847 1671 1902 sanctimo-

87 1915 299 1970 nialium
311 1959 326 1982 ,
347 1935 453 1974 una
469 1937 591 1977 cum
607 1926 858 1996 episcopo
872 1933 1164 1998 paraecbite
1187 1936 1604 2008 uniuscujusque
1620 1943 1672 1995 in

89 2021 542 2078 quaeonsnstunt,
570 2031 688 2071 eum
717 2021 964 2076 consilio.
991 2025 1156 2081 etiam
1195 2037 1251 2082 et
1295 2045 1560 2087 consensu
1605 2034 1670 2070 ³³⁷

90 2094 245 2165 ipsius
266 2100 364 2168 qui
400 2107 782 2163 monasterium
815 2110 884 2144 ³⁸⁸
914 2115 1130 2179 retinet,
1151 2132 1312 2186 quem
1343 2120 1410 2156 ³³⁸
1433 2122 1677 2180 volumus

87 2197 133 2240 et
151 2201 422 2258 expresse
449 2197 782 2266 pracipimus
838 2211 898 2256 ut
923 2218 1162 2272 prmscns
1208 2209 1297 2275 sit,
1326 2211 1488 2266 vitam
1545 2214 1676 2269 inibi

90 2277 395 2348 degentium
427 2292 478 2338 et
512 2291 972 2348 conversationem
1008 2296 1302 2366 inquirant,
1333 2313 1388 2356 et
1438 2305 1525 2359 uti
1582 2322 1677 2362 ne-

88 2385 229 2425 cesse
252 2383 345 2427 est
374 2377 670 2446 corrigam,
693 2392 749 2435 et
776 2384 864 2439 ubi
895 2387 1109 2454 desunt,
1140 2406 1410 2462 congruas
1435 2396 1678 2454 oilicinas

90 2471 406 2558 construere
434 2465 502 2502 ³⁸⁸
523 2467 777 2538 jubeant;
815 2484 870 2530 et
918 2477 1007 2532 ubi
1039 2493 1165 2534 sunt
1192 2482 1255 2515 ³⁸¹
1287 2484 1464 2551 factae,
1501 2495 1554 2541 et
1585 2506 1680 2558 per

92 2554 484 2654 neglegentiam
513 2569 639 2616 sunt
666 2563 972 2632 destructas,
1004 2569 1294 2629 instaurari
1343 2554 1678 2649 praecipiant,

93 2651 140 2693 et
165 2651 373 2701 victum
407 2663 473 2706 ac
524 2661 706 2720 potum
755 2666 809 2712 et
856 2662 1237 2719 vestimentum
1267 2677 1430 2738 atque
1479 2682 1679 2728 cratera

92 2739 422 2804 necessaria,
449 2756 546 2811 pro
573 2745 832 2814 qualitate
856 2758 910 2804 et
940 2755 1406 2822 possibilitateloci
1435 2771 1487 2815 et
1519 2762 1678 2819 inha-

93 2822 378 2885 bitantium
432 2837 772 2905 necessitate,
799 2842 1083 2910 ordinent;
1137 2857 1195 2902 et
1251 2849 1680 2921 bosiiitalitatem

93 2923 567 3015 super-vertendum
589 2928 859 3000 hospitum
893 2944 949 2990 ct
973 2940 1335 3007 receptionem
1383 2960 1681 3015 pauperum

95 3009 286 3068 ibidem
320 3015 607 3087 disponant
629 3032 684 3077 et
705 3025 974 3083 ordinent.
1006 3029 1258 3088 Ecclesiae
1283 3009 1682 3107 quoilue-lumi-

1769 566 1888 605 rum
1918 553 2246 618 ordinemus,
2272 552 2399 623 quid
2428 553 2496 609 de
2509 564 2704 609 caetero
2730 557 2995 625 agendum
3021 556 3194 611 sit.Et
3224 575 3357 628 qua-

1769 641 1892 697 liter
1919 644 2254 700 abbatiarum
2282 645 2509 715 praelati,
2565 655 2619 699 et
2651 647 2702 700 in
2751 648 2884 702 locis
2931 649 3100 702 sacris
3145 649 3357 704 inhabi—

1771 742 1968 800 tantes,
1997 735 2064 789 de
2091 737 2173 791 his
2193 752 2314 806 quae
2345 737 2497 792 missi
2529 739 2700 792 nostri
2730 740 3112 809 pneceperint,
3135 741 3358 795 obedie-

1768 827 1897 891 rint,
1932 827 2086 882 nobis
2115 827 2524 899 diligentissime
2546 838 2599 884 et
2625 830 2959 899 capitulatim
2994 830 3252 885 referant.

1839 916 1893 969 2.
1926 916 1991 971 Ut
2030 917 2178 973 missi
2205 919 2374 972 nostri
2397 917 2680 989 diligenter
2733 920 3054 992 investigent
3104 936 3200 990 per
3249 923 3360 977 sin-

1771 1010 1923 1082 gulas
1943 1011 2252 1080 parochias,
2292 1011 2452 1064 simul
2473 1025 2594 1067 cum
2620 1011 2894 1080 episcopo,
2926 1011 2993 1066 de
3017 1012 3363 1066 monasteriis

1770 1117 1891 1172 qua:
1929 1102 2098 1156 Deum
2139 1103 2392 1157 timentes
2418 1103 2471 1157 in
2506 1103 2618 1158 suis
2656 1103 3074 1174 proprietatibus
3125 1094 3362 1158 aedifica-

1769 1203 1986 1256 verunt,
2013 1201 2066 1247 et
2097 1207 2164 1247 ne
2197 1192 2268 1246 ab
2304 1192 2608 1247 hzeredibus
2641 1207 2830 1248 eorum
2862 1191 2931 1223 ⁸⁵⁸
2964 1191 3361 1253 dividerentur,

1769 1282 2083 1354 parentibus
2113 1293 2167 1338 et
2190 1283 2680 1354 praedecessoribus
2723 1283 2926 1338 nostris
2959 1282 3060 1340 sub
3111 1283 3366 1337 immuni-

1771 1374 1898 1429 tatis
1921 1373 2234 1430 defensione
2265 1375 2618 1438 tradiderunt,
2653 1384 2705 1430 et
2735 1384 2919 1444 postea
2964 1374 3018 1429 in
3051 1373 3259 1428 alodem
3295 1376 3366 1407 ³⁸³
3390 1427 3414 1459 ὡ

1771 1473 1900 1520 sunt
1921 1466 2082 1530 data;
2109 1473 2167 1520 ut
2198 1465 2509 1520 describant
2539 1480 2658 1534 quae
2689 1465 2818 1530 sint,
2848 1473 2903 1520 et
2934 1480 2963 1518 a
2993 1480 3101 1535 quo
3131 1464 3214 1518 vel
3243 1463 3364 1533 qui-
3409 1461 3411 1463 ’

1773 1556 1875 1612 bus
1910 1557 1962 1610 in
1987 1555 2373 1625 proprietatem
2413 1555 2539 1610 data
2576 1564 2724 1620 sunt,
2756 1565 2811 1610 et
2839 1555 2994 1610 nobis
3056 1555 3369 1610 renuntiare

1773 1654 2097 1716 procurent;
2153 1654 2213 1700 ut
2265 1661 2387 1701 cum
2429 1646 2697 1716 episcopis
2743 1655 2797 1700 et
2853 1647 3066 1700 caeteris
3119 1645 3367 1700 fidelibus

1777 1735 1982 1791 nostris
2006 1735 2428 1798 consideremus,
2457 1736 2584 1804 quid
2610 1745 2666 1790 et
2691 1735 2921 1805 qualiter
2974 1735 3118 1802 inde,
3177 1751 3371 1791 secun-

1777 1827 1903 1882 dum
1927 1826 2019 1881 Dei
2046 1826 2378 1883 voluntatem
2405 1835 2459 1881 et
2485 1835 2724 1882 nostram
2767 1827 3014 1894 salutem,
3065 1843 3225 1899 agere
3279 1831 3373 1882 dc-

1774 1924 2019 1977 beamus.

1848 2013 1903 2067 5.
1948 2011 2016 2066 Ut
2047 2011 2198 2066 missi
2222 2011 2390 2067 nostri
2450 2027 2551 2083 per
2606 2011 2845 2082 singulas
2891 2010 3204 2082 parochias,
3265 2025 3374 2064 una

1777 2119 1898 2158 cum
1939 2105 2191 2174 episcopo
2216 2104 2487 2174 parochias
2512 2105 2702 2174 ipsius,
2734 2106 3016 2174 requirant
3043 2104 3110 2159 de
3153 2102 3375 2173 capellis

1777 2193 1933 2249 etde
1983 2193 2270 2248 abbatiolis
2295 2208 2363 2247 ex
2395 2193 2537 2248 casis
2579 2193 2672 2249 Dei
2725 2195 2778 2248 iu
2831 2195 3150 2249 beneficium
3207 2193 3371 2255 datis,

1779 2285 1954 2354 qualis
1993 2301 2186 2340 census
2211 2285 2334 2340 inde
2355 2294 2534 2349 exeat,
2590 2295 2647 2338 ιιι
2695 2285 2922 2341 ecclesia
2977 2286 3043 2340 de
3091 2301 3195 2354 qua
3247 2275 3376 2338 sunt

1779 2375 1972 2430 exinde
1995 2377 2308 2431 vestituram
2336 2375 2536 2430 habere
2563 2376 2752 2444 possit,
2788 2387 2844 2430 et
2864 2377 3018 2431 nobis
3040 2375 3374 2436 renuntient,

1780 2475 1841 2520 ut
1866 2466 1968 2521 hoc
1998 2475 2178 2520 nostra
2209 2466 2533 2520 auctoritate
2557 2468 2962 2521 commendetur
2991 2476 3154 2536 atque
3187 2455 3375 2518 firme-

1782 2566 1889 2624 tur,
1917 2565 1972 2611 et
2001 2557 2297 2612 secundum
2349 2556 2661 2626 qualitatem
2720 2557 2804 2611 vel
2858 2557 3214 2627 quantitatem
3265 2555 3374 2614 loci

1781 2647 2008 2702 clericos
2036 2655 2090 2702 et
2126 2647 2413 2701 luminaria
2443 2647 2513 2702 ibi
2546 2647 2819 2714 ordinent,
2850 2657 2904 2704 et
2930 2646 3043 2704 loca
3076 2648 3374 2702 restaurari

1785 2737 2002 2794 faciant.

1851 2835 1904 2890 4.
1947 2834 2379 2890 Denuntiandum
2408 2842 2492 2890 est
2519 2834 2788 2900 onmibus,
2819 2841 2874 2890 et
2899 2848 2929 2888 a
2975 2832 3154 2889 missis
3179 2831 3378 2887 nostris

1783 2926 2166 2992 ordinandum,
2218 2934 2276 2980 ut
2320 2941 2512 2981 omnes
2556 2925 2800 2982 ecclesia:
2832 2934 2888 2980 et
2925 2925 3222 2996 presbyteri
3276 2923 3378 2978 sub

1786 3019 2126 3075 immunitate
2147 3034 2210 3073 ac
2233 3018 2533 3088 privilegio,
2559 3027 2613 3073 et
2638 3018 2978 3073 ordinatione
3013 3024 3176 3085 atque
3197 3015 3376 3083 dispu-

93 3107 238 3160 naria
266 3115 327 3160 et
354 3121 606 3167 ornatum
633 3115 872 3172 debitum
893 3121 1168 3187 ordinent,
1202 3137 1254 3180 et
1282 3104 1591 3185 tltesanrnn
1621 3147 1685 3187 ac
1711 3141 1759 3203 ε
1787 3113 1984 3169 “ilione
2008 3111 2383 3182 episcoporum
2407 3109 2738 3180 Singuli‘mm
2769 3107 3148 3178 i’aroehiamm
3172 3106 3224 3160 in
3253 3104 3374 3174 QUi'

95 3197 413 3292 vestimenta
442 3215 537 3256 seu
567 3203 732 3262 libros
759 3209 1049 3281 diligenter
1079 3215 1402 3292 iubrevient,
1453 3232 1508 3278 et
1561 3224 1683 3280 bre-

94 3299 182 3340 ves
207 3289 375 3382 nobis
402 3303 692 3362 reportent.
727 3298 1032 3356 Inbrevient
1049 3289 1238 3371 etiam,
1259 3310 1384 3378 quid
1403 3314 1688 3382 unusquis-

95 3389 192 3443 que
212 3379 567 3438 ecclesiarum
599 3385 873 3456 pradatus,
923 3395 1142 3462 quando
1171 3399 1537 3466 przelationem
1561 3379 1685 3457 _ec—

94 3467 278 3525 desim
310 3475 563 3545 suscepit,
595 3477 666 3532 ibi
702 3480 993 3550 invenerit,
1043 3493 1098 3539 et
1123 3488 1249 3555 quid
1303 3489 1461 3544 modo
1491 3492 1686 3548 exinde

95 3557 164 3614 ibi
191 3561 378 3617 minus
400 3564 487 3629 sit,
520 3567 603 3622 vel
624 3571 751 3638 quid
772 3571 854 3626 vel
885 3583 1145 3642 quantum
1161 3577 1230 3631 sit
1252 3580 1681 3648 superadditum.

99 3649 236 3716 Quid
267 3652 342 3684 ³⁸⁸
369 3656 529 3710 etiam
551 3657 898 3718 Nortmannis
929 3680 1042 3734 .per
1071 3677 1309 3723 nostram
1338 3673 1686 3726 commenda-

101 3743 307 3800 tionem
332 3747 442 3803 sive
469 3750 584 3807 sine
611 3762 798 3809 nostra
837 3759 1306 3815 connnendatione
1359 3763 1540 3816 datum
1587 3764 1678 3830 sit,

102 3835 301 3901 quidve
329 3838 589 3909 relictum,
619 3843 700 3898 vel
730 3846 858 3914 quid
889 3863 917 3900 a
944 3862 1217 3918 quoquam
1262 3851 1334 3905 ibi
1377 3851 1429 3906 in
1453 3852 1684 3910 elecmo-

100 3940 234 3994 syria
258 3928 464 3984 datum.
490 3931 783 3990 Numerum
807 3939 971 3992 etiam
1000 3942 1382 3998 canonicorum
1419 3954 1474 4000 et
1503 3962 1686 4002 mona-

103 4017 332 4072 chorum
379 4019 489 4076 sive
541 4026 1035 4083 sanctimonialium
1112 4031 1533 4104 uniuscujusque
1579 4037 1683 4093 loci

104 4108 428 4175 describant,
457 4122 510 4167 et
533 4115 687 4170 nobis
707 4116 976 4186 referant;
1006 4130 1064 4174 ut
1108 4124 1405 4177 secundum
1456 4127 1686 4194 qualita-

109 4204 213 4251 tem
235 4209 293 4254 et
329 4203 682 4268 quantitatem
736 4207 861 4274 loci,
907 4226 1029 4265 cum
1055 4212 1281 4267 consilio
1311 4214 1684 4284 episcriporum

107 4300 164 4342 et
213 4290 446 4348 fidelium
474 4307 804 4366 nostrorum,
835 4303 926 4356 ubi
974 4305 1152 4359 minor
1194 4321 1451 4360 numerus
1501 4305 1685 4372 fuerit,

108 4393 293 4437 nostra
321 4389 648 4444 auctoritate
667 4393 956 4460 addamus;
987 4395 1076 4448 ubi
1117 4409 1248 4452 vero
1299 4397 1687 4452 indiscretione

1787 3203 1888 3258 bus
1907 3202 2228 3264 consistunt,
2256 3201 2550 3255 secundum
2576 3199 2950 3253 auctoritatem
2979 3196 3292 3251 canonicam
3320 3205 3380 3249 et

1788 3289 2102 3360 capitularia
2133 3289 2316 3343 domui
2347 3286 2526 3350 Karoli
2578 3287 2920 3357 imperatoris
2957 3285 3038 3338 avi
3097 3282 3291 3346 nostri,
3323 3294 3381 3337 et

1786 3381 1858 3450 pii
1885 3380 2096 3451 augusti
2126 3378 2424 3434 llluduwici
2455 3377 2636 3434 domui
2668 3375 2998 3448 etgenitoris
3032 3374 3225 3440 nostri,
3249 3387 3377 3444 per-

1786 3477 2060 3524 maneant.

1858 3578 1909 3632 5.
1954 3579 2024 3634 Ut
2069 3578 2219 3633 missi
2279 3579 2450 3634 nostri
2496 3577 2790 3648 diligenter
2851 3576 3178 3646 investigent
3247 3589 3370 3628 cum

1785 3671 2038 3740 episcopo
2061 3679 2115 3724 et
2137 3670 2374 3739 prwlatis
2411 3669 2887 3733 monasteriorum,
2916 3676 2970 3721 ct
2995 3682 3090 3736 per
3115 3665 3297 3720 ﬁdeles
3319 3675 3376 3718 et

1785 3769 2035 3815 strenuos
2056 3759 2220 3822 viros,
2246 3759 2298 3813 in
2313 3773 2633 3827 unaquaque
2647 3757 2900 3827 parocbia
2926 3757 2990 3811 de
3018 3756 3178 3810 rebus
3204 3756 3378 3809 eccle-

1784 3849 2020 3905 siasticis
2047 3847 2100 3902 in
2123 3848 2332 3902 alodem
2352 3847 2520 3912 datis;
2546 3855 2600 3902 ct
2629 3847 2767 3902 sicut
2792 3846 3132 3901 evidentibus
3148 3856 3202 3899 et
3230 3845 3378 3898 veris

1783 3939 1998 3994 indiciis
2025 3939 2094 3971 ⁸⁸⁸
2131 3954 2194 3994 ac
2220 3937 2632 3992 auctoritatibus
2659 3937 3042 4006 compererint,
3094 3935 3377 4002 diligenter

1787 4051 1815 4088 a
1847 4049 1955 4104 quo
1984 4041 2037 4088 et
2063 4032 2259 4102 quibus
2283 4031 2423 4086 data:
2454 4030 2562 4085 sint
2591 4029 2688 4096 m,
2733 4029 2818 4084 vel
2859 4037 3119 4100 quantum
3174 4027 3372 4082 exinde

1785 4125 1854 4179 sit
1889 4123 1979 4189 ³³⁸,
2007 4122 2334 4186 describant,
2361 4128 2416 4175 et
2436 4120 2592 4176 nobis
2612 4119 2942 4181 renuntient.
3257 4193 3269 4204 ί

1857 4217 1909 4271 6.
1955 4215 2024 4272 Ut
2053 4215 2200 4270 missi
2230 4215 2400 4270 nostri
2429 4230 2684 4285 expresse
2712 4223 2766 4269 et
2794 4230 2916 4270 cum
2970 4214 3116 4268 omni
3147 4212 3377 4283 diligen-

1787 4307 1884 4372 tia,
1919 4321 2044 4361 cum
2091 4305 2345 4380 episcopo
2393 4311 2449 4359 et
2505 4303 2740 4377 pra-latis
2794 4301 3246 4357 monasteriorum
3278 4315 3375 4370 per

1791 4397 2031 4467 singulas
2061 4395 2372 4466 parochias,
2393 4394 2677 4463 requirant
2705 4394 2771 4449 de
2800 4394 2964 4453 rebus
2988 4391 3377 4447 ecclesiasticis

110 4473 448 4560 praelaton
503 4481 848 4550 superfuerit,
892 4486 960 4539 ad
1006 4502 1316 4541 mensuram
1363 4489 1685 4558 redigamus.
1717 4501 1767 4560 D
1794 4489 1934 4543 unde
1975 4501 2130 4541 unum
2155 4493 2210 4538 et
2244 4485 2469 4540 decima:
2497 4485 2634 4538 solvi
2669 4483 2868 4539 debent
2915 4483 2983 4515 ⁸⁵⁸
3014 4491 3070 4537 et
3122 4499 3226 4536 non
3271 4480 3378 4536 sol-

108 4559 383 4630 luquirant
408 4567 477 4600 m
501 4585 736 4640 quoque,
761 4582 891 4641 quot
916 4581 1157 4642 tempore
1180 4576 1266 4630 avi
1291 4576 1460 4631 nostri
1501 4575 1684 4632 Karoli

111 4663 168 4705 et
197 4656 367 4712 domui
414 4661 675 4730 genitoris
704 4664 875 4719 nostri
930 4663 1230 4721 Hludowici
1279 4682 1601 4738 unoquoque
1630 4669 1684 4723 in

111 4748 230 4803 loco
250 4750 464 4818 fuerint,
489 4761 545 4808 et
572 4764 703 4824 quot
726 4755 885 4810 modo
910 4757 1040 4821 sint,
1076 4766 1132 4811 et
1172 4757 1261 4811 ubi
1299 4757 1411 4812 loea
1461 4774 1491 4811 a
1529 4760 1686 4814 Nort-

116 4841 322 4896 mannis
341 4842 454 4897 sive
480 4857 511 4896 a
539 4844 869 4914 quibuslibet
893 4846 1014 4902 aliis
1043 4848 1314 4903 destructa
1340 4858 1466 4902 sunt
1495 4860 1550 4904 et
1595 4865 1685 4919 pe-

116 4925 264 4983 nitus
281 4932 567 4998 adnullata,
589 4944 721 5004 quot
746 4935 817 4989 ibi
843 4952 981 4991 nunc
1010 4946 1229 5008 propter
1255 4939 1577 5007 paucitatem
1603 4955 1683 4994 re-

117 5030 238 5070 rum
263 5028 314 5073 ct
340 5021 759 5080 devastationem
781 5027 1091 5082 earumdem
1119 5028 1371 5082 constitui
1430 5028 1512 5083 vel
1539 5029 1684 5083 ordi-

1792 4589 2008 4638 vuntur,
2050 4584 2106 4629 et
2126 4575 2192 4607 ³⁸⁰
2217 4574 2447 4644 persolvi
2477 4574 2544 4628 ab
2572 4574 2787 4630 easdem
2814 4573 2880 4604 πί
2911 4587 2997 4628 res
3023 4572 3380 4626 retinentibus

1793 4668 2013 4722 faciant.
2040 4665 2175 4723 Etsi
2205 4665 2385 4734 aliqua
2438 4664 2818 4729 contradictio,
2872 4679 2992 4734 qua:
3038 4661 3379 4718 rationabilis

1792 4758 2058 4818 videatur,
2111 4757 2300 4809 oborta
2353 4753 2534 4818 fuerit,
2591 4754 2947 4818 describatur,
3010 4763 3064 4808 et
3123 4753 3382 4824 przelatus

1792 4846 1960 4917 ipsius
1989 4860 2128 4900 casa:
2156 4845 2247 4898 Dei
2286 4845 2426 4899 unde
2450 4859 2537 4898 res
2562 4858 2681 4898 esse
2705 4853 3023 4907 noscuntur,
3046 4852 3101 4897 et
3153 4843 3261 4896 ille'
3289 4846 3384 4912 qui

1791 4953 1886 4992 eas
1913 4936 2181 4992 detinetet
2205 4950 2400 4988 nonam
2418 4950 2482 4988 ac
2496 4934 2759 4988 decimam
2775 4932 2985 4987 solvere
3005 4933 3275 4986 detrectat
3289 4935 3384 4995 ³⁸³,

1792 5025 1952 5082 simul
2015 5040 2136 5080 cum
2197 5024 2378 5079 missis
2427 5023 2627 5078 nostris
2701 5021 2772 5076 ad
2806 5030 3063 5078 nostram
3122 5017 3392 5087 iubeatur

1453 5174 1686 5232 VARI/IS
1724 5176 2017 5234 LECTION
2026 5176 2122 5231 ES.
