3876 5326
123 312 219 368 597

1113 301 1534 362 FRANCORUM
1577 303 1816 360 REGUM
1857 284 2335 361 CAPITULARIA;

3261 278 3362 332 598

123 429 364 478 satutem.
416 418 609 476 Notum
648 420 973 477 fraternitati
1023 429 1216 475 vestrae
1264 417 1378 471 tleri
1429 420 1694 470 volumus.

1806 425 1898 478 sibi
1922 421 2221 476 commissa:
2249 411 2555 472 necessitati
2585 405 2862 479 pietative,
2889 395 3220 455 consuluisse
3246 405 3363 444 ma-

121 514 240 581 quia
272 525 444 580 nuper
486 512 710 567 instanti
765 527 908 566 anno
954 527 1050 582 per
1100 519 1413 580 praesentem
1466 506 1692 575 primam

122 601 462 657 indictionem
492 602 632 672 apud
663 602 848 656 urbem
873 600 1248 663 Suessionum,
1271 599 1476 653 decimo
1503 594 1696 649 Kalen-

121 693 214 748 das
270 691 460 756 Maias,
511 692 578 745 ad
625 693 888 762 synodum
945 690 1348 751 convenientes.
1395 687 1486 742 cui
1539 698 1695 739 sacro

122 799 263 838 conv.
285 783 399 837 nmi
427 783 567 837 idem
585 784 849 854 gloriosus
871 797 962 837 rex
987 796 1138 837 suam
1162 789 1247 834 est
1267 780 1520 849 dignatus
1545 775 1698 828 exhi-

121 873 244 928 bere
274 873 643 940 prxsentiam,
673 873 815 928 inter
845 881 1040 927 caetera
1066 869 1433 925 ecclesiastica
1459 865 1694 934 negotia,

121 964 182 1016 de
204 962 497 1017 venerabili
527 961 699 1018 fratre
729 972 918 1017 nostro
945 962 1294 1023 llerimanno,
1349 955 1697 1011 Nivernensis

122 1055 262 1108 urLis
288 1055 564 1124 episcopo,
605 1055 973 1124 qurestionalis
1001 1062 1084 1109 est
1114 1053 1252 1107 ratio
1288 1051 1444 1106 nobis
1491 1049 1693 1104 oblata.

124 1142 379 1198 Videlicet
408 1145 534 1212 quia
561 1145 876 1200 inﬁrmitate
899 1152 1305 1212 praeoccupatus
1351 1155 1445 1195 seu
1491 1153 1696 1210 praepe-

123 1235 256 1290 ditus
278 1251 561 1306 corporea,
593 1252 734 1306 saepe
758 1237 1006 1305 ineptire,
1021 1235 1330 1304 etquaedam
1345 1231 1540 1301 quaead
1568 1246 1702 1283 nau-

124 1327 346 1397 fragium
375 1343 558 1384 rerum
589 1339 642 1383 ct
665 1327 979 1383 facultatum
1025 1325 1513 1382 ecclesiasticarum
1538 1320 1702 1390 perti-

125 1433 264 1481 ltt‘re,
288 1427 450 1487 atque
472 1419 538 1473 ad
563 1419 916 1474 salvationem
939 1434 1001 1473 ac
1021 1419 1256 1472 debitam
1286 1430 1379 1470 seu
1408 1411 1704 1468 rationabi-

123 1506 219 1560 lem
235 1508 693 1578 diapensationem
709 1510 967 1578 impedire
987 1515 1254 1577 poterant,
1275 1504 1383 1559 nisi
1411 1502 1574 1558 celeri
1617 1515 1702 1554 re-

123 1611 201 1650 rue
221 1598 292 1651 lio
310 1600 631 1654 subventum
651 1599 809 1664 foret,
825 1615 984 1670 agere
1005 1598 1292 1654 indiscrete
1303 1595 1520 1652 soleret.
1537 1593 1702 1660 Cujus

124 1689 482 1758 sttggestiouis
509 1703 655 1744 certa
712 1691 1204 1760 experimentorum
1241 1688 1560 1742 documenta
1591 1686 1702 1739 evi-

119 1780 335 1850 dentius
388 1782 795 1850 perquirentts,
851 1781 1124 1850 aliquanta
1184 1779 1520 1844 invenimus,
1577 1792 1699 1847 qua:

124 1872 272 1926 nobis
305 1871 466 1926 tidem
516 1871 760 1926 fecerunt
785 1871 906 1925 aliis
945 1886 1065 1941 qua:
1093 1871 1442 1924 audieramus
1480 1883 1697 1924 sensum

125 1963 558 2016 accommodare.
594 1959 744 2017 Unde
770 1962 1061 2016 secundum
1090 1960 1232 2029 quod
1259 1959 1312 2012 in
1344 1956 1701 2013 decretalibus

123 2053 367 2122 epistolis
393 2053 535 2108 beati
562 2051 806 2121 Gregorii
860 2051 1107 2120 exemplo
1153 2051 1472 2120 reperimus,
1505 2046 1700 2102 statui-

124 2157 234 2197 mus
290 2143 370 2196 illi
402 2157 742 2198 meonomum
774 2141 841 2174 ³⁶¹
895 2143 1244 2211 persuadere,
1277 2141 1368 2208 qui
1409 2139 1460 2193 ei
1508 2136 1703 2193 suffra-

123 2236 262 2303 gium
289 2245 345 2288 et
368 2234 609 2290 ecclesiae
639 2234 739 2288 sibi
769 2235 1071 2289 commissae
1117 2233 1415 2288 custodiam
1465 2231 1702 2286 debitam

122 2339 166 2380 et
200 2328 530 2383 canonicam
577 2327 880 2392 exhiberet,
937 2327 1110 2380 donec
1157 2333 1428 2380 annuente
1474 2322 1703 2380 Domino

125 2417 294 2471 isdem
326 2417 495 2470 frater
523 2416 840 2470 venerabilis
875 2431 904 2470 a
934 2431 1031 2469 sua
1062 2413 1376 2468 inﬁrmitate
1397 2412 1704 2484 Optahiliter

123 2506 548 2561 convalesceret.
576 2505 686 2559 Sed
713 2505 964 2574 quoniam
1000 2504 1308 2558 iutimatum
1336 2513 1421 2558 est
1447 2501 1624 2566 nobis,
1649 2501 1703 2554 in

126 2612 210 2648 sua
250 2594 488 2649 ecclesia
551 2595 818 2649 neminem
860 2608 1019 2664 posse
1065 2592 1293 2662 reperiri
1339 2591 1431 2662 qui
1484 2590 1703 2645 interim

126 2705 219 2742 eun
247 2690 356 2742 lein
382 2687 758 2749 venerabilem,
794 2687 993 2757 partim
1037 2685 1277 2740 indebita
1321 2683 1460 2739 forte
1481 2684 1700 2753 pietate,

127 2781 325 2848 partim
378 2779 678 2832 reverentia
733 2775 1008 2840 seniorali,
1056 2775 1353 2829 secundum
1403 2773 1622 2827 modum
1671 2787 1702 2824 a

130 2873 282 2926 nobis
331 2871 678 2926 constitutum
730 2868 1001 2923 custodire
1051 2874 1144 2919 aut
1215 2864 1372 2919 vellet
1425 2871 1519 2917 aut
1575 2877 1700 2931 pos-

129 2973 234 3024 set,
286 2960 501 3014 consilii
562 2959 806 3015 consultu
873 2958 1019 3012 illum
1087 2955 1284 3010 hortati
1343 2967 1571 3019 sumus,
1643 2961 1704 3005 ut
1795 2966 1938 3021 quas
1967 2964 2062 3020 per
2089 2947 2230 3001 idem
2256 2948 2638 2998 testamentum
2671 2931 2840 2987 isdem
2870 2940 2934 2980 vc

130 3068 244 3105 cum
305 3052 500 3104 domno
570 3049 847 3103 Wenilone
897 3047 1286 3118 przenontinato
1313 3086 1326 3109 ,
1375 3043 1580 3100 scilicet
1614 3057 1701 3098 re-
1727 3089 1773 3152 Ο

127 3140 522 3194 verendissiino
577 3139 848 3194 confratre
901 3147 1091 3192 nostro
1169 3146 1224 3190 et
1287 3134 1698 3204 archiepiseOpo

132 3247 246 3294 suo,
280 3240 542 3294 maneret,
572 3230 764 3298 illeque
785 3230 834 3284 ei
861 3229 1190 3283 conveniens
1233 3227 1469 3282 studium
1503 3224 1703 3293 imper-

136 3318 217 3370 tiri
250 3326 488 3382 curaret,
521 3327 573 3372 et
599 3317 840 3372 ecclesiae
896 3315 1215 3370 Nivernensi
1245 3331 1309 3370 ea
1337 3314 1534 3384 quibus
1565 3313 1704 3366 indi-

133 3418 282 3476 geret
309 3409 612 3463 visitatorio
661 3408 834 3463 oﬂicio
895 3406 1229 3476 impenderet
1285 3413 1341 3458 et
1391 3404 1702 3466 ordinaret,

135 3514 415 3568 quousque
441 3500 678 3553 :estivum
714 3509 940 3567 tempus,
965 3497 1108 3566 quod
1154 3495 1457 3564 lmjusmodi
1482 3493 1707 3547 inﬁrmi-

139 3594 250 3656 tati,
289 3607 395 3661 qna
436 3593 677 3661 impediri
725 3593 1028 3654 dicebatur,
1054 3590 1210 3645 valde
1237 3587 1572 3643 contrarium
1599 3597 1700 3649 est,

139 3685 510 3750 pertransiret,
561 3693 616 3737 et
662 3683 945 3753 szepefatus
977 3681 1360 3736 dilectissimus
1384 3694 1447 3734 ac
1486 3692 1705 3732 venera-

139 3775 255 3828 bilis
281 3775 451 3828 frater
474 3783 674 3837 noster,
699 3783 758 3828 ut
803 3773 1169 3843 prmdixitnus,
1207 3786 1236 3824 a
1259 3784 1352 3823 sua
1392 3766 1706 3821 inﬁrmitate

143 3867 588 3929 inmelioraretur,
615 3875 669 3920 et
695 3881 804 3921 suae
836 3865 1085 3934 potestati
1136 3875 1352 3928 Stueque
1403 3858 1572 3927 ipsius
1613 3872 1704 3910 cu-

141 3958 342 4021 stodiat,
370 3972 547 4011 sumve
572 3956 812 4011 ecclesia:
855 3953 1214 4023 dispositioni,
1247 3958 1300 4003 ut
1335 3958 1417 4003 est
1442 3947 1703 4010 debitum,

147 4051 531 4104 restitueretur.
557 4048 684 4115 Qua:
705 4048 984 4118 quoniam,
1016 4046 1219 4116 gratias
1270 4043 1399 4106 Deo,
1425 4041 1492 4095 ad
1521 4051 1706 4095 votum

142 4137 281 4203 juxta
314 4135 551 4191 divinam
588 4137 1008 4198 ordinationem,
1061 4143 1118 4188 ut
1155 4133 1371 4187 fuerant
1421 4130 1704 4198 disposita,

148 4237 256 4280 sunt
294 4242 510 4297 quoque
536 4226 815 4295 perducta,
841 4235 897 4279 et
918 4224 1178 4280 canonica
1200 4223 1355 4290 jubet
1388 4221 1702 4285 auctoritas,

148 4328 198 4372 ut
215 4319 280 4374 ab
313 4334 420 4372 uno
441 4317 661 4386 quilibet
685 4317 920 4387 rejectus
958 4316 1229 4384 episcopo,
1253 4328 1360 4366 non
1402 4313 1645 4366 dicamus
1675 4327 1705 4364 a

1797 511 2143 565 nifestissime
2195 510 2644 562 demonstramus.
2701 495 2854 562 Quod
2904 501 2962 544 ut
3012 480 3365 556 prrsenl‘olm-‘i

1795 601 2001 655 scilicet
2029 607 2084 654 et
2105 597 2299 651 futuris
2344 589 2676 660 temporibus
2715 577 3048 638 enucleatius
3077 580 3366 660 cognosca-

1797 699 1906 752 tur,
1938 689 2022 742 his
2060 688 2223 756 gestis
2268 655 2515 738 manibus
2564 672 2797 746 propriis
2841 663 3242 723 subterftrmare
3269 655 3365 708 de-

1796 781 2086 838 crevimus.

1867 836 1920 927 Ξ.
1939 874 1994 927 lu
2020 870 2236 925 nomine
2254 864 2449 926 Patris,
2467 870 2523 917 et
2547 858 2691 920 Filii,
2714 863 2766 909 et
2783 850 3013 920 Spiritus
3027 841 3218 899 sancti.
3238 836 3366 927 Epig

1797 924 2054 1031 scopi—qui
2081 959 2230 1028 jussu
2261 924 2476 1026 gloriosi
2507 944 2763 1018 principis
2786 937 2966 994 domui
2987 932 3154 1031 nostri
3182 924 3366 1031 Raro-li.

1799 1054 1868 1109 ad
1894 1011 2160 1122 lsynodum
2201 1011 2606 1100 iuVVermeriam
2637 1033 2889 1105 palatium
2925 1021 3295 1116 convenimus,
3321 1011 3373 1067 id

1798 1152 1882 1200 est
1904 1106 1946 1206 ,4
1971 1137 2185 1192 Wenilo
2228 1115 2700 1200 archiepiscopus,
2757 1119 2956 1176 Paulus
3010 1106 3375 1206 archiepisco-

1797 1252 1920 1306 pus,
1955 1232 2259 1289 Amalricus
2315 1223 2770 1291 archiepiscopus,
2822 1213 3146 1306 l‘lincmarus
3196 1198 3374 1306 arc'ht;

1799 1286 2105 1396 episcopus,
2135 1319 2223 1384 3“,
2281 1286 2940 1396 Teutbol-dns-episcomts
2959 1339 2990 1396 ,_
3021 1286 3376 1396 Ausegatltl'dﬁ

1800 1389 2101 1488 episcopus,
2132 1408 2395 1466 Pardulus
2414 1405 2696 1475 episcopus
2717 1398 2809 1460 ³⁸³,
2833 1389 3146 1488 llrothadus
3168 1389 3376 1450 episco-

1802 1484 1939 1579 pus,
2009 1507 2174 1560 Immo
2240 1501 2563 1572 episcopus,
2633 1485 2998 1552 Yrminfridus
3055 1484 3375 1579 episcopus,

1802 1563 2069 1670 iirpoinus
2116 1563 2442 1664 episcopus,-
2474 1575 3165 1670 ililmeradusepiscopus,
3209 1563 3376 1670 Agius

1804 1663 2108 1761 episcopus,
2143 1663 2391 1739 Erloinus
2419 1677 2726 1748 episcOpus,
2748 1663 3044 1761 Baltl'ridus
3071 1663 3376 1761 episcoptllf.

2179 1741 2484 1843 episcopus,
2537 1741 2794 1819 Eii-ardes
2847 1754 3155 1843 episcopus,
3192 1741 3377 1843 llildef

2103 1830 2407 1936 episcopus,
2463 1830 2621 1912 lonas
2673 1851 2989 1920 episcopus,
3042 1830 3381 1936 Godelsadus

1801 1965 2109 2035 episcOpus,
2136 1923 2468 2021 .Braidingus
2491 1947 2800 2019 episcopus,
2823 1931 3149 1994 Chuonrado
3176 1923 3378 2035 inclyte

1801 2026 1856 2112 et
1887 2026 2217 2108 nobilissimo
2242 2045 2356 2098 viro
2385 2045 2708 2112 praesentem
2747 2039 2804 2086 et
2842 2037 3102 2084 aeternam
3133 2026 3384 2087 optamus

1803 2145 1857 2199 in
1888 2141 2127 2197 omnium
2169 2135 2437 2191 salvatore
2465 2128 2714 2184 salutem.
2737 2121 2872 2177 Cum
2901 2117 3044 2172 inter
3067 2119 3263 2166 ctetera
3293 2118 3384 2158 ec-

1799 2231 2108 2290 clesiastica
2139 2223 2348 2294 negotia
2396 2221 2463 2275 de
2489 2211 2777 2274 ordinabili
2807 2203 3164 2277 dispositione
3191 2208 3383 2266 mona-

1803 2322 1956 2380 sterii
1989 2317 2161 2374 sancti
2213 2309 2448 2384 Dyouisii
2498 2308 2930 2374 disponeremus,
2974 2295 3242 2348 venerunt
3273 2297 3387 2378 nio-’-

1803 2410 1961 2470 nachi
1985 2409 2153 2478 ipsius
2181 2381 2321 2458 sacri
2345 2396 2580 2455 emnobii
2607 2393 2675 2426 ³⁸³
2719 2391 2772 2444 in
2815 2381 3106 2478 praesentia
3126 2389 3389 2430 veneran-

1804 2505 1885 2559 (ιω
1909 2469 2098 2571 synodi
2123 2496 2212 2559 ³⁸⁵,
2231 2491 2534 2546 deferentes
2560 2469 3388 2571 auctoritates,videlicetﬂtestaf

2099 2552 2241 2656 quod
2299 2589 2502 2637 sanctae
2551 2565 2943 2629 recordationis
2996 2560 3133 2615 abba
3167 2552 3388 2656 fulm-

1804 2643 1998 2739 duis—vi“
2030 2679 2096 2733 de
2116 2643 2459 2731 .mouasterio
2492 2663 2756 2724 Lebraha,
2786 2657 2876 2712 ubi
2906 2659 3126 2710 sanctus
3155 2643 3387 2739 Alexan:

1945 2731 2153 2838 martyr
2182 2761 2414 2836 quiescit
2464 2759 2740 2816 humatus,
2775 2757 2831 2805 et
2875 2745 2943 2801 de
2990 2742 3130 2838 cella
3168 2731 3388 2838 quae'ad

1803 2869 2052 2918 sanctum
2089 2821 2394 2926 h’ppolitum
2444 2846 2780 2904 nominatur,
2829 2851 2924 2892 seu
2955 2835 3019 2887 de
3058 2829 3218 2926 rebus
3254 2821 3388 2926 aliis

2939 2915 3390 2978 nerabilisabhas

1804 3005 1992 3100 sancto
2021 3036 2279 3110 Dyonisio
2332 3029 2656 3089 contulerat,
2689 3033 2897 3077 necnon
2947 3023 3002 3069 et
3052 3005 3388 3110 privilegium

1807 3134 1948 3204 quod
2000 3101 2197 3186 exinde
2244 3132 2432 3181 sancta
2489 3119 2645 3174 sedes
2692 3108 2985 3184 apostolica
3029 3119 3126 3176 per
3170 3101 3386 3204 beatum

1808 3188 2140 3292 étephanum
2179 3229 2374 3288 papam
2401 3211 2580 3267 eidem
2614 3201 2942 3260 monasterio
2972 3188 3390 3292 super-praefato

1810 3279 2132 3372 testamento
2162 3279 2387 3368 fecerat,
2432 3302 2671 3356 dicentes
2699 3291 2842 3364 quod
2870 3279 3391 3372 venerabilis‘abbas

1806 3367 2018 3459 illorum
2065 3401 2294 3454 domnus
2346 3367 2712 3450 llludowicus,
2744 3399 2809 3437 ex
2859 3386 3130 3450 prmcepto
3169 3367 3391 3455 gloriosi

1807 3493 1949 3562 regis
1979 3489 2159 3544 domui
2190 3485 2361 3540 nostri
2391 3479 2597 3544 Karoli,
2622 3491 2716 3530 eos
2743 3467 3125 3528 consuluisset,
3173 3478 3236 3562 ac
3261 3475 3392 3516 cou-

1806 3552 2024 3636 sensum
2072 3589 2259 3630 eorum
2313 3572 2627 3641 qumsisset,
2697 3561 2951 3634 quatinus
3013 3552 3391 3643 praescriptum

1806 3668 2197 3726 monasterium
2255 3664 2408 3718 vobis
2461 3661 2516 3714 in
2572 3655 2896 3728 precariam,
2942 3647 3180 3716 acceptis
3228 3643 3390 3698 rebus

1805 3767 1985 3813 vestra
2009 3753 2297 3809 traditione
2322 3750 2388 3804 ad
2417 3747 2645 3803 eandem
2698 3757 2877 3798 casam
2926 3738 3022 3794 Dei
3062 3730 3392 3804 delegandis,

1808 3849 2171 3904 concessisset
2205 3863 2217 3898 :
2248 3842 2392 3914 quod
2457 3837 2770 3902 consentire
2820 3834 2936 3890 sine
2999 3826 3247 3886 consultu
3295 3823 3392 3889 ,sui

1807 3938 2044 4010 episcom
2098 3912 2283 4004 atque
2311 3928 2730 4000 archiepiscopi,
2786 3926 2950 3978 immo
2977 3931 3146 3974 sacra:
3174 3912 3389 3996 synodi,

1808 4048 1912 4088 non
1931 4031 2218 4084 auderent.
2249 4026 2418 4093 Quam
2440 4036 2657 4091 causam
2685 4017 2957 4074 subtiliter
2979 4012 3390 4078 investigantes,

1807 4133 1860 4177 et
1884 4123 1950 4177 ad
1979 4121 2242 4191 liquidum
2287 4122 2698 4188 cognoscentes,
2745 4108 3092 4166 diﬂinivimus
3123 4103 3278 4173 juxta
3304 4115 3394 4180 sa!-

1799 4230 1958 4274 cram
2009 4222 2063 4268 et
2122 4211 2359 4266 divinam
2411 4205 2824 4266 auctoritatem,
2873 4210 3036 4268 atque
3093 4191 3392 4249 secundum

1809 4311 2192 4360 testamentum
2260 4296 2628 4371 prmfatilpire
2689 4286 3081 4356 recordationis
3138 4279 3389 4371 Fulradi,

150 4408 299 4462 tantis
325 4422 427 4476 pro
457 4417 695 4476 tempore
732 4417 784 4460 et
806 4405 872 4460 ad
907 4413 1114 4474 tempus
1146 4411 1386 4458 remotus
1408 4403 1700 4457 secundmn
1735 4427 1781 4484 ο
1811 4408 2016 4448 necnon
2049 4401 2104 4447 et
2161 4389 2455 4446 secundum
2517 4387 2794 4440 decretum
2843 4374 3152 4448 apostolicae
3210 4369 3354 4472 sedis
3375 4407 3392 4431 ,

149 4498 402 4566 quendam
466 4497 684 4552 modum
734 4497 1020 4567 episcopis,
1073 4511 1177 4549 non
1243 4494 1534 4563 recipiatur
1585 4494 1703 4546 sine

151 4590 430 4644 testimonii
459 4601 553 4643 aut
601 4588 900 4643 litterarum
927 4588 1328 4642 evidentissimo
1358 4587 1700 4648 documento,

144 4696 232 4748 per
254 4681 352 4735 bos
382 4688 579 4734 nostrae
604 4679 956 4734 humanitatis
972 4680 1151 4748 apices
1178 4677 1472 4746 plerunque
1499 4676 1700 4730 dictum

144 4769 496 4824 venerabilem
549 4769 772 4824 fratrem
817 4777 1062 4822 nostrum
1113 4783 1222 4821 sua:
1273 4765 1464 4820 ditioni
1513 4773 1568 4818 et
1613 4779 1705 4832 po-

150 4858 337 4922 testati,
365 4869 526 4927 atque
565 4857 852 4927 episcopali
900 4855 1176 4920 custodiae,
1204 4868 1419 4923 sumque
1465 4852 1706 4908 ecclesia:

156 4949 506 5018 gubernationi
557 4950 737 5005 debite
779 4948 1127 5008 restituimus,
1179 4956 1234 5000 et
1289 4960 1387 5000 nos
1435 4960 1558 5001 eum
1596 4958 1701 4997 non

159 5051 342 5092 tuorum
384 5039 547 5103 vitiis,
597 5047 689 5092 aut
718 5038 952 5108 peccatis
999 5035 1250 5106 publicis,
1299 5049 1418 5103 qua:
1476 5048 1703 5090 censura

193 5137 349 5146 -..μμι
392 5144 399 5145 κ
482 5137 492 5146 -
563 5137 574 5145 v
649 5137 681 5146 ο-
729 5143 740 5145 κ
903 5144 910 5145 κ
970 5144 978 5145 κ
1019 5137 1158 5146 *--._.-
1209 5137 1414 5146 -.A-...,
1467 5137 1507 5146 --
1574 5139 1673 5146 -.Α-ι

1809 4486 1954 4541 nullo
2005 4498 2241 4553 unquam
2291 4491 2532 4548 tempore
2575 4477 2685 4548 jam
2746 4473 2953 4537 dictum
3002 4461 3392 4544 monasterium

1808 4576 1978 4632 sancti
2001 4574 2292 4630 Alexandri
2319 4587 2440 4626 cum
2468 4570 2630 4624 rebus
2659 4567 2761 4622 sibi
2801 4557 3198 4636 pertinentibus
3225 4570 3255 4608 a
3279 4570 3395 4634 ma;

1801 4669 1923 4738 jore
1951 4665 2282 4721 monasterio
2308 4660 2481 4717 sancti
2533 4656 2770 4730 Dyonisii
2805 4663 3145 4725 quocumque.
3175 4646 3393 4718 ingenio
3421 4679 3428 4696 ε

1810 4736 2193 4821 divellendum,
2227 4770 2328 4810 nec
2377 4750 2725 4807 beneficiaria
2766 4759 2942 4816 neque
3003 4738 3250 4812 precario
3273 4736 3427 4806 jure

1812 4846 2240 4908 distrahendutn.
2288 4837 2908 4920 Sub]unxeruut,,etiam
2937 4833 3079 4916 idem
3120 4828 3397 4914 monachi,

1811 4943 1956 5015 quod
2007 4950 2190 4995 vestra
2252 4935 2722 4994 commendatione
2773 4947 2838 4987 ac
2888 4927 3172 5004 jussione,
3225 4920 3400 4975 immo

1811 5037 1976 5092 etiam
2027 5033 2259 5095 actione,
2315 5029 2454 5084 idem
2492 5023 2883 5084 monasterium
2932 5026 3057 5074 cum
3105 5013 3271 5067 rebus
3303 5009 3404 5066 sibi

1877 5131 1890 5146 .
1933 5127 2038 5146 νη,
2057 5125 2103 5146 2,-
2124 5132 2359 5146 -.--...-..-
2390 5121 2640 5146 suum...“
2668 5117 2942 5146 ..ιιΛηηιηηι
2965 5117 3014 5146 οι
3041 5111 3404 5146 αςαιιηπιιιιιιὶ-

2668 5117 2827 5146 ιπηιθηη

2193 5132 2359 5146 -..ιιι-υ-
2390 5121 2640 5146 λῖιῖΑ-..πιιὶ
