3876 5326
488 216 592 273 599

1247 218 1535 275 ΑΡΡΕΝΙ).
1572 216 1666 273 ΑΙ)
1701 216 1873 276 δίει).
1914 217 1980 272 Χ.
2002 204 2059 259 ἶ

2183 217 2553 277 DNUMENTA
2596 217 3079 276 DIPLOMATICA.

3646 222 3737 278 600

489 337 723 386 vestram
752 338 977 401 paterna
1006 338 1061 386 et
1091 331 1376 386 caritativa
1405 346 1497 388 seu
1529 331 1919 387 auctoritativa
1939 347 2058 388 cum
2092 318 2137 375 Α
2163 332 2585 398 obseeravimus,
2618 333 2953 404 praebitoque
2986 328 3297 389 venerabili
3336 323 3521 389 abbati
3544 341 3599 387 ct
3622 326 3736 389 tuo-

488 419 896 491 interpositione
920 420 1084 476 divini
1132 422 1364 477 nominis
1399 431 1453 477 et
1482 421 1803 492 episcopalis
1829 424 2063 478 auctori—

485 509 615 564 tatis
661 509 994 566 nobilitatem
1039 510 1321 566 hortamur
1347 519 1402 566 et
1447 512 1803 576 obtestamur,
1849 521 1909 565 ut
1961 511 2063 567 hoc

484 597 789 656 nullatenus
833 615 993 670 agere
1019 601 1246 656 ulterius
1276 602 1580 668 attentetis;
1618 602 1710 657 sed
1740 610 1796 657 et
1828 603 1873 657 si
1903 603 2061 657 moli-

489 696 606 747 tum
652 701 756 756 est,
810 692 878 748 ab
927 690 1230 763 bujusmodi
1265 693 1560 771 molitione
1606 694 1689 747 vel
1723 694 1937 749 actione
1972 708 2065 750 vos

482 791 799 853 vestrosque
845 785 1237 855 eompescatis;
1292 786 1418 856 quia
1464 796 1519 841 et
1570 776 1757 841 contra
1790 786 1958 840 Deum
2009 795 2065 842 et

483 883 673 931 contra
701 891 913 933 omnem
948 877 1322 934 auctoritatem
1365 887 1663 947 contraque
1703 887 1944 933 vestram
1972 893 2063 933 sa-

479 966 651 1041 lutem
693 981 815 1023 esse
844 965 1163 1026 dinoscitur.
1195 964 1392 1021 Sciatis
1434 966 1620 1030 etiam,
1649 967 1775 1034 quia
1805 964 2061 1021 domuum

482 1069 538 1111 et
564 1059 831 1115 seniorem
878 1068 1123 1115 nostrum
1174 1073 1354 1130 regem
1411 1058 1858 1131 gloriosissimum
1897 1058 2064 1114 Κειτο-

478 1146 592 1231 lum
646 1158 703 1205 et
760 1148 948 1205 humili
997 1150 1340 1221 suggestione
1392 1158 1447 1203 et
1500 1148 1681 1203 divina
1740 1149 2063 1205 auctoritate

2165 421 2354 477 nachis
2376 424 2488 478 suis
2534 423 2913 494 praecepimus,
2946 433 3007 478 ut
3050 424 3104 479 in
3152 425 3257 480 hoc
3305 423 3436 479 nulli
3463 425 3736 481 adsensum

2164 510 2461 578 praebeant,
2492 511 2750 581 quoniam
2780 526 2880 567 nec
2908 511 3064 566 vobis
3088 526 3190 567 nec
3220 513 3475 582 cuiquam
3514 512 3734 570 tideliuin

2165 604 2383 671 expedit
2425 602 2551 657 talia
2602 603 2897 674 postulare.
2927 603 3136 671 Valet»,
3179 605 3266 659 vir
3316 602 3739 672 nobilissime,“

2173 697 2465 751 admodum
2493 696 2649 753 nobis
2680 698 2731 751 in
2754 697 2974 753 Christo
2994 696 3297 753 carissime.

2239 786 2292 841 5.
2337 786 2442 842 Sed
2474 796 2527 843 et
2548 788 2785 857 capitula
2810 803 2929 858 qua:
2958 786 3202 860 synodali
3248 786 3501 843 consultu
3527 789 3738 843 domum

2171 892 2266 933 rex
2297 872 2528 933 Karolus
2558 878 2609 933 in
2656 877 2887 933 concilio
2914 886 3216 933 memorato
3257 878 3401 948 apud
3449 876 3738 939 Suessionis

2169 968 2441 1026 civitatem
2470 984 2626 1025 sacro
2675 968 2954 1039 proposuit
2982 966 3309 1035 conventui,
3341 982 3529 1023 coram
3582 966 3735 1023 ﬁdeli-

2169 1060 2271 1115 bus
2316 1059 2431 1116 suis
2459 1059 2511 1115 in
2548 1056 2738 1116 eodem
2777 1058 2978 1129 palatio
3006 1058 3287 1114 Vermeria
3314 1057 3482 1128 relegi
3523 1056 3665 1123 fecit,
3691 1066 3737 1114 et

2168 1151 2235 1206 ab
2256 1149 2506 1206 omnibus
2533 1158 2904 1206 consonanter
2915 1159 3172 1220 suscepta
3195 1159 3323 1206 sunt
3359 1157 3415 1205 et
3443 1157 3683 1220 accepta.

1123 1260 1501 1325 ULOTIIARII
1530 1260 1615 1317 ET
1646 1259 1900 1324 KAROLI
1948 1261 2363 1381 εοξινειιτυδ
2397 1264 2582 1322 APUD
2616 1260 3119 1320 VALENTIANAS.

1676 1350 1681 1359 ν
1975 1351 2025 1381 ιο
2048 1353 2097 1381 ,ει
2163 1351 2269 1381 nr-..
2298 1352 2315 1381 ι

1676 1350 1681 1359 ’
1973 1350 2121 1421 (855.
2152 1351 2316 1425 Nov.)

477 1500 484 1509 ,
550 1443 824 1503 Sirmondi
847 1454 903 1501 et
928 1443 1131 1503 Baluzii
1171 1444 1438 1501 editiones
1466 1459 1588 1515 eum
1618 1444 1807 1500 codice
1830 1443 1886 1515 2)
1910 1441 2042 1498 bibl.
2075 1458 2189 1513 reg.
2214 1443 2388 1515 Paris.
2418 1462 2471 1499 n.
2500 1445 2641 1501 4658
2664 1444 2890 1500 collatas
2916 1444 3231 1515 repetimus.
3262 1445 3499 1501 Exstant
3518 1426 3729 1515 capitula

476 1517 610 1572 etin
630 1515 889 1571 Vaticano
912 1525 968 1572 et
998 1518 1049 1589 in
1081 1516 1237 1589 codd.
1272 1515 1435 1589 regiis
1479 1512 1899 1589 Parisieusibus,
1949 1517 2055 1569 line
2082 1512 2322 1570 carentia
2355 1514 2406 1569 in
2434 1530 2482 1571 c.
2513 1533 2569 1571 n.
2603 1515 2765 1581 1750,
2805 1528 2935 1571 saec.
2964 1512 3041 1579 it,
3078 1515 3255 1589 capita
3282 1530 3379 1571 sex
3410 1514 3465 1569 in
3493 1530 3542 1570 c.
3583 1512 3729 1582 9859,

450 1601 598 1650 ,szuc.
625 1604 681 1654 χ,
704 1596 758 1641 et
786 1588 1096 1657 apograpbo
1122 1586 1241 1657 ejus
1266 1586 1560 1641 chartaceo
1590 1600 1644 1639 u.
1669 1585 1833 1640 2H9.

471 1677 551 1735 De
594 1677 969 1750 his_capitulis
1016 1694 1134 1749 quia
1163 1676 2059 1750 _§t1bsequun1ur__adnuutiavcruiu
2094 1679 2138 1738 Β
2235 1677 2290 1732 4.
2332 1679 2408 1734 De
2436 1679 2819 1735 observatione
2864 1678 3037 1749 pacis,
3063 1685 3121 1732 et
3161 1679 3404 1734 cavenda
3456 1678 3733 1750 rapacitate

472 1766 481 1779 θ
541 1747 736 1819 populo
764 1744 941 1802 donmi
969 1744 1121 1818 reges.
1151 1744 1465 1819 Hlotluirjus
1492 1757 1541 1819 et
1564 1744 1822 1819 Karoius,
1847 1749 2057 1819 quando

482 1866 485 1871 .
542 1815 737 1875 iu'imo
776 1835 921 1873 anno
942 1815 1320 1875 incarnationis
1362 1815 1572 1870 Domini
1618 1825 1960 1870 convenerunt
1989 1815 2058 1869 ad

482 1866 485 1871 .
543 1836 598 1872 tu
624 1837 641 1871 ι
677 1836 737 1873 so
776 1836 1320 1875 annomcaruauoms
1362 1836 1572 1870 uanum
1618 1836 1673 1868 ca

471 1933 481 1961 ;
552 1836 891 1944 Valtutiauus
910 1905 1002 1960 per
1027 1903 1252 1949 mensem
1280 1884 1673 1940 Novembrium.

875 2022 1197 2074 Adnuntiath
1217 2021 1383 2073 donni
1421 2019 1655 2072 Hlolarii.

466 2129 483 2223 ξ
541 2149 593 2202 l.
635 2147 713 2203 De
747 2145 929 2203 missis
951 2146 1172 2202 directis
1195 2161 1293 2216 per
1337 2158 1586 2223 regnum,
1622 2152 1682 2199 ut
1708 2140 1938 2216 populus
1965 2158 2060 2215 pa-

466 2255 587 2313 cem
620 2246 673 2293 et
697 2237 966 2310 justitiam
1011 2237 1225 2293 habeat.
1258 2234 1334 2292 De
1362 2224 1689 2306 raptoribus,
1736 2236 1804 2290 de
1853 2238 2060 2307 praeda-

466 2327 696 2404 toribus,
739 2328 806 2382 de
832 2326 1133 2383 latronibus
1170 2322 1225 2381 et
1258 2326 1379 2382 aliis
1426 2324 1889 2394 malefactoribus,
1916 2315 2068 2382 etde

466 2415 720 2474 omnibus
741 2413 988 2488 justitiis.
1904 2425 1908 2429 ‘

531 2509 589 2570 2.
633 2506 706 2587 Ut
738 2507 829 2563 ubi
866 2505 1130 2563 missatici‘
1180 2505 1340 2563 simul
1386 2507 1655 2573 venerint,
1690 2506 1849 2562 missi
1896 2505 2059 2562 simul

468 2600 707 2661 veniant.
774 2598 841 2656 Et
906 2599 952 2655 si
1015 2599 1084 2655 de
1139 2615 1249 2656 uno
1311 2614 1474 2671 regno
1528 2600 1583 2654 in
1634 2598 1781 2653 aliud
1845 2607 1940 2654 aut
1983 2600 2051 2654 de

462 2706 574 2745 uno
607 2690 885 2751 missatico
913 2690 964 2745 in
986 2688 1130 2746 aliud
1162 2688 1416 2762 fugerint,
1450 2689 1608 2746 simul
1643 2703 1739 2746 eos
1780 2688 2060 2759 constrin-

464 2789 614 2854 gant.
2040 2790 2041 2793 “

535 2872 590 2926 5.
636 2871 708 2933 Ut
732 2864 1059 2943 ubicumque
1103 2871 1358 2944 fugerint,
1404 2871 1530 2928 illuc
1579 2870 1851 2927 indi‘culus
1881 2877 2060 2926 trans-

465 2964 734 3028 uittatur,
763 2970 822 3023 ut
850 2978 1034 3020 comes
1059 2963 1178 3018 illos
1198 2963 1507 3035 distringat,
1527 2970 1622 3017 aut
1646 2977 1769 3016 eum
1805 2960 1962 3017 alode
1982 2960 2052 2993 ³⁸⁷

466 3063 561 3112 aut
587 3069 685 3125 per
737 3042 1356 3124 quodcumquepotest,
1411 3062 1471 3108 ut
1519 3053 1647 3108 iliuc
1695 3053 1957 3120 reveniat,
1994 3061 2125 3125 etc

466 3142 718 3201 emendet
744 3144 833 3202 ubi
862 3144 932 3176 ³⁸⁸
960 3143 1161 3205 malum
1187 3144 1255 3177 ’”
1273 3144 1422 3201 fecit.

2161 1779 2217 1826 et
2261 1770 2616 1840 oppressione
2669 1785 2849 1827 rerum
2897 1770 3393 1828 ecclesiasticarum
3432 1786 3503 1827 ac
3554 1785 3733 1842 paupe-

2162 1877 2304 1916 rum.

2232 1951 2284 2007 ὅ.
2324 1951 2476 2018 Quod
2508 1967 2611 2008 nos
2641 1966 2764 2007 cum
2795 1951 3028 2008 consilio
3060 1950 3295 2006 ﬁdelium
3322 1959 3628 2008 nostrorum
3652 1966 3738 2007 or-

2158 2040 2356 2095 dinare
2398 2040 2668 2107 volumus,
2700 2039 2938 2110 qualiter
2967 2040 3193 2094 honeste
3228 2047 3285 2093 et
3311 2039 3431 2094 sine
3459 2038 3736 2110 indigentia

2160 2132 2216 2188 in
2248 2137 2400 2188 eurte
2431 2139 2641 2195 nostra,
2673 2131 2816 2187 sicut
2859 2141 3236 2186 antecessores
3282 2128 3456 2184 nostri
3484 2127 3735 2192 fecerunt,

2159 2225 2344 2279 vivere
2359 2223 2646 2293 possimus.
2673 2222 2736 2277 Et
2750 2222 2981 2277 comites
2996 2235 3062 2276 ac
3081 2229 3307 2277 αιτιοι-οε
3331 2219 3519 2275 ﬁdeles
3540 2230 3737 2275 nostros

2161 2314 2537 2379 admonemus,
2569 2321 2627 2368 ut
2675 2312 2775 2383 ipsi
2819 2312 2900 2368 sic
2927 2327 3086 2366 suum
3116 2323 3236 2366 esse
3282 2318 3339 2365 et
3377 2309 3564 2365 vivere
3598 2309 3734 2365 ordi-

2166 2412 2315 2467 nent,
2351 2403 2586 2473 qualiter
2634 2410 2859 2473 propter
2895 2400 3107 2456 illorum
3158 2400 3541 2455 necessitatem
3582 2399 3730 2455 vicini

2161 2512 2346 2554 eorum
2373 2510 2437 2550 ac
2465 2509 2728 2567 pauperes
2751 2509 2857 2549 non
2884 2494 3281 2564 opprimantur.

2232 2589 2287 2643 6.
2325 2588 2402 2644 De
2441 2586 2734 2644 concordia
2765 2594 2819 2641 et
2869 2594 3058 2641 mutuo
3099 2582 3369 2652 adiutorio
3413 2581 3649 2653 episcopi
3685 2589 3737 2635 et

2162 2678 2399 2745 comitis,
2431 2678 2498 2732 ad
2517 2675 2763 2746 iustitias
2812 2675 3085 2733 faciendas
3126 2682 3182 2730 et
3220 2673 3469 2729 divinum
3507 2673 3736 2730 ministe-

2162 2773 2303 2828 rium
2319 2768 2751 2840 exsequendum.

2233 2869 2285 2924 7.
2323 2867 2400 2923 De
2416 2863 2642 2937 justitiis
2664 2878 2763 2936 per
2782 2862 3069 2935 episcOpos
3094 2871 3150 2918 et
3196 2860 3396 2917 missos
3422 2873 3492 2915 ac
3530 2857 3742 2915 comites

2162 2968 2378 3017 nostros
2406 2959 2460 3014 in
2486 2958 2556 2991 "°
2579 2970 2748 3029 regno
2773 2964 2961 3011 nostro
2988 2953 3285 3010 studendis.

2237 3051 2293 3107 8.
2330 3049 2408 3104 De
2461 3048 2634 3119 raptis
2687 3054 2743 3102 et
2801 3044 3184 3115 conjunctione
3241 3037 3726 3097 sanctimonialium

2161 3149 2326 3211 atque
2340 3134 2773 3210 propinquarum
2796 3151 2892 3191 seu
2914 3149 3235 3206 sponsarum
3251 3132 3504 3194 aliorum,
3524 3138 3584 3185 ut
3605 3127 3738 3198 quod

542 3233 609 3287 4.
642 3232 713 3289 Ut
736 3233 915 3290 missis
941 3233 1452 3299 commendetur,'ut
1470 3228 1963 3302 l’aciantjustitias;
1995 3242 2051 3289 et
2151 3234 2214 3289 in
2241 3231 2518 3304 praeterito
2543 3238 2725 3287 actum
2746 3237 2851 3294 est,
2876 3228 3176 3283 secundum
3208 3222 3501 3280 consilium
3531 3231 3594 3277 et
3609 3217 3738 3288 judi-

469 3327 513 3384 si
541 3341 646 3380 non
672 3324 922 3394 fecerint,
945 3327 1090 3397 quod
1116 3326 1211 3396 ipsi
1248 3341 1472 3397 pergere
1495 3326 1757 3382 debeatis.

543 3419 598 3474 5.
643 3416 711 3474 Ut
736 3419 783 3475 si
828 3418 1124 3475 necessitas
1150 3418 1308 3474 alicui
1367 3419 1552 3484 fuerit,
1597 3433 1786 3475 omnes
1813 3416 1922 3475 sint
1949 3432 2048 3489 pa-

471 3512 893 3582 rati,vquomodo
921 3511 1153 3591 invicem
1181 3525 1278 3568 vos
1301 3510 1588 3582 adjuvetis.

658 3646 893 3708 Sequitur
914 3646 1216 3697 adnuntiatio
1270 3643 1433 3696 Karoll
1477 3644 1680 3710 gloriosi
1716 3627 1875 3709 regis.

541 3774 594 3830 l.
632 3773 708 3829 De
736 3770 1147 3828 adnuntiatione
1174 3770 1490 3849 episcopali,
1526 3780 1582 3827 et
1627 3771 1695 3828 de
1724 3772 1933 3828 honore
1963 3786 2053 3827 sa-

470 3864 769 3919 rerdotum.

539 3956 594 4009 2.
637 3957 714 4012 De
767 3955 1182 4013 remdili'cati‘one
1222 3954 1596 4018 ecclesiarum,
1628 3961 1683 4008 et
1713 3952 1780 4010 de
1810 3952 1977 4008 nonis;
1997 3968 2060 4008 ac

461 4039 719 4099 decituts.

537 4133 591 4186 3.
634 4134 709 4188 De
761 4132 1139 4188 observatione
1178 4131 1537 4202 capitulorum
1575 4128 1760 4186 domui
1799 4128 1982 4184 Karoli
2008 4139 2065 4186 et

473 4224 656 4283 domui
678 4225 977 4286 Hludowici
1002 4227 1069 4282 de
1097 4225 1364 4283 ecclesiis.

2156 3323 2303 3380 cium
2330 3322 2710 3393 episcOporum
2735 3317 3069 3390 corrigatur,
3090 3323 3150 3372 et
3171 3315 3238 3371 de
3262 3320 3466 3369 (επιετο
3489 3310 3739 3368 omnimo-

2155 3412 2241 3470 dis
2258 3419 2533 3468 caveatur.

2232 3505 2286 3562 9.
2327 3505 2482 3573 Quod
2527 3504 2572 3562 si
2620 3503 2824 3575 aliquid
2868 3517 2968 3574 per
3000 3499 3389 3558 necessitatem
3418 3497 3475 3551 in
3506 3492 3743 3550 ecclesiis

2162 3596 2256 3653 Dei
2286 3604 2379 3651 aut
2401 3605 2590 3652 contra
2615 3596 2849 3665 aliquem
2880 3592 3116 3649 ﬁdelium
3157 3598 3470 3646 nostrorum
3499 3584 3741 3645 fecimus,

2162 3677 2271 3747 hoc.
2298 3705 2459 3772 quam
2485 3690 2647 3745 citius
2672 3687 3008 3759 potuerimus
3040 3681 3401 3740 libentissime
3427 3672 3736 3732 emendabi-

2160 3795 2302 3836 n‘us.
2340 3768 2409 3835 Et
2433 3767 2500 3835 de
2531 3788 2729 3835 caetero
2764 3778 2820 3834 si-
2840 3775 3038 3846 aliquis
3066 3775 3205 3844 apud
3236 3786 3336 3827 nos
3363 3781 3551 3839 parem
3592 3777 3742 3820 suum

2164 3885 2365 3927 nocere
2386 3870 2638 3935 voluerit,
2663 3871 2765 3924 hoe
2789 3867 3091 3924 secundum
3116 3859 3567 3919 consuetudinem
3598 3863 3738 3911 autc-

2165 3972 2445 4015 eessorum
2482 3970 2790 4012 nostrorum
2811 3954 3045 4011 diiﬁnire
3072 3952 3339 4008 volumus.

2237 4046 2336 4102 40..
2364 4045 2441 4101 De
2486 4045 2685 4115 placito
2732 4053 2941 4101 nostro.
2968 4054 3025 4098 et
3062 4042 3132 4098 de
3160 4036 3437 4096 communi
3480 4032 3743 4104 adiutorio

2165 4149 2356 4196 contra
2379 4137 2847 4205 Nortmannos,‘et
2893 4135 2973 4192 de
3003 4131 3381 4191 conlocatione
3421 4137 3611 4185 nostra
3644 4125 3740 4180 ira-

2166 4239 2327 4284 terna

1465 4335 1723 4393 manu
1760 4334 1803 4391 ιι
1829 4324 2247 4396 CONVENTUS
2285 4339 2754 4401 SILVACENSIS‘.

463 4488 475 4498 ,
541 4430 797 4503 Capitula
819 4431 937 4503 haec
966 4428 1289 4503 Sirmondus
1312 4442 1425 4503 ‘ope
1454 4429 1612 4503 codd.
1645 4426 1864 4503 Tiliani,
1889 4427 1946 4496 2)
1978 4429 2108 4499 regii
2157 4428 2330 4485 Paris.
2360 4430 2527 4503 4658,
2556 4433 2649 4503 3b)
2674 4433 2734 4489 S.
2767 4425 3484 4503 Vincentii_Metensis,_ttrm
3534 4420 3737 4476 Lauda-

473 4493 663 4558 nensis
691 4517 754 4557 ac
779 4501 1174 4557 Bellovacensis
1204 4493 1483 4571 ediderat;
1517 4493 2076 4571 Baltrziusprzeterea
2103 4515 2242 4571 usus
2264 4511 2347 4555 est
2395 4502 2484 4569 5c)
2513 4493 2763 4558 Palatino
2788 4511 2843 4557 et
2865 4501 2921 4571 4)
2952 4500 3102 4568 regio
3135 4497 3307 4552 Paris.
3322 4493 3500 4571 Δ4(ἰῖ6,
3513 4507 3643 4571 sec.
3667 4504 3730 4571 ιξ

463 4580 573 4628 'nos
608 4588 739 4628 vero
767 4572 1045 4643 codicibus
1064 4571 1122 4636 2,
1143 4571 1202 4643 5)
1235 4569 1397 4641 regiae
1424 4559 1599 4624 Puris.
1632 4559 1825 4643 Suppl:
1850 4569 1970 4643 Lat.
2005 4569 2059 4622 7E

2199 4570 2255 4639 4)
2282 4559 2478 4628 Paris:
2496 4589 2553 4627 ιι.
2583 4573 2726 4627 46ὶ6
2751 4559 3488 4643 adhibitis'recOgnovimus._
3508 4559 3738 4643 gadet}

462 4627 665 4696 eorum
686 4627 822 4712 quos
857 4642 1091 4713 vidimus
1110 4627 1263 4713 solus
1288 4627 2120 4713 sacramentorut'u'formulasﬁet
2144 4627 2315 4695 totum
2363 4627 2778 4713 missaticorum
2814 4641 2867 4695 iu
2906 4641 3041 4713 line‘
3068 4627 3352 4713 recensum
3406 4631 3627 4713 simili}?!
3650 4671 3663 4691 ς
3694 4627 3736 4713 ᾲδ

472 4713 648 4784 (certe
674 4702 730 4784 e't
754 4713 825 4768 5b
846 4711 1015 4784 et-5c),
1039 4711 1253 4784 nonnisi
1284 4710 1479 4765 missos
1503 4708 1698 4784 decimi
1727 4707 2019 4775 missatici,
2042 4708 2373 4769 Senouensis
2402 4713 2609 4769 scilicet
2636 4712 2913 4777 nominat;
2943 4709 3114 4768 codex
3134 4707 3169 4763 4
3192 4702 3516 4780 particulam
3543 4702 3736 4755 littera-

473 4776 596 4838 i'um
624 4783 766 4853 regis
791 4783 861 4839 ad
887 4776 1084 4840 missos
1109 4781 1439 4839 directarum
1461 4778 1711 4834 exhibet.

466 4916 785 5010 Sequuntur:
799 4911 1032 5010 capit'ula
1050 4911 1247 5010 (μετείῃ
1273 4907 1383 5010 ipso
1406 4924 1566 4971 anno,
1591 4918 1645 5010 ﬁt
1667 4907 1730 5010 in:
1747 4908 1859 5010 ipso
1891 4923 2063 4965 mense

823 4976 875 5006 εἶ
925 4976 1146 5014 Jan-Quo
1178 4976 1403 5014 ΠηνλΙοη
1430 4976 1666 5014 ιοιηηιοΙΙυ
1699 4977 1926 5014 Silanus»
1952 4994 2067 5014 «ειη-

2238 4920 2285 4966 et
2304 4912 2494 5014 latinos.
2520 4926 2666 5014 3equos,
2708 4919 2839 4965 sicut
2875 4906 3226 4979 subsequitur,
3234 4919 3332 4975 per
3358 4915 3570 4972 regnum
3594 4909 3732 4953 suam
