3876 5326
135 290 200 345 f0l
1068 269 1492 328 FRANCOFJJM
1533 266 1616 321 RE

1729 263 1774 317 Μ
1812 264 2291 322 CAPITULARIA.

3200 269 3304 324 602

132 399 259 471 gnua
285 392 361 446 Dei
388 404 470 444 rex
494 387 578 451 3'3,
608 385 816 442 dilectis
837 395 891 440 et
939 386 1186 440 ﬁdelibus
1213 387 1393 441 missis
1418 383 1620 438 nostris
1652 366 1692 419 Α
1722 385 1776 430 et
1799 377 1989 446 patris,
2015 377 2228 431 illorum
2260 385 2522 432 statutum
2566 375 2814 431 habetur.
2849 377 2913 432 El
2945 377 3041 449 ipsi
3072 393 3168 449 per
3187 393 3306 433 cer-

132 506 200 558 per
218 497 402 556 regnum
423 490 652 535 nostrum
673 479 1004 540 constitutis,
1022 478 1273 532 salutem.
1297 477 1449 530 Sicut
1468 476 1621 528 vobis

133 592 268 635 nolunt
285 590 388 630 esse
411 571 686 634 credimus,
712 585 834 624 cum
863 569 1215 624 dilectissimo
1235 567 1400 622 fratre
1431 578 1618 621 nostro

132 667 346 724 lllotliario
365 665 491 733 apud
524 662 863 717 Valentianas
909 661 1073 716 loculi
1123 661 1343 724 fuimus,
1384 668 1439 714 et
1469 674 1618 713 com-

131 757 236 811 muni
255 752 452 809 consilio
493 767 613 806 cum
657 751 900 806 fidelibus
929 752 1127 806 nostris
1149 751 1219 782 ³⁷⁸
1243 750 1619 806 communibus

129 845 528 910 consideravimus,
553 853 610 915 ut
645 844 782 898 inter
809 854 1001 899 Cretera
1037 853 1238 900 sancta:
1263 844 1352 898 Dei
1378 844 1618 898 ecclesia:

128 948 162 991 et
183 936 318 990 nostri
344 934 658 1004 principatus
688 950 752 989 ac
782 935 929 1004 regni
970 936 1124 991 nobis
1147 951 1174 989 a
1213 935 1320 990 Deo
1344 935 1617 990 commissi

128 1027 282 1096 negotia
326 1026 632 1090 necessaria,
676 1027 741 1081 de
793 1027 876 1082 his
923 1043 1042 1096 qua:
1091 1027 1492 1096 subsequuntur
1526 1041 1620 1080 vos

127 1119 366 1188 Specialiter
402 1133 860 1183 ammoneremus;
921 1128 978 1172 ut
1025 1119 1168 1173 sicut
1213 1118 1300 1172 bic
1348 1117 1617 1186 descripta

127 1212 345 1274 habentur,
372 1225 468 1263 una
498 1224 617 1263 cum
652 1208 746 1264 Dei
785 1209 1054 1281 adjutorio
1092 1210 1183 1277 ³³⁷⁵,
1222 1220 1380 1280 prout
1429 1209 1620 1264 melius

124 1302 362 1370 potueritis,
387 1309 598 1356 strenue
639 1302 863 1370 exsequi
905 1301 1229 1370 procuretis,
1271 1311 1326 1356 et
1356 1302 1457 1357 hoc
1480 1317 1620 1371 prte-

124 1394 332 1448 sentaliler
356 1396 709 1450 necessarium
735 1411 872 1466 opus
896 1397 1015 1451 sine
1039 1395 1216 1466 aliqua
1247 1395 1506 1450 dilatione
1536 1395 1618 1449 vel

124 1486 421 1550 excusatione,
444 1489 583 1542 sicut
610 1488 662 1541 in
689 1489 980 1544 missaticis
1001 1488 1275 1558 conjuncti
1301 1497 1355 1542 et
1375 1487 1618 1557 deputati

123 1577 226 1639 estis,
243 1576 379 1630 simul
400 1579 747 1644 conveniatis,
762 1588 817 1635 et
841 1581 941 1636 hoc
958 1581 1023 1635 ad
1039 1581 1423 1651 perliciendum
1445 1597 1618 1651 quan-

123 1667 245 1720 tocius
261 1666 500 1722 iuchoetis
518 1685 532 1735 ;
549 1676 605 1723 et
629 1680 887 1739 quantum
912 1670 994 1726 vel
1015 1670 1248 1740 qualiter
1268 1671 1392 1726 inde
1413 1671 1615 1726 factum

121 1754 364 1820 habueritis,
390 1758 752 1829 unusquisque
775 1768 1041 1826 vestrum,
1069 1761 1212 1816 sicut
1239 1761 1290 1815 in
1325 1759 1618 1816 missaticis

120 1843 331 1898 constituti
357 1846 502 1911 estis,
531 1847 598 1902 de
647 1863 975 1920 unoquoque
1016 1850 1291 1905 missatico
1339 1849 1495 1928 nobis
1548 1849 1616 1904 ad

119 1932 388 2001 tonloquium
419 1938 646 2007 quodin
675 1940 922 2009 proximo
949 1957 1072 1998 cum
1107 1941 1368 1997 fratribus
1415 1944 1617 1997 nostris

120 2021 379 2090 habebimus,
404 2031 714 2086 renuntiare
741 2043 1011 2101 procuret.
1048 2034 1114 2089 Et
1137 2035 1180 2089 si
1213 2036 1524 2105 contigerit,
1559 2043 1619 2089 ut

119 2113 254 2182 aliquis
278 2129 496 2174 vestrum
525 2131 714 2178 nostro
764 2126 987 2181 servitio
1032 2126 1117 2182 vel
1164 2127 1478 2184 inﬁrmitate
1527 2138 1618 2183 ant

118 2218 384 2277 quacumque
425 2213 710 2269 occasione
755 2215 1008 2273 detentus
1036 2217 1219 2283 fuerit,
1251 2235 1349 2290 pro
1397 2222 1500 2275 boc
1525 2219 1616 2275 alii

118 2309 187 2348 non
235 2297 483 2356 dimittant
535 2313 596 2358 ut
639 2307 1020 2362 commendata
1064 2310 1290 2378 exsequi
1345 2327 1451 2365 non
1505 2319 1618 2366 stu-

116 2385 251 2451 deant;
271 2389 419 2444 etiam
446 2393 490 2447 si
518 2409 660 2450 unus
691 2399 960 2453 vacaverit
1003 2414 1034 2453 a
1075 2400 1348 2468 prtedictis
1370 2402 1617 2457 occasio-

117 2477 226 2531 nibus
244 2479 318 2545 ³⁷⁸,
357 2481 468 2550 ipse
490 2523 506 2548 ,
535 2495 803 2554 quantum
835 2488 977 2544 Deus
1013 2489 1246 2558 dederit,
1267 2489 1420 2559 jussa
1449 2493 1620 2562 periis

115 2581 198 2624 cere
214 2570 268 2604 ³⁷⁷
295 2576 498 2631 studeat
526 2577 620 2631 ⁸⁷⁸.
1164 2602 1166 2604 '

181 2743 269 2801 Isto
293 2750 645 2808 denuntiando
686 2765 806 2811 sunt
827 2759 1019 2828 populo
1040 2776 1073 2814 a
1101 2759 1273 2816 oliuis
1295 2762 1510 2816 nostris.

157 2899 195 2953 l.
220 2900 374 2959 Nostri
424 2892 715 2975 seniores,
761 2913 904 2970 sicut
958 2915 1206 2981 audistis,
1261 2917 1617 2988 parabolave-

112 2993 309 3065 unum)
337 2997 515 3064 simul,
559 3010 617 3056 et
643 3004 1125 3062 consideraveruut
1151 3023 1274 3064 cum
1317 3014 1618 3068 communi-

1721 476 1805 520 tos
1828 466 2169 534 fidrjussores
2201 469 2268 522 ad
2320 468 2663 538 praisentiam
2693 467 2835 522 illius
2863 469 2913 522 in
2945 469 3097 540 cujus
3139 483 3308 539 regno

1722 559 1854 613 tales
1881 560 2080 615 inventi
2113 560 2331 621 fuerint,
2356 563 2742 629 perducantur,
2778 569 2836 615 ut
2867 561 2990 614 inde
3019 561 3132 630 ipse
3161 576 3310 618 com-

1719 649 1950 712 mendet,
1983 650 2108 718 quid
2136 650 2202 704 de
2226 649 2314 704 tali
2343 650 2558 703 homine
2585 648 2782 719 fiatqui
2815 665 2915 704 tzcc
2944 649 3106 704 Deum
3133 649 3308 714 timet,

1720 752 1819 792 nec
1846 747 2035 792 contra
2079 747 2296 792 sanctos
2351 753 2591 792 canones
2643 736 2842 803 facere,
2896 753 2995 793 nec
3041 739 3209 808 legem
3253 747 3312 794 et

1719 839 2045 899 praeceptum
2078 831 2282 900 regium
2319 831 2387 863 ³⁸⁸
2418 828 2712 900 infringere
2757 831 3122 900 pertimescit;
3157 831 3310 885 salva

1716 936 1946 976 censura
1977 921 2344 977 ecclesiastica
2391 932 2446 978 et
2493 921 2814 992 episc0palis
2861 921 3191 992 paenitentia:
3241 922 3309 954 ⁸⁸⁸

1719 1009 1976 1064 vindicta.
3291 1029 3294 1044 ι

1789 1100 1841 1154 5.
1882 1099 2143 1155 Similiter
2166 1101 2232 1156 de
2262 1100 2507 1156 collectis
2542 1115 2677 1169 quas
2701 1099 2976 1156 tbcudisca
3019 1099 3087 1133 ³⁸¹
3131 1101 3312 1170 lingua

1718 1193 2010 1262 heriszuph
2046 1193 2116 1223 ³⁸³
2137 1193 2388 1262 appellat,
2412 1201 2466 1246 et
2488 1191 2555 1247 de
2579 1192 2661 1246 bis
2688 1192 2780 1259 qui
2826 1192 3195 1248 immunitates
3225 1194 3312 1246 in-

1719 1283 1988 1354 fringuut,
2017 1293 2074 1339 ct
2101 1285 2194 1354 qui
2228 1284 2476 1339 incendia
2508 1293 2564 1338 et
2602 1281 2906 1338 voluntaria
2945 1283 3230 1339 homicidia
3259 1291 3314 1338 et

1718 1373 2042 1428 adsalituras
2069 1375 2120 1428 in
2143 1374 2333 1428 domos
2356 1373 2426 1407 '“
2452 1373 2676 1429 faciunt.

1786 1463 1842 1517 4.
1887 1463 1962 1517 De
1984 1462 2286 1519 latronibus
2311 1475 2488 1519 autem
2507 1466 3049 1530 commendaverunt,
3075 1473 3133 1518 ut
3155 1465 3312 1519 missi

1721 1553 1975 1608 omnibus
2017 1555 2340 1610 denuntient
2391 1555 2446 1609 iu
2500 1555 2590 1609 illa
2637 1556 2898 1611 ﬁdelitate
2929 1569 3092 1625 quam
3123 1556 3230 1610 Deo
3258 1562 3315 1608 et

1720 1645 1832 1715 regi
1887 1646 2256 1715 unusquisque
2305 1646 2464 1702 debet
2521 1647 2591 1678 ³⁸⁸
2643 1655 2698 1702 et
2752 1648 3074 1716 promissam
3128 1647 3308 1706 liabet.

1719 1748 1774 1793 et
1795 1738 1862 1770 ³⁸⁸
1888 1739 1941 1792 in
1972 1738 2060 1792 illa
2087 1738 2486 1794 christianitate
2533 1755 2638 1810 qua
2684 1740 2754 1772 ³⁸⁷
2815 1755 3003 1812 pacem
3062 1738 3311 1807 proximo

1719 1830 2095 1900 unusquisque
2143 1844 2362 1886 servare
2405 1831 2584 1895 debet,
2632 1840 2694 1886 ut
2733 1832 2850 1886 sine
2874 1831 3190 1899 exceptione
3213 1828 3313 1883 ali—

1718 1921 1876 1991 Cujus
1906 1937 2176 1991 personae,
2207 1937 2309 1977 nec
2339 1937 2438 1992 pro
2467 1922 2729 1986 amicitia,
2761 1922 2844 1976 vel
2886 1920 3308 1992 propinquitate,

1718 2023 1812 2068 aut
1837 2029 2025 2068 amore
2051 2014 2134 2068 vel
2182 2014 2411 2080 timore,
2443 2013 2582 2069 ullus
2622 2013 2693 2048 ³⁸⁸
2723 2013 2986 2068 latronem
3028 2011 3187 2076 celet,
3215 2010 3312 2064 sed

1717 2104 1868 2160 illum
1926 2105 2108 2160 missis
2150 2104 2364 2159 illorum
2421 2103 2761 2169 manifestet,
2817 2113 2874 2160 et
2920 2104 2986 2158 ad
3035 2102 3310 2171 accipien-

1718 2195 1846 2254 dum
1878 2195 1948 2227 ³⁸⁸
1971 2194 2124 2250 illum
2175 2194 2504 2264 adjutorium
2558 2204 2818 2266 quantum
2870 2195 3108 2264 potuerit
3135 2209 3306 2248 unus-

1720 2286 1954 2356 quisque
1983 2295 2227 2358 prtestet,
2261 2295 2316 2341 et
2348 2302 2444 2356 per
2473 2288 2542 2319 ’θ’
2571 2298 2974 2342 sacramentum
3005 2287 3108 2341 hoc
3156 2286 3310 2341 missi

1719 2377 1938 2439 illorum
1965 2377 2182 2432 [innare
2209 2376 2427 2441 faciant,
2459 2378 2601 2432 sicut
2633 2386 2876 2447 tempore
2904 2385 3310 2432 antecessormn

1718 2468 1931 2523 illorum
1961 2469 2297 2522 consuetudo
2325 2468 2445 2523 fuit.
2472 2469 2537 2522 Et
2565 2468 2609 2522 si
2654 2467 2849 2536 aliquis
2875 2467 3070 2522 missos
3095 2467 3311 2521 illorum

1718 2575 1824 2614 non
1845 2559 2171 2625 obaudierit,
2199 2559 2243 2614 si
2275 2561 2417 2630 regis
2443 2561 2607 2614 homo
2636 2560 2816 2623 fuerit,
2841 2575 2936 2629 per
2964 2559 3310 2627 fidejussores

1719 2650 1785 2705 ad
1817 2649 1957 2704 illius
1988 2651 2331 2719 praesentiam
2366 2653 2718 2721 perducatur.
2761 2652 2817 2707 Si
2867 2662 3048 2707 autem
3086 2652 3311 2709 alterius

1717 2742 1879 2796 homo
1908 2740 2091 2804 fuerit,
2125 2741 2308 2799 senior
2356 2741 2510 2814 cujus
2556 2743 2718 2799 homo
2753 2744 2938 2809 fuerit,
2990 2745 3140 2800 illum
3199 2745 3313 2815 regi

1717 2841 2028 2903 przescntet.

1726 2973 1732 2980 .
1789 2930 1846 2985 5.
1881 2929 2410 2986 Commendaverunt
2438 2931 2626 2997 etiam,
2658 2940 2716 2987 ut
2745 2932 2789 2988 si
2821 2930 2982 2987 alicui
3023 2933 3310 2987 denuntia-

1722 3031 1834 3076 tum
1863 3020 2025 3076 fuerit
2076 3030 2136 3077 ut
2183 3023 2252 3077 ad
2279 3022 2656 3092 accipiendum
2697 3023 2762 3056 ³⁹¹
2795 3021 3059 3076 latronem
3103 3020 3314 3090 adjuto-

111 3077 177 3178 ¹ξ¹¹⁵
198 3081 647 3182 δυθνυωμίίάθίίδω
667 3093 734 3149 de
754 3093 848 3149 Dei
869 3097 1115 3164 εθννίῑῖορ
1140 3108 1193 3153 et
1214 3111 1419 3157 sanctae
1444 3104 1617 3160 eccle-
1643 3102 1688 3165 C
1721 3111 1860 3166 rium
1890 3121 2129 3182 praestet,
2157 3121 2250 3167 aut
2280 3077 2476 3182 aliquis
2503 3128 2695 3168 sonum
2723 3113 2847 3169 inde
2877 3112 3111 3168 audierit
3155 3077 3214 3166 ut
3239 3111 3311 3166 ad

110 3169 172 3263 iis:
185 3187 236 3228 ac
259 3178 398 3246 regni
421 3188 592 3247 statu,
616 3191 670 3237 et
694 3185 930 3254 qualiter
955 3203 1051 3243 vos
1079 3189 1172 3259 qui
1202 3190 1256 3245 in
1289 3206 1458 3263 regno
1483 3209 1618 3248 con-

109 3260 244 3318 sistitis
263 3282 436 3336 pacem
458 3283 515 3328 et
545 3273 812 3342 justitiam
853 3279 1058 3336 habere
1105 3284 1323 3352 possitis
1340 3260 1437 3349 {et
1467 3287 1616 3342 ordiv

107 3365 309 3414 noverunt
335 3363 537 3420 missos
554 3381 650 3436 per
674 3383 898 3438 regnum
937 3370 1174 3439 illorum,
1201 3373 1294 3444 qui
1318 3375 1372 3430 in
1399 3375 1504 3432 hoc
1523 3377 1619 3432 de-

108 3455 272 3514 certent,
292 3464 552 3523 quantum
577 3456 717 3514 Deus
738 3459 1070 3530 adjutorium
1095 3465 1326 3521 dederit.

149 3535 189 3588 2.
220 3540 348 3598 later
390 3560 587 3603 omnes
632 3546 874 3617 justitias
923 3567 1060 3622 quas
1115 3555 1506 3612 ordinaverunt
1559 3568 1618 3615 ut

105 3631 404 3703 unusquisque
428 3636 647 3703 habeat,
679 3639 858 3710 primo
898 3643 1378 3700 consideraverunt
1406 3648 1473 3701 de
1519 3649 1618 3703 lio-

106 3730 196 3772 nore
231 3726 572 3784 ecclesiarum
618 3731 736 3797 Dei,
767 3740 824 3788 et
847 3734 1217 3803 orphanorum
1247 3752 1312 3791 ac
1333 3737 1614 3793 viduarum

104 3811 247 3878 causis,
290 3824 343 3872 et
377 3819 447 3875 de
500 3823 771 3892 regalibus
810 3822 1060 3893 justitiis.
1097 3825 1235 3882 Tum
1286 3830 1522 3886 maxime
1549 3830 1617 3886 de

105 3903 342 3966 “pluribus
358 3910 678 3980 puellarum,
701 3922 758 3969 et
780 3914 1062 3970 viduarum
1091 3919 1292 3983 causis,
1316 3927 1372 3972 et
1415 3919 1616 3974 sancti-

103 3995 372 4065 monialium,
403 4011 456 4057 et
485 4003 551 4058 de
581 4003 664 4060 his
690 4007 780 4075 qui
804 4008 1150 4078 presbyteros
1177 4007 1450 4080 ﬂagellare
1478 4025 1610 4080 pra:-

103 4093 282 4152 Sumunt,
304 4100 356 4145 et
384 4094 475 4163 qui
522 4097 870 4166 presbyteros
897 4099 963 4154 de
993 4099 1240 4155 ecclesiis
1266 4102 1382 4155 sine
1404 4103 1614 4172 episco-

101 4186 238 4238 Ρυηιηι
261 4196 523 4239 consensu
569 4187 747 4241 eicere
776 4187 858 4242 vel
876 4189 1136 4258 recipere,
1161 4197 1256 4243 aut
1282 4205 1502 4244 censum
1547 4191 1614 4246 de

100 4276 253 4334 mansa,
282 4272 361 4328 vel
386 4289 454 4329 ex
487 4276 570 4331 his
594 4292 713 4346 qum
738 4278 970 4333 domnus
998 4288 1052 4334 et
1079 4280 1292 4349 genitor
1349 4289 1532 4335 noster
1559 4281 1613 4334 in

100 4355 175 4409 suis
191 4363 562 4430 capitularibus
583 4368 828 4424 ecclesiis
859 4370 912 4424 in
937 4370 1280 4425 immunitate
1315 4370 1610 4436 concessit,

1718 3201 1980 3256 latronem
2011 3201 2386 3272 accipiendum
2415 3211 2798 3268 concurratur,
2847 3211 2904 3257 et
2953 3216 3012 3256 se
3067 3200 3192 3255 inde
3221 3214 3310 3254 rc-

1718 3291 1944 3346 traxerit
1971 3299 2031 3345 ut
2053 3290 2119 3345 ad
2161 3291 2266 3347 hoc
2294 3290 2624 3361 adjutorium
2671 3307 2776 3346 non
2827 3299 3069 3362 prmstet,
3093 3291 3138 3346 si
3168 3291 3311 3344 liber

1717 3382 1881 3437 homo
1923 3380 2111 3446 fuerit,
2154 3381 2393 3436 bannum
2447 3381 2776 3437 dominicum
2823 3389 3142 3450 componat;
3175 3387 3230 3434 et
3263 3379 3311 3433 si

1719 3473 1951 3528 colonus
1977 3473 2162 3538 fuerit,
2197 3474 2477 3544 sexaginta
2522 3473 2662 3528 ictus
2684 3471 2935 3542 accipiat.
2972 3471 3037 3524 Et
3077 3471 3120 3526 si
3173 3469 3310 3526 latro

1721 3562 1794 3617 ibi
1824 3563 2039 3618 occisus
2066 3562 2248 3628 fuerit,
2277 3563 2370 3633 qui
2401 3577 2523 3617 eum
2553 3562 2815 3616 occiderit
2843 3561 3059 3616 leudem
3090 3561 3159 3592 δ”
3184 3561 3312 3617 inde

1717 3671 1824 3711 non
1855 3656 2049 3719 solvat,
2074 3664 2130 3710 ct
2155 3655 2334 3710 nullus
2359 3655 2435 3710 illi
2477 3655 2602 3710 inde
2629 3654 2830 3708 faidam
2862 3662 3077 3722 portare
3109 3667 3308 3722 praesu-

1716 3755 1848 3802 mat.
1879 3745 2033 3813 Quod
2062 3746 2108 3801 si
2153 3746 2276 3815 quis
2316 3744 2501 3800 facere
2543 3743 2969 3814 prtesumpserit,
3003 3757 3099 3811 per
3129 3751 3310 3796 certos

1716 3835 2060 3906 ﬁdejussores
2091 3835 2158 3890 ad
2187 3835 2328 3906 regis
2356 3834 2695 3905 pmscntiam
2723 3833 3074 3904 perducatur.

1714 3962 1718 3966 -
1785 3926 1838 3982 6.
1873 3925 2212 3996 Quicumque
2261 3933 2443 3980 autem
2470 3924 2553 3978 ³⁸³.
2589 3924 2789 3980 abbinc
2823 3923 3005 3978 inaute
3037 3921 3306 3975 latronem

1716 4017 2001 4087 receperit,
2034 4017 2268 4071 maxime
2306 4024 2487 4071 autem
2519 4015 2667 4070 illum
2692 4014 2786 4084 qui
2814 4012 3155 4068 forbannitus
3186 4010 3304 4064 fue-

1716 4111 1810 4176 rit,
1839 4111 1925 4166 vel
1970 4112 2063 4182 qui
2111 4111 2232 4166 illos
2279 4125 2416 4180 quos
2473 4109 2622 4165 missi
2679 4109 2851 4164 nostri
2895 4107 3308 4162 forbannierunt

1716 4203 1938 4273 recepit,
1967 4211 2252 4272 postquam
2275 4201 2567 4258 forbanniti
2586 4201 2652 4256 ab
2670 4201 2873 4256 eisdem
2892 4199 3074 4253 missis
3099 4197 3306 4252 nostris

1714 4292 1954 4360 fuerunt,
1981 4294 2280 4349 secundum
2333 4293 2474 4364 quod
2503 4293 2856 4348 constitutum
2905 4299 2989 4345 est
3019 4289 3072 4342 in
3099 4288 3308 4357 capitu-

1716 4386 1922 4442 laribus
1946 4387 2032 4441 avi
2061 4395 2115 4441 et
2140 4387 2313 4457 patris
2358 4387 2529 4442 nostri
2579 4388 2632 4441 in
2664 4387 2802 4442 libro
2833 4401 2917 4449 ιιι,
2944 4383 3184 4454 capitulo
3207 4381 3304 4446 2'5,

97 4457 259 4544 893?"?
281 4469 382 4510 "0“
414 4458 624 4524 limem,
650 4472 704 4515 ει
728 4463 819 4532 ιιιιί
851 4477 1014 4518 censa
1049 4462 1120 4496 ³⁷⁸
1144 4464 1209 4519 de
1247 4465 1409 4518 rebus
1435 4463 1610 4519 θθθιθ·
1641 4442 1690 4502 D
1720 4479 1765 4534 si
1795 4480 2036 4534 Francus
2050 4487 2294 4544 est,cum
2317 4478 2600 4535 duodecim
2625 4477 2894 4534 similibus
2922 4475 3147 4532 Francis
3160 4473 3309 4544 juret

99 4535 277 4598 siasticis
295 4546 360 4599 ad
387 4549 644 4606 ecclesias
664 4553 973 4621 persolvere
1003 4554 1328 4619 detrectant,
1355 4565 1415 4610 ut
1435 4555 1610 4610 firmi-

96 4632 510 4734 terinqnirantur,
548 4653 602 4698 et
648 4645 848 4704 acriter
897 4646 1313 4718 distringantur,
1360 4658 1417 4704 et
1454 4650 1612 4721 plena

95 4728 251 4782 iustitia
275 4728 396 4787 inde
426 4733 545 4802 ﬁat,
567 4738 860 4792 secundum
879 4739 1022 4794 auod
1041 4739 1093 4794 in
1115 4740 1504 4810 capitularibus
1526 4743 1611 4796 avi

1721 4571 1865 4640 quod
1888 4570 2000 4638 ipse
2014 4569 2277 4624 latronem
2295 4583 2418 4624 eum
2447 4570 2615 4625 fuisse
2641 4585 2745 4624 non
2773 4570 2989 4632 scisset,
3014 4567 3309 4634 licetpater

1718 4658 1836 4726 ejus
1865 4659 1954 4720 sit,
1987 4667 2082 4712 aut
2128 4656 2318 4724 frater,
2347 4659 2432 4714 vel
2476 4659 2834 4730 propinquus.
2868 4659 2927 4714 Si
2979 4659 3082 4713 hoc
3117 4655 3305 4725 jurare

1718 4764 1824 4804 non
1853 4749 2112 4820 potuerit,
2140 4755 2196 4804 et
2219 4749 2288 4804 ab
2315 4749 2420 4806 alio
2445 4751 2729 4806 convictus
2757 4749 2924 4806 fuerit
2949 4747 3094 4820 quod
3143 4745 3311 4801 iatro-

1314 4921 1548 4979 VARIE
1582 4876 1984 4983 LECTIONES.

97 5057 522 5156 πξἿΔίῙ-ιξ-ξξειξυε
553 5088 646 5156 rex
693 5072 814 5156 flia
860 5077 1423 5156 manu-superscripta
1459 5089 1603 5156 sunt.
1679 5080 1923 5156 "bdeest
1965 5082 2022 5156 2.
2097 5080 2170 5156 ³ἶ⁸
2201 5080 2426 5156 ᾴεεειῇ.
2507 5080 2578 5156 '_"
2608 5077 3055 5156 occupationibus
3109 5071 3316 5156 ξὶξτηςτ

137 5130 454 5222 Liqimplere
571 5146 671 5203 5b..
693 5145 782 5198 3c.
821 5146 928 5222 _"'_
965 5130 1146 5222 Itujus'
1168 5130 1648 5222 pra’fn'tioinisﬂl'oco
1680 5130 1929 5222 cades]:
1970 5130 2086 5207 iure
2120 5130 2340 5222 habet?
2367 5130 2473 5209 Ista
2503 5130 3321 5222 den{tritinia-itasunt-aﬂflf‘lmlo

261 5208 476 5296 92$}fi§-
497 5212 621 5296 (ξεί).
645 5228 778 5296 ρεξτε
816 5213 929 5268 (ἱενί
971 5206 1234 5296 iussimus
1259 5206 1651 5296 quandoncum
1679 5221 1846 5296 fratre
1893 5206 2108 5278 HnoStro
2138 5219 2380 5277 lotliario
2395 5206 2547 5274 aliud
2572 5218 2874 5268 valentinac
2905 5210 3065 5256 Inmiti
3094 5206 3312 5248 “ti-“Hs
