3876 5326
518 258 624 317 605

1258 266 1545 322 APPEND.
1588 267 1680 321 AD
1720 247 1889 322 Sid.
1920 264 1984 319 Χ.
2010 297 2078 306 -
2113 266 2543 326 MilNUMENTA
2575 272 3046 331 DlPLOMATICA.

3654 278 3739 334 604

517 388 641 427 rem
668 373 722 426 in
748 366 983 445 hospitio
1027 361 1373 443 suscepisset,
1405 378 1560 447 quasi
1592 379 1729 433 latro
1765 386 1821 432 ct
1865 378 2095 435 infidelis
2123 367 2169 420 Α
2201 392 2305 440 tem
2346 396 2403 440 ut
2428 390 2724 446 secundum
2752 394 3224 459 consuetudinem,
3272 405 3436 467 prout
3475 400 3743 454 necessitas

511 463 820 558 iudicetur;
852 468 977 536 quia
1025 467 1162 558 latro
1188 478 1289 558 est.
1321 479 1377 525 et
1430 472 1660 528 infidelis
1703 481 1787 527 est
1815 472 1883 507 '“
1912 466 2098 528 noster
2196 480 2471 545 evenerit,
2513 480 2578 534 ad
2621 481 2713 536 Dei
2754 484 3031 539 servitium
3074 493 3129 540 et
3180 463 3394 541 illorum
3425 528 3441 552 ,
3488 500 3642 558 atque
3687 491 3741 543 ad

519 561 576 604 et
603 550 966 619 Francorum;
995 562 1051 610 et
1075 556 1165 624 qui
1194 556 1342 611 illum
1370 560 1628 630 suscepit,
1661 561 1854 616 similis
1877 570 1960 616 est
1998 560 2093 616 illi.

2197 566 2585 624 defendendam
2616 584 2856 628 sanctam
2880 575 2972 630 Dei
2994 575 3065 608 ⁵⁸⁸
3112 576 3396 633 ecclesiam
3424 586 3482 633 et
3527 592 3742 647 regnum,

522 639 1019 734 siautem-audivit
1045 645 1187 713 quod
1217 645 1356 701 latro
1403 646 1619 714 fuisset,
1663 659 1721 705 et
1762 662 1942 705 tamen
1990 666 2096 705 non
2198 671 2388 716 omnes
2416 662 2521 716 sint
2554 667 2858 734 przrparati.

521 730 626 783 scit
649 744 747 799 pro
771 731 1019 797 firmiter,
1053 742 1145 786 aut
1164 733 1310 804 jnret
1336 736 1482 792 solus
1510 738 1653 807 quod
1678 754 1949 808 nunquam
1972 753 2097 793 eum

522 823 783 886 aulisset,
833 835 934 876 nec
957 838 1054 891 per
1092 825 1395 891 veritatem,
1435 843 1535 883 nec
1581 843 1677 897 per
1731 828 2098 892 mendacium,

2272 798 2357 851 ll.
2388 796 2629 866 Capitula
2654 808 2834 855 autem
2888 801 2974 856 avi
3028 812 3085 857 et
3134 802 3306 873 patris
3345 803 3518 858 nostri
3562 818 3675 872 quae
3705 804 3747 859 in

522 908 944 976 latronem;aut
964 914 1293 984 sitparatus,
1320 919 1363 971 si
1386 918 1474 974 ille
1496 920 1562 975 de
1583 889 1870 975 latrocinio
1890 920 2099 975 evictus
2198 889 2529 984 pmfscriplis
2564 892 3151 984 _°°“‘}“°m°mti'2'_'sy
3193 893 3287 984 ‘1‘“
3332 908 3400 947 ex
3453 894 3630 948 missis
3670 908 3751 947 "0'

526 1001 716 1069 fuerit,
741 1014 800 1058 ut
827 1005 896 1037 '”
924 1007 1172 1061 similiter
1196 1009 1501 1065 damnetur.

589 1097 646 1152 7.
675 1096 745 1152 Ut
767 1099 983 1167 quando
1017 1087 1166 1155 missi
1202 1087 1370 1156 nostri
1397 1088 1659 1157 latronem
1682 1100 2097 1162 forhaunierint,

523 1188 629 1243 hoc
659 1195 713 1244 et
741 1188 922 1244 missis
948 1190 1070 1244 aliis
1101 1199 1154 1245 et
1180 1191 1471 1247 comitibus
1499 1192 1638 1248 scire
1680 1191 1900 1246 faciant.
1940 1191 2011 1247 Et
2053 1180 2105 1247 si

520 1277 592 1331 de
619 1292 727 1332 uno
758 1278 1036 1335 missatico
1060 1279 1133 1313 ⁸⁸⁸
1161 1281 1214 1335 in
1240 1280 1401 1335 alium
1430 1281 1647 1352 fugerit,
1679 1282 1724 1337 si
1762 1281 1815 1336 in
1853 1282 2104 1337 vicinita-

525 1375 635 1420 tem
665 1368 873 1422 venerit
896 1369 987 1435 ³⁸⁷,
1019 1386 1118 1439 pro
1144 1372 1246 1426 hoc
1271 1374 1467 1427 missus
1502 1374 1593 1442 qui
1621 1387 1743 1427 cum
1772 1372 2105 1428 forbannivit

526 1453 635 1511 non
667 1457 903 1514 dimittat
928 1469 987 1514 ut
1007 1456 1130 1515 eum
1188 1477 1297 1517 non
1350 1474 1710 1533 persequatur
1758 1474 1813 1519 et
1860 1479 2108 1535 compre-

525 1546 748 1602 hendat.
802 1549 879 1604 Et.
923 1551 968 1606 si
1019 1551 1230 1623 longius
1270 1554 1465 1626 fugerit
1509 1556 1600 1621 ³⁸⁸,
1634 1556 1834 1611 missus
1865 1556 1917 1610 in
1952 1556 2106 1627 cujus

525 1636 860 1693 missaticum
889 1639 1104 1712 fugerit,
1125 1644 1170 1698 si
1201 1642 1407 1699 alodcm
1431 1646 1499 1679 ³⁹⁹
1531 1645 1798 1711 habuerit,
1828 1646 1901 1700 illi
1930 1646 2101 1713 tollat,

524 1737 583 1784 et
624 1729 774 1784 illum
805 1734 1141 1803 constringat
1184 1743 1243 1791 ut
1292 1735 1363 1769 ‘°°
1408 1735 1552 1802 illuc,
1584 1736 1714 1790 velit
1741 1736 1909 1803 nolit,
1951 1753 2103 1793 reve-

520 1820 645 1873 niat
673 1820 767 1883 m,
805 1829 863 1875 et
892 1821 963 1876 ibi
998 1824 1197 1879 malum
1231 1828 1482 1881 emendet
1524 1826 1614 1881 ubi
1658 1826 1788 1881 illud
1828 1836 2108 1898 perpetra-

526 1912 625 1965 vit.
673 1914 740 1968 Et
782 1913 825 1973 si
869 1912 923 1967 in
953 1913 1179 1986 alicujus
1228 1917 1405 1971 villam
1439 1917 1657 1987 fugerit,
1715 1927 1769 1975 et
1814 1919 1929 1988 ipsa
1980 1932 2103 1974 eum

526 2007 887 2069 contenderit,
917 2007 1212 2061 secundum
1242 2008 1385 2076 quod
1417 2008 1469 2062 in
1508 2006 1899 2078 capitularibus
1928 2008 2013 2062 avi
2050 2014 2105 2064 et

527 2095 699 2163 patris
737 2096 909 2152 nostri
937 2097 1196 2166 scriptum
1221 2098 1470 2161 habetur,
1501 2099 1623 2154 inde
1655 2099 1773 2153 flat.
1806 2100 1872 2154 Et
1917 2099 1963 2155 si
2012 2114 2107 2155 ne-

528 2200 683 2241 cesse
736 2186 916 2253 fuerit,
967 2198 1027 2243 ut
1070 2188 1280 2258 justitia
1323 2204 1430 2244 non
1475 2190 1794 2259 proteletur,
1846 2191 2109 2247 advocato

527 2278 876 2333 denuntietur
896 2280 1152 2349 utipsam
1203 2280 1467 2336 latronem
1518 2281 1728 2346 reddat,
1775 2289 1835 2335 et
1877 2290 1972 2336 eos
2015 2281 2108 2350 qui

525 2382 650 2422 eum
678 2370 1060 2423 contenderim
1103 2370 1174 2402 ⁸⁸⁸
1224 2379 1534 2441 prmseutet,
1567 2379 1626 2425 ttt
1672 2370 1911 2427 debitam
1947 2370 2111 2426 disci«

524 2458 729 2528 plinam
758 2455 892 2513 inde
918 2460 1240 2528 sustineant,
1262 2468 1318 2514 et
1349 2460 1787 2516 emendationem
1826 2460 1951 2515 inde
1977 2473 2110 2515 cond

525 2561 715 2616 gruum
736 2545 958 2601 faciant.
989 2548 1143 2614 Quod
1179 2548 1224 2603 si
1267 2548 1444 2604 facere
1493 2546 1791 2617 neglexerit
1830 2563 2001 2618 usque
2043 2548 2109 2603 ad

484 2700 491 2705 η
524 2637 822 2690 secundam
860 2638 1058 2701 vicem,
1086 2637 1322 2692 bannum
1353 2638 1679 2693 dominicum
1723 2637 1848 2697 inde
1887 2652 2110 2709 compo-

526 2734 664 2790 nat;
698 2733 753 2780 et
777 2726 856 2781 sic
896 2741 1000 2797 per
1046 2725 1403 2797 fidcjussorcs
1445 2728 1891 2798 adprazsentiam
1921 2732 2109 2784 eorum

531 2816 852 2881 deducatur,
885 2825 1022 2873 utet
1052 2818 1119 2874 de
1148 2818 1261 2883 illo,
1281 2830 1338 2873 et
1363 2819 1429 2875 de
1477 2819 1970 2875 contradictoribus
1992 2859 2008 2884 ,
2056 2826 2113 2879 ιιι

531 2907 600 2961 de
620 2907 736 2976 ipso
766 2907 1006 2973 latrone,
1027 2909 1322 2967 secundum
1346 2910 1489 2978 quod
1542 2920 1717 2966 causa
1753 2909 2109 2981 conjacuerit,

530 2999 612 3053 sic
640 2998 710 3030 ⁵⁰³
738 2999 1084 3064 decernatur,
1109 3009 1167 3053 ut
1193 3000 1372 3054 cteteri
1403 3009 1606 3054 metum
1638 2998 1893 3054 habeant.

2202 977 2331 1032 stris
2359 992 2461 1032 non
2491 977 2800 1043 habuerint,
2830 987 2886 1034 et
2910 980 2991 1036 eis
3015 979 3085 1015 ⁸⁸³
3129 982 3479 1053 indiguerint,
3530 993 3590 1037 ut
3633 998 3752 1037 com-

2204 1071 2367 1125 missa
2398 1084 2495 1138 per
2517 1070 2606 1126 illa
2655 1073 2930 1142 corrigere
2979 1074 3212 1143 possint,
3277 1076 3418 1130 sicut
3467 1075 3522 1129 in
3573 1074 3752 1129 eisdem

2203 1158 2450 1227 capitulis
2499 1158 2765 1228 iubetur,
2818 1160 2913 1227 διο,
2978 1163 3045 1218 de
3102 1163 3307 1220 scrinio
3371 1174 3563 1219 nos'ro
3608 1164 3684 1217 vel
3728 1182 3754 1218 a

2205 1251 2527 1308 cancellario
2577 1262 2763 1309 nostro
2809 1253 3097 1324 accipiant,
3158 1264 3219 1311 ut
3276 1256 3668 1313 rationabiliter
3709 1269 3755 1312 et

2205 1342 2452 1414 lcgaliter
2478 1353 2671 1399 cuncta
2699 1346 2976 1418 corrigant
2995 1355 3052 1401 et
3081 1347 3394 1418 disponant.

2278 1458 2365 1514 12.
2398 1457 2468 1513 Ut
2502 1460 2871 1528 unusquisque
2909 1460 3106 1516 missus
3132 1460 3185 1515 in
3218 1475 3317 1515 suo
3338 1461 3617 1516 missatico
3648 1477 3761 1530 pm.

2205 1550 2470 1624 visionem
2495 1550 2712 1615 habeat,
2738 1559 2798 1605 ut
2838 1551 2883 1606 si
2932 1551 3129 1622 aliquis
3174 1552 3241 1607 de
3288 1553 3494 1608 nostris
3540 1553 3762 1608 fidelibus

2209 1654 2307 1709 per
2345 1640 2677 1696 missatieum
2714 1656 2871 1696 suum
2900 1642 2967 1674 ⁶¹¹
3002 1642 3299 1707 transierit,
3345 1653 3443 1697 aut
3491 1643 3562 1697 ibi
3607 1644 3762 1697 consi-

2204 1741 2354 1788 stens
2398 1730 2481 1787 vel
2529 1746 2880 1791 commauens
2921 1732 3138 1802 rapinas
3182 1732 3267 1788 vel
3317 1732 3760 1802 deprtedationes.

2204 1831 2298 1877 aut
2332 1822 2456 1877 talia
2494 1821 2694 1879 inlicita
2726 1823 2917 1892 fecerit
2943 1823 3011 1878 de
3034 1822 3228 1893 quibus
3249 1823 3391 1878 Deus
3411 1822 3608 1878 offendi
3623 1823 3763 1886 solet,

2204 1921 2256 1968 et
2284 1913 2512 1987 populus
2542 1927 2641 1982 pro
2663 1913 3016 1984 oppressione
3070 1927 3316 1983 gemere;
3360 1923 3628 1982 quatenus
3674 1913 3761 1966 hoc

2206 2003 2482 2061 subtiliter
2514 2010 2568 2058 et
2595 2003 2864 2059 veraciter
2890 2003 3200 2074 investiget,
3227 2011 3283 2057 et
3317 2002 3474 2057 nobis
3497 2002 3763 2065 renuntiet,

2207 2095 2438 2163 qualiter
2466 2093 2590 2148 inde
2612 2108 2710 2149 nos
2742 2094 2819 2149 sic
2843 2092 3181 2160 ordinemus,
3212 2102 3274 2148 ut
3307 2107 3410 2149 nec
3438 2092 3634 2164 ipsum,
3680 2106 3768 2146 nec

2208 2185 2372 2240 alium
2394 2184 2497 2241 hoc
2522 2198 2686 2256 agere
2706 2182 2957 2241 delectet.

2281 2297 2368 2351 15.
2390 2295 2461 2352 Ut
2481 2294 2632 2352 missi
2661 2296 2714 2349 in
2752 2294 2968 2350 illorum
2994 2294 3282 2351 missaticis
3301 2310 3488 2351 curam
3528 2294 3765 2355 habeant,

2209 2400 2280 2441 ne
2325 2385 2576 2441 homines
2627 2383 2796 2439 nostri
2852 2390 2946 2439 aut
2998 2384 3088 2439 alii
3132 2383 3362 2455 quilibet
3407 2384 3615 2439 vicinos
3658 2398 3770 2436 suos

2208 2473 2439 2544 majores
2480 2474 2568 2535 vel
2619 2474 2859 2529 minores
2896 2481 3139 2544 tempore
3182 2472 3409 2536 astatis,
3456 2472 3668 2544 quando
3715 2473 3770 2524 ad

2209 2566 2433 2622 herbam
2461 2580 2587 2621 suos
2616 2565 2853 2621 caballos
2876 2566 3119 2630 mittunt,
3149 2564 3235 2620 vel
3268 2572 3513 2635 tempore
3559 2564 3772 2635 hyemis,

2209 2658 2425 2728 quando
2451 2655 2812 2712 marascalcos
2834 2656 2906 2687 ⁸¹¹
2937 2655 3148 2710 illorum
3180 2654 3245 2708 ad
3270 2653 3485 2710 fodrum
3524 2654 3770 2724 dirigunt,

2211 2747 2429 2802 vicinas
2463 2744 2698 2815 majores
2758 2746 2843 2801 vel
2896 2746 3135 2801 minores
3170 2742 3241 2777 “'
3279 2743 3652 2814 deprtedentnr
3694 2753 3775 2796 aut

2211 2838 2533 2909 opprimant.
2558 2835 2623 2890 Et
2642 2837 2686 2892 si
2717 2836 2949 2906 egerint,
2979 2836 3084 2891 hoc
3111 2835 3302 2900 etiam,
3333 2841 3392 2888 ut
3424 2833 3774 2903 prtediximus,

2212 2927 2482 2984 veraciter
2508 2925 2656 2981 missi
2690 2926 2859 2980 nostri
2892 2926 3243 2997 investigent,
3296 2932 3353 2979 et
3394 2923 3551 2977 nobis
3595 2937 3778 2975 renuu-

2100 3018 2103 3023 ’
2138 3033 2184 3094 C
2215 3017 2372 3083 tient,
2396 3018 2531 3072 utin
2557 3016 2770 3071 seniore
2795 3014 2898 3070 hoc
2942 3014 3024 3070 sic
3075 3012 3431 3070 emendemus
3454 3053 3469 3076 ,
3525 3021 3775 3080 quatenus

603 3088 655 3142 8.
681 3087 795 3142 Hoc
814 3089 978 3145 etiam
1001 3090 1518 3145 commendaverunt
1547 3089 1792 3144 seniores
1819 3089 2025 3155 nostri,
2053 3096 2111 3144 ut

2222 3107 2458 3163 homines
2485 3121 2610 3163 suos
2632 3106 2683 3160 in
2704 3113 2970 3175 potestate
3016 3105 3247 3170 habeat,
3288 3113 3345 3160 et
3396 3104 3651 3159 contenti
3680 3103 3780 3156 sint

526 3182 583 3236 si
615 3180 1357 3250 huiusmodi'malefactores,
1408 3180 1550 3236 sicut
1592 3180 1983 3251 pradiximus.
2047 3180 2116 3237 de

528 3286 644 3325 uno
671 3285 838 3341 regno
892 3271 945 3325 in
995 3270 1142 3341 aliud
1189 3270 1445 3341 fugerint,
1489 3268 1739 3325 similiter
1768 3269 1917 3324 missi
1949 3269 2114 3337 illius,

532 3364 605 3419 de
626 3363 781 3433 cujus
807 3376 971 3434 regno
999 3359 1220 3434 fugerit,
1253 3361 1322 3418 ad
1352 3360 1489 3415 alios
1515 3360 1711 3419 missos
1741 3360 1795 3417 iu
1826 3359 1916 3418 illo
1930 3374 2112 3433 regno,

528 3455 628 3508 -uhi
656 3453 817 3524 fugit,
848 3455 951 3510 hoc
978 3464 1162 3509 notum
1185 3453 1421 3521 faciant,
1467 3463 1522 3510 et
1560 3455 1637 3510 illi
1675 3455 1828 3510 missi
1871 3470 1964 3510 eos
1990 3469 2119 3510 con-

526 3548 829 3618 stringant,
863 3557 923 3601 ut
946 3549 1013 3603 ad
1041 3548 1169 3602 illud
1193 3563 1415 3618 regnum
1446 3557 1502 3604 et
1535 3549 1602 3604 ad
1650 3548 1771 3604 illos
1801 3549 1996 3604 missos
2038 3563 2121 3604 re-

537 3639 791 3704 veniant,
820 3648 880 3694 ut
907 3641 979 3696 ibi
1004 3640 1253 3711 distringi
1276 3640 1484 3710 possint
1506 3640 1596 3695 ubi
1626 3640 1827 3696 malum
1854 3639 2118 3696 fecerunt.

609 3730 666 3785 9.
699 3729 775 3785 De
802 3730 1029 3787 advenis
1062 3731 1155 3801 qui
1179 3732 1530 3802 oppressione
1557 3731 2014 3788 Nortmannorum
2036 3730 2122 3786 vel

537 3823 945 3878 Brittannorum
976 3823 1029 3877 in
1056 3832 1240 3892 partes
1273 3825 1504 3879 istorum
1534 3839 1827 3895 regnorum
1865 3821 2123 3894 confuge.

536 3924 685 3979 runt,
715 3922 1020 3969 statuerunt
1045 3914 1290 3970 seniores
1319 3914 1513 3979 nostri,
1564 3923 1628 3968 ut
1671 3928 1705 3970 a
1756 3911 1903 3968 nullo
1928 3912 2004 3968 rei
2030 3927 2123 3982 pu-

538 4003 696 4059 blicte
715 4003 965 4059 ministro
995 4017 1392 4073 quamcumque
1414 4002 1725 4059 violentiam
1766 4002 1852 4058 vel
1890 4015 2121 4071 oppresa

539 4092 754 4146 sionem
808 4101 904 4148 aut
953 4093 1292 4151 exactionem
1337 4094 1650 4163 patiantur;
1699 4094 1796 4149 sed
1840 4092 2001 4147 liceat
2042 4089 2123 4146 eis

534 4183 867 4239 conductum
898 4198 1055 4237 suum
1082 4190 1328 4252 quaerere
1348 4194 1404 4239 et
1427 4184 1647 4250 habere,
1676 4185 1849 4240 donec
1898 4191 1992 4238 aut
2021 4181 2122 4251 ipsi

530 4273 773 4328 redeant
810 4274 877 4329 ad
920 4274 1046 4329 loca
1102 4290 1198 4329 sua
1221 4317 1236 4341 ,
1283 4285 1378 4331 aut
1403 4276 1648 4332 seniores
1679 4276 1892 4331 illorum
1924 4271 1995 4307 ⁸⁰δ
2028 4287 2124 4328 eos

2216 3196 2431 3263 debitis,
2461 3205 2517 3251 et
2541 3193 2780 3251 indebita
2809 3191 3006 3261 injuste
3027 3208 3130 3249 non
3155 3201 3415 3264 appetant
3435 3192 3505 3224 διδ

2320 3326 2476 3386 Istud
2510 3324 3171 3399 secrmnrm‘um—jurabunt
3199 3322 3402 3384 Franci
3424 3327 3676 3382 homines.

2286 3465 2399 3533 Ego
2421 3464 2511 3519 ille
2535 3462 2905 3526 adsalituram,
2936 3459 3064 3514 illud
3101 3459 3302 3514 malum
3344 3457 3489 3528 quod
3540 3456 3696 3512 scach
3722 3456 3782 3488 "'

2217 3560 2413 3608 vocant
2442 3552 2523 3608 vel
2546 3552 2817 3614 tesceiam,
2845 3565 2950 3606 non
2979 3548 3196 3613 faciam,
3232 3562 3333 3603 nec
3357 3555 3418 3602 ut
3446 3546 3583 3602 alius
3627 3545 3778 3599 faciat

2218 3642 2591 3706 consentiam;
2622 3639 2741 3694 etsi
2768 3650 2999 3709 sapuero
3024 3637 3115 3708 qni
3148 3637 3252 3692 hoc
3279 3636 3479 3701 faciat,
3511 3651 3616 3690 non
3645 3634 3781 3688 cela-

2219 3734 2291 3789 bo
2315 3752 2328 3786 :
2379 3741 2431 3786 et
2458 3745 2615 3800 quem
2642 3731 2755 3784 scio
2780 3729 2872 3798 qui
2916 3741 3060 3782 nunc
3080 3726 3219 3781 latro
3249 3726 3669 3781 autscachcator
3688 3730 3780 3783 est,

2220 3824 2565 3880 vobismissis
2591 3821 2874 3878 dominicis
2891 3836 2995 3876 non
3011 3819 3216 3884 celabo,
3231 3827 3291 3873 ut
3307 3834 3413 3874 non
3436 3815 3781 3873 manifestem.

2222 3915 2316 3971 Sic
2360 3929 2447 3969 me
2470 3912 2611 3968 Deus
2637 3911 2852 3981 adjuvet
2898 3920 2953 3967 et
2977 3911 3097 3966 ista:
3124 3910 3383 3981 reliquiae.

2422 4044 2576 4103 Istud
2598 4054 2981 4100 sacramentum
3001 4044 3259 4115 jurabttnt
3292 4043 3599 4097 centenarii.

2294 4178 2408 4247 Ego
2436 4175 2524 4230 ille
2544 4174 2894 4230 adsalituram
2919 4173 3022 4239 “',
3062 4173 3191 4227 illud
3230 4171 3434 4227 malum
3466 4170 3605 4241 quod
3633 4168 3787 4223 scach

2225 4268 2292 4302 δι”
2321 4277 2517 4323 vocant
2564 4265 2648 4321 vel
2677 4266 2965 4328 tesceiam,
2998 4280 3107 4320 non
3156 4264 3374 4327 faciam,
3425 4279 3529 4318 nec
3565 4271 3624 4315 ut
3658 4261 3790 4314 alius

538 4361 830 4431 recipiant.
861 4363 1048 4420 Nullus
1070 4365 1141 4397 m
1165 4374 1349 4421 autem
1374 4382 1470 4423 eos
1506 4366 1769 4422 inservire
1806 4374 2121 4435 praisumat,
2151 4371 2199 4431 ι)
2228 4359 2388 4413 faciat
2415 4357 2778 4421 consentiam;
2810 4363 2869 4411 et
2894 4355 2939 4410 si
2964 4369 3195 4424 sapuero
3219 4355 3312 4425 qui
3333 4354 3440 4408 hoc
3470 4352 3661 4415 faciat,
3689 4365 3791 4404 non

545 4467 612 4510 ea
647 4453 793 4523 quod
826 4454 946 4511 loco
970 4457 1292 4512 mercenarii
1319 4457 1461 4526 apud
1509 4457 1746 4526 aliquem
1802 4454 2121 4518 manserint,

545 4557 645 4603 nec
666 4554 1001 4600 censum-aut
1025 4547 1284 4602 tributum
1312 4548 1550 4617 exigere.
1585 4546 1740 4614 Quod
1765 4546 1812 4600 si
1841 4544 1911 4578 ⁸⁸⁸
1933 4543 2121 4598 inven-

540 4639 636 4688 tus
658 4631 817 4687 fuerit
843 4648 909 4687 ex
946 4635 1025 4690 rei
1055 4635 1278 4705 publica:
1323 4635 1590 4691 ministris
1628 4644 1723 4693 aut
1754 4633 1877 4693 aliis
1908 4630 1980 4664 ⁸⁸³⁷
2005 4632 2124 4701 qui.-

545 4721 783 4783 buslibct
808 4733 998 4779 contra
1026 4724 1131 4780 hoc
1164 4725 1387 4795 pietatis
1427 4733 1753 4794 prteceptum
1779 4738 1782 4742 λ
1806 4721 1987 4778 facere
2033 4729 2128 4777 aut

548 4810 742 4872 fecisse
760 4853 773 4875 ,
798 4813 1032 4867 bannum
1056 4815 1386 4870 dominicum
1410 4815 1609 4869 exinde
1631 4822 1937 4882 componat.

620 4903 706 4957 10.
744 4903 812 4960 Ut
834 4907 1086 4961 omnibus
1107 4908 1473 4970 denuntietur,
1514 4907 1749 4976 qualiter
1788 4904 1971 4961 cuncti
2015 4902 2130 4961 sint

546 5008 686 5016 -νν-ι-
710 4997 832 5014 ιιι-..
872 4997 929 5024 Ἰ..
964 5010 1355 5024 ..ι.,,.ν.Α...“η..Α
1411 4997 1786 5022 διαΑΑιδιιξίρίΑ-ει
1842 4997 2096 5020 ζιιι--ιῘ-ιΛιι

2226 4450 2414 4505 celabo
2441 4466 2456 4502 :
2493 4457 2549 4505 et
2568 4460 2728 4518 quem
2759 4448 2873 4501 scio
2900 4446 2992 4514 qui
3033 4460 3177 4501 nunc
3206 4444 3346 4499 latro
3367 4453 3464 4498 aut
3482 4444 3793 4498 scachcator

2226 4548 2328 4604 est,
2351 4539 2507 4594 vobis
2534 4538 2712 4592 missis
2732 4536 3019 4591 dominicis
3041 4551 3146 4590 non
3175 4534 3386 4599 celabo,
3415 4542 3603 4588 utnon
3630 4530 3793 4585 maui-

2226 4628 2440 4685 festem.
2468 4628 2538 4682 Et
2558 4628 2625 4683 de
2648 4626 2875 4682 Francis
2897 4625 3206 4682 hominibus
3230 4625 3283 4679 in
3316 4624 3423 4679 isto
3463 4625 3714 4679 cantitant
3742 4626 3794 4671 et

2228 4721 2283 4777 in
2313 4733 2433 4775 meo
2457 4717 2760 4774 ministerio
2786 4714 3255 4772 eommanentibus
3291 4713 3496 4768 nullum
3540 4709 3794 4771 recelabO,

2229 4818 2493 4879 quantum
2539 4806 2814 4862 recordari
2856 4815 3103 4875 potuero,
3151 4813 3211 4857 ιιι
3256 4818 3354 4874 per
3408 4802 3620 4858 brevem
3647 4798 3798 4851 vobis

2232 4898 2412 4957 tuiSsis
2442 4894 2728 4951 dominicis
2753 4909 2860 4948 non
2885 4892 3247 4949 manifestem.
3288 4891 3384 4947 Sic
3413 4908 3499 4947 tne
3544 4890 3678 4945 Deos
3708 4886 3799 4938 ad-

2783 4999 2858 5014 III‘I
