3960 6320
629 359 732 439 607

1322 374 1610 431 APPEND.
1656 370 1747 428 AD
1787 372 1957 429 ςίΕΟ.
2007 368 2170 426 X.—-
2205 369 2640 430 MONUMENTA
2673 370 3153 428 DIPLOMATICA.
3735 374 3808 431 608

629 495 953 553 feudiculu‘m
995 494 1063 548 ab
1110 507 1172 548 ea
1219 491 1448 546 caritate
1491 504 1767 559 separare,
1811 502 1915 557 qua
1952 486 2208 540 fraternis
2241 475 2287 534 Α
2317 485 2470 541 vobis
2509 483 2796 540 amabilius
2825 485 2961 549 erit;
3012 483 3086 539 ita
3133 490 3189 538 ut
3233 484 3491 540 veraciter
3519 491 3806 557 cognoscatis,

626 587 860 642 vinculis
907 585 1150 640 adstricti
1195 599 1405 639 sumus.
1449 581 1574 637 Sed
1626 581 1954 649 ubicumque
2001 579 2209 633 alterno

627 677 824 732 solatio
847 685 901 732 et
933 674 1200 743 adiutorio
1221 672 1629 744 indiguerimus,
1662 680 1924 741 quantum
1950 668 2208 724 Dominus

623 765 952 834 permiserit,
995 765 1048 818 in
1081 763 1311 818 invicem
1337 760 1642 832 supportari
1686 769 1742 814 et
1787 761 2082 816 sustentari
2110 775 2209 815 cu-

627 859 841 928 pimus,
885 865 1046 926 atque
1087 865 1279 911 contra
1330 845 1545 910 omnem
1599 862 1876 910 terrenum
1927 854 2206 910 inimicum

629 947 890 1002 auxilium
916 948 968 1002 iu
999 947 1320 1002 alterutrum
1347 944 1488 1002 ferre
1510 945 1780 1000 volumus.

693 1041 749 1095 2.
780 1039 837 1095 Si
858 1049 1038 1095 autem
1079 1041 1249 1096 isdem
1280 1037 1450 1094 frater
1503 1047 1725 1105 noster,
1774 1039 1915 1094 sicut
1958 1047 2207 1108 optamus

623 1140 678 1185 et
721 1131 769 1186 ei
799 1132 1137 1198 mandamus,
1167 1133 1270 1186 hoc
1309 1147 1469 1200 agere
1500 1131 1790 1196 distulerit,
1832 1148 1932 1188 nos
1975 1133 2049 1187 ita
2081 1148 2208 1187 con-

617 1220 790 1289 juncti
817 1238 1026 1288 sumus,
1074 1233 1132 1276 ut
1158 1238 1296 1277 unus
1330 1221 1485 1277 alteri
1531 1221 1638 1277 tale
1676 1222 1914 1292 prtebeat
1956 1221 2207 1276 solatium

622 1319 679 1365 et
714 1311 1067 1379 adiutorium,
1099 1321 1369 1381 quatenus
1398 1312 1724 1382 ubicumque
1769 1327 1992 1368 necesse
2023 1311 2207 1376 fuerit,

625 1402 821 1458 amodo
849 1411 906 1458 et
927 1403 1212 1472 deinceps,
1250 1403 1388 1458 sicut
1428 1402 1801 1472 praemisimus,
1841 1401 2210 1472 unusquisque

623 1507 848 1562 regnum
894 1492 996 1546 sibi
1049 1493 1308 1548 divinitus
1354 1493 1704 1548 commissum
1737 1493 1918 1562 quiete
1961 1492 2209 1547 obtinere

621 1581 816 1650 possit.
866 1581 932 1636 Et
978 1583 1020 1636 si
1065 1582 1260 1654 aliquis
1299 1584 1415 1654 pari
1461 1598 1558 1638 suo
1604 1593 1888 1660 superstes
1917 1582 2164 1638 extiterit
2191 1623 2206 1649 ,

624 1671 743 1739 ipse
786 1671 879 1742 qui
932 1673 1278 1739 remanserit,
1325 1682 1550 1745 nepotes
1579 1691 1705 1730 suos
1734 1690 1840 1729 una
1874 1690 1996 1730 cum
2041 1690 2208 1745 regno

624 1760 797 1831 patris
819 1761 918 1816 sub
962 1763 1187 1818 tuitione
1228 1773 1285 1818 et
1326 1764 1638 1820 defensioue
1670 1765 1900 1831 habeat;
1935 1773 2201 1820 utcontra

627 1849 1029 1915 adversantium
1079 1853 1508 1908 machinationes
1534 1894 1548 1917 ,
1603 1853 1901 1908 auxiliante
1942 1854 2091 1920 Deo,
2128 1855 2202 1909 ita
2237 1824 2281 1884 Β

625 1941 822 1997 muniti
855 1943 1109 2007 existant,
1137 1943 1370 2013 qualiter
1407 1945 1592 2014 quieto
1634 1945 1826 2001 ordine
1852 1959 2076 2017 regnum
2107 1962 2204 2016 pa-

628 2032 728 2088 tris
760 2033 1005 2090 obtinere
1032 2035 1268 2090 valeant.

695 2122 753 2176 5.
803 2122 1120 2178 Certissime
1165 2123 1330 2192 igitur
1372 2124 1713 2180 devotionem
1770 2135 2006 2182 vestram
2063 2127 2206 2183 scire

626 2213 896 2281 cupimus,
921 2213 1045 2282 quia
1077 2213 1343 2268 veraciter
1369 2230 1467 2268 nos
1493 2215 1935 2285 recognoscimus
1981 2216 2033 2271 in
2068 2215 2208 2270 mul-

624 2303 697 2358 tis
733 2303 898 2357 Deum
926 2302 1232 2368 offendisse,
1270 2305 1588 2375 animosque
1627 2317 1836 2362 vestros
1868 2307 2206 2378 negligenter

610 2391 966 2450 'molestasse.
995 2394 1127 2461 Quae
1156 2394 1409 2451 videlicet
1448 2404 1641 2451 cuneta
1671 2397 1769 2461 ita,
1803 2395 2015 2454 favente
2044 2397 2205 2453 Chri-

619 2495 707 2541 sto
735 2527 750 2551 ,
796 2501 897 2557 pro
948 2487 1155 2542 viribus
1204 2488 1494 2543 emendare
1548 2488 1656 2542 voti
1704 2489 2004 2554 habemus,
2052 2498 2110 2544 ut
2153 2502 2209 2546 et

607 2566 787 2633 Deum
819 2578 1034 2647 placare
1064 2585 1120 2634 et
1151 2586 1346 2634 vestra:
1375 2578 1648 2634 devotioni
1690 2579 2009 2636 satisfacere
2035 2582 2211 2650 possi-

616 2682 760 2722 mus.
789 2669 868 2724 De
910 2669 1106 2737 quibus
1145 2671 1396 2725 omnibus
1421 2669 1685 2725 certiores
1726 2685 1822 2724 vos
1854 2667 2081 2725 reddere
2107 2686 2200 2724 cu-

613 2760 879 2824 rabimus,
915 2775 1039 2814 eum
1084 2759 1348 2830 pluriores
1387 2761 1560 2817 nostri
1597 2759 1782 2816 fideles
1823 2760 2195 2824 convenerint,

610 2851 712 2906 ‘ant
735 2867 859 2907 cum
894 2852 1152 2923 praefatus
1183 2854 1350 2908 frater
1388 2863 1593 2918 uoster,
1618 2863 1678 2908 ut
1703 2854 1752 2909 ei
1797 2854 2198 2919 mandavimus,

615 2942 845 3011 venerit,
877 2943 922 3000 si
966 2951 1144 3000 tamen
1177 2945 1365 3002 venire
1405 2944 1660 3012 voluerit,
1695 2944 2200 3016 quomodocumque
2244 2987 2248 2991 .

2311 590 2726 646 promissionem
2752 585 2993 634 nostram
3017 575 3341 632 omnimodis
3361 576 3634 632 adtendere
3654 586 3698 632 et
3728 581 3806 651 ple-

2309 667 2533 724 nissime
2559 684 2656 724 nos
2694 669 2986 725 observare
3023 669 3179 724 velle.

2381 775 2439 832 4.
2469 777 2606 834 Illud
2637 788 2900 850 prmterea
2930 780 2982 834 in
3012 794 3299 836 commune
3343 789 3517 834 vestra
3545 789 3595 836 et
3625 783 3808 838 omnium

2310 870 2611 942 comperiat
2635 872 2875 933 solertia,
2898 873 3024 943 quia
3057 873 3178 928 ideo
3205 871 3356 927 vobis
3380 871 3431 926 in
3458 872 3554 927 hoc
3579 887 3710 927 sacro
3729 874 3810 928 lora

2309 961 2426 1018 haec
2442 961 2672 1018 sollicite
2691 962 3013 1018 denuntiare
3026 963 3312 1026 voluimus,
3327 971 3387 1016 ut
3403 963 3658 1022 noveritis.
3670 975 3810 1017 Cuncta

2309 1068 2429 1120 quae
2453 1052 2707 1120 dicimus,
2741 1053 2969 1108 Domino
3005 1053 3242 1117 favente,
3271 1054 3578 1120 sanctisque
3604 1051 3703 1116 eius
3735 1054 3811 1105 snt.

2310 1143 2648 1214 fragantibus
2683 1143 2733 1197 in
2764 1159 2994 1213 quorum
3028 1144 3316 1213 praesentia
3365 1142 3812 1206 denuntiantur,iu-

2309 1233 2634 1290 violabilitet'
2662 1234 3050 1290 observaturos
3084 1248 3182 1290 nos
3209 1248 3353 1290 esse.

2337 1368 2454 1424 [Ioc
2491 1379 2566 1425 est
2607 1379 2991 1425 sacramentum
3025 1369 3164 1441 quod
3203 1370 3272 1402 ⁸³⁸
3315 1378 3492 1423 mutuo
3523 1369 3794 1438 jurarentat.

2378 1483 2461 1539 Ab
2479 1485 2740 1541 hodierna
2761 1483 2849 1539 die
2872 1491 2928 1538 et
2957 1483 3235 1554 deinceps,
3263 1483 3307 1537 si
3340 1481 3665 1537 llludowicus
3697 1480 3817 1535 frater

2309 1581 2494 1629 noster
2525 1573 2652 1627 illud
2680 1580 3082 1628 sacramentum
3127 1572 3270 1641 quod
3295 1579 3484 1626 contra
3525 1585 3614 1624 nos
3635 1570 3814 1639 iuratum

2309 1665 2505 1729 habet,
2545 1662 2827 1733 infregerit
2849 1662 2931 1716 vel
2955 1661 3223 1732 infringit,
3251 1670 3342 1715 aut
3370 1661 3464 1715 filii
3492 1659 3600 1730 eius
3622 1660 3678 1713 ad
3702 1658 3815 1713 talem

2308 1765 2519 1826 partem
2573 1754 2722 1826 regni
2777 1769 2939 1825 quam
2980 1762 3038 1808 tu
3083 1753 3154 1785 ⁸³³
3198 1761 3393 1808 contra
3443 1765 3561 1806 eum
3603 1757 3818 1819 acceptam

2310 1847 2495 1912 habes,
2524 1847 2576 1900 in
2607 1854 2868 1915 quantum
2899 1844 3157 1898 Dominus
3184 1856 3342 1912 posse
3366 1839 3590 1903 dederit,
3614 1847 3661 1892 et
3683 1847 3816 1892 contra

2311 1939 2487 2010 ipsum
2523 1945 2580 1992 et
2610 1944 2801 1991 contra
2837 1934 2974 1989 filios
3003 1931 3143 2003 ejus,
3176 1947 3240 1987 ac
3268 1945 3464 1986 omnes
3498 1931 3584 1999 qui
3627 1944 3724 1983 eam
3753 1928 3817 1980 tibi

2311 2030 2530 2085 auferre
2562 2027 2835 2084 voluerint
2864 2026 3068 2096 absque
3092 2025 3233 2095 iusta
3267 2035 3323 2080 et
3379 2022 3669 2077 rationabili
3708 2033 3819 2073 occa-

2311 2125 2482 2190 sione,
2520 2123 2564 2179 si
2601 2133 2655 2177 tu
2709 2120 3023 2190 expctieris,
3060 2116 3392 2188 adiutorium
3427 2116 3517 2170 tibi
3562 2111 3820 2168 defensionis

2311 2215 2605 2287 praestabo.
2638 2213 2694 2268 Si
2726 2221 2907 2268 autem
2956 2225 3059 2283 ego
3109 2220 3160 2265 te
3201 2208 3572 2278 supervixero,
3598 2204 3707 2259 filiis
3748 2202 3819 2255 tuis

2313 2307 2474 2362 talem
2519 2313 2727 2377 partem
2760 2303 2914 2374 regni
2959 2317 3121 2372 quam
3155 2309 3208 2355 tu
3240 2307 3434 2354 contra
3485 2311 3567 2351 me
3605 2302 3653 2350 et
3691 2307 3818 2349 meum

2314 2397 2539 2452 fratrem
2583 2403 2863 2464 acceptam
2893 2392 3082 2454 habes,
3116 2406 3222 2446 non
3250 2389 3517 2452 auferam,
3541 2387 3626 2441 sed
3653 2397 3821 2438 consen-

2313 2491 2467 2544 tiam.
2502 2488 2568 2542 Et
2593 2489 2637 2542 si
2661 2488 2762 2558 ipsi
2805 2486 2891 2541 vel
2938 2482 3124 2541 fideles
3160 2483 3378 2539 illorum
3420 2477 3715 2549 expetierint
3754 2474 3819 2527 de-

2315 2581 2575 2636 fensionis
2614 2578 2942 2648 adiutorium
2978 2583 3168 2632 contra
3196 2574 3374 2644 ipsum
3402 2571 3616 2626 fratrem
3640 2573 3820 2620 nostrum

2311 2683 2367 2728 et
2413 2673 2553 2727 filios
2594 2672 2733 2742 eius,
2777 2685 2842 2726 ac
2879 2683 3099 2734 omnes,
3144 2676 3208 2721 ut
3253 2679 3380 2720 eam
3437 2672 3614 2718 tenere
3651 2655 3818 2727 possint.

2305 2763 2626 2830 adiutorium
2676 2761 2728 2816 in
2775 2767 3036 2828 quantum
3076 2763 3263 2827 potero
3291 2753 3364 2786 ⁸⁸⁵
3402 2750 3677 2824 praestabo.
3714 2744 3748 2796 si
3784 2751 3821 2792 tu

2304 2861 2399 2908 aut
2425 2852 2520 2907 lilii
2547 2852 2622 2906 tui
2648 2849 2877 2920 idipsum
2905 2846 3232 2916 adiutorium
3255 2843 3390 2899 mihi
3418 2832 3771 2914 praestavcritis,
3785 2837 3821 2882 et

2304 2959 2334 3000 a
2360 2943 2514 2998 nobis
2543 2957 2639 2998 vos
2669 2957 2775 2998 non
2805 2936 3249 2994 dissociaveritis.
3754 2955 3756 2958 ν

1570 3095 1824 3152 KAROLI
1865 3096 1906 3152 ll
1943 3095 2359 3154 CONVENTUS
2396 3093 2936 3152 ATTINIACENSIS.

2024 3253 2148 3321 (An.
2177 3254 2297 3311 854.
2328 3251 2479 3324 Jun.)

689 3403 960 3459 Sirmoudi
989 3403 1299 3476 Baluziique
1316 3404 1592 3476 editiones
1623 3420 1724 3476 0pc
1745 3405 1948 3461 codicis
1972 3407 2028 3476 2)
2059 3405 2192 3461 bibl.
2221 3421 2334 3476 reg.
2376 3404 2546 3460 Paris.
2576 3420 2630 3459 ιι.
2662 3402 2805 3476 74638
2836 3399 3265 3476 recognovimus,
3294 3399 3442 3454 unde
3488 3405 3542 3453 ct
3589 3387 3821 3449 PctrusPi-

619 3475 802 3532 thaeus
831 3469 1230 3530 sacramentum
1259 3475 1535 3532 tidelitatis
1562 3476 1614 3530 in
1643 3469 2322 3548 Scriptoribus'cozetaneis
2350 3493 2426 3533 xu
2453 3491 2597 3532 anno
2622 3474 2759 3531 1588
2783 3469 2993 3545 primus
3019 3469 3282 3526 ediderat.

618 3650 750 3707 Han:
788 3652 1114 3725 memorialia
1151 3653 1383 3725 capitula
1417 3669 1536 3724 quae
1567 3663 1876 3723 sequuntur,
1911 3654 2053 3708 dedit
2081 3654 2208 3708 mis-
2234 3662 2281 3725 (ζ
2320 3656 2332 3666 ⁷
2381 3654 2434 3709 6.
2477 3655 2551 3710 De
2580 3652 2803 3708 advenis
2835 3665 2972 3723 quos
3001 3625 3243 3722 afﬂigunt
3270 3648 3507 3704 ministri
3534 3647 3604 3702 rei
3630 3643 3821 3716 publica.

685 3725 758 3777 sia
795 3724 906 3777 suis
944 3724 1167 3778 domnus
1197 3723 1435 3778 Karolus
1463 3739 1602 3778 anno
1641 3725 1927 3779 Dominicis
1959 3727 2210 3779 incarna-

685 3795 844 3848 tionis
873 3793 1084 3865 854,_in
1135 3810 1307 3848 mense
1342 3792 1531 3865 iunio,
1563 3795 1942 3865 quandoapud
1972 3796 2205 3865 Attiuia-

609 3933 612 3935 Α
685 3880 804 3917 cum
844 3880 962 3917 cum
999 3863 1167 3935 fratre
1209 3880 1306 3917 suo
1336 3863 1614 3935 Hlothario
1640 3865 1741 3933 fuit
1771 3863 1999 3929 locutus,
2031 3875 2084 3917 ut
2113 3863 2208 3918 illa

689 3935 1068 4005 unusquisque,
1098 3933 1288 3987 missus
1330 3934 1386 3987 in
1432 3951 1528 3987 suo
1560 3935 1823 3988 miaaatico
1858 3950 1951 4004 per
1990 3950 2206 4005 regnum

684 4002 1072 4072 illius'eazaequr'
1099 4012 1362 4073 procuret.

688 4113 743 4167 1.
787 4113 865 4169 De
895 4114 1075 4169 missis
1104 4129 1202 4183 pro
1237 4113 1560 4180 latronibus,
1587 4113 1795 4169 scilicet
1841 4122 1902 4168 ut
1936 4114 2205 4169 addantur

619 4211 676 4258 et
703 4203 1054 4272 suppleantur
1092 4203 1381 4273 missi,qui
1419 4202 1504 4256 illa
1544 4211 1828 4274 peragant,
1869 4217 1991 4272 qua:
2036 4203 2088 4256 in
2123 4217 2206 4256 ca-

616 4291 802 4362 pitulis
845 4291 1196 4346 continentur
1237 4306 1358 4361 quae
1401 4291 1471 4324 ⁸³⁸
1499 4307 1663 4362 supra
1709 4294 1762 4347 iu
1796 4292 2010 4348 Silvaco
2055 4291 2203 4346 illum

619 4382 854 4437 edidisse
883 4381 1332 4452 przescripsimus.

686 4471 742 4525 2.
781 4471 857 4526 De
883 4471 1154 4526 maritima
1185 4471 1432 4527 custodia
1453 4512 1468 4538 ,
1497 4481 1557 4526 ut
1584 4476 1878 4528 secundum
1909 4482 2206 4530 consuetu-

617 4562 798 4619 dinem
832 4563 1117 4635 vigilautcr
1151 4564 1545 4635 disponeretur.
1846 4615 1856 4624 .

685 4655 740 4709 3.
781 4654 856 4710 De
886 4655 986 4709 viis
1036 4670 1133 4724 per
1179 4671 1391 4724 aquas,
1448 4656 1697 4712 videlicet
1743 4665 1799 4712 ut
1850 4657 1940 4712 ubi
1995 4659 2206 4713 noviter

611 4744 811 4800 clausa:
839 4753 993 4801 erant
1017 4787 1032 4814 ,
1068 4747 1431 4816 aperirentur,
1469 4749 1609 4804 sicut
1648 4749 1946 4820 antiquitus
1987 4749 2207 4806 fuerunt

611 4845 830 4908 apertae.

683 4929 737 4984 4.
779 4930 856 4988 De
891 4931 1146 5000 pontibus
1187 4933 1595 4998 restaurandis,
1636 4933 1888 4988 videlicet
1917 4943 1976 4989 ut
2009 4949 2205 4990 secun-

596 5015 738 5076 dum
785 5022 1106 5093 capitularia
1153 5023 1238 5077 avi
1287 5032 1341 5079 et
1383 5025 1556 5094 patris
1597 5025 1714 5088 sui,
1765 5026 1853 5081 ubi
1902 5027 2200 5095 antiquitus
2229 5024 2279 5083 D

609 5109 861 5176 fuerunt,
896 5111 1209 5166 reficiantur
1236 5114 1304 5165 ab
1334 5111 1418 5166 his
1449 5111 1540 5181 qui
1582 5113 1815 5169 honores
1853 5113 1974 5168 illos
2004 5113 2074 5146 ⁸³⁸
2111 5122 2197 5170 te-

609 5213 742 5259 uent
769 5205 837 5261 de
867 5205 1062 5276 quibus
1089 5215 1216 5260 ante
1251 5213 1444 5276 pontes
1481 5205 1611 5262 facti
1643 5207 1724 5262 vel
1759 5208 2048 5264 restaurati
2087 5207 2201 5264 fuc-

609 5305 758 5352 runt.

633 5427 641 5430 ..
678 5385 754 5440 5.‘
779 5386 855 5441 De
881 5387 1112 5443 navibus
1135 5403 1258 5458 qua:
1285 5389 1491 5444 vadunt
1520 5389 1622 5445 sub
1649 5390 1922 5461 pontibus,
1954 5389 2202 5447 videlicet

607 5491 667 5536 ut
704 5481 831 5539 inde
861 5482 1131 5539 tcloneum
1159 5499 1265 5541 non
1290 5482 1561 5555 exigatur.

2310 3745 2516 3802 scilicet
2546 3753 2604 3799 ut
2633 3744 2724 3814 qui
2758 3745 2828 3799 ab
2861 3742 2964 3797 illis
2991 3757 3128 3812 quos
3160 3739 3482 3794 Nortmanni
3515 3738 3592 3792 vel
3620 3737 3821 3790 Brittones

2310 3836 2653 3902 adﬂixerunt,
2683 3844 2739 3891 et
2769 3834 2890 3890 ideo
2916 3831 3274 3888 mendicando
3303 3831 3358 3885 in
3387 3829 3526 3885 istud
3558 3838 3744 3897 regnum
3763 3832 3822 3869 vc-

2309 3935 2503 3981 nerunt
2528 3967 2544 3991 ,
2584 3925 2669 3981 vel
2702 3925 2794 3996 qui
2842 3932 3066 3995 prepter
3108 3921 3474 3977 adﬂictionem
3521 3912 3820 3987 Aquitaniram

2309 4019 2415 4074 huc
2442 4025 2741 4084 venerunt,
2783 4031 3006 4073 censum
3051 4014 3139 4069 vel
3179 4013 3528 4083 operationes
3561 4008 3819 4077 exegerunt.

2307 4115 2412 4170 hoc
2445 4129 2567 4168 cum
2612 4127 2708 4167 sua
2744 4112 2862 4180 lege
2898 4109 3002 4164 illis
3042 4106 3356 4164 emendent.
3391 4105 3459 4160 Et
3504 4101 3590 4173 qui
3633 4097 3820 4157 deinceps

2308 4206 2410 4260 hoc
2449 4205 2627 4259 facere
2665 4201 3107 4273 praesumpserit,
3148 4197 3311 4252 simul
3352 4210 3477 4251 cum
3519 4184 3820 4249 emendatione

2307 4297 2635 4353 dominicum
2668 4297 2906 4350 bannum
2936 4298 3245 4361 componat.

2377 4409 2430 4463 7.
2473 4407 2549 4461 De
2581 4404 2883 4460 latronibus
2916 4401 3008 4474 qui
3043 4416 3185 4456 nunc
3224 4397 3357 4452 nihil
3393 4395 3517 4452 mali
3560 4391 3758 4448 faciunt,
3786 4389 3820 4434 et

2305 4500 2447 4572 quod
2475 4497 2682 4567 iamdiu
2714 4494 2961 4551 fecerunt
2987 4491 3332 4547 emendatum
3369 4489 3600 4548 habent,
3625 4490 3673 4536 et
3697 4474 3819 4572 nullus

2306 4563 2665 4657 modo'super
2708 4601 2803 4641 eos
2845 4583 3084 4648 clamat,
3135 4579 3386 4636 videlicet
3428 4585 3484 4633 ut
3527 4579 3718 4646 propter
3749 4563 3819 4616 hoc

2305 4681 2468 4738 modo
2497 4696 2603 4736 non
2632 4679 2945 4751 puniantur.

2375 4795 2429 4850 8.
2472 4793 2547 4848 De
2583 4792 2891 4848 hominibus
2936 4789 3026 4860 qui
3066 4788 3122 4842 in
3169 4800 3348 4842 uanno
3385 4793 3441 4840 et
3481 4783 3532 4838 in
3574 4765 3817 4848 pmnitontia

2306 4885 2458 4941 missi
2505 4891 2661 4949 sunt,
2700 4891 2756 4938 et
2799 4881 2953 4951 peius
2989 4893 3204 4949 semper
3251 4876 3486 4941 faciunt,
3517 4872 3700 4930 scilicet
3730 4869 3773 4916 ut
3797 4870 3817 4907 ³

2308 4977 2488 5031 missis
2517 4975 2800 5044 capiantur
2828 4980 2884 5026 et
2912 4971 3372 5040 constringantur.
3481 4980 3485 4984 '

2377 5087 2431 5143 9.
2474 5086 2549 5140 De
2597 5084 2830 5140 monetis
2894 5092 2950 5139 et
2998 5081 3232 5138 falsariis
3274 5080 3443 5136 fabris
3470 5121 3484 5146 ,
3535 5071 3748 5131 videlicet
3779 5068 3816 5113 ιιι

2307 5178 2591 5249 diligenter
2617 5177 2959 5247 inquirantur
2981 5183 3036 5229 et
3061 5173 3435 5228 emendentur.

2380 5290 2465 5345 10.
2510 5290 2586 5344 De
2621 5287 2784 5343 rebus
2813 5285 3163 5342 ecclesiarum
3209 5284 3262 5339 in
3297 5282 3503 5338 alodem
3541 5276 3679 5338 datis,
3704 5265 3810 5361 vide

2307 5385 2434 5439 licet
2461 5392 2518 5440 ut
2542 5398 2573 5437 a
2601 5383 2780 5438 missis
2807 5381 3172 5452 inquirantur,
3200 5386 3256 5432 et
3276 5373 3651 5432 describantur,
3671 5371 3714 5418 ct
3733 5369 3812 5422 κει

2305 5478 2648 5535 renuntietur
2677 5477 2767 5530 “7.

1913 5594 2146 5650 VARI/E
2188 5591 2594 5650 LECTIONES.

662 5705 748 5764 ,"I
777 5720 828 5772 q.
857 5706 956 5759 sibi
983 5715 1090 5762 tres
1121 5706 1320 5761 fratres
1353 5706 1660 5760 francorum
1704 5723 1856 5775 rcges
1889 5723 1958 5762 ut.
1998 5707 2028 5758 ἰ.
2058 5705 2109 5760 ﬂ.

609 5774 677 5808 δ”
714 5775 787 5829 ita
814 5775 866 5829 2.
897 5779 1276 5832 ι·ριιιι;.ςίειιιιιι
1315 5778 1374 5832 S.
1406 5774 1788 5833 denuntientur
1817 5777 1883 5833 Β.

2222 5706 2291 5740 δ”
2323 5715 2408 5760 tua
2439 5703 2492 5758 2.

3532 5690 3594 5726 ⁸³⁸
3631 5687 3744 5740 deest
3772 5673 3807 5726 ἳ-

2595 5703 2658 5736 ‘”
2693 5713 2918 5774 potuero
2957 5705 3010 5757 ‘2.
3129 5701 3196 5734 ⁸³⁸
3227 5715 3356 5771 quas
3384 5697 3436 5754 2.
