3960 6320
129 415 213 471 609
1135 413 1562 468 FliANCORUM
1601 413 1840 469 REGIS.“
1879 412 2359 469 CAPITULARIA.

3253 417 3362 479 MO

185 527 260 581 ﬂ.
300 523 371 580 De
398 522 735 579 monasjeﬁis
760 521 1162 578 circumeundis
1185 563 1201 589 .
1234 523 1284 578 id
1313 533 1417 588 est.
1447 533 1504 577 ,η
1531 525 1672 577 sic,"
1703 509 1745 566 Α
1847 501 2174 557 Tendacrns.
2202 503 2505 558 Amalricus
2531 502 2619 558 “°.
2653 503 2966 560 liotboldus.
2993 505 3356 566 Amalbertus.

126 617 398 673 ordinatum
430 615 555 680 fuit,
579 617 651 670 ita
683 617 828 671 missi
855 616 1077 684 exsequi
1109 625 1422 686 procurent.

184 709 260 763 l2.
300 707 370 763 De
407 707 710 762 hominibus
747 707 838 778 qui
881 708 1074 762 iterum
1118 723 1146 762 a
1189 723 1326 760 novo
1371 717 1553 778 raptos
1597 707 1673 761 fa-

126 801 271 864 ciunt,
296 807 403 852 ut~a
433 798 611 852 missis
635 798 1178 866 comprehendantur,
1211 806 1265 851 et
1291 798 1670 868 constringan-

127 902 216 953 tur,
243 897 294 944 et
316 889 379 944 ad
410 888 554 958 regis
580 887 650 920 ⁸⁸⁸
681 888 1022 959 praesentiam
1053 888 1407 943 deducantur.

181 979 258 1034 l5.
295 980 366 1034 De
408 979 663 1034 ﬁdelitate
704 994 815 1049 regi
844 979 1227 1048 promittenda,
1262 979 1313 1033 id
1342 988 1444 1043 est,
1485 993 1672 1034 omnes

123 1087 202 1142 per
225 1085 437 1138 regnum
467 1070 609 1125 illius
649 1069 841 1125 Franci
886 1070 1198 1124 ﬁdelitatem
1227 1070 1300 1124 illi
1332 1070 1666 1140 promittant.

124 1165 177 1219 Et
197 1166 276 1235 qui
304 1164 483 1218 dicunt
507 1179 568 1219 se
594 1165 738 1218 illam
770 1164 1106 1234 promisisse,
1135 1172 1228 1217 aut
1253 1164 1414 1218 certis
1441 1163 1670 1218 testibus

122 1253 204 1311 hoc
237 1255 559 1324 adprobent.
603 1263 692 1308 aut
737 1253 921 1323 jnrent
964 1269 1024 1309 se
1063 1253 1206 1307 illam
1257 1262 1382 1308 ante
1417 1254 1666 1322 jnrasse,

123 1356 196 1401 aut
220 1347 351 1401 illam
388 1349 560 1418 ipsam
592 1347 904 1402 ﬁdelitatem
936 1346 1269 1418 promittant.

299 1438 695 1493 Sacrantentnm
728 1449 901 1492 autem
930 1438 1200 1506 ﬁde/italis
1229 1437 1332 1491 tale
1360 1446 1454 1491 est.

175 1529 271 1599 Ego
297 1529 379 1584 ille
411 1528 610 1584 Karolo
637 1529 930 1584 llludowici
961 1537 1014 1584 et
1037 1527 1293 1583 Judithne
1322 1526 1432 1582 ﬁlio
1472 1528 1539 1582 ab
1565 1527 1667 1583 ista

123 1623 189 1678 die
215 1622 381 1676 iuaute
408 1622 584 1677 ﬁdelis
607 1637 702 1677 ero
729 1622 1022 1677 secundum
1052 1637 1228 1676 meum
1259 1620 1496 1675 savirum
1529 1620 1667 1689 (96),

125 1714 236 1767 sicut
259 1711 492 1767 Francus
520 1713 682 1768 homo
708 1728 806 1783 per
832 1722 1035 1766 rectum
1062 1727 1182 1766 esse
1220 1713 1380 1767 debet
1405 1727 1502 1766 suo
1531 1711 1664 1782 regi.

123 1800 194 1854 Sic
217 1815 293 1856 me
323 1801 462 1857 Deus
483 1801 705 1872 adjuvet
729 1811 784 1857 et
811 1803 927 1858 ista:
951 1803 1209 1872 reliquim.

1774 593 1942 647 Dodo.
1994 592 2306 663 \Vigboldus
2352 594 2439 646 “‘.
2493 592 2757 648 Berull‘us.
2816 595 2988 650 “'ala.
3038 596 3223 653 Hecilo
3265 599 3356 655 "".

1738 682 2108 739 ’lleirbcrtns.
2168 684 2446 739 Airardus.
2499 683 2818 739 Gollaudus.
2883 685 3171 756 llilpricus.
3217 690 3358 745 Ger-

1771 772 1960 840 lcgins.
2013 773 2338 843 Atnalgisns.
2396 773 2579 828 lleico.
2646 774 2950 830 Amalricus
2983 814 2998 840 ,
3056 777 3232 848 major
3295 779 3360 836 de

1771 863 1997 918 Duxido.

1843 975 1932 1029 lsti
1956 975 2276 1045 juraverunt
2311 977 2646 1034 ﬁdelitatem.

1839 1087 2231 1143 Goderamnus.
2279 1090 2486 1145 Dodilo.
2530 1091 2861 1160 Sigehertus.
2915 1090 3215 1146 Fidentius.
3257 1091 3358 1147 Er-

1769 1179 2058 1235 menull‘us.
2097 1181 2519 1252 Tcutgritniuns.
2550 1183 2882 1237 Wicboldns.
2923 1185 3356 1254 Ermengaudns.

1770 1268 2128 1324 Rotmundus.
2159 1269 2439 1326 Gislnlfus.
2474 1271 2814 1328 liaimiricns.
2848 1273 3196 1328 Teutbaldus.
3225 1272 3361 1328 Dro-

1769 1378 1854 1432 go.
1885 1363 2233 1419 Teodericus.
2276 1365 2565 1420 Ebrninus.
2599 1366 2892 1420 Rodoinus.
2930 1367 3187 1422 Gisliuus.
3221 1365 3348 1421 Vul-

1770 1451 1959 1507 lridus.
1997 1452 2334 1510 l-laiuniiuus.
2377 1455 2822 1511 Wandrehertus.
2863 1455 3200 1512 Berecarius.
3245 1458 3358 1511 An;

1769 1544 1995 1613 gelinns.
2039 1545 2175 1599 Ado.
2215 1546 2541 1601 Meinardns.
2588 1547 2878 1612 Ottradus,
2913 1548 3170 1602 decanus.
3213 1546 3362 1602 Gru-

1770 1638 1998 1702 tberlus,
2019 1639 2274 1692 decanus.
2301 1639 2676 1703 lleruwincus,
2701 1640 2960 1695 decauns.
2981 1640 3160 1694 Ozias.
3185 1638 3357 1694 Ailus.

1769 1726 2094 1782 Teudaldus.
2123 1728 2447 1795 Teodoldns,
2476 1731 2730 1783 dccaims.
2759 1729 3056 1784 Bertricns.
3091 1729 3357 1782 Rolhans.

1768 1819 2102 1889 Ingobertus.
2128 1820 2431 1885 Amblinns,
2456 1822 2711 1876 decanus.
2733 1821 3072 1885 Gozselmus.
3095 1823 3354 1875 dccanus.

123 1914 241 1965 Anno
273 1915 646 1969 incarnationis
684 1914 896 1969 Domini
925 1915 1058 1978 854,
1094 1931 1125 1969 v
1170 1913 1354 1969 Νοηαε
1391 1913 1565 1968 Julius
1597 1915 1664 1949 m
1698 1888 1740 1948 Β
1771 1888 2064 1965 Vtill'arins.
2097 1911 2384 1968 Flodovius
2423 1912 2512 1965 ⁸⁵⁸.
2544 1912 2920 1982 Anglebertus.
2963 1909 3355 1966 Emmeunll‘us.

174 1983 217 2056 in
236 1983 388 2056 ntnllo
425 1983 602 2056 Remis
631 1985 718 2039 isti
745 1986 1089 2054 juraverunt,
1119 1989 1256 2056 quod
1291 1985 1529 2054 juratant
1565 1986 1664 2040 Ita-

176 2052 373 2107 buissent
411 2055 722 2122 ﬁdelitatem

165 2141 248 2211 lsti
265 2142 584 2214 juraverunt
613 2147 934 2219 antiquitus.

1773 2000 2082 2068 Sicbertns,
2113 2003 2366 2058 decanus.
2402 2002 2592 2058 llecto.
2633 2003 2799 2058 Isaac.
2837 2003 3140 2058 Gislardus.
3187 1999 3361 2055 Alari-

1771 2105 1886 2146 cus.
1925 2088 2218 2146 Gerardus.
2264 2091 2675 2162 Madergaudus,
2713 2092 2970 2147 decanus.
3341 2105 3344 2108 ‘

750 2371 1144 2432 llLUDOWlCl
1184 2374 1224 2429 ll
1263 2373 1728 2433 IMPERATORIS
1765 2375 2180 2434 CONVENTUS
2209 2375 2591 2434 TlCINENSlS
2619 2375 2682 2430 ll.

1427 2534 1553 2606 (An.
1577 2535 1701 2590 855.
1736 2535 1896 2591 Febr.
1924 2537 2003 2606 4.)

181 2693 387 2765 Capitula
416 2697 484 2751 ab
520 2696 855 2766 imperatore
879 2693 1148 2766 episcopis
1169 2695 1468 2766 proposita.
1495 2694 1875 2766 episcoporum
1898 2695 1966 2749 de
1994 2694 2060 2750 iis
2086 2693 2456 2764 Rescriptum,
2487 2706 2541 2750 et
2569 2696 2738 2765 Leges
2769 2702 2955 2766 postea
2989 2691 3351 2766 promulgasse

125 2764 312 2835 primum
339 2783 367 2819 a
401 2764 696 2823 Laurentio
721 2767 884 2821 Snrio
910 2764 1055 2820 anno
1087 2765 1220 2819 l567
1254 2775 1400 2821 torno
1420 2765 1786 2835 Conciliprum
1814 2764 1901 2828 lll,
1933 2781 2055 2835 pag.
2085 2767 2340 2829 480-585,
2368 2767 2616 2835 Capitula
2659 2764 2958 2820 inusserunt
2989 2764 3090 2819 una
3125 2764 3246 2820 cum
3276 2767 3360 2820 le-

127 2833 248 2907 gibus
271 2853 296 2891 a
321 2836 616 2891 Muralorio
642 2838 921 2907 exreodice
944 2835 1231 2907 Mutinensi
1261 2836 1405 2889 edita
1435 2844 1580 2890 sunt.
1605 2833 2232 2907 Editio__nostra'nititur
2259 2845 2372 2889 tum
2417 2833 2698 2892 cedieibus
2725 2837 2776 2907 l)
2808 2835 3276 2904 Blankeuburgico
3301 2842 3358 2889 et

124 2901 420 2986 ῆςξοψειιψΞ
451 2909 653 2986 5)}qu
684 2906 970 2986 Diutineusi
1001 2904 1530 2986 apudhlfluratorium
1561 2914 1616 2959 et
1637 2904 1691 2973 4)
1727 2904 1964 2986 editione
1997 2905 2258 2986 principe.

176 2973 385 3044 Capitula
409 2979 460 3032 in
487 2973 616 3032 line
636 2978 810 3046 posita
841 2978 893 3031 iu
920 2973 1108 3030 codiee
1137 2974 1624 3048 Blankenburgieo,
1652 2975 1794 3048 unde
1816 2975 1908 3048 hic
1927 2973 2261 3048 prima‘vice
2287 2976 2574 3044 prodeunt,
2615 2989 2738 3048 post
2774 2977 3096 3046 rescriptum
3133 2973 3358 3045 episco-

127 3043 274 3109 porum
307 3047 594 3112 habentur,
628 3043 682 3104 et
709 3048 776 3102 ad
800 3055 1000 3104 statuta
1027 3055 1328 3101 conventus
1361 3043 1504 3101 anno
1524 3043 1631 3100 850
1658 3045 1830 3100 habiti
1856 3043 2048 3100 referri
2083 3043 2356 3102 videntur.

127 3216 320 3302 Capitula
363 3224 475 3304 _(97)
504 3240 648 3304 ,φηςιν
695 3223 952 3304 gloriosus
997 3223 1309 3304 imperator.
1333 3220 1671 3304 illudowicus
1699 3206 1744 3268 C
1775 3220 1912 3276 catis
1937 3263 1951 3287 ,
1991 3221 2131 3283 sicut
2160 3223 2336 3278 estde
2372 3224 2662 3280 comitibus
2684 3233 2738 3280 et
2766 3239 2952 3281 eorum
2985 3223 3280 3288 ministris,
3312 3221 3361 3278 si

176 3293 266 3373 suis
299 3293 550 3365 episcopis
587 3294 651 3349 de
689 3302 831 3349 statu
863 3294 946 3348 sui
985 3294 1127 3364 regni
1164 3293 1498 3348 considerare
1531 3308 1666 3362 prte-

178 3374 304 3430 cepit.

180 3473 239 3530 De
262 3492 505 3534 conversa
517 3478 664 3533 tione
694 3478 1067 3548 episcoporum
1089 3517 1102 3539 ,
1143 3477 1582 3547 presbyterorum
1611 3483 1668 3530 et

127 3575 377 3623 ceterorum
416 3569 776 3636 clericorum;
813 3570 878 3624 de
913 3567 1157 3624 doctrina
1187 3577 1243 3621 et
1285 3566 1667 3637 praedicatione

130 3651 168 3704 in
191 3658 388 3726 populo;
419 3661 485 3717 de
531 3661 933 3731 conscriptione
969 3659 1262 3724 librorum;
1290 3657 1357 3712 de
1393 3666 1670 3712 restaura-

131 3740 240 3798 tione
268 3748 625 3816 melesiarum;
663 3751 730 3806 de
757 3749 1098 3806 ordinatione
1140 3749 1373 3819 plebium
1413 3757 1468 3802 et
1501 3761 1668 3802 xeno-

130 3829 429 3907 dochiorum;
469 3842 544 3897 de
574 3842 914 3896 monasteriis
942 3842 1181 3895 virorum
1215 3855 1308 3896 seu
1341 3838 1667 3894 feminarum

131 3936 219 3988 qua
239 3933 521 3987 secundum
555 3932 789 4004 regulam
817 3933 991 3988 sancti
1021 3933 1322 3997 Benedicti,
1348 3931 1430 3986 vel
1454 3947 1518 3986 ea
1549 3945 1668 4000 qua:

132 4018 372 4075 secundum
400 4021 724 4077 canonicam
749 4023 1125 4077 auctoritatem
1149 4021 1405 4092 disposita
1426 4035 1548 4076 esse
1574 4020 1661 4074 de-

131 4101 252 4171 bent;
278 4111 530 4183 quicquid
568 4112 620 4166 in
649 4113 890 4182 pnefatis
922 4113 1202 4168 ordinibus
1239 4122 1395 4168 extra
1419 4112 1666 4168 ordinem

133 4202 219 4262 εει,
250 4207 332 4253 aut
366 4217 460 4273 per
503 4203 896 4274 neglegentiam
937 4203 1348 4274 prtepositorum
1375 4243 1388 4267 ,
1438 4211 1532 4257 aut
1573 4217 1670 4273 per

133 4281 343 4343 desidiam
387 4291 759 4356 subditorum,
810 4293 1158 4348 vehementer
1200 4293 1356 4364 cupio
1395 4293 1538 4349 scire
1562 4333 1575 4356 ,
1615 4302 1667 4350 et

133 4380 374 4436 secundum
400 4383 496 4438 Dei
531 4383 862 4439 voluntatem
894 4392 1242 4454 vestrumque
1269 4393 1514 4438 sanctum
1540 4400 1669 4438 coa-

134 4465 274 4524 silium
304 4473 375 4530 sic
415 4476 706 4530 emendare
736 4476 1021 4540 desidero,
1061 4483 1119 4527 ut
1155 4475 1209 4529 in
1249 4483 1537 4545 conspectu
1575 4472 1667 4527 Dei

1763 3312 2006 3386 justitias
2036 3312 2352 3384 neglegunt,
2385 3323 2478 3367 aut
2509 3315 2653 3384 ipsas
2695 3317 2968 3379 vendunt;
3012 3315 3056 3369 si
3102 3323 3228 3368 sunt
3270 3329 3362 3367 ra-

1767 3419 1959 3473 paces.
2003 3415 2095 3458 aut
2126 3405 2498 3470 ecclesiarum,
2529 3407 2846 3471 viduarum,
2873 3406 3219 3469 orl'auorum,
3267 3413 3364 3459 aut

1767 3510 2062 3564 pauperum
2085 3511 2466 3566 oppressores;
2497 3499 2541 3551 si
2567 3499 2632 3552 ad
2657 3499 3093 3568 praedicationem
3116 3497 3360 3561 veniunt,

1767 3583 1814 3638 si
1863 3585 2100 3640 debitum
2146 3587 2408 3642 honorem
2455 3596 2511 3641 et
2555 3588 2938 3642 oboedientiam
2987 3587 3361 3641 sacerdotibus

1767 3675 1882 3730 suis
1928 3675 2284 3744 impendunt;
2340 3677 2385 3732 si
2432 3671 2642 3752 aliquas
2694 3679 3004 3740 novitates,
3059 3685 3154 3731 aut
3200 3693 3360 3747 argu-

1770 3773 1979 3828 menta,
2011 3780 2129 3833 qua:
2158 3765 2222 3818 ad
2254 3767 2641 3821 detrimentum
2670 3767 2847 3837 populi
2874 3769 3168 3836 pertinent,
3198 3781 3363 3837 agere

1768 3866 2125 3923 prmsumunt,
2159 3857 2298 3911 sicut
2325 3869 2408 3913 est
2437 3859 2491 3913 in
2522 3859 2870 3929 adquirendis
2899 3860 3320 3929 proprietatibus
3344 3898 3360 3922 ,

1769 3954 1864 3999 aut
1892 3946 2299 4002 inrationabiles
2328 3963 2530 4017 przeces
2556 3948 2622 4003 ad
2648 3947 2918 4016 adjutoria
2951 3948 3219 4012 facienda,
3249 3949 3363 4002 sive

1769 4039 1823 4093 in
1861 4038 2086 4108 reliquis
2111 4040 2323 4103 causis,
2353 4055 2472 4109 qua:
2500 4041 2568 4095 ad
2598 4049 2884 4110 peccatum
2917 4050 3160 4095 nostrum
3193 4039 3362 4110 perti-

1770 4146 1900 4186 nere
1928 4139 2153 4201 possunt
2184 4145 2246 4184 ac
2273 4131 2452 4201 populi
2484 4131 2677 4186 nostri.

1772 4221 2099 4292 Rescriptnm
2133 4221 2243 4289 (98)
2275 4221 2673 4276 consultationis
2704 4221 2809 4292 sive
2837 4219 3216 4274 exhortationis
3250 4217 3362 4288 epi-
3444 4221 3446 4224 ’

1842 4307 2112 4361 scaporum
2139 4293 2208 4345 ad
2235 4292 2482 4345 damnant
2513 4291 2877 4344 llludowicnm
2905 4291 3292 4359 imperatorem.

1845 4382 1896 4437 l.
1940 4382 2168 4436 Domino
2210 4381 2278 4413 ⁸³⁸
2318 4381 2709 4453 gloriosissimo
2751 4380 2821 4412 "“
2861 4380 2972 4450 regi
3010 4377 3322 4432 llludowico
3347 4417 3364 4440 ,

1773 4489 1876 4542 pax
1914 4480 1968 4526 et
2000 4474 2108 4526 vita
2137 4514 2151 4539 ,
2197 4473 2342 4528 salus
2385 4482 2440 4527 et
2483 4473 2708 4528 victoria
2738 4512 2752 4536 ,
2803 4471 3144 4524 ministretur
3180 4485 3210 4522 a
3255 4468 3366 4523 Deo

135 4569 210 4613 nec
237 4576 325 4633 ego
359 4567 621 4638 reprobus
659 4567 758 4621 sim
779 4605 795 4631 ,
838 4579 1012 4636 neque
1044 4581 1138 4620 vos
1172 4575 1227 4620 et
1267 4565 1496 4634 populus
1540 4565 1668 4618 mihi
1701 4566 1749 4626 D
1777 4573 1927 4630 patre
1964 4562 2054 4626 “7,
2088 4569 2142 4616 et
2173 4562 2392 4615 domino
2433 4571 2617 4616 nostro
2645 4559 2770 4615 Jesn
2817 4559 3054 4614 Christo.
3094 4557 3202 4611 Nos
3241 4557 3363 4626 qni-

136 4655 405 4712 commissus
429 4658 501 4690 ⁸⁸³
529 4658 663 4712 iram
687 4673 798 4712 sua:
825 4656 1211 4722 indignationis
1235 4656 1494 4710 incurrat.
1527 4654 1671 4720 Quo-

136 4741 260 4796 modo
287 4756 456 4803 autem
490 4749 632 4804 istud
663 4747 1057 4802 rationabiliter
1085 4747 1370 4816 quaesitum
1401 4757 1454 4802 et
1488 4747 1673 4800 iuven-

141 4836 225 4884 tum
247 4838 562 4906 perﬁciatur,
608 4840 760 4896 vobis
791 4840 894 4895 hoc
920 4839 987 4893 ad
1028 4839 1369 4894 tractandum
1417 4852 1482 4892 ac
1519 4837 1674 4892 noLis

139 4930 508 4986 renuntiandum
544 4933 951 4987 committimus.
996 4931 1072 4986 De
1117 4932 1418 4985 minoribus
1459 4947 1675 5000 quoque

141 5018 282 5073 causis
324 5037 437 5092 quae
481 5024 804 5095 generaliter
843 5037 1062 5087 omnes,
1110 5021 1418 5091 specialiter
1465 5021 1672 5089 aliquos

142 5112 352 5178 tangunt,
385 5127 438 5170 ct
467 5117 706 5186 indigent
732 5114 1142 5178 emendatione,
1174 5112 1419 5166 volumus
1461 5121 1520 5166 ut
1552 5121 1672 5182 post

143 5195 230 5254 hinc
251 5203 311 5236 ‘“
333 5207 444 5262 illas
471 5209 745 5279 quaeratis,
779 5215 834 5262 et
863 5206 930 5260 ad
965 5215 1204 5262 nostram
1237 5204 1482 5260 notitiam
1513 5203 1672 5257 redu-

1773 4655 1896 4708 dem
1930 4654 1982 4707 in
2034 4653 2124 4706 Dci
2165 4653 2380 4706 nomine
2417 4651 2763 4722 Augilbertns
2801 4649 3274 4717 archiepiscopus,
3309 4653 3367 4700 ct

1773 4745 2017 4800 Andreas
2042 4743 2370 4814 patriarcha,
2396 4757 2500 4794 una
2525 4757 2648 4795 cum
2680 4739 2877 4808 Joscph
2909 4736 3362 4806 arclticapcllano,

1777 4854 1898 4892 cum
1937 4837 2004 4890 ad
2052 4837 2193 4891 hanc
2237 4844 2481 4890 sanctam
2519 4833 2588 4864 “3
2631 4832 2892 4902 synodum
2938 4831 2990 4884 iu
3039 4830 3172 4883 urbe
3217 4827 3363 4899 regia

1777 4927 1968 4982 Ticino
2019 4933 2398 4996 congregatam
2445 4923 2813 4984 venissemus,
2869 4919 3248 4989 replicavimns
3285 4916 3364 4969 eis

1780 5019 1921 5087 piam
1954 5015 2386 5070 exhortationem
2423 5022 2688 5077 vestram,
2730 5025 2833 5080 qua
2879 5010 2946 5042 “’
2977 5009 3096 5062 viva
3137 5021 3268 5061 voce
3297 5005 3366 5058 ad

1780 5125 1876 5164 nos
1907 5109 1988 5163 usi
2032 5107 2240 5170 fuistis,
2281 5106 2571 5176 ﬂagrantes
2614 5103 2851 5173 Spiritus
2891 5099 3064 5154 sancti
3103 5109 3362 5157 munere,

1775 5209 1832 5254 et
1852 5200 1988 5253 ultra
2013 5215 2173 5269 quam
2198 5198 2358 5268 hujus
2385 5197 2561 5253 aetatis
2581 5193 2885 5250 teneritudo
2909 5206 3102 5262 capere
3127 5187 3367 5258 potuisse

1363 5312 1598 5370 VARUS
1639 5310 1813 5366 LEC'I'
1820 5310 1931 5368 ION
1943 5310 2046 5366 ES.

201 5428 255 5505 “f
283 5448 454 5505 regum
481 5436 535 5491 2.
637 5434 706 5470 “’
733 5432 852 5501 julii
879 5431 932 5505 2.

1033 5430 1102 5470 διο
1125 5429 1289 5483 codex
1329 5427 1383 5482 2.
1425 5424 1716 5479 ainalricus
1743 5423 1931 5476 habere
1980 5420 2201 5474 videtur.

147 5491 198 5574 ’ξ’
223 5499 284 5552 ita
307 5489 365 5557 Ξῖ
428 5489 585 5574 ιιῖίρ,
623 5507 674 5558 in
701 5489 1006 5558 (-annissis
1028 5503 1082 5553 4.
1159 5499 1228 5534 διδ
1256 5497 1480 5569 posthac
1514 5496 1568 5574 ιε
1646 5490 2028 5574 ‘fthqunoA‘Z.
2068 5489 2170 5543 llic
2201 5489 2380 5559 incipit
2415 5489 2578 5542 codex
2608 5489 2658 5541 l.

2316 5419 2384 5451 ⁸⁸¹
2415 5419 2488 5471 ita
2529 5416 2734 5470 correxi
2784 5414 2853 5466 ad
2893 5412 3047 5480 ﬁdem
3079 5404 3358 5480 codicis_2.

2733 5485 2804 5518 W
2834 5476 3004 5556 gloria
3052 5495 3189 5534 corr.
3246 5476 3361 5549 glo~

149 5564 404 5630 riosissimo
423 5574 474 5630 2.
507 5561 741 5648 glorioso
768 5576 816 5628 l.
891 5573 957 5604 “7
983 5573 1122 5626 deest
1152 5571 1198 5624 Ι.
1256 5561 1348 5639 ’δ”ξ
1380 5568 1520 5621 deest
1546 5565 1596 5620 4.

1774 5578 1930 5633 quam
1957 5561 2012 5615 2.

1625 5652 1853 5710 ΝΟΤιΕ.

218 5722 297 5803 illi)
332 5731 368 5785 Ι.
392 5749 440 5788 e.
465 5736 658 5794 sarcir.
687 5749 895 5803 sapere.

221 5799 296 5870 ΣΠ)
330 5803 401 5857 Ex
429 5809 546 5864 cod.
576 5807 612 5860 2
641 5813 693 5862 ct
724 5799 783 5888 σιξ

1859 5722 1968 5794 (98)
2011 5721 2084 5776 Ex
2119 5721 2272 5777 codd.
2307 5721 2356 5788 Ι,
2384 5721 2419 5774 2
2448 5728 2500 5773 ct
2531 5719 2582 5772 ιε
